2562 4274
56 223 132 255 Arm.
148 220 193 253 D.

794 124 1261 177 ET'ACTA

249 218 286 253 Et
298 222 381 261 quod
396 229 496 252 ornnes
509 216 638 257 praedi&
659 216 834 250 Mercatores
859 216 1047 251 Mercandisas
1064 220 1138 260 suas,
1158 231 1223 259 quas
1238 223 1279 260 ip-

1346 136 1823 181 PUBLiCA.

1350 221 1386 251 Et
1404 232 1456 259 pro
1473 222 1558 252 Lasto
1575 222 1746 263 Coriorum,
1761 232 1836 256 extra
1854 224 1989 264 Regnum
2009 226 2043 257 &
2058 225 2228 259 pot-estatem
2249 228 2374 262 nostram

2347 160 2401 198 55

2397 229 2473 261 Ann.
2489 230 2529 262 D.

77 270 162 300 1413.
207 260 249 291 sos
265 258 299 290 ad
323 259 491 297 praediftum
508 258 648 294 Regnum
669 257 703 287 &
720 258 894 289 Potestatem
911 257 1039 288 nostram
1055 259 1195 304 adducere
1206 283 1214 297 ‚
1233 262 1277 290 seu
1316 260 1530 306 vehendorum,
1550 260 1707 292 Dimidiam
1721 263 1852 295 Marcam
1864 264 1944 304 supra
1959 265 1987 295 id
2002 265 2080 304 quod
2093 275 2128 296 ex
2141 268 2252 306 antiqua
2267 270 2375 300 Custu-
2415 277 2501 307 1413.

56 306 119 331 Heri.
138 309 167 336 5.
208 299 280 330 infra
296 298 373 328 idem
389 298 525 334 Regnum
549 297 583 327 &
603 296 777 327 Potestatem
796 296 923 326 nostram
945 305 1053 334 emere,
1080 298 1123 328 vel
1146 299 1210 328 alias
1231 308 1277 328 ac·
1316 306 1361 326 ma
1377 307 1457 329 antea
1470 298 1642 336 solvebatur,

208 339 317 375 quirere
331 334 616 374 contigerit,poffint,
631 342 689 372 quo
703 334 855 372 voluerint,
864 344 919 364 tarn
934 334 1004 364 infra
1021 334 1157 374 Regnum
1174 338 1207 367 ὃς
1222 335 1279 366 Po-

209 376 338 407 testatem
354 374 480 404 nostram
498 373 653 411 peaedifflz,
672 373 756 408 quam
772 381 863 410 extra,
884 373 986 403 ducere
1004 374 1047 404 seu
1061 383 1170 412 portare
1186 375 1278 405 facere

209 414 407 452 (praeterquam
425 411 459 442 ad
473 412 578 442 Terras
593 410 810 441 manifestorum
828 411 860 441 ὅ(
879 412 1059 442 notoriorum
1069 411 1208 443 Hostium
1218 412 1278 443 Re-

206 452 257 493 gni
271 451 370 485 nostri)
390 451 526 482 solvendo
540 448 764 481 Consuetudines
778 459 844 487 quas
858 449 1020 487 debebunt,

246 489 328 520 Vinis
351 490 495 520 dumtaxat
517 490 656 528 exceptis,
673 497 738 525 quae
758 487 794 518 de
817 488 918 518 eodem
941 487 1045 528 Regno
1068 488 1113 519 seu
1132 489 1275 522 Potestate

205 526 318 567 nostra,
340 526 491 565 po'stquam
506 526 577 557 infra
592 528 669 558 idem
686 525 820 565 Regnum
837 526 881 557 seu
890 526 1062 557 Potestatem
1078 527 1204 559 nostram
1221 529 1275 559 du-

207 566 253 596 &a
269 565 390 605 fuerint,
410 567 466 597 sine
480 566 626 596 voluntate
640 563 735 595 nostra
751 565 784 595 δε
801 564 912 596 licentia
924 564 1051 605 speciali,
1063 575 1122 596 non
1140 567 1220 598 liceat
1236 569 1274 598 eis

205 605 325 636 educere
342 614 461 643 quoquo
475 604 573 634 modo.

246 642 318 674 Iri-z
330 651 374 681 M,
392 641 472 680 quod
497 642 625 680 praedicsti
648 640 823 673 Mercatores
847 641 875 671 in
899 640 1068 672 Civitatibus
1080 665 1090 681 ,
1106 642 1222 681 Burgus,
1240 643 1273 674 &

208 680 289 712 Villis
304 681 460 718 praedietis,
481 691 534 718 pro
548 681 691 711 voluntate
714 680 776 717 sua,
793 679 936 720 Hospirari
956 680 1065 711 valeant
1088 682 1122 713 &
1146 680 1275 719 Morari,

206 730 276 750 cum
292 719 378 751 Bonis
393 719 465 758 suis,
484 720 518 750 ad
534 727 645 758 gratum
659 719 784 759 ipsorum
798 728 923 758 quorum
945 718 1048 750 fuerint
1068 718 1199 757 Hospitia
1216 720 1274 750 five

206 757 331 789 Domus.

241 796 370 833 ITEM,
392 795 471 834 quod
496 795 612 833 quilibet
631 794 820 831 Contrasms,
838 806 887 833 per
912 794 983 832 ipsos
1007 794 1183 825 Mercatores
1203 804 1270 825 cum

203 834 432 873 quibuscumque
451 834 597 872 Personis,
622 834 822 873 undecumque
843 834 963 870 fuerint,
985 832 1066 870 super
1087 842 1271 871 quocumque

224 884 307 905 enere
330 872 522 904 Mercandifae
543 873 646 912 initus,
664 872 760 902 firmus
781 872 814 902 sit
834 873 868 903 &
887 870 1013 908 stabilis,
1028 872 1064 901 ita
1079 871 1158 913 quod
1175 880 1273 903 neuter

248 920 405 943 ercatorum
427 913 464 943 ab
480 912 529 942 illo
551 910 712 942 ContraCm
730 909 813 947 poffit
833 909 974 940 discedere
995 909 1039 940 vel
1060 911 1178 948 resilire,
1195 909 1272 948 post-

204 960 293 989 quam
316 950 455 981 Denarius
471 949 529 981 Dei
545 951 616 981 inter
635 947 803 986 Principales
824 947 957 978 Personas
977 947 1172 980 contrahentes
1191 949 1270 979 datus

206 991 289 1021 fuerit
305 991 338 1021 &
354 997 497 1028 receptus3
516 989 565 1026 &,
584 989 604 1018 fi
622 988 712 1017 forsan
730 986 809 1025 super
830 984 989 1016 Contraetu
1011 986 1171 1024 hujusmodi
1189 986 1271 1017 Con-

205 1029 296 1060 tentio
321 1031 442 1065 oriatur,
468 1026 514 1057 fiat
538 1025 601 1057 inde
622 1025 758 1055 Probatio
774 1033 821 1054 aut
839 1023 1002 1066 Inquisitio,
1022 1025 1177 1056 secundum
1195 1025 1273 1057 Usus

206 1067 240 1098 &
255 1066 478 1097 Consuetudines
492 1064 636 1094 Feriarum
656 1064 690 1094 &
707 1061 862 1101 Villarum,
879 1064 930 1094 ubi
949 1062 1060 1094 diuum
1078 1063 1271 1096 Contraeium

209 1104 268 1136 fieri
284 1105 433 1144 contigerit
448 1104 482 1134 &
499 1103 571 1133 iniri.

243 1142 290 1174 IT
301 1152 319 1174 E
329 1151 355 1173 M
364 1167 373 1180 ,
384 1141 581 1172 Promittimus
597 1141 717 1179 praefatis
731 1138 942 1171 Mercatoribus
952 1163 961 1178 ,
980 1151 1033 1178 pro
1049 1139 1188 1171 Nobis&
1201 1140 1272 1172 Hae-

208 1182 322 1213 redibus
336 1179 455 1217 nostris,
472 1180 681 1220 imperpetuum
692 1200 701 1217 2
721 1177 922 1210 Concedentes
934 1178 1015 1218 quod
1032 1179 1139 1209 nullam
1153 1178 1270 1218 Prisam,

203 1220 250 1251 vel
274 1219 501 1255 Arestationem,
516 1218 562 1248 seu
586 1217 784 1255 Dilationem,
799 1218 948 1248 occasione
974 1216 1074 1254 Prisae,
1092 1219 1128 1247 de
1149 1227 1271 1256 caetero,

205 1258 242 1289 de
255 1257 468 1296 Mercimoniis,
484 1256 669 1289 Mercandisis
700 1256 747 1287 seu
768 1256 825 1286 aliis
840 1255 924 1286 Bonis
945 1255 1012 1293 suis,
1031 1265 1079 1294 pei·
1095 1266 1161 1293 noS,
1182 1256 1225 1285 vel
1244 1267 1272 1287 a·

494 1305 526 1325 ro
540 1295 630 1333 aliqua
681 1294 820 1325 eceffitate
844 1295 888 1325 vel
908 1292 1000 1332 Casu,
1015 1303 1114 1324 contra
1132 1294 1270 1325 Volunta-

205 1297 292 1334 1ium,
311 1295 356 1327 seu
372 1297 438 1326 alios

475 1342 650 1372 ercatorum‚
675 1334 848 1371 aliquatenus
870 1333 1020 1370 faciemus,
1038 1340 1085 1363 aut
1100 1331 1158 1363 fieri
1184 1334 1268 1371 patie-

205 1344 266 1366 tem
288 1336 296 1365 i
318 1335 413 1366 sorum

208 1383 274 1403 mur
281 1345 359 1412 ,puisi
374 1373 467 1404 statim
494 1373 584 1403 soluto
599 1372 711 1410 Pretio,
730 1380 782 1409 pro
803 1381 862 1410 quo
883 1371 931 1409 ipsi
952 1370 1127 1401 Mercatores
1142 1371 1198 1401 aliis
1216 1372 1268 1402 hu-

200 1412 325 1450 jusmodi
349 1411 543 1443 Mercirnonia
567 1411 689 1443 vendere
713 1409 835 1448 possint,
853 1412 898 1440 vel
915 1412 952 1439 eis
977 1410 1041 1440 alias
1065 1409 1213 1440 Satisfaeto
1234 1411 1269 1441 ita

227 1451 284 1482 uod
299 1458 428 1490 reputent
442 1450 470 1480 se
483 1457 653 1480 contentos:
674 1449 707 1481 &
740 1449 800 1479 uod
812 1447 890 1486 super
899 1447 1112 1485 Mercimonia,
1132 1447 1268 1479 Mercari-

204 1461 292 1528 disas,
309 1490 355 1521 seu
375 1489 454 1520 Bona
475 1489 484 1518 i
505 1488 618 1526 sorum,
635 1498 685 1526 per
707 1458 794 1526 filos,
812 1487 859 1519 vel
880 1486 1030 1518 Ministros
1051 1487 1180 1525 nostros,
1197 1488 1270 1518 nulla

204 1528 252 1566 Ap
273 1529 381 1558 retiatio
393 1530 452 1558 aut⁴
498 1526 621 1558 stimatio
636 1528 811 1564 imponetur.

210 1592 213 1593 γ
239 1538 271 1597 .[ρ
265 1576 288 1597 T
297 1575 371 1605 ΕΜ,
391 1565 527 1598 volumus
540 1565 619 1605 quod
631 1575 732 1596 omnes
744 1565 844 1596 Ballivi
858 1564 892 1595 &
902 1562 1029 1594 Ministri
1043 1563 1202 1602 Feriarum,
1217 1564 1269 1595 Ci-

201 1605 338 1643 vitatum,
364 1604 539 1644 Burgorum,
557 1606 590 1636 &
612 1604 750 1634 Villarum
773 1602 1029 1641 Mercatoriarum,
1059 1602 1267 1634 Mercatoribus

52 2076 71 2094 ‘
81 2077 190 2109 1X.74·

201 1642 629 1682 antedifflQoonquerentibus
647 1650 747 1673 coram
768 1644 824 1680 eis,
843 1642 965 1672 celerem
986 1641 1128 1681 justitiam
1150 1643 1269 1681 faciant,

202 1682 240 1712 de
262 1682 309 1712 die
322 1683 351 1712 in
377 1682 473 1721 diem,
493 1681 550 1712 fine
571 1681 721 1720 dilatione,
736 1679 891 1712 secundum
913 1681 1025 1719 Legem
1048 1679 1270 1720 Mercatoriam,

200 1721 239 1751 de
253 1721 385 1752 universis
399 1721 432 1752 &
448 1721 558 1761 singulis
573 1730 638 1759 quae
653 1729 702 1758 per
716 1720 835 1751 eandem
853 1719 966 1756 Legem
981 1727 1114 1757 poterunt
1135 1721 1269 1751 termina-

199 1760 242 1797 τίς
261 1760 312 1798 &‚
331 1759 352 1792 fi
365 1760 439 1791 forte
451 1760 608 1790 inveniatur
620 1758 761 1790 Defectus
782 1759 811 1789 in
831 1758 928 1796 aliquo
951 1756 1124 1788 Ballivorum
1141 1759 1185 1789 vel
1208 1759 1270 1789 Mi-

200 1797 357 1830 nistrorum
371 1797 575 1837 praedifflorum
611 1797 685 1829 unde
698 1797 787 1828 iidem
801 1796 982 1828 Mercatores
1000 1797 1045 1827 vel
1059 1806 1159 1827 eorum
1173 1797 1271 1836 aliquis

201 1837 342 1867 dilationis
361 1836 549 1868 incommoda
583 1836 749 1867 ustinuerint
772 1835 820 1865 vel
839 1835 1014 1875 sustinuerit,
1039 1835 1105 1866 licet
1128 1845 1270 1867 mercator

201 1876 294 1907 versus
308 1875 422 1907 Partem
435 1877 466 1906 in
481 1874 624 1914 principali
646 1875 853 1912 recuperaverit
872 1873 1008 1913 Dampna
1029 1874 1089 1911 sua,
1106 1875 1270 1905 nichilomi-

200 1924 253 1946 nus
268 1914 389 1947 Ballivus
404 1915 450 1944 vel
465 1913 597 1944 Minister
610 1913 677 1944 alius
693 1913 784 1944 versus
799 1912 886 1951 Nos,
902 1921 988 1950 prout
1004 1912 1154 1943 Delictum
1168 1914 1270 1953 exigit,

199 1954 349 1992 puniatur,
364 1954 399 1985 &
413 1952 600 1983 Punitionem
613 1951 694 1983 istam
714 1950 900 1983 concedimus
914 1952 946 1981 in
968 1951 1098 1982 favorem
1120 1951 1269 1983 Mercato-

203 2000 269 2022 rum
286 1990 487 2028 praedidorum
500 2000 553 2029 pro
567 2000 671 2022 eorum
684 1989 795 2029 justitia
810 1989 981 2022 maturanda.

241 2028 373 2070 ITEM,
398 2029 480 2068 quod
501 2030 532 2060 in
557 2030 692 2061 omnibus
713 2029 863 2068 generibus
885 2028 1060 2059 Placitorum
1084 2028 1172 2063 (salvo
1193 2029 1267 2061 Casu

203 2064 361 2107 Criminis,
385 2078 438 2106 pro
457 2078 517 2106 quo
543 2067 695 2107 infligenda
719 2067 751 2098 lit
768 2067 860 2098 Poena
877 2068 988 2104 mortis)
1005 2068 1057 2097 ubi
1080 2069 1095 2084 ⁴¹⁶
1120 2067 1269 2099 Mercator

197 2106 391 2147 Implacitatus
404 2107 507 2144 fuerit,
526 2106 571 2137 vel
586 2107 671 2138 aliurn
692 2106 922 2144 implacitaverit,
946 2106 1151 2144 cujuscumque
1169 2108 1269 2138 condi-

203 2146 290 2176 tionis
305 2146 382 2177 idem
390 2144 580 2183 implacitatus
593 2145 729 2184 extiterit,
743 2144 899 2176 Extraneus
910 2145 957 2175 vel
969 2145 1112 2183 Privatus,
1132 2147 1162 2176 in
1176 2146 1264 2177 Nun-

202 2185 294 2223 dinis,
311 2183 503 2222 Civitatibus,
516 2184 576 2222 ,five
588 2184 700 2224 Burgis,
718 2184 767 2214 ubi
787 2184 872 2215 fiterit
889 2183 1030 2214 sufficiens
1045 2185 1129 2220 copia
1150 2184 1268 2217 Merca-

201 2230 301 2254 torum
317 2222 512 2261 praedinarum
526 2223 697 2261 Terrarum,
714 2223 748 2253 &
769 2222 917 2262 Inquisitio
937 2222 999 2253 fieri
1017 2222 1134 2262 debeat,
1152 2224 1183 2254 sit
1199 2223 1268 2255 Me-

200 2261 287 2292 dietas
302 2260 493 2300 inquisitionis
507 2261 542 2292 de
554 2262 657 2293 eisdem
672 2260 900 2298 Mercatoribus,
915 2261 949 2292 &
966 2260 1106 2292 Medietas
1128 2262 1213 2293 altera
1230 2263 1266 2294 de

201 2301 261 2331 aliis
273 2301 368 2339 probis
382 2301 417 2332 &
430 2300 567 2337 legalibus
586 2300 764 2331 Hominibus
784 2300 858 2332 Loci
874 2300 946 2330 illins
965 2301 1017 2330 ubi
1039 2300 1178 2331 Placitum
1198 2302 1265 2333 illud

199 2339 258 2369 effe
272 2339 437 2378 contigerit,
455 2339 507 2376 &,
525 2339 546 2368 fi
560 2338 595 2370 de
610 2338 820 2370 Mercatoribus
833 2338 971 2370 didiarum
987 2338 1141 2370 Terrarum
1149 2339 1266 2370 Nume-

203 2388 250 2408 rus
267 2387 329 2407 non
338 2379 500 2408 inveniatur
512 2376 668 2416 sufficiens,
685 2386 827 2415 ponantur
842 2378 871 2407 in
887 2377 1070 2417 Inquisitione
1088 2378 1127 2407 illi
1141 2379 1188 2418 qui
1203 2379 1265 2409 ido-

202 2417 251 2447 nei
263 2417 442 2448 invenientur
460 2414 586 2455 ibidem,
601 2417 634 2447 &
649 2416 748 2447 residui
761 2417 813 2447 sint
826 2416 862 2447 de
874 2416 931 2447 aliis
944 2417 1026 2447 bonis
1041 2416 1218 2457 Hominibus
1234 2419 1267 2450 &

199 2454 310 2484 idoneis
323 2455 360 2485 de
374 2455 443 2485 locis
455 2455 485 2485 in
498 2455 600 2494 quibus
614 2455 755 2486 Placitum
770 2455 839 2486 illud
851 2456 911 2486 erit.
944 2458 945 2461 ’

238 2492 367 2532 ITEM,
385 2493 530 2525 Volumus
568 2493 762 2532 Ordinarnus,
776 2495 811 2526 &
826 2493 980 2526 statuimus
1020 2493 1079 2525 uod
1096 2494 1124 2524 in
1140 2494 1264 2533 quilibet

200 2530 278 2561 Villa
293 2529 467 2562 Mercatoria
480 2532 514 2563 &
530 2515 611 2563 Reria
625 2531 724 2572 Regni
736 2532 826 2563 nostri
841 2531 988 2571 praediffi‘,
999 2504 1037 2563 (ἐξ
1052 2533 1116 2563 alibi
1132 2533 1267 2564 infi'al’o-

199 2569 328 2601 testatem
344 2571 486 2607 nostram,
504 2569 621 2602 Pondus
636 2571 767 2601 nostrum
781 2572 812 2601 in
826 2580 906 2603 certo
921 2571 990 2602 loco
1003 2580 1139 2610 ponatur,
1159 2573 1266 2610 &stin-

201 2617 230 2639 te
255 2607 512 2648 Ponderatiouem‚
532 2609 637 2640 Statera
659 2610 687 2639 in
712 2609 854 2647 praesentia
881 2608 1024 2649 Emptoris
1050 2611 1082 2641 δε
1104 2610 1267 2641 Venditoris

197 2649 292 2678 'vacua
307 2648 448 2686 videatur*²
466 2648 498 2678 &
513 2648 594 2685 quod
607 2648 721 2679 brachia
734 2648 787 2678 fint
801 2648 933 2687 aequalia,
957 2649 990 2679 &
1006 2658 1109 2680 extunc
1124 2647 1269 2681 Pondera-

204 2693 253 2715 tor
265 2685 405 2724 ponderet
420 2687 449 2717 in
465 2686 581 2725 aequali,
598 2686 651 2724 ὅτ,
666 2687 735 2717 cum
752 2686 888 2718 Stateram
902 2684 1022 2725 posuerit
1037 2689 1066 2717 in
1080 2688 1197 2726 aequali,
1214 2688 1268 2719 sta-

205 2725 258 2754 tim
273 2733 516 2756 amovearmanus
527 2724 658 2764 fuas‚'ita
668 2724 749 2764 quod
762 2733 905 2756 remaneat
927 2727 956 2755 in
976 2726 1092 2765 aequali,
1112 2728 1267 2765 quodque,

203 2772 254 2801 per
271 2772 368 2793 totum
391 2763 437 2794 Re
479 2773 526 2794 um
547 2765 580 2796 &
601 2764 774 2795 Potestatem
792 2764 937 2802 nostram,
954 2774 1044 2795 unum
1061 2764 1092 2797 fit
1107 2765 1217 2804 pondus
1233 2768 1268 2798 δε

200 2811 259 2832 una
276 2800 425 2840 Mensura,
438 2772 476 2833 Ξ
490 2801 579 2841 Signo
592 2801 738 2839 Standardj
755 2802 844 2840 nostri
859 2803 1019 2842 signentur3
1036 2801 1074 2835 Et
1087 2804 1166 2843 quod
1186 2806 1272 2843 quili-

203 2841 252 2872 bet
266 2840 351 2881 poffit
365 2840 466 2873 habere
487 2840 626 2872 Stateram
647 2843 728 2873 unius
743 2841 916 2879 Quarteroni
934 2841 967 2873 δε
991 2842 1081 2880 infra,
1098 2843 1147 2873 ubi
1169 2853 1269 2875 contra

201 2877 367 2910 Dominum
384 2878 477 2918 Loci,
494 2886 540 2909 aut
557 2879 731 2911 Libertatem
744 2889 793 2919 per
807 2878 877 2914 Nos
890 2880 934 2910 seu
951 2880 1145 2912 Anteceii'ores
1157 2882 1268 2913 nostros

203 2917 384 2956 concessam,
399 2917 467 2949 illud
488 2926 547 2948 non
569 2917 670 2956 suerit,
690 2918 747 2949 five
768 2927 868 2949 contra
890 2917 1031 2949 Villaium
1051 2929 1098 2951 aut
1120 2919 1267 2952 Feriarum

195 2953 454 2996 ,Consuetudinem
467 2955 600 2988 hactenus
613 2957 799 2988 observatam.

240 2992 287 3034 12¹⁸
296 3003 315 3024 Ε
324 3002 352 3024 Μ
361 3017 371 3032 ‚
386 2993 528 3026 Volumus
542 2995 576 3026 &
591 2994 787 3027 Concedimus
804 2994 886 3033 quod
899 2994 995 3034 aliquis
1008 3004 1100 3027 certus
1114 2995 1218 3028 Homo
1232 2998 1267 3028 fi-

201 3030 273 3061 delis
284 3032 317 3062 &
329 3032 477 3072 discretus,
495 3033 658 3064 Londoniae
671 3031 825 3070 Residens,
843 3031 890 3063 affi
933 3043 992 3064 etur
1002 3033 1175 3073 Justiciarius
1183 3035 1265 3067 Mer-

206 3071 346 3101 catoribus
360 3073 540 3110 memoratis,
561 3081 661 3104 coram
681 3082 741 3112 quo
758 3072 867 3102 valeant
895 3072 1038 3112 pecialiter
1059 3072 1210 3113 Placitare‚
1230 3076 1264 3106 &

203 3107 312 3138 Debita
327 3108 371 3139 sua
386 3108 565 3147 Recuperare
580 3111 721 3151 celeriter,
739 3110 957 3142 fivicecomitee
970 3112 1003 3142 &
1019 3109 1143 3148 Maiores
1155 3114 1194 3143 eis
1203 3124 1263 3144 non

201 3149 343 3189 facerent,
361 3145 396 3176 de
408 3148 454 3177 die
466 3149 495 3177 in
509 3148 586 3178 diem
596 3171 606 3187 ,
619 3150 716 3180 celeris
734 3147 863 3188 Justiciae
886 3149 1152 3190 complementum,
1169 3153 1203 3183 &
1219 3153 1263 3182 in-

200 3184 238 3228 de
253 3185 298 3215 fiat
311 3184 502 3228 Commiffio,
519 3196 597 3218 extra
617 3188 736 3219 Cartam
757 3187 944 3226 Praesentem,
962 3189 1095 3220 concessa
1118 3188 1265 3221 Mercato-

200 3224 279 3254 ribus
290 3224 434 3254 antediffis
452 3224 579 3260 (scilicet)
597 3226 632 3256 de
647 3227 701 3257 hiis
720 3236 785 3265 quae
800 3226 864 3258 sunt
879 3227 950 3257 inter
974 3226 1150 3258 Mercatores
1168 3228 1265 3260 secun-

199 3261 271 3292 dum
288 3263 397 3301 Legem
414 3261 619 3294 Mercatoriam
631 3264 805 3296 deducenda.

241 3299 255 3330 Ι
264 3310 287 3330 Τ
298 3310 315 3330 E
327 3310 373 3340 M,
390 3300 563 3332 Ordinamus
578 3302 611 3333 &
627 3302 799 3342 Statuimus,
817 3304 851 3335 &
873 3303 1095 3334 Ordinationem
1112 3304 1186 3335 illam
1202 3306 1264 3336 Sta-

199 3346 372 3378 tutumque,
390 3349 442 3379 pro
458 3339 557 3369 Nobis
576 3340 608 3371 &
630 3340 800 3372 Haeredibus
815 3340 934 3380 nostris,
953 3343 1159 3380 imperpetuum
1182 3344 1264 3374 volu-

203 3387 267 3408 mus
291 3378 408 3408 firmiter
430 3378 588 3415 observari,
612 3379 692 3417 quod
717 3388 772 3417 pro
790 3379 972 3418 qudcumque
991 3380 1152 3421 Libertate,
1198 3393 1262 3413 uam

204 3414 290 3455 Nos,
310 3417 353 3447 vel
369 3416 507 3446 Haeredes
526 3416 628 3454 nostri,
642 3416 679 3447 de
693 3426 802 3448 caetero
818 3415 1042 3461 Concedemus,
1057 3420 1164 3458 praefati·
1223 3432 1265 3453 er-

150 3466 153 3467 ⁷
202 3462 311 3486 catores
324 3455 514 3494 suprascriptas
528 3452 684 3487 Libertates
698 3455 743 3486 vel
755 3465 851 3486 earum
863 3456 984 3495 aliquam
998 3467 1062 3488 non
1074 3460 1213 3491 amittant.

243 3491 303 3529 Pro
330 3493 490 3532 supraditstis
509 3501 602 3524 autem
626 3493 817 3524 Libertatibus
836 3495 873 3526 δὲ
894 3494 987 3526 libetis
1005 3495 1265 3530 Consuetudinibus

201 3533 380 3573 optinendis,
395 3533 429 3563 &
445 3531 529 3563 Prisis
546 3530 648 3566 nostris
662 3532 836 3564 remittendis
854 3531 977 3572 eisdem,
991 3534 1134 3574 saepedi'ffl
1150 3536 1265 3568 Merca-

203 3583 281 3604 tores
293 3571 412 3602 univetfi
427 3570 460 3602 &
476 3571 594 3610 singuli,
609 3581 665 3609 pro
677 3571 714 3601 Se
726 3572 760 3603 &
772 3571 910 3602 ominbus
927 3572 987 3603 aliis
997 3573 1035 3604 de
1053 3573 1183 3606 Partibus
1198 3576 1265 3614 suis,

205 3610 305 3642 Nobis
319 3609 500 3640 concorditer
523 3612 556 3641 &
575 3610 741 3651 unanimiter
757 3607 967 3642 Conceiserunt
988 3612 1067 3650 quod
1087 3613 1122 3643 de
1138 3614 1266 3651 quolibet

202 3648 301 3680 Doiio
316 3648 405 3688 Vini,
421 3649 500 3686 quod
516 3648 656 3680 adducent
670 3648 714 3680 vel
733 3646 839 3679 adduci
854 3648 956 3680 facient
970 3650 1043 3680 infra
1057 3649 1197 3688 Regnum
1221 3654 1266 3683 vel

156 3694 158 3696 ·
206 3685 383 3718 Potest-atem
392 3686 535 3725 nostram,
552 3689 587 3720 &
602 3687 675 3718 uude
692 3685 854 3717 Marinariis
862 3686 1000 3721 Freffllm
1009 3688 1114 3721 solvere
1127 3691 1266 3721 tenebun-

198 3735 275 3771 sur„
287 3727 396 3757 iix-iverit
407 3726 507 3771 Nobis
518 3727 552 3758 &
564 3724 735 3756 Haeredibus
745 3724 864 3768 nostru,
877 3727 996 3770 nomine
1002 3725 1153 3772 Custumae
1160 3751 1171 3766 ‚
1180 3728 1264 3773 Duos

198 3764 319 3807 ,solidos
353 3764 423 3809 ultra
435 3763 725 3810 antiquas-Oistumas
739 3764 860 3807 debitas,
878 3765 913 3795 &
927 3772 959 3796 m
976 3764 1105 3798 Derim-s
1117 3768 1266 3797 iolvicon-

196 3804 307 3870 fiietasd,
322 3788 421 3834 Nobis
434 3811 481 3835 aut
493 3804 550 3847 aliis
562 3804 634 3848 infra
648 3801 839 3872 Qgiadraglinta
855 3801 925 3833 Dies
937 3801 1087 3843 poseium
1108 3814 1184 3837 extra
1197 3805 1231 3836 N
1234 3817 1264 3836 a»

196 3850 259 3923 ‘ve-ss
271 3840 447 3924 253?ss
454 3841 814 3920 ῗςῗιίιέῗὺξῖεὲειῐὲεοιῗὲηεε,
831 3888 919 3917 quem
940 3879 1011 3910 dieti
1027 3879 1202 3914 Mercatores
1223 3893 1269 3914 aut

210 3915 256 3947 alii
269 3925 392 3961 nomine
405 3918 528 3963 ipsorum
548 3918 673 3958 Ement,
690 3919 724 3950 &
745 3918 781 3949 de
804 3917 912 3961 Regno
935 3918 1034 3949 nostro
1053 3919 1205 3963 Educenr,
1223 3931 1270 3951 aut

206 3952 275 3987 Emi
296 3955 330 3985 &
347 3954 441 3986 Edam
462 3957 585 3996 sacient,
600 3957 710 4003 solvent
732 3956 931 4001 Qiadraginta
947 3955 1096 3989 „Deramos-
1115 3958 1158 4003 de¹
1173 3959 1270 3991 Incre-

205 4001 326 4031 mento,
344 3993 416 4024 ultra
427 3993 600 4044 Custutnam
614 4004 759 4037 antiquam
771 3995 911 4027 Dimidirae
922 3994 1034 4028 Mzcae
1042 4006 1108 4038 quae
1115 3999 1195 4037 prius
1209 3999 1271 4030 fue·

197 4042 248 4070 nt
264 4031 402 4073 πείθω
409 4053 420 4072 ,

1351 335 1388 366 Et
1406 337 1527 366 similiter
1548 337 1583 366 de
1608 339 1737 368 trecentis
1752 339 1872 371 Pellibus
1888 341 2001 377 lanutis,
2021 351 2096 373 extra
2118 342 2254 382 Regnum
2270 344 2303 375 δε
2319 343 2375 374 Ρο-

1312 373 1439 404 testatem
1455 374 1581 405 nostram
1597 375 1749 414 ducendis,
1768 379 1961 418 Qiadi‘aginra
1978 379 2116 411 Denarios
2139 382 2206 412 ultra
2220 391 2329 413 certum
2343 383 2376 413 il·

1311 411 1360 441 lud
1376 413 1452 450 quod
1465 413 1500 444 de
1514 415 1624 452 antiqua
1643 414 1782 445 Custuina
1797 420 1882 447 ruerat
1898 419 1972 455 prius
1988 419 2098 456 datum,

1349 449 1479 490 ITEM,
1497 451 1583 482 Duos
1598 452 1709 482 Solidos
1730 454 1765 483 de
1788 455 1909 492 qualibet
1926 456 2047 487 Scarleta
2066 458 2099 489 ὃς
2117 456 2219 488 Panno
2240 458 2333 489 tindto
2347 461 2378 491 in

1311 486 1421 526 Grano,

1348 525 1393 556 tr
1404 537 1421 557 is
1434 535 1461 557 M
1468 550 1480 571 ,³
1519 525 1631 571 Decem
1649 529 1682 559 &
1702 528 1782 559 0620
1799 529 1939 560 Demi-ios
1953 531 1989 562 de
2003 533 2129 570 quolibet
2144 533 2247 565 Panno
2269 537 2298 566 in
2314 545 2374 574 quo

1309 574 1369 601 pars
1382 565 1474 595 Grani
1488 565 1568 596 fuerit
1585 568 1754 605 intermixta,

1348 601 1393 632 Ιτ
1404 613 1421 633 E
1432 611 1476 643 M,
1496 603 1665 635 Duodecim
1682 605 1822 636 Denarios
1837 605 1872 636 de
1886 607 2013 644 quolibet
2030 607 2131 640 Panno
2152 611 2209 640 alio
2226 611 2282 642 sine
2300 610 2377 644 Gra—

1309 649 1360 677 no,

1344 678 1413 709 ΙΤΕ
1424 688 1449 710 Μ
1460 703 1469 718 ,
1488 680 1654 711 Duodecim
1671 680 1813 711 Denarios
1828 681 1863 711 de
1875 682 2001 718 quolibet
2018 683 2102 715 Cerae
2119 686 2279 724 Quintallo.

1348 716 1486 757 Cumque
1506 720 1541 749 de
1555 719 1672 757 praefatis
1696 719 1909 750 Mercatoribus
1931 722 2060 752 nonnulli
2088 733 2189 755 eorum
2212 727 2274 756 alias
2296 735 2376 757 exer-

1306 764 1388 786 ceant
1402 755 1611 794 Mercandilas,
1628 767 1657 787 ut
1673 757 1708 788 de
1724 758 1829 788 Averio
1843 758 1993 797 ponderis,
2015 760 2048 790 &
2061 761 2096 791 de
2108 762 2165 791 aliis
2182 765 2262 794 rebus
2275 764 2374 796 Subti-

1306 794 1395 837 libus',
1414 794 1484 824 ficut
1504 795 1540 825 de
1554 795 1659 824 Pennis
1674 796 1810 826 Tharsen.
1826 797 1862 827 de
1884 796 2002 835 Serico,
2019 799 2055 828 de
2076 797 2220 837 Cindatis,
2236 803 2270 832 de
2292 804 2373 842 Sera,

1303 833 1336 862 ὃς
1353 832 1410 861 aliis
1422 832 1534 863 diversis
1552 832 1720 872 Mercibus,
1741 836 1774 865 ὃς
1787 834 1823 864 de
1838 834 1924 872 Equis
1942 837 2025 866 eiiam
2049 846 2081 866 ac
2100 839 2157 867 aliis
2179 839 2372 879 Animalibus,

1304 870 1391 900 Blado
1407 870 1439 900 ὃς
1456 871 1513 901 aliis
1541 869 1638 901 Rebus
1660 872 1691 903 ὅ(
1718 872 1903 903 Mercandilis
1924 874 2115 913 multimodis,
2133 886 2197 915 quae
2217 878 2249 907 ad
2269 888 2375 910 certam

1306 908 1476 939 Custtimam
1490 909 1570 940 facile
1585 911 1655 948 poni
1670 920 1730 940 non
1751 920 1902 949 poterunt,

1343 947 1433 978 Iidem
1451 947 1627 978 Mercatores
1640 949 1838 979 concesserunt
1853 950 1918 979 dare
1938 949 2055 988 Nobis,
2079 952 2113 982 &
2133 951 2304 984 Haeredibus
2321 964 2375 985 no-

1303 984 1380 1025 stris,
1400 986 1435 1017 de
1447 987 1568 1025 qualibet
1584 986 1670 1018 Libra
1686 988 1809 1024 Argenti
1825 989 2015 1019 aestimationis
2036 990 2081 1020 seu
2097 990 2196 1020 valoris
2212 991 2321 1023 Rerum
2338 996 2372 1024 &

1305 1023 1544 1056 Mercandisarum
1569 1025 1747 1064 hujusmodi,
1763 1035 1949 1065 quocumque
1970 1030 2090 1058 nomine
2102 1031 2282 1068 censeantur,
2298 1031 2373 1061 Tres

1304 1061 1443 1094 Denarios
1460 1064 1495 1094 de
1510 1063 1595 1094 Libra
1611 1066 1638 1094 in
1662 1065 1779 1096 introitu
1803 1064 1916 1095 Rerum
1932 1067 1965 1096 ὃς
1989 1065 2230 1098 Mercandi'sarurn
2253 1069 2374 1107 ipsarum

1304 1102 1332 1131 in
1358 1101 1494 1140 Regnum
1515 1103 1548 1133 ὃς
1572 1101 1745 1134 Potestatem
1768 1103 1892 1134 nostram
1911 1106 2057 1142 praedicta,
2077 1106 2147 1136 infra
2170 1107 2281 1145 Viginti
2303 1108 2373 1139 Dies

1304 1139 1457 1179 postquam
1472 1139 1632 1178 hujusmodi
1647 1141 1705 1172 Res
1720 1142 1753 1172 δε
1770 1141 1959 1173 Mercandisae
1983 1145 2010 1173 in
2031 1143 2168 1183 Regnum
2190 1147 2222 1176 &
2244 1146 2372 1178 Potesta-

1304 1177 1379 1220 dem
1390 1178 1516 1220 nostram
1528 1177 1670 1216 adduetae,
1688 1180 1720 1210 ὃς
1741 1181 1826 1210 etiam
1846 1181 1952 1212 ibidem
1968 1182 1987 1201 '⁹‘
2003 1191 2160 1213 exoneratae
2179 1184 2226 1215 seu
2247 1186 2370 1216 venditae

1311 1216 1431 1258 fuerint,
1451 1219 1483 1247 ὃ(
1501 1217 1620 1246 similiter
1643 1219 1716 1247 Tres
1738 1219 1877 1249 Denarios
1893 1220 1929 1249 de
1947 1225 1949 1232 ¹
1972 1221 2072 1252 ualibet
2096 1222 2182 1252 Libra
2206 1223 2324 1262 Argenti
2342 1225 2372 1255 in

1306 1252 1467 1297 Edueiione
1483 1264 1728 1292 quarumcumque
1751 1255 1860 1287 Rerum
1883 1258 1916 1288 δε
1934 1230 2173 1290 ΝἾεῑεεηόίΓαῑυῑη
2195 1261 2371 1301 huiusmodi,

1308 1291 1478 1329 Emptarum
1494 1293 1523 1322 in
1540 1292 1644 1332 Regno
1660 1295 1692 1324 ὃς
1702 1293 1841 1325 Potestate
1855 1296 1948 1327 nostra
1963 1298 2120 1337 praeditfiis,
2137 1299 2205 1330 ultra
2215 1298 2370 1332 Custnmas

1305 1331 1429 1369 antiquas
1444 1331 1526 1361 nobis
1541 1341 1586 1361 aut
1601 1332 1658 1361 aliis
1672 1341 1736 1362 ante
1757 1332 1845 1362 datas:

1341 1368 1379 1410 iit
1394 1369 1471 1407 super
1487 1369 1589 1400 Valore
1602 1372 1635 1401 &
1652 1369 1854 1402 AEstimatione
1872 1370 1982 1402 Rerum
2005 1375 2038 1405 &
2063 1374 2306 1408 Mercandisarum
2319 1376 2373 1409 hu-

1301 1407 1443 1446 jusmodi,
1460 1408 1495 1438 de
1512 1409 1613 1446 quibus
1628 1408 1702 1438 Tres
1716 1407 1833 1440 Denarii
1855 1410 1889 1440 de
1902 1412 2023 1449 qualibet
2046 1412 2134 1444 Libra}
2151 1416 2266 1447 Areenti
2301 1418 2370 1449 ficut

1304 1446 1480 1486 praedicitur,
1497 1448 1557 1477 sunt
1572 1446 1718 1485 solvendi,
1738 1448 1864 1478 credatur
1880 1449 1920 1479 eis
1935 1459 1982 1486 per
2001 1451 2122 1489 Literas,
2139 1442 2248 1491 quas'de
2262 1440 2368 1486 Domi-

1304 1486 1346 1515 nis
1360 1493 1406 1515 aut
1421 1484 1513 1515 Sociis
1526 1484 1579 1516 suis
1592 1485 1741 1516 ostendere
1775 1495 1908 1525 oterunt3
1925 1488 1957 1517 δε
1967 1511 1976 1526 ,
1995 1489 2014 1518 si
2030 1488 2134 1519 Literas
2151 1501 2208 1521 non
2231 1493 2367 1533 habeant,

1304 1522 1390 1555 stetur
1404 1524 1432 1554 in
1446 1524 1501 1554 h'ac
1518 1534 1594 1563 parre
1610 1525 1733 1564 ipsorum
1794 1535 1973 1563 ercatorum‚
1993 1527 2011 1557 si
2027 1527 2171 1566 praesentes
2187 1529 2308 1570 fuerint,
2324 1534 2369 1564 vel

1305 1561 1485 1606 Valenmum
1507 1565 1639 1602 suorum,
1663 1564 1692 1594 in
1713 1564 1885 1595 eorumdem
1907 1564 2105 1596 Mei‘catorum
2128 1568 2269 1608 absentia,
2290 1571 2371 1609 Jura-

1306 1610 1406 1631 mentis

1341 1623 1439 1671 Liceit
1451 1639 1560 1680 insuper
1575 1640 1663 1671 Sociis
1677 1641 1713 1673 de
1729 1640 1872 1672 Societate
1886 1640 2084 1672 Mercatorum
2097 1643 2317 1685 praedidtorum,
2329 1647 2372 1678 in—

1306 1678 1347 1708 fra
1363 1677 1499 1717 Regnum
1513 1680 1546 1710 &
1564 1678 1735 1721 Potestatem
1751 1680 1875 1710 nostram
1890 1681 2042 1720 praedista,
2064 1682 2154 1712 Lanas
2170 1683 2300 1715 Vendere
2314 1686 2373 1716 aliis

1302 1717 1384 1748 Socis
1398 1717 1465 1755 suis,
1480 1718 1513 1748 ὃς
1528 1717 1651 1748 similiter
1666 1717 1767 1750 Emere
1779 1719 1816 1749 ab
1830 1719 1935 1750 eisdem
1950 1718 2053 1757 absque
2066 1720 2207 1752 Custurm
2223 1723 2370 1762 solvenda3

1308 1755 1352 1786 Ita
1372 1765 1468 1786 tamen
1487 1755 1567 1795 quod
1586 1756 1673 1786 diesiae
1695 1757 1782 1787 Lanae
1797 1757 1831 1787 ad
1848 1758 1914 1788 tales
1932 1768 2031 1788 manus
2049 1769 2108 1789 non
2128 1760 2277 1792 deveniant
2293 1763 2374 1801 quod

1311 1794 1347 1826 de
1364 1793 1503 1825 Custuma
1523 1795 1621 1825 Nobis
1637 1795 1729 1826 debita
1747 1795 1951 1827 defraudemur.

1340 1832 1379 1864 Et
1395 1834 1525 1872 praeterea
1539 1832 1579 1863 est
1596 1833 1739 1864 sciendum
1756 1835 1835 1873 quod
1845 1858 1855 1873 ,
1872 1836 2020 1874 postquam
2035 1835 2174 1873 saepediffl
2188 1836 2370 1879 Mercatores,

1303 1871 1388 1902 semel
1402 1873 1431 1902 in
1446 1882 1505 1902 uno
1519 1871 1622 1911 Loco,
1642 1872 1714 1909 infra
1738 1871 1873 1909 Regnum
1896 1875 1930 1905 ὃς
1951 1873 2123 1905 potestatem
2146 1875 2289 1916 nostram,
2308 1878 2370 1908 Cu-

1304 1909 1444 1948 stumam,
1464 1910 1563 1941 Nobis
1581 1910 1745 1942 concessam
1764 1911 1885 1949 superius
1905 1923 1958 1950 pro
1978 1913 2163 1944 Mercandisis
2177 1914 2243 1952 suis,
2263 1918 2292 1946 in
2308 1916 2368 1947 for·

1306 1958 1354 1980 ma
1365 1949 1497 1980 solverint
1511 1949 1683 1988 supradicta,
1701 1950 1733 1981 &
1751 1951 1832 1982 suum
1856 1951 1975 1982 habeant
1993 1953 2058 1982 inde
2078 1952 2248 1983 Warantum
2259 1977 2269 1992 ,
2285 1963 2367 1986 erunt

1302 1988 1382 2019 liberi
1396 1990 1428 2019 ὃ(
1443 1989 1549 2027 quieti,
1566 1989 1597 2018 in
1610 1989 1744 2018 omnibus
1759 1988 1815 2020 aliis
1834 1989 1934 2027 Locis,
1952 1990 2022 2021 infra
2036 1990 2172 2029 Regnum
2185 1993 2218 2022 ὃς
2240 1992 2367 2024 Potesta-

1303 2035 1364 2058 tem
1386 2026 1481 2056 nostra
1503 2026 1653 2066 praedststa,
1670 2027 1707 2058 de
1731 2026 1877 2058 Solutione
1895 2028 2044 2058 Custumae
2064 2029 2225 2067 hujusmodi
2243 2040 2296 2070 pro
2315 2032 2368 2062 eis-

1302 2065 1368 2096 dem
1384 2065 1568 2096 Mercandifis
1584 2065 1631 2096 seu
1650 2064 1851 2097 Mercimoniis
1869 2076 1916 2104 per
1934 2067 2012 2097 idern
2031 2067 2224 2106 VVarantum,
2243 2070 2298 2100 sive
2313 2071 2369 2101 hu-

1300 2104 1420 2142 jusmodi
1436 2103 1626 2135 Mercandisae
1641 2104 1713 2134 infra
1737 2103 1873 2144 Regnum
1888 2107 1922 2137 &
1937 2104 2108 2139 Potestatem
2129 2105 2254 2137 nostram
2277 2118 2367 2140 rema·

1299 2151 1401 2182 neant,
1420 2142 1475 2173 five
1490 2142 1621 2173 Exterius
1637 2143 1815 2182 deferantur,

1341 2181 1473 2219 Exceptis
1490 2182 1572 2212 Vinis
1583 2191 1648 2220 quae
1665 2182 1700 2212 de
1715 2181 1870 2220 Regno&
1886 2180 2028 2213 Potestate
2044 2182 2137 2213 nostra
2154 2183 2312 2222 praedietis,
2332 2183 2366 2216 fi-

1302 2230 1341 2289 ng
1360 2220 1505 2251 voluntate
1527 2222 1559 2251 &
1583 2221 1694 2252 licentia
1717 2223 1830 2260 nostra,
1854 2220 1924 2251 ficut
1946 2221 2115 2259 piaedictum
2132 2222 2192 2260 est,
2217 2223 2369 2254 nullatenus

1302 2269 1319 2289 e
1341 2267 1468 2289 ucantur.

1349 2297 1489 2327 Volumus
1501 2305 1594 2327 autem
1611 2307 1642 2326 ac
1664 2307 1717 2334 pro
1733 2295 1833 2326 Nobis
1852 2296 1886 2326 &
1911 2296 2082 2328 Haeredi'bus
2105 2297 2206 2330 nostris
2224 2299 2370 2331 Concedi-

1301 2345 1382 2373 mus,
1401 2336 1483 2374 quud
1503 2336 1576 2366 nulla
1596 2335 1730 2375 Exactio,
1746 2334 1833 2373 Prisa,
1852 2335 1896 2365 vel
1916 2334 2080 2376 praestatio,
2096 2347 2142 2367 aut
2163 2337 2274 2376 aliquod
2292 2339 2368 2374 ahsud

1301 2374 1400 2412 Onus,
1419 2374 1498 2411 super
1511 2371 1643 2403 Personas
1658 2372 1856 2404 Mercatorum
1870 2373 2094 2413 praedifrorum,
2114 2375 2304 2408 Mercandisas
2318 2377 2364 2408 seu

1300 2412 1380 2443 Bona
1403 2412 1590 2449 eorumdem,
1608 2411 1776 2449 aliquatenus
1796 2412 1973 2450 imponatur,
1996 2423 2094 2444 contra
2116 2414 2242 2446 formam
2260 2416 2367 2454 expies-

1300 2452 1357 2482 lam
1372 2452 1492 2489 superius
1505 2453 1537 2481 ὥς
1553 2451 1716 2481 concellum
1726 2473 1736 2488 ,
2316 2464 2320 2473 =

1709 2531 1774 2563 Hiis
1793 2531 1943 2570 Testibus,

1341 2606 1553 2638 venerabilibus
1570 2607 1698 2639 Patribus
1706 2633 1715 2646 ,

1341 2646 1455 2676 Roberto
1474 2647 1660 2686 Canticarienfi
1679 2646 1894 2686 Archiepifcopo,
1914 2648 1999 2678 totius
2020 2647 2130 2687 Angliae
2148 2647 2288 2689 Primate,

1341 2684 1463 2714 Waltero
1481 2689 1636 2715 COUL’HtYiae
1654 2685 1692 2721 ὠ·
1710 2685 1871 2725 Lichfeldiae
1889 2687 2031 2726 Episcopo,

1340 2725 1457 2753 Henrico
1475 2725 1505 2753 de
1526 2727 1600 2761 Lacy
1621 2728 1721 2754 Comite
1741 2725 1911 2762 Lincolniae,

1338 2760 1489 2802 Humfi·edo
1511 2763 1543 2792 de
1564 2762 1665 2793 Bohom
1683 2767 1782 2793 Comite
1808 2761 1977 2803 Herrffbrdiae
1994 2761 2032 2798 &
2049 2760 2183 2803 Effixiae2
2208 2775 2238 2795 ac
2255 2764 2365 2807 Consta-

1303 2799 1410 2830 bulmo
1425 2801 1555 2839 Angliae‚

1339 2841 1481 2870 Adomaro
1498 2841 1530 2870 de
1549 2839 1696 2879 Valentia,

1340 2877 1465 2917 Galfrido
1483 2879 1515 2910 de
1531 2879 1694 2918 Geynville,

1343 2919 1455 2954 Hugoue
1473 2916 1496 2946 le
1514 2918 1678 2957 Despenfi’r,

1340 2957 1461 2985 Waltero
1478 2957 1510 2985 de
1530 2956 1608 2985 Bello
1624 2960 1720 2994 Campo
1738 2954 1895 2986 Senescallo
1912 2953 2036 2993 Hospitii
2051 2955 2153 2994 nostri,

1339 2994 1453 3023 Roberto
1474 2995 1506 3024 de
1524 2997 1629 3030 Bures,

1337 3031 1373 3062 Et
1393 3033 1459 3062 aliis.

1338 3070 1406 3101 Dat.
1427 3080 1476 3108 per
1495 3069 1617 3100 Manum
1637 3068 1762 3100 nostram
1783 3070 1856 3108 apud
1874 3070 2052 3109 Wyndesbre,
2072 3070 2174 3101 Primo
2188 3071 2233 3102 die
2242 3071 2365 3105 Februa-

1299 3109 1349 3147 rii,
1369 3109 1457 3140 Anno
1472 3107 1566 3148 Regni
1579 3109 1668 3139 nostri
1683 3109 1843 3139 Triceiimo
1858 3108 1968 3139 Primo.

1337 3185 1350 3215 I
1361 3194 1382 3215 N
1393 3195 1404 3216 s
1413 3193 1431 3214 P
1441 3194 1458 3215 E
1468 3195 1484 3215 x
1494 3195 1505 3216 1
1516 3194 1573 3216 MU
1584 3196 1595 3216 s
1615 3187 1699 3216 etiam
1715 3184 1851 3224 Cartarn,
1868 3185 1991 3216 Domini
2007 3184 2043 3217 E.
2060 3194 2142 3225 nuper
2157 3189 2235 3224 Regis
2250 3188 2362 3225 AngEae

1301 3223 1358 3255 Avi
1374 3224 1477 3262 nostri,
1495 3225 1598 3255 fasiani
1614 3227 1643 3254 in
1659 3225 1721 3254 haec
1736 3224 1837 3262 verba,
1952 3227 1955 3228 ’

1303 3300 1511 3352 EDwardur,
1531 3300 1587 3332 Dei
1601 3300 1705 3340 gratia,
1724 3303 1785 3330 Rex
1797 3300 1928 3338 Angli-e,
1943 3303 2073 3334 Dominus
2080 3301 2237 3341 Hiberniae,
2247 3303 2281 3334 8<
2294 3306 2363 3333 Di&

1368 3342 1551 3378 Aquitanniae
1566 3362 1576 3377 ‚
1602 3339 1845 3377 Archiepiscopis‚
1869 3339 2029 3379 Episcopi-S,
2056 3341 2229 3378 Abbatibus,
2256 3340 2364 3372 Priori-

1300 3375 1367 3418 bus,
1392 3377 1571 3416 Comitibus,
1596 3377 1765 3415 Batonibus,
1779 3377 1960 3416 justiciariis,
1982 3378 2225 3418 vicecomitibus,
2245 3380 2362 3418 Praepo-

1300 3415 1369 3452 iltlS,
1390 3415 1544 3454 Ministris,
1561 3418 1593 3447 &
1609 3417 1743 3446 omnibus
1758 3416 1869 3447 Ballivis
1882 3417 1915 3448 &
1929 3416 2054 3447 fidelibus
2069 3417 2138 3456 suis,
2156 3418 2290 3448 Salutem.

1338 3451 1383 3484 ΙΝ
1395 3463 1505 3484 SPEXI
1516 3463 1541 3484 Μ
1551 3464 1593 3485 Us
1611 3454 1744 3492 Cartam,
1770 3465 1873 3494 quam,
1898 3454 2044 3486 Dominus
2065 3455 2102 3486 E.
2120 3465 2201 3494 nuper
2216 3460 2277 3486 Rex
2294 3459 2360 3486 An-

1296 3488 1374 3531 gliae,
1400 3491 1481 3523 Pater
1508 3493 1620 3531 noster,
1639 3493 1705 3523 fecit
1729 3492 1938 3524 Mercatoribus
1959 3492 2053 3532 Regni
2076 3494 2268 3533 Alemanniae,
2292 3496 2360 3532 illis,

1299 3529 1419 3568 scilicet,
1434 3532 1482 3569 qui
1494 3531 1597 3562 habent
1618 3532 1752 3561 Domum
1768 3533 1796 3562 in
1811 3531 1936 3562 Civitate
1949 3532 2114 3564 Londoniae
2128 3544 2191 3573 quae
2200 3533 2359 3564 Gildehalla

1299 3566 1552 3600 Teuthonicorum
1566 3569 1716 3609 vulgariter
1729 3579 1924 3609 nuncupatur,
1943 3571 1973 3600 in
1985 3571 2048 3602 haec
2065 3573 2165 3610 verba,

1303 3650 1515 3707 EDwardus,
1542 3649 1599 3679 Dei
1622 3650 1727 3689 gratia,
1751 3653 1809 3680 Rex
1838 3650 1967 3688 Angliae,
1991 3654 2122 3681 Dominus
2145 3649 2299 3686 Hibernia,
2325 3651 2359 3681 &

1368 3691 1438 3719 Dux
1456 3691 1656 3727 Aquitanniae,
1664 3689 1848 3727 Archiepisco
1870 3689 2076 3727 is,Episcopis‚
2094 3687 2360 3726 Abbatibus‚Prio-

1303 3728 1395 3765 ribus,
1412 3725 1592 3764 Comitibus,
1615 3727 1784 3765 Batonibus,
1804 3727 1843 3797 ἐι]
1857 3729 1987 3766 ticiatiis,
2006 3727 2250 3764 Vicecomiribus,
2282 3726 2359 3757 Prae-

1304 3764 1585 3834 pog‘is’·Mmggr¹s’
1603 3768 1636 3796 δε
1651 3768 1784 3796 omnibus
1826 3767 1911 3796 allivis
1925 3767 1958 3797 δε
1971 3766 2112 3796 Fidelibus
2126 3765 2193 3802 (ωε,
2210 3765 2341 3795 Salutem.

1363 3813 1439 3834 cratis
1477 3814 1494 3834 u

1342 3841 1443 3880 Cum,
1456 3813 1577 3873 cdelebitis
1594 3844 1761 3881 memoriae,
1779 3846 1910 3872 Dominus
1929 3844 1967 3871 H.
1981 3841 2127 3880 quondam
2145 3843 2207 3871 Rex
2229 3840 2360 3880 Argliae,

1308 3881 1386 3911 Avus
1401 3880 1514 3918 noster,
1533 3890 1581 3918 per
1596 3880 1703 3911 Lireras
1715 3884 1774 3911 suas
1788 3881 1933 3918 Parentes,
1953 3878 2141 3910 Conceffiffer
2151 3878 2361 3912 Mercatoribus

1306 3918 1403 3956 Regni
1417 3918 1614 3957 Alenianniae‚
1631 3919 1712 3958 (illis,
1729 3919 1851 3956 stilicen,
1868 3920 1915 3955 qui
1929 3918 2030 3947 habent
2054 3917 2187 3947 Domum
2208 3919 2238 3948 in
2255 3918 2362 3950 Civita-

1307 3967 1334 3988 te
1349 3957 1525 3994 Londoniae,
1545 3968 1608 3995 quae
1632 3957 1788 3988 Gildehalla
1811 3956 2061 3986 Teuthonicorum
2083 3956 2229 3993 vulgariter
2252 3967 2364 3988 nuncia-

1307 3998 1397 4032 patur)
1437 3995 1498 4025 uod
1509 4006 1560 4027 eos
1576 3996 1719 4026 universps
1732 3997 1766 4027 &
1778 3994 1898 4032 fingulos
1918 3995 2159 4025 manuteneret&
2171 3995 2364 4034 servaret‚per

1307 4042 1402 4065 sotum
1449 4042 1556 4076 egnum
1566 4034 1666 4073 suum,
1682 4035 1719 4065 in.
1732 4033 1866 4070 omnibus
1888 4032 1991 4065 eisdem
2013 4031 2202 4066 ubertatibus
2219 4035 2254 4068 ὃς
2273 4035 2367 4065 liberis

2394 312 2458 336 ch.
2478 316 2506 343 ς.

2393 1197 2526 1233 *1X.75.
