2562 4274
775 166 878 208 ET
962 159 1229 205 ACTA

10 271 90 303 Arm.
101 264 145 296 D.
172 291 198 295 -

13 313 125 379 122¹}
173 335 367 381 Promiffionis
388 340 476 384 Regis
499 336 534 370 de
551 340 757 370 Matrimonia
779 350 836 370 non
858 336 1074 383 contrahendo,
1099 336 1154 380 ”fi
1168 345 1237 368 cum

435 389 585 420 Katerina
606 389 756 428 francic,
782 390 967 433 ProrogatiO.

16 478 70 505 An.
83 484 110 502 2.

18 519 51 541 H.
72 522 99 548 5.

18 556 108 580 Franc.
128 557 154 574 2·

19 595 55 618 H.
76 598 105 624 5.

21 638 59 656 m.
75 637 120 654 20.

179 470 265 527 RE
275 470 321 516 X,
340 470 461 516 Diletfio
477 472 545 511 fibi,
564 471 709 510 Magistro
733 472 850 501 Henrico
870 475 971 511 Wre,
990 473 1020 503 in
1042 479 1163 511 utroque
1173 468 1243 509 Jure

256 509 434 548 Licentiat0,
453 510 587 541 Salutem.

212 545 295 578 Cum
308 558 379 587 nos,
398 559 432 580 ex
450 550 533 580 certis
548 547 659 586 Caufis,
675 547 744 578 Nos
765 549 795 577 in
813 559 846 579 ea
867 557 943 587 parte
965 548 1162 584 moventibus,
1181 556 1243 577 cer-

177 593 237 616 tam
258 585 482 618 Promiffionem
507 587 658 617 fecerimus
678 586 714 617 de
738 586 907 618 abstinendo
926 589 961 618 ab
982 588 1063 618 omni
1082 585 1243 617 Contracta

179 623 385 656 Matrimoniali
406 626 463 657 five
482 625 694 663 sponsaliorum
710 625 779 655 hinc
797 625 880 664 usque
896 626 929 657 ad
945 625 1058 657 Festum
1073 625 1171 656 Sancti
1191 623 1244 666 Jo-

179 663 279 694 hannis
299 663 430 702 Baptistae
445 665 581 703 proximo
602 664 747 702 futurum,
767 663 837 694 sicut
858 665 891 695 &
915 673 1000 702 prout
1014 666 1043 694 in
1063 664 1121 695 aliis
1145 663 1246 704 Literis

177 701 294 741 nostris,
312 703 381 733 inde
394 702 549 741 confectis,
567 703 600 734 ὃς
620 702 655 734 ad
678 712 744 742 quas
769 712 820 733 nos
842 703 1005 741 referimus,
1023 702 1132 741 plenius
1151 708 1246 732 conti-

178 749 277 780 netur,

218 778 330 811 Verum

215 816 294 855 Quia
319 800 355 849 eit
380 818 442 850 casu
465 819 579 851 evenire
599 819 689 857 posset
711 817 807 858 quod,
832 819 899 849 citra
920 817 1034 850 Festum
1055 816 1143 856 illud,
1161 823 1248 848 certae

180 859 329 896 Materiae,
348 858 421 887 inter
437 858 498 887 Nos
518 858 552 888 δε
573 857 801 898 Consbuguineum
823 857 939 897 nostrum
955 858 1097 896 Franciae,
1115 866 1164 896 per
1183 854 1247 884 De-

179 905 292 938 putatos
303 895 371 927 hinc
387 896 453 926 inde
467 897 629 936 praelocutae
642 897 676 927 ad
691 895 829 927 effectum
844 894 964 933 produci
975 905 1036 926 non
1051 902 1202 934 poterunt,

217 937 287 1006 132⁵
283 958 391 1005 Vestris
404 972 428 1003 F
429 972 549 1004 idelitate
559 973 594 1004 &
608 969 748 1002 Industria
763 971 871 1009 plenius
889 971 1082 1015 confidentes,

220 1013 316 1046 Vobis
330 1010 551 1042 Committimus
566 1011 616 1048 &,
632 1010 750 1040 Tenore
772 1009 970 1050 Praesentium,
986 1011 1098 1044 Damus
1122 1011 1250 1043 Potesta-

183 1062 246 1086 tem
258 1051 293 1084 ad
308 1050 525 1089 Prorogandum
540 1049 716 1079 Terminum
733 1049 918 1087 praedictum,
937 1050 957 1079 fi
974 1051 1055 1081 vobis
1068 1049 1194 1081 videatur
1205 1059 1252 1081 ex-

185 1091 317 1133 pediens,
339 1088 424 1127 usque
438 1088 472 1119 ad
499 1087 631 1118 Primum
653 1087 730 1118 diem
751 1087 859 1118 Mensis
879 1087 998 1127 Augusti
1019 1090 1154 1128 proximo
1174 1089 1252 1120 futu-

185 1140 249 1163 rum

226 1153 274 1199 Ac
293 1167 376 1198 etiam
393 1163 427 1195 ad
442 1163 691 1203 Promittendum,
716 1174 769 1204 pto
788 1165 872 1195 nobis
886 1188 896 1203 ,
920 1165 954 1196 &
978 1165 1113 1196 Nomine
1135 1165 1253 1203 nostro,

189 1207 288 1248 quod,
305 1205 391 1241 usque
405 1202 440 1233 ad
453 1203 563 1233 dietum
580 1203 710 1234 Primum
727 1204 804 1234 diem
820 1202 960 1242 Augusti,
979 1204 1089 1236 nullum
1105 1214 1174 1235 cum
1187 1213 1257 1242 qua-

191 1253 318 1282 cumque
334 1241 474 1279 Muliere,
488 1242 540 1273 alia
557 1243 574 1272 a
589 1241 718 1273 Domina
737 1244 876 1271 Katerina
893 1241 964 1271 Filia
980 1243 1046 1272 dicii
1062 1242 1256 1281 Confimguinei

191 1283 274 1323 nostri
287 1284 428 1319 Franciae,
448 1280 674 1311 Matrimonium
694 1280 911 1318 contrahemus,
928 1288 974 1310 aut
986 1282 1065 1319 super
1079 1292 1115 1311 eo
1132 1290 1256 1320 quomo-

191 1322 302 1353 dolibet
316 1319 532 1350 Concludemus
541 1342 550 1357 ,

231 1359 452 1397 Promittentes,
471 1358 550 1388 boni
563 1356 618 1388 fide
630 1357 664 1388 &
678 1357 707 1388 in
724 1357 813 1388 verbo
825 1357 922 1396 regio,
937 1357 1016 1396 quod
1031 1358 1118 1395 ipsam
1133 1357 1258 1388 Promis-

192 1398 322 1435 sionem,
338 1405 385 1434 per
402 1407 453 1427 vos
466 1398 582 1427 nomine
595 1395 693 1426 nostro
708 1394 866 1426 faciendam
876 1418 885 1434 ,
900 1404 1041 1436 quantum
1055 1397 1090 1427 ad
1106 1396 1173 1426 Nos
1193 1397 1257 1426 atti-

192 1445 256 1474 net,
275 1435 394 1466 fideliter
407 1435 618 1465 observabimus
630 1435 663 1465 &
679 1434 863 1472 inconcusse,

234 1475 295 1506 Sub
315 1474 369 1504 hac
382 1481 477 1504 tamen
499 1472 677 1504 Conditione
697 1473 778 1511 quod
793 1473 885 1503 didius
900 1472 1110 1511 consanguineus
1123 1472 1210 1512 noster
1225 1474 1259 1505 δε

195 1517 314 1544 Domina
327 1514 466 1542 Katerina
480 1511 550 1541 Filia
561 1510 617 1551 fi‘a
635 1512 830 1550 consimilem,
849 1521 902 1549 pro
917 1520 994 1549 parte
1008 1512 1072 1549 sua,
1091 1512 1174 1542 nobis
1188 1511 1261 1542 Pro-

201 1551 366 1583 miffionem
383 1550 488 1582 faciant
498 1551 532 1581 &
543 1549 638 1581 fidem.

231 1589 267 1620 In
286 1588 382 1626 cujus,
400 1589 461 1620 ὅτε.

268 1625 337 1659 Dat.
359 1630 389 1658 in
406 1626 518 1658 Palatio
534 1628 613 1666 Regis
630 1627 856 1669 Wstmonasterii
869 1627 983 1659 decimo
998 1627 1104 1660 octavo
1116 1628 1163 1659 die
1173 1627 1263 1667 Junii.

855 1707 910 1735 Per
922 1703 1005 1743 ipffim
1025 1707 1129 1745 Regem.

40 1840 62 1860 *
82 1842 137 1872 IX.

44 1889 106 1916 ¹4¹·

197 1834 226 1861 ’k
245 1832 305 1868 Ad
334 1833 460 1868 eundem
482 1835 661 1867 Terminum
694 1831 821 1864 ulterius
837 1830 1062 1879 prorogandum
1089 1831 1153 1865 alie
1176 1836 1262 1868 Pot'e-

667 1879 773 1924 states.

37 1970 119 2003 'Ana
134 1968 176 2002 D.
200 1967 285 2024 RE
294 1964 342 2007 X,
362 1967 485 1999 Dileffls
500 1969 533 2000 δε
554 1967 697 1998 Fidelibus
710 1967 779 2005 suis,
795 1964 956 1998 Venerabili
979 1967 1010 1997 in
1033 1966 1151 1998 Christo
1170 1968 1263 2007 Patri,

61 2019 149 2050 1414.
227 2044 232 2049 ⁸
275 2006 382 2050 Thomae
398 2006 572 2050 Dunelmenfi
582 2003 709 2046 Episcopo
723 2005 894 2036 Confiliario
916 2005 1029 2044 nostr0,
1046 2016 1080 2036 ac
1102 2006 1262 2039 Venerabili

43 2054 97 2079 An.
116 2060 142 2077 2.
196 2051 280 2075 etiarn
294 2055 324 2075 in
341 2044 461 2076 Christo
483 2046 578 2084 Patri,
597 2044 714 2075 Ricardo
737 2043 861 2083 Episcopo
876 2044 1064 2085 Norwicenfi,
1082 2044 1190 2075 Thomae
1212 2051 1262 2077 Co-

40 2093 79 2118 Η,
94 2097 121 2123 5.
197 2086 260 2112 miti
277 2087 390 2122 Sarum,
407 2084 523 2114 Ricardo
537 2087 655 2114 Domino
669 2084 701 2113 de
720 2084 808 2123 Grey,
825 2082 1048 2121 Consanguineis
1070 2083 1189 2123 nostris,
1205 2085 1262 2124 Jo—

40 2129 131 2154 franc.
148 2136 175 2153 2.
196 2120 284 2152 hanni
305 2121 440 2160 Pelham,
458 2123 569 2160 Militi,
582 2121 699 2152 Roberto
721 2123 883 2160 Waterton‚
900 2118 984 2152 Armi
1004 2131 1071 2159 ero,
1089 2123 1123 2154 &
1142 2125 1262 2154 Henrico

43 2169 78 2192 H.
112 2173 140 2200 5.
196 2162 280 2189 Ware
293 2161 322 2190 in
337 2169 455 2201 utroque
465 2160 535 2200 Jure
549 2160 732 2199 Licenciato,
750 2158 920 2191 Consiliariis
934 2170 974 2190 no
1000 2161 1055 2199 ris,
1074 2160 1208 2192 Salutem.

41 2212 79 2232 m.
93 2213 138 2231 20.
234 2198 318 2231 Cum
332 2199 417 2237 Nos,
436 2201 518 2231 certis
532 2199 567 2231 de
581 2200 666 2231 causis
679 2198 911 2237 :rationabilibus‚
930 2198 998 2229 Nos
1011 2199 1046 2229 ad
1066 2198 1124 2230 hoc
1139 2210 1263 2232 moven-

195 2236 290 2276 tibus,
309 2248 358 2276 per
373 2237 480 2269 nostras
496 2239 566 2269 certi
582 2238 707 2269 Tenoris
730 2238 854 2276 Literas,
873 2237 1087 2268 Promiserimus
1098 2260 1108 2276 ,
1125 2238 1160 2269 de
1177 2240 1263 2271 absti—

195 2276 292 2307 nendo
310 2277 346 2307 ab
366 2278 449 2307 omni
464 2276 625 2308 Contradiu
640 2275 846 2307 Matrimoniali
867 2276 924 2307 five
945 2276 1172 2316 Sponsaliorum,
1193 2288 1263 2309 cum

194 2324 378 2352 quacumque
390 2315 440 2345 alia
456 2315 580 2346 Muliere
598 2315 813 2384 §tguscumque
831 2313 944 2352 Status,
962 2314 1092 2353 Gradus,
1112 2325 1158 2347 aut
1182 2316 1265 2348 Con-

195 2354 311 2383 ditionis
324 2352 432 2387 existat)
450 2354 466 2384 a
483 2353 586 2384 Nobili
656 2355 751 2391 mina,
769 2356 890 2383 Domina
904 2351 1043 2383 Katerina
1057 2352 1130 2383 Filia
1146 2355 1267 2395 Confim-

193 2395 284 2430 guinei
300 2391 384 2431 nostri
396 2394 537 2430 Franciae,
555 2392 640 2431 usque
656 2392 788 2423 Primum
803 2392 882 2422 diem
900 2391 972 2422 Maii
990 2393 1125 2431 proximo
1141 2396 1266 2431 praeteri-

198 2439 261 2462 tum

237 2453 284 2499 Ac
301 2468 422 2508 deinde,
440 2478 476 2500 ex
489 2468 586 2499 Cauiis
604 2468 817 2507 confimilibus,
835 2467 1027 2499 Consimilem
1045 2469 1267 2502 Promiffionem

199 2508 319 2577 {ecimus
339 2508 426 2545 usque
441 2507 476 2540 ad
494 2507 611 2539 Festum
632 2507 729 2539 Sancti
748 2507 886 2546 Johannis
908 2507 1037 2545 Baptistae
1057 2510 1193 2548 proximo
1208 2511 1268 2548 jam

216 2556 233 2577 u
247 2555 350 2584 urum,

239 2583 445 2624 Demumque,

244 2623 432 2654 Advertentes
445 2623 527 2662 quod
541 2622 619 2654 Varii
635 2623 806 2662 Tradiatus,
824 2625 897 2654 inter
910 2625 971 2654 Nos
981 2624 1014 2654 &
1032 2623 1138 2655 didium
1151 2626 1272 2665 Coufizn-

201 2664 327 2700 guineum
348 2661 465 2702 nostrum
480 2662 689 2694 indeterminati
705 2662 858 2702 pendentes
868 2685 878 2700 ,
895 2663 966 2692 infra
979 2662 1155 2694 Terminum
1180 2666 1273 2704 proxi-

205 2702 257 2730 mo
275 2700 482 2739 supradictum,
499 2701 533 2731 ad
548 2701 650 2731 Finem
664 2710 796 2739 optatum
813 2701 927 2739 perduci
941 2711 1000 2731 non
1034 2710 1168 2740 oterunt,

240 2737 282 2768 Ex
305 2738 410 2769 Causis·
421 2739 616 2770 consimilibus
636 2739 759 2770 eundem
785 2740 980 2783 Terminum,
1025 2740 1100 2770 anet—i
1118 2740 1273 2782 johannis,

205 2777 291 2816 usque
312 2777 347 2807 ad
363 2777 496 2808 Primum
517 2778 594 2808 diem
617 2777 726 2809 Mensis
742 2777 866 2816 Augusti
879 2779 1012 2816 proximo
1027 2779 1084 2816 jam
1102 2788 1274 2820 venturum,

207 2823 275 2846 cum
295 2815 437 2846 consimili
453 2815 660 2855 Promiffione,
676 2827 724 2855 per
746 2826 858 2849 certum
879 2815 1008 2847 nostrum
1033 2816 1269 2850 Commiffarium

205 2855 373 2893 prorogari,
393 2854 462 2885 sicut
481 2856 515 2886 &
535 2862 620 2895 prout
641 2856 671 2885 in
693 2855 750 2885 aliis
771 2856 872 2886 Literis
892 2854 1009 2893 nostris,
1027 2865 1060 2886 ac
1083 2856 1184 2887 Literis
1202 2859 1275 2889 diest}

207 2892 297 2961 noffiri
313 2891 527 2937 Commiffarii,
545 2893 581 2925 ad
594 2903 659 2933 quas
675 2903 726 2924 nos
740 2895 902 2932 referimus,
920 2894 1030 2932 plenius
1047 2896 1226 2935 continetur,

283 2941 338 2961 osi
360 2940 415 2962 itur

247 2966 309 3038 Βὲτ(1
327 2940 435 3000 »¹{stris'
449 2969 609 3009 Fidelitate,
633 2968 902 3010 Circumspedlzione
917 2993 927 3008 ,
953 2971 987 3002 &
1007 2970 1146 3003 Industria
1167 2972 1278 3011 plenius

212 3016 271 3038 con
311 3017 387 3039 entes

251 3045 342 3075 Vobis
361 3032 497 3086 Se’ptem,
511 3047 584 3087 Sex,
603 3047 760 3086 Qinque,
777 3054 823 3078 aut
875 3056 974 3079 uatuor
988 3057 1022 3078 ex
1043 3048 1123 3079 vobis
1140 3049 1279 3080 Comitti-

213 3093 294 3122 mus,
310 3085 360 3121 &‚
377 3085 496 3116 Tenore
509 3086 710 3125 Praeientium,
730 3085 840 3116 Damus
887 3085 1035 3117 otestatem
1058 3087 1093 3116 ad
1117 3087 1280 3126 Prorogan-

212 3123 284 3153 dum
301 3121 435 3153 Primum
446 3124 523 3154 diem
540 3124 648 3156 Mensis
661 3123 784 3162 Augusti
802 3125 972 3163 praediCtum
987 3125 1017 3155 in
1039 3125 1072 3157 &
1088 3126 1176 3164 usque
1192 3128 1277 3158 talem

215 3162 296 3192 diem
306 3183 315 3197 ‚
333 3162 382 3198 qui
397 3161 480 3192 vobis
492 3162 633 3194 videbitur
645 3163 774 3203 expedire
782 3187 791 3201 ,

254 3199 300 3229 Ac
314 3201 398 3229 etiarn
420 3199 455 3230 ad
478 3199 708 3233 Promittendum
745 3211 798 3241 pro
820 3201 934 3240 Nobis,
952 3202 985 3233 &
1008 3201 1144 3233 Nomine
1166 3203 1280 3242 nostro,

214 3238 311 3277 quod,
330 3237 415 3281 usque
429 3237 463 3268 ad
475 3238 570 3276 diem,
590 3247 639 3276 per
651 3250 702 3270 vos
716 3224 895 3271 limitandum
906 3264 916 3281 ,
934 3240 1042 3271 nullum
1058 3251 1125 3271 cum
1140 3252 1277 3282 quacum-

215 3287 272 3316 que
285 3275 426 3314 Muliere,
444 3275 493 3306 alia
507 3278 522 3307 a
537 3277 613 3308 dicta
630 3281 750 3308 Domina
767 3279 906 3309 Katerina
929 3278 1001 3308 Filia
1022 3279 1097 3319 ipfius
1119 3280 1280 3319 Conslzngui-

216 3319 261 3384 nei
269 3313 360 3383 ἔσβη·
378 3317 517 3354 Franciae,
535 3316 753 3355 contrahemus,
768 3326 815 3348 aut
827 3317 905 3356 super
918 3327 955 3348 eo
969 3318 1187 3357 quomodolibet
1196 3319 1280 3350 Con-

220 3364 238 3385 c
248 3365 268 3384 u
288 3362 367 3384 emus
376 3376 387 3392 ,

254 3391 454 3422 Promittimus
466 3390 591 3430 insuper,
608 3391 687 3422 bona
705 3391 759 3423 fide
775 3392 809 3423 &
830 3394 860 3423 in
881 3393 970 3423 verbo
985 3395 1063 3433 regio
1079 3417 1087 3433 ,
1111 3395 1192 3434 quod
1215 3397 1282 3435 ipsas

219 3430 456 3470 prorogationem
480 3431 515 3461 &
536 3429 771 3469 Promiffionem,
789 3440 839 3469 per
854 3441 906 3462 vos
920 3433 1038 3463 nomine
1059 3433 1157 3464 nostro
1178 3435 1282 3465 facien-

219 3469 285 3538 (123,
299 3477 438 3514 quantum
425 3468 485 3538 &ad
501 3479 552 3499 nos
567 3469 681 3507 attinet,
699 3467 816 3500 fideliter
830 3469 1039 3501 observabimus
1058 3472 1091 3503 &
1106 3473 1282 3504 inconcusse.

274 3518 293 3537 n
311 3517 388 3546 cujus
397 3530 406 3546 ,
460 3518 487 3538 c.

277 3545 347 3579 Dat.
362 3547 394 3577 in
410 3545 522 3577 Palatio
535 3548 613 3585 Regis
628 3545 733 3586 Westm.
750 3545 887 3578 vicesimo
900 3546 1023 3578 secundo
1037 3547 1082 3579 die
1090 3548 1180 3588 Junii.

883 3625 938 3653 Per
951 3623 1033 3663 ipsum
1047 3627 1154 3664 Regem.

417 3779 472 3811 De
494 3774 684 3820 Ambaffiata
708 3774 753 3809 ad
776 3778 880 3809 Partes
903 3775 1082 3809 Hollandiae.

72 3863 150 3894 Ann.
160 3861 201 3894 D.
223 3860 381 3919 DlleCQus
402 3858 532 3908 Clericus
552 3862 657 3901 Regis,
686 3860 822 3900 Magister
848 3858 983 3904 i'hilippus
1001 3863 1138 3900 Morgan,
1157 3862 1222 3900 qui,
1248 3862 1283 3893 ad

91 3911 179 3942 1414.
293 3909 382 3938 partes
397 3900 568 3940 Holandiae,
586 3902 622 3932 de
637 3900 776 3931 Mandato
791 3899 896 3939 Regis,
914 3909 942 3929 in
957 3898 1077 3937 quadam
1093 3900 1265 3945 Ambaffiata
1275 3924 1284 3938 ,

71 3945 124 3970 An.
145 3952 170 3971 2.
222 3937 339 3976 Regem
354 3939 388 3969 &
404 3939 541 3978 Regnum
564 3940 644 3970 suum
666 3946 796 3978 tangente
830 3937 1006 3977 profeeturus
1025 3936 1084 3976 est,
1099 3938 1183 3969 habet
1206 3939 1286 3970 Lite-

70 3984 107 4007 1-1.
126 3990 153 4016 5.
223 3986 265 4006 ras
279 3976 365 4015 Regis
381 3976 417 4006 de
432 3976 619 4009 Proteffione
636 3980 718 4014 (cum
733 3977 793 4008 clau
805 3976 848 4007 ula
861 3975 994 4014 volumus)
1014 3976 1099 4015 usque
1106 3976 1221 4010 Festum
1235 3988 1287 4010 na-

72 4019 135 4046 Jbid.
150 4028 188 4050 m.
223 4014 422 4087 ταΙίῙξΥξῗπὲὶζτὲί
437 4016 573 4053 proximo
587 4017 716 4050 futurum
728 4015 876 4050 duraturas.

71 4065 118 4093 ²3⁹
299 4093 371 4123 Tom.
392 4093 440 4123 IV.
462 4093 496 4122 P.
515 4087 559 4121 Π.

1284 158 1315 198 Ρ
1356 157 1399 198 U
1438 157 1470 197 B
1501 156 1532 196 L
1578 157 1596 196 I
1635 158 1676 198 C
1703 159 1749 199 Α,
2305 154 2326 195 8
2339 168 2359 195 Ι

1322 242 1411 275 Teste
1424 242 1508 281 Rege
1523 242 1597 280 apud
1614 243 1889 284 westmonasterium,
1909 242 1985 273 xviii,
2006 242 2051 273 die
2062 239 2149 280 Junii.
2366 233 2498 314 Agri?

1923 325 1976 352 Per
1996 323 2078 362 ipfizm
2104 325 2208 359 Regem.
2368 318 2461 350 Heu.5,

1480 449 1575 493 Super
1599 442 1788 489 Ambqffiata
1811 447 1854 480 ad
1879 452 1982 482 Partes
2007 451 2149 482 Franciae.

1289 530 1458 586 RObertus
1477 533 1621 561 Waterton
1637 529 1785 570 Armiger,
1803 533 1850 570 qui
1863 534 1896 563 ad
1912 533 2007 563 Partes
2019 534 2160 572 Francicus,
2175 535 2210 566 de
2225 533 2347 565 Manda-
2370 523 2446 554 Am*
2460 523 2501 554 D‘

1356 579 1387 600 to
1403 569 1505 608 Regis,
1521 571 1551 599 in
1573 569 1693 608 quadarn
1715 570 1905 608 Ambaffiata,
1925 572 2033 609 Regem
2052 574 2084 603 &
2108 572 2243 612 Regnum
2269 575 2346 605 suum
2391 573 2478 602 1414-

1289 614 1435 647 tangente,
1456 608 1633 645 profedturus
1643 607 1702 646 est,
1721 609 1803 638 habet
1812 609 1918 639 Literas
1932 609 2017 647 Regis
2026 610 2251 643 deProtectione
2267 617 2348 648 (curn
2370 606 2421 629 An.
2444 613 2471 630 ²·

1290 645 1411 677 clausula
1424 646 1557 682 volumus)
1580 656 1628 686 per
1643 646 1806 677 Dimidium
1824 647 1903 677 Anni
1923 646 2070 678 duraturas.
2373 644 2401 668 Η
2431 649 2449 674 5

1330 683 1415 713 Praes.
1431 685 1493 715 &c.
2403 661 2476 705 'rhisi-

1329 721 1419 752 Teste
1436 722 1519 761 Rege
1535 723 1609 763 apud
1626 722 1901 763 Wstmonasterium,
1920 723 1967 754 vii.
1986 722 2031 753 die
2041 723 2119 762 Julii.

1734 805 1787 833 Per
1801 802 1906 832 Billam
1919 802 1950 832 de
1966 805 2086 833 Privato
2100 804 2198 842 Sigillo.

1427 951 1454 978 *s
1474 953 1522 985 Dc
1545 953 1683 985 Licentia
1706 952 1878 987 concedendi
1895 954 1998 1000 salvos
2023 954 2201 990 Condufius.
2378 959 2393 976 ‘
2415 963 2467 989 IX.

1299 1036 1384 1093 RE
1395 1035 1443 1081 X,¹
1461 1036 1626 1085 Omnibus,
1643 1036 1677 1068 ad
1691 1048 1778 1078 quos,
1794 1040 1855 1071 &c.
1874 1040 2009 1072 Salutem.
2374 1006 2449 1067 xiiii
2471 1037 2503 1067 D

1397 1076 1494 1106 Sciatis
1506 1076 1586 1115 quod
1600 1076 1684 1114 Nos,
2400 1085 2486 1115 1414.

1334 1112 1386 1158 De
1408 1114 1550 1144 Fidelitate
1572 1115 1605 1145 &
1625 1114 1889 1155 Circumspeetione
1909 1118 2026 1155 provida
2041 1141 2051 1156 ,
2075 1117 2182 1150 Dileffl
2203 1120 2237 1151 δε
2260 1118 2360 1150 Fidelis
2379 1118 2431 1144 A’l·
2452 1126 2478 1143 2·

1299 1151 1412 1190 nostri,
1436 1154 1549 1182 Henrici
1575 1153 1599 1182 le
1622 1156 1697 1191 Scrop
1719 1153 1870 1194 Chivaler,
1895 1166 1946 1195 ac,
1969 1157 2063 1187 dileeti
2089 1158 2229 1197 Armigeti
2251 1157 2359 1196 nostri,
2384 1158 2417 1182 H.
2439 1167 2467 1193 5-

1299 1192 1424 1226 Hugom‘r
1440 1193 1591 1225 Mortymer
1605 1192 1713 1229 plenius
1723 1193 1915 1232 confidentes,
2379 1192 2444 1223 Ibid.
2461 1204 2498 1230 m,

1337 1227 1539 1271 Conceffimus
1560 1230 1593 1260 a&
1612 1229 1741 1268 plenam,
1759 1231 1874 1264 Tenore
1895 1233 2092 1272 Praelentium,
2111 1233 2251 1265 Dedimus
2273 1234 2360 1265 Pote-
2379 1239 2423 1268 25«

1302 1265 1401 1296 statem
1424 1267 1548 1304 eisdem,
1573 1269 1690 1297 Henrico
1708 1269 1741 1298 &
1764 1273 1885 1308 Hugoni,
1909 1273 1987 1310 quod
2010 1274 2076 1312 ipsi,
2094 1273 2127 1303 &
2151 1283 2253 1304 eorum
2275 1274 2362 1312 alter,

1301 1305 1459 1349 concedere
1472 1304 1593 1343 poffint,
1612 1307 1657 1336 vel
1669 1306 1773 1346 possit,
1794 1310 1899 1340 Literas
1923 1311 1958 1341 de
1981 1312 2054 1342 salvo
2078 1314 2110 1343 ὃς
2127 1312 2225 1343 securo
2243 1311 2365 1342 Condu-

1303 1343 1353 1373 ἃυ
1370 1344 1416 1374 tali
1434 1343 1644 1388 PersonaeRvel
1660 1345 1757 1376 talibus
1774 1346 1911 1386 Personis,
1930 1358 2011 1388 prout
2026 1361 2075 1388 per
2089 1360 2189 1380 eorum
2207 1350 2363 1381 Discretio-

1302 1391 1369 1426 nem
1379 1405 1388 1420 ,
1404 1392 1455 1426 pro
1471 1381 1623 1426 Nogotiis,
1643 1393 1694 1420 pro
1709 1385 1812 1422 quibus
1826 1386 1951 1418 destinati
1966 1397 2048 1419 erunt
2064 1388 2097 1418 ad
2114 1398 2200 1426 partes
2217 1389 2367 1419 Transma-

1304 1430 1394 1458 rinas,
1411 1421 1532 1451 Viderint
1546 1421 1684 1460 expedire.

1341 1458 1374 1489 In
1391 1460 1485 1497 cujus,
1504 1460 1564 1490 ὅτε.
1583 1460 1666 1499 ulique
1679 1461 1713 1491 ad
1728 1460 1842 1493 Festum
1858 1463 1955 1495 Sancti
1974 1462 2124 1494 Michaelis
2145 1467 2279 1503 proximo
2290 1465 2366 1496 futw

1305 1507 1370 1528 rum
1386 1498 1536 1528 duraturas.

1343 1535 1432 1567 Teste
1448 1536 1530 1576 Rege
1543 1538 1616 1577 apud
1632 1537 1907 1590 westmonasterium,
1923 1539 2059 1570 vicesimo
2073 1540 2119 1572 die
2131 1540 2216 1578 Juuii.

1966 1618 2021 1647 Per
2037 1618 2119 1657 ipfiaem
2137 1620 2239 1656 Regem.

1504 1761 1555 1793 De
1578 1758 1749 1793 TraHando
1770 1772 1840 1794 cum
1864 1765 1950 1796 Duce
1975 1760 2159 1807 Burgcmdiae.

1311 1840 1435 1900 REX
1454 1844 1614 1884 Omnibus,
1633 1844 1666 1876 ad
1680 1855 1765 1886 quos,
1782 1847 1842 1878 &c.
1860 1847 1994 1878 Salutem.

2391 1843 2469 1875 Ann.
2480 1843 2524 1875 DJ

1407 1884 1505 1914 Sciatis
1523 1885 1603 1931 quod
1612 1907 1621 1922 ,

1346 1920 1428 1952 Cum
1445 1932 1530 1953 certae
1557 1923 1581 1953 Γ
1583 1933 1695 1962 reugae,
1712 1927 1802 1963 inter,
1821 1923 1993 1956 cariffimum
2016 1923 2182 1955 Dominum
2203 1924 2236 1955 δε
2255 1923 2369 1955 Patrem
2390 1891 2501 1950 A12141242.

1306 1959 1452 1999 nostrum,
1461 1963 1608 1991 Henricum
1625 1971 1708 2000 nuper
1720 1966 1816 2001 Regem
1830 1962 1942 2000 Angliae
1951 1962 2133 1994 DefunSium
2142 1973 2213 2003 ,pro
2226 1970 2303 2000 parte
2317 1962 2371 2000 sua,
2391 1965 2425 1988 H·
2442 1969 2474 2003 '5-

1307 1997 1633 2069 ᾅὶιζοέἷζιῃᾬεὲῖκῡηεεηι
1645 2003 1827 2041 Burgundiae,
1844 2011 1897 2042 pro
1911 2010 1989 2042 parte
2006 2002 2067 2040 sua,
2086 2003 2118 2033 &
2132 2003 2245 2032 illorum
2261 2001 2295 2031 de
2305 2000 2372 2031 Par·
2390 1998 2471 2065 zibld-
2487 2006 2526 2025 m,

1308 2045 1329 2066 n
1344 2075 1372 2106 A
1391 2061 1621 2120 Quintode’cimo
1635 2078 1681 2110 die
1692 2078 1790 2117 Junii,
1809 2078 1897 2109 Anno
1919 2077 2014 2117 Regni
2033 2078 2156 2117 ejusdem
2172 2078 2262 2110 Patris
2284 2078 2373 2110 nostri

1308 2110 1512 2158 Duodecimo,
1530 2117 1617 2155 usque
1631 2117 1666 2148 ad
1679 2117 1856 2149 Terminum
1875 2118 2013 2157 Quinque
2029 2118 2180 2149 Annorum
2192 2127 2293 2149 extunc
2306 2128 2374 2156 prof

1310 2155 1392 2184 ximo
1408 2153 1603 2195 sequentium,
1620 2157 1778 2196 duraturae,

1346 2190 1449 2260 ξηραῖς
1462 2195 1496 2225 &
1512 2195 1599 2226 initiae
1613 2195 1746 2234 existant,

1383 2241 1415 2262 os

1340 2268 1397 2312 'De
1416 2256 1579 2310 Fidelitate,
1602 2271 1885 2310 circumspectione,
1911 2272 1944 2303 &
1965 2271 2117 2311 Industria,
2141 2273 2323 2304 Dilectorurn
2341 2273 2375 2305 &

1312 2306 1452 2339 Fidelium
1465 2310 1645 2348 nostrorum,
1664 2314 1775 2340 Henrici
1788 2314 1900 2340 Domini
1915 2308 1940 2339 le
1953 2314 2046 2349 Scrop,
2055 2310 2264 2351 Consanguinei
2277 2311 2377 2351 nostri,

1312 2348 1434 2385 Hugonis
1455 2352 1620 2388 Mortymer,
1644 2349 1751 2379 Thomae
1777 2348 1916 2387 chancer,
1942 2348 2192 2387 Doniicellorum,
2220 2349 2375 2388 Magistro-

1312 2394 1377 2416 rum
1394 2386 1468 2416 Phili
1499 2391 1509 2416 i
1525 2391 1646 2424 Morgan
1661 2388 1797 2426 utriusque
1807 2387 1899 2426 Juris,
1917 2397 1949 2418 ac
1969 2388 2110 2426 Jolmnm's
2124 2389 2303 2427 Honyngham
2319 2390 2375 2420 Le—

1314 2434 1383 2464 gum
1404 2425 1454 2455 Do
1487 2436 1588 2464 orum,
1606 2425 1839 2457 Consiliariorum
1850 2426 2033 2464 nostrorum,
2048 2428 2081 2459 &
2096 2436 2197 2457 eorum
2218 2425 2377 2467 cujussibet,

1315 2464 1424 2503 plenius
1441 2464 1634 2503 confidentes,
2284 2465 2291 2469 “

1351 2502 1415 2540 [plis
1446 2503 1587 2534 Dedimus
1603 2526 1613 2541 ,
1638 2501 1859 2541 Conceffimus,
1885 2504 1919 2534 &
1944 2502 2167 2541 Commisimus,
2192 2514 2225 2535 ac
2252 2505 2379 2544 Damus,

1316 2539 1528 2579 Concedimus,
1547 2543 1581 2573 &
1602 2540 1841 2578 committimus,
1859 2551 1909 2579 per
1930 2541 2099 2579 Praesentes,
2116 2542 2302 2574 sufficientem
2319 2545 2377 2575 Au-

1315 2580 1495 2618 ‹Sioritatem,
1511 2580 1677 2620 plenamque
1697 2591 1729 2611 ac
1743 2582 1860 2611 liberam
1878 2580 2070 2619 Potestatem,
2089 2582 2122 2612 ὃς
2141 2581 2310 2613 Mandatum
2332 2591 2381 2622 ge-

1317 2619 1410 2649 nerale
1422 2629 1454 2650 ac
1468 2619 1600 2658 speciale,
1619 2627 1672 2658 pro
1686 2619 1783 2649 Nobis
1796 2620 1830 2650 ὃς
1845 2618 1979 2650 Nomine
1995 2618 2111 2657 nostro,
2129 2619 2217 2651 dictas
2230 2621 2359 2659 Treugae
2370 2645 2380 2660 ,

1317 2657 1352 2687 ad
1368 2657 1560 2696 Terminum,
1576 2668 1789 2698 quemcumque
1810 2658 1967 2697 longiorem
1988 2658 2057 2688 ultra
2072 2658 2244 2690 Terminum
2262 2659 2383 2700 superius

1319 2696 1470 2728 limitatum
1485 2698 1518 2728 &
1532 2696 1678 2735 praefixum
1688 2720 1696 2735 ,
1712 2707 1765 2736 pro
1789 2696 1931 2727 securitate
1946 2696 2190 2728 Mercandisarum
2200 2721 2208 2734 ,
2227 2699 2298 2728 inter
2316 2698 2385 2729 Nos

1319 2736 1352 2766 ὃς
1367 2734 1505 2775 Regnum
1521 2735 1654 2766 nostrum
1669 2735 1785 2774 Angliae
1800 2736 1833 2766 δι
1855 2734 1950 2765 Partes
1971 2734 2126 2774 Flandriae,
2146 2735 2384 2768 Continuandum

1320 2774 1353 2804 ὅ(
1372 2774 1606 2814 prorogandum,
1878 2809 1880 2811 v

1358 2812 1404 2844 Ac
1418 2814 1503 2844 etiam
1516 2812 1552 2843 de
1565 2813 1598 2843 &
1612 2812 1692 2851 super
1705 2812 1848 2844 dictarum
1862 2811 2041 2850 Treugarum
2050 2811 2274 2852 Violatioriibus,
2294 2824 2326 2844 ac
2337 2825 2384 2845 ea-

1321 2861 1385 2882 rum
1403 2851 1684 2890 Reformationibus,
1702 2853 1736 2884 &
1749 2861 1849 2882 contra
1869 2860 1967 2881 earum
1992 2852 2116 2882 formam
2136 2851 2180 2882 seu
2203 2853 2265 2882 alias
2284 2852 2383 2890 injuste

1320 2890 1565 2960 Attemptgtorum
1589 2890 1827 2928 Reparationibus
1850 2890 1883 2920 &
1903 2889 2028 2920 emendis
2050 2889 2164 2929 dandis,
2182 2890 2332 2930 faciendis,
2350 2892 2383 2922 ὃς

1324 2939 1379 2961 reci
1402 2940 1447 2959 ien
1469 2940 1489 2960 is

1363 2940 1604 3007 (itibusciimque
1620 2967 1707 2998 Locis
1720 2968 1753 2999 &
1769 2966 1966 3004 Temporibus
1980 2967 2142 3005 oportunis,
2160 2977 2228 2998 cum
2242 2967 2312 2998 dicio
2322 2971 2385 2998 Du·-

1323 3019 1350 3037 ce
1365 3029 1374 3045 ,
1398 3007 1443 3037 seu
1462 3007 1520 3046 ejus
1542 3005 1710 3037 sufficienter
1730 3005 1778 3035 De
1800 3006 1879 3036 utatis
1900 3005 1946 3036 vel
1966 3004 2016 3034 De
2038 3005 2145 3036 utandis
2166 3006 2196 3036 in
2221 3006 2273 3037 hac
2294 3016 2384 3045 parte,

1325 3043 1524 3076 Couveniendi
1540 3068 1550 3084 ,
1575 3043 1747 3083 Trafflndi,
1766 3016 1989 3081 gomponendi,
2013 3014 2194 3082 fiaciscendn
2215 3046 2248 3076 &
2267 3045 2382 3076 Transi·-

1324 3084 1423 3123 gendi,
1448 3085 1480 3114 ὃ(
1495 3083 1608 3114 finaliter
1624 3082 1849 3122 Concordandi,

1361 3122 1510 3161 Necnon,
1529 3123 1547 3153 fi
1567 3122 1676 3153 necesse
1694 3122 1792 3159 fuerit,
1810 3131 1897 3152 novas
1911 3120 2056 3160 Treugas,
2075 3120 2253 3152 Tolerantias
2275 3123 2308 3153 ὃς
2323 3121 2383 3152 Ab·

1325 3160 1484 3200 stinentias‚
1501 3161 1658 3200 generales,
1676 3159 1693 3190 s
1707 3160 1818 3198 eciales,
1835 3160 1880 3191 seu
1896 3160 2092 3197 particulares,
2110 3168 2168 3190 tam
2183 3170 2233 3198 per
2248 3160 2384 3198 Terram,

1326 3199 1461 3238 Aquam,
1480 3201 1513 3231 &
1529 3199 1629 3237 Mare,
1649 3200 1676 3228 in
1689 3199 1773 3237 imul,
1800 3199 1846 3230 vel
1866 3198 2026 3238 separatim,
2047 3198 2210 3228 melioribus
2234 3199 2301 3237 viis,
2320 3208 2386 3228 mo-

1324 3239 1378 3276 do,
1396 3240 1429 3271 &
1442 3240 1536 3270 forma
1552 3239 1653 3276 quibus
1669 3237 1728 3267 fieri
1742 3237 1844 3275 possit,
1862 3237 1968 3268 tamdiu
1984 3238 2017 3268 &
2031 3245 2109 3267 tanto
2121 3245 2183 3266 tcrn
2225 3247 2253 3267 re
2268 3237 2384 3267 duratu-

1325 3287 1367 3307 ras
1382 3278 1454 3309 inter
1469 3279 1529 3306 Nos
1545 3278 1578 3308 &
1601 3276 1739 3317 Regnum
1759 3275 1891 3306 nostrum
1913 3275 2172 3344 praedic‘ium,({rae
2188 3282 2265 3304 atum
2284 3277 2388 3305 Ducem

1326 3316 1359 3347 &
1383 3318 1482 3346 Partes
1504 3315 1642 3345 Flandriae
1657 3337 1667 3353 ,
1692 3314 1847 3345 secundum
1867 3314 1943 3354 quod
1966 3313 2087 3351 praefatis
2134 3313 2313 3344 ommiffariis
2333 3324 2387 3344 no-

1325 3354 1403 3393 stris,
1423 3356 1580 3394 Qiinque,
1600 3354 1747 3392 Qatuor,
1765 3353 1872 3383 Tribus
1888 3353 1935 3383 vel
1949 3352 2072 3382 Duobus
2087 3361 2205 3391 eorum,
2222 3353 2343 3390 placebit
2359 3354 2387 3381 in

1327 3403 1480 3432 eventurn,
1499 3403 1567 3424 cum
1584 3393 1654 3422 dicio
1669 3396 1767 3430 Duce,
1785 3392 1842 3422 sive
1862 3391 1944 3428 ipsius
1957 3392 1987 3421 in
2001 3391 2054 3420 bac
2076 3398 2151 3427 parte
2173 3391 2322 3429 Deputatis
2341 3391 2387 3420 seu

1327 3431 1506 3470 Deputandis
1526 3429 1562 3462 ab
1580 3431 1701 3470 eodem,
1716 3430 1853 3467 ineundi,
1870 3429 2048 3467 Ordinandi,
2067 3428 2217 3468 Faciendi,
2237 3428 2388 3459 Perficien-

1326 3470 1378 3508 di,
1404 3470 1544 3511 Capiendi
1559 3494 1568 3508 ,
1593 3471 1627 3501 ὃς
1651 3469 1865 3507 Concedendi,
1888 3478 1957 3499 curn
1983 3467 2209 3507 quibuscumque
2236 3466 2388 3510 clausulis,

1328 3509 1567 3547 Condicionibus‚
1588 3507 1871 3545 Modilicationibus,
1887 3506 2102 3543 Additionibus,
2122 3505 2367 3538 Declaratiombus
2379 3527 2390 3542 ,

1329 3549 1362 3580 &
1379 3547 1608 3580 Circumstantiis
1621 3546 1790 3584 neceffiriis,
1811 3546 1940 3582 utilibus,
1957 3544 2002 3577 vel
2016 3547 2181 3582 oportunis,

1367 3588 1566 3619 promittimus
1580 3585 1681 3623 etiam,
1700 3584 1776 3615 bona
1789 3584 1844 3614 fide
1861 3584 1895 3614 &
1915 3584 2005 3614 verbo
2019 3585 2118 3622 regio,
2137 3583 2221 3620 Nos,
2239 3591 2292 3619 pro
2314 3578 2385 3625 No-

1329 3627 1389 3666 bis,
1414 3626 1602 3662 HaeredibuS,
1619 3622 1845 3660 Succefforibus,
1864 3623 1898 3652 &
1918 3621 2043 3652 Subditis
2063 3622 2180 3658 nostrls,
2197 3628 2336 3663 quantum
2354 3629 2385 3650 in

1329 3665 1429 3696 Nobis
1442 3665 1499 3703 est,
1518 3664 1646 3700 Ratum,
1662 3660 1801 3698 Gratum,
1820 3662 1853 3692 &
1873 3660 2023 3699 Firmum,
2060 3661 2177 3699 erpetuis
2196 3657 2389 3701 temporibus,

1328 3703 1471 3735 habituros
1485 3711 1577 3733 totum
1593 3703 1627 3733 ὃς
1641 3700 1777 3739 quicquid
1792 3709 1840 3738 per
1853 3699 2014 3737 hujusmodi
2063 3698 2250 3729 ommissarios
2263 3696 2309 3726 seu
2323 3695 2387 3726 De-

1328 3750 1438 3780 putatos
1452 3741 1562 3772 nostros
1577 3740 1733 3779 Quinque,
1752 3739 1897 3777 Qiatuor,
1918 3737 2006 3775 Tres,
2023 3737 2068 3767 vel
2083 3736 2166 3766 Duos
2177 3742 2298 3773 eorum,
2314 3743 2385 3765 cum

1327 3781 1397 3810 disto
1414 3783 1489 3810 Duce
1524 3780 1568 3811 seu
1581 3778 1663 3817 ipsius
1677 3777 1825 3814 Deputatis
1839 3777 1884 3807 seu
1892 3775 2064 3814 Deputandis
2077 3775 2112 3804 ab
2125 3773 2244 3811 eodem,
2264 3772 2385 3818 Adi-um,

1329 3818 1464 3856 Factum,
1482 3804 1668 3855 Crdiriatum,
1687 3815 1922 3852 Concordatum‚
1947 3814 1965 3833 ³¹¹
1980 3813 2022 3844 vel
2042 3812 2229 3855 Conventum
2247 3812 2332 3842 fuerit
2345 3821 2384 3855 'in
2403 3823 2424 3842 ο
2445 3823 2496 3852 Ix,

1329 3857 1480 3888 Praerniffis
1496 3881 1507 3896 ,
1530 3856 1577 3888 vel
1601 3857 1631 3886 in
1650 3856 1743 3895 aliquo
1765 3852 1995 3890 Praemifforum3
2013 3852 2046 3882 &
2068 3849 2244 3889 Exponimus
2268 3849 2385 3881 Cautio·
2408 3871 2468 3898 ¹43*

1330 3905 1465 3973 neEa'que
1475 3933 1575 3964 omnia
1586 3931 1619 3963 &
1632 3931 1750 3971 singula,
1768 3940 1817 3968 per
1834 3928 1942 3959 Literas
1956 3925 2080 3970 nostraS,
2097 3926 2131 3957 δε
2153 3927 2204 3970 (μὶ)
2218 3924 2331 3967 Magno
2346 3926 2393 3958 Si-

1331 3972 1404 4009 gillo
1418 3970 1535 4010 nostre,
1552 3970 1768 4002 Ratificabimus
1780 3970 1813 4001 &
1825 3965 2069 3997 Confirmabimus
2088 3964 2343 4004 quouenscumque
2355 3965 2391 3996 ad

1332 4011 1391 4041 hoc
1405 4010 1540 4040 fuerimus
1553 4009 1683 4048 requisiti.
1890 4042 1896 4048 ·
2313 4043 2319 4048 .

1369 4047 1404 4080 In
1418 4048 1496 4086 cujus
1509 4048 1551 4079 rei
1570 4047 1769 4079 testimonium
1788 4041 1968 4111 hasLLiteras
1985 4040 2094 4072 nostras
2113 4039 2244 4074 Parentes
2261 4042 2339 4079 fieri,
2355 4040 2389 4072 Sc

2292 4078 2394 4124 Magni
