2562 4274
9 3345 18 3517 ..aeaess-

804 235 913 276 ET
998 233 1255 275 ACTA

47 326 122 358 Ann.
136 323 177 354 D.
194 321 362 356 Edinburch
377 321 540 366 praedistae,
557 332 590 353 ac
604 320 804 352 Communitas
819 320 958 357 eiusdem,
976 319 1011 350 ad
1034 319 1144 350 Sonum
1164 318 1254 349 Cam-

76 372 161 403 1423.

46 408 109 432 Heu.
132 412 161 437 5.

67 3223 197 3260 ‘X.307.

195 373 288 402 panae,
306 372 335 392 ut
351 371 436 391 moris
451 360 509 399 est,
528 363 557 390 in
573 360 677 390 Domo
693 358 788 389 nostra
814 358 979 389 Communi
995 381 1003 396 ,
1027 359 1060 389 ad
1084 358 1253 395 infrascripta

192 402 341 440 specialiter
364 398 538 439 Congregati
551 422 561 437 ,
586 400 619 430 &
641 397 888 428 Communitateni
910 397 1015 427 nostrae
1045 396 1126 427 Villae
1148 397 1253 426 ibidem

194 441 337 476 facientes,

232 479 277 509 Ac
292 476 496 507 considerantes
523 475 630 513 praefati
650 474 774 505 Domini
800 473 900 512 Jacobi
929 477 1006 512 Regis
1027 474 1254 510 Liberationetm

195 527 254 548 non
275 516 366 546 solum
382 515 496 552 Nobis,
513 514 559 544 sed
576 515 627 544 toti
642 512 749 549 Regno
765 512 886 550 Scotiae,
905 522 956 552 pro
972 512 1053 550 ipsius
1069 513 1148 542 bono
1165 511 1252 550 Regi-

197 556 292 592 mine,
307 552 580 590 desideratissimam,
599 552 632 581 &
655 551 735 590 ipsius
748 551 919 589 adventum,
937 561 951 580 a
978 551 1070 581 multis
1088 550 1186 581 diebus
1206 558 1253 579 ex-

194 594 347 634 speuatum
357 615 367 630 ‚
382 591 525 622 Nobis&
540 591 592 620 toti
608 589 712 628 Regno
725 589 774 619 suo
788 591 849 620 fore
861 588 1119 628 Jocundiffimum,

235 632 280 662 Ac
294 639 437 669 propterea
450 629 574 659 volentes
589 628 721 664 praedieta
737 628 935 667 Appunettiata
951 629 983 659 ὃ(
999 626 1150 666 Conclusa,
1167 636 1254 664 quan-

195 679 259 702 tum
274 670 340 700 Nos
352 674 546 704 concernunt,
563 674 632 696 cum
646 666 750 696 effe&u
764 669 860 705 exequi
875 668 907 698 &
920 667 1104 706 perimplere,

233 709 282 739 De
298 704 544 746 praefati-Domini
556 704 658 741 Jacobi
672 708 748 742 Regis
759 707 892 736 consensu
908 708 940 736 &3
957 706 1111 742 voluntate,
1129 703 1254 740 scienter,

196 748 313 788 sponte,
330 746 364 776 &
379 745 410 774 in
423 743 536 774 veritate
551 743 701 781 Dicimus,
720 744 867 783 Fatemur,
893 754 944 782 ac,
966 743 1101 773 Nomine
1122 741 1254 772 nostrum

197 786 329 819 omnium
345 784 378 814 &
395 782 569 819 singulorum
584 782 618 811 ὃς
640 781 828 813 Comunitatis
845 782 949 813 nostiae
971 781 1116 819 praedidiae
1131 804 1141 818 ,
1158 781 1256 811 Reco-

198 824 359 864 gnoscimus
374 820 410 859 fi,
428 820 555 858 praefatus
576 819 721 850 Dominus
741 820 863 858 Jacobus
881 823 941 850 Rex
956 820 1100 858 praedictis
1119 819 1205 849 Loco
1219 820 1253 850 &

192 861 337 895 Terminis
353 859 398 889 seu
413 859 555 889 Termino
570 860 760 898 appunctuatis
772 860 816 889 seu
831 859 1022 898 appuncstuato
1037 881 1046 896 ‚
1064 868 1122 888 non
1143 857 1256 887 solverit

192 903 228 932 &
243 910 302 930 non
317 897 518 934 observaverit,
538 905 567 927 ut
583 897 751 934 praedidtum
767 897 823 934 est,
851 898 920 927 Nos
943 898 975 927 ὅτ.
999 896 1177 927 Succeffores
1199 905 1252 925 no-

195 940 265 971 stros
280 937 430 973 Obligatos
445 935 560 973 praefato
574 937 690 965 Henrico
708 938 772 972 Regi
785 935 914 973 Angliae,
933 936 966 965 ὃς
982 934 1062 972 ipsius
1074 934 1257 971 Haeredibus,

195 981 229 1011 &
244 975 473 1012 Successoribus,
491 975 519 1003 in
534 974 748 1012 Quinquaginta
762 973 880 1004 Milibus
904 973 1086 1011 Marcarum,
1112 974 1197 1003 bonae
1223 972 1257 1002 &

195 1017 288 1055 legalis
305 1013 436 1045 Monetae
450 1011 570 1050 Angliae,

232 1056 333 1094 Qam
344 1051 461 1091 quidem
475 1049 624 1080 Summam
639 1049 851 1089 Qinquaginta
864 1049 982 1081 Milium
998 1049 1163 1081 Marcarum
1176 1072 1185 1086 ,
1203 1047 1256 1078 Vi-

194 1105 230 1126 ce
243 1102 277 1124 ac
293 1090 470 1121 Nominibus
482 1086 613 1118 nostrum
629 1089 763 1118 omnium
780 1092 812 1120 ὃ(
835 1089 1009 1128 singulorum
1027 1099 1060 1120 ac
1084 1088 1256 1118 Comunita-

193 1135 227 1164 tis
240 1130 361 1166 nostrae,
380 1138 432 1167 pro
446 1127 544 1157 Nobis
557 1127 590 1157 &
614 1125 824 1158 Succefforibus
845 1128 944 1158 nostris
958 1150 967 1165 ,
992 1127 1204 1163 promittimus,
1223 1126 1255 1156 δε

193 1168 377 1208 unusquisque
391 1165 519 1197 nostrum
536 1165 720 1203 principaliter
733 1176 786 1203 pro
801 1166 837 1196 Se
851 1167 885 1197 &
912 1166 1036 1196 Haerede
1056 1166 1115 1196 Suo
1139 1166 1168 1194 in
1192 1164 1257 1194 soli-

194 1210 266 1240 dum
282 1206 444 1242 Promittit,
462 1205 490 1234 iti
507 1203 570 1234 casu
585 1213 643 1233 non
658 1204 811 1234 Solutionis
827 1206 859 1235 &
876 1215 934 1235 non
950 1204 1163 1235 Observationis
1185 1212 1257 1240 prte-

193 1248 350 1282 didtarum,
368 1243 474 1276 solvere
488 1242 567 1273 dieto
579 1244 698 1271 Henrico
715 1246 780 1280 Regi
796 1242 918 1281 Angliae,
939 1244 972 1274 δε
989 1243 1069 1281 ipfius
1085 1242 1257 1272 Haeredibus

195 1287 228 1318 ὃ(
241 1282 470 1318 Succeisoribus,
488 1280 603 1319 ipsiusve
619 1290 665 1311 aut
679 1291 781 1311 eorum
797 1291 876 1312 certo
892 1281 1186 1321 Nuncio,praesentes
1196 1279 1257 1309 Lit-

195 1333 265 1356 teras
278 1324 321 1353 seu
335 1330 430 1353 earum
444 1329 541 1350 verum
553 1319 775 1357 Transumptum
788 1320 922 1350 deferenti
935 1321 978 1350 vel
999 1320 1128 1357 habenti,
1148 1320 1176 1348 in
1200 1317 1258 1348 Ec-

195 1362 279 1394 clesia
292 1360 389 1391 Sanffi
403 1358 484 1389 Pauli
499 1357 675 1395 Londoniae‚
691 1359 719 1388 in
732 1358 855 1397 Anglia,
873 1359 944 1388 inl-‘ra
959 1358 1109 1395 Mensem,
1127 1357 1259 1394 Compu-

197 1400 316 1432 tandum
333 1398 511 1436 aTempore
526 1396 582 1426 five
610 1395 754 1426 Termino
780 1406 838 1435 quo
862 1397 962 1427 Primo
985 1396 1114 1434 praefatus
1137 1395 1259 1434 Jacobus

194 1443 253 1470 Rex
266 1440 295 1468 in
308 1436 461 1473 solvendo,
479 1444 578 1465 contra
591 1433 909 1473 Appuncstuamentum,
928 1438 956 1466 in
980 1445 1010 1465 ea
1032 1444 1107 1472 parte
1127 1434 1255 1464 habitum

195 1480 229 1510 &
242 1476 363 1514 superius
376 1476 539 1510 recitatum,
557 1473 707 1511 defecerit,
725 1473 829 1512 absque
842 1474 976 1504 dilatione
991 1473 1129 1510 ulteriori,

234 1516 375 1547 Volumus
386 1513 494 1549 insuper
509 1514 542 1542 ὅ(
559 1510 769 1548 Concedimus,
789 1522 836 1550 per
852 1512 1020 1550 praesentes,
1038 1522 1091 1552 pro
1108 1510 1142 1540 N
1145 1509 1259 1548 obis,&

195 1553 408 1586 Successoribus
423 1550 539 1588 nostris,
556 1558 585 1580 ut
601 1549 656 1589 ipse
669 1552 802 1579 Henricus
821 1554 881 1580 Rex
897 1550 1027 1588 Angliae,
1053 1549 1169 1587 ipsiusve
1191 1549 1261 1577 Hie-

196 1604 256 1631 res,
273 1601 319 1623 aut
333 1591 423 1629 quivis
446 1587 595 1619 Successor
610 1610 620 1625 2
644 1588 744 1627 possit,
771 1589 835 1618 Fori
861 1588 964 1619 Privile
985 1590 1013 1619 io
1039 1598 1098 1618 non
1115 1586 1261 1623 obstante,

195 1631 281 1669 Nos,
299 1631 332 1661 ὃς
347 1626 526 1660 Succeffores
540 1627 666 1663 nostros,
686 1627 719 1656 &
734 1628 891 1664 quemlibet
917 1637 955 1657 no
983 1626 1047 1656 rum
1072 1627 1100 1655 in
1122 1625 1260 1662 solidum,

197 1671 230 1701 &
244 1678 331 1708 quem
346 1669 442 1706 primo
457 1665 594 1701 voluerit,
614 1665 677 1694 vice
691 1665 724 1695 &
738 1666 855 1694 nomine
871 1664 1063 1697 Comunitatis
1076 1663 1181 1695 nostrae
1201 1685 1210 1700 ‚
1227 1664 1261 1694 &

196 1708 283 1748 ipsam
304 1706 517 1737 Comunitatem
532 1703 639 1740 ubique
652 1703 782 1732 locorum
798 1704 831 1734 &
845 1712 980 1734 terrarum
996 1726 1005 1741 ,
1032 1704 1061 1733 in
1082 1703 1166 1733 omni
1187 1701 1262 1732 Foro

197 1749 231 1778 ὅ(
245 1747 293 1777 sub
306 1751 480 1783 quoeunque
490 1740 610 1778 Judice,
634 1741 689 1771 tam
713 1740 910 1772 Ecclesiastico
925 1765 934 1780 ,
963 1743 1047 1780 quam
1068 1741 1211 1777 Seculari,
1230 1740 1263 1770 δε

197 1786 280 1816 omni
293 1783 397 1820 Curis,
415 1781 449 1811 ad
473 1780 650 1810 Solutionem
673 1780 800 1809 Summae
820 1780 964 1818 praedietae
977 1804 987 1819 ,
1012 1781 1042 1809 iri
1063 1779 1144 1809 Parte
1164 1779 1210 1808 vel
1234 1778 1264 1807 in

196 1821 299 1861 Toto,
317 1821 487 1855 convenire,
506 1827 565 1848 non
579 1816 710 1847 obstante
722 1818 767 1848 vel
781 1819 976 1856 praejudicante
990 1819 1039 1848 fibi
1055 1826 1103 1856 ut,
1115 1818 1133 1847 fi
1149 1817 1263 1847 Partem

199 1862 300 1893 Debiti
313 1862 341 1890 in
353 1859 466 1897 Judicio
482 1857 526 1886 vel
542 1864 615 1887 extra
625 1857 748 1895 exegerit
763 1857 806 1887 vel
820 1859 955 1896 receperit
964 1858 998 1887 ab
1012 1857 1107 1894 aliquo
1116 1854 1259 1892 nostrum,

198 1911 259 1931 non
272 1900 340 1929 ideo
356 1897 448 1926 minus
462 1894 545 1932 poffit
557 1894 650 1933 ipsum
662 1895 785 1924 eundem
799 1897 844 1925 vel
858 1898 941 1926 etiam
958 1895 1096 1934 Reliquos
1119 1893 1262 1932 nostrum,

197 1941 232 1971 &
248 1946 334 1977 quem
350 1933 480 1965 nostrum
495 1932 639 1975 maluerit²
655 1934 688 1962 ad
702 1931 861 1965 Residuurn
877 1934 1006 1965 Summae
1020 1934 1064 1965 vel
1085 1933 1187 1964 Debiti
1208 1933 1259 1962 hu-

195 1975 323 2018 jusmodi*
334 1972 519 2012 principaliter
533 1972 566 2002 &
580 1973 609 2001 in
622 1971 741 2000 solidum
756 1974 922 2011 convenire,

238 2015 441 2045 Promittentes
462 2010 530 2040 Nos
553 2020 612 2051 non
632 2011 753 2047 probare
775 2011 955 2042 Solutionem
978 2019 1024 2041 aut
1048 2010 1262 2041 Liberationern

197 2052 355 2086 hu'usmodi
371 2050 472 2080 Debiti
485 2050 547 2078 fore
562 2048 684 2086 saetam,
710 2049 759 2079 nisi
782 2060 831 2087 per
854 2050 999 2088 praesentes
1023 2049 1143 2079 Litteras
1164 2048 1265 2078 Incisas

197 2064 246 2124 vei
259 2088 449 2125 Cancellatas,
465 2096 511 2117 aut
525 2087 751 2124 Aequietantiam
760 2109 771 2125 ‚
788 2088 838 2118 sub
855 2088 969 2128 Magno
985 2088 1083 2126 Sigillo
1102 2087 1187 2127 Regis
1202 2086 1264 2116 An-

198 2131 263 2171 gliae
277 2131 305 2160 in
318 2129 371 2158 hac
386 2135 463 2166 parte
475 2124 705 2162 conficiendam,

236 2169 296 2199 Pro
309 2167 457 2198 Solutione
470 2166 540 2194 vero
555 2163 728 2202 supradieffi,
743 2166 906 2204 caeteriffiue
925 2164 1076 2195 Praemiffis
1093 2163 1210 2194 fideliter
1229 2172 1263 2194 ac

198 2207 319 2238 firmiter
336 2203 548 2242 perimplendis,
566 2202 732 2240 Obligamus
746 2203 831 2242 Nos,
851 2206 884 2236 ὃς
900 2203 1030 2234 nostrum
1047 2203 1199 2242 quemlibet
1215 2211 1264 2239 per

199 2246 238 2277 Se
253 2244 438 2284 principaliter
452 2243 486 2272 ὅ(
504 2242 533 2271 in
549 2240 682 2278 solidum,
703 2241 837 2273 Nomine
852 2244 885 2275 &
902 2243 977 2273 Vice
991 2242 1096 2272 nostrae
1119 2240 1266 2271 Commu-

199 2284 291 2315 nitatis
307 2281 468 2321 praedi&ae,
485 2280 518 2311 &
534 2279 619 2318 ipsam
635 2278 905 2321 Communitatem,
923 2291 956 2312 ac
970 2281 1066 2311 omnia
1082 2280 1159 2311 Bona
1172 2278 1267 2309 nostra

201 2322 314 2363 propria
334 2322 366 2352 &
381 2318 602 2350 Communitatis
616 2317 719 2348 nostrae
737 2320 887 2351 antedics'tae
907 2344 917 2360 ,
935 2319 1079 2359 praesentia
1101 2319 1134 2350 ὅτ.
1158 2317 1268 2356 futura,

205 2362 370 2397 ubicunque
384 2359 515 2389 locorum
527 2358 561 2388 &
578 2365 714 2387 terrarum
728 2358 850 2397 inventa,

243 2397 454 2429 Renunciantes
468 2395 638 2434 Exceptioni
653 2394 708 2425 Rei
724 2406 782 2426 non
796 2398 832 2428 fic
847 2397 951 2437 gestae,
966 2396 1106 2428 beneficio
1123 2394 1269 2431 Laesionis,

203 2436 421 2473 Restitutionis,
439 2435 471 2466 &
485 2433 851 2503 Circumventionis,¹{uris
870 2435 1011 2467 Canonici
1026 2436 1059 2466 &
1075 2433 1176 2465 Civilis
1190 2434 1268 2464 auxi-

204 2476 263 2515 lio,
280 2476 363 2506 omni
379 2475 506 2511 Statuto,
522 2472 729 2504 Consuetudini
742 2497 752 2512 ,
797 2475 942 2514 rivilegio,
966 2475 999 2506 ὃς
1019 2472 1198 2541 omniVIuri,
1219 2481 1268 2510 per

204 2514 285 2554 quod
303 2513 435 2551 generalis
450 2512 638 2542 Renunciatio
653 2511 833 2551 Reprobatur
849 2515 894 2544 vel
908 2514 1017 2544 dicatur
1031 2523 1090 2542 non
1133 2512 1214 2548 alere,
1235 2520 1268 2540 ac

202 2554 339 2585 omnibus
353 2552 410 2582 aliis
425 2550 692 2593 Exonerationibus,
710 2550 929 2590 Allegationibus
942 2574 952 2590 ,
971 2552 1003 2582 &
1028 2550 1269 2587 Defensionibus,

204 2602 271 2631 quae
287 2591 399 2629 possent
417 2598 516 2620 contra
532 2595 676 2627 praelentes
690 2589 808 2621 Litteras
823 2591 867 2622 vel
882 2590 1026 2621 Contenta
1043 2591 1071 2620 in
1086 2589 1188 2619 eisdem
1205 2588 1269 2617 obi-

206 2632 236 2663 ci
249 2631 294 2660 vel
307 2640 326 2660 o
368 2629 426 2659 oni.

243 2668 276 2699 In
290 2640 415 2707 qugfrjum
429 2666 563 2696 omnium
580 2664 798 2698 Testimonium
815 2667 945 2707 Sigillum
958 2665 1088 2697 nostrum
1102 2663 1271 2696 Commune

206 2707 393 2776 Prsssentgus
406 2704 447 2735 est
462 2703 626 2744 appensum.

277 2754 313 2776 at.
368 2755 394 2775 c.

243 2820 361 2853 Nove
372 2828 481 2850 RINT
493 2820 628 2859 universi,
646 2829 697 2858 per
706 2820 871 2861 Praesentes,
889 2820 968 2859 quod
986 2823 1028 2850 A.
1044 2819 1079 2850 de
1096 2820 1132 2849 B.
1152 2817 1270 2850 &01²5-

211 2860 281 2898 lius,
299 2869 332 2889 ac
351 2858 420 2897 Jure
439 2858 618 2888 Successorio
639 2862 672 2889 &
696 2859 911 2890 Consuetudine
932 2859 1026 2897 Regni
1047 2859 1153 2888 Scotiae
1174 2857 1274 2888 Haeres

210 2900 267 2930 mei
281 2899 323 2927 N.
341 2899 378 2928 de
396 2898 436 2926 N.
457 2896 570 2933 Militis,
584 2898 644 2927 &c.
663 2898 780 2935 unicus,
793 2898 828 2928 de
850 2898 996 2929 Consensu
1018 2898 1051 2927 &
1073 2897 1218 2927 voluntate
1243 2898 1273 2926 in

211 2939 250 2968 eis
264 2935 407 2974 expressis,
425 2935 532 2965 accedit
549 2935 577 2963 in
594 2934 728 2972 Regnum
746 2937 868 2975 Angliae,
885 2938 918 2967 ad
935 2935 1152 2966 Remanendum
1168 2934 1274 2965 ibidem

212 2976 319 3012 obses,
337 2975 392 3005 una
408 2983 478 3004 cum
493 2973 566 3010 aliis,
584 2982 636 3012 pro
649 2972 804 3004 Securitate
823 2974 1034 3004 Observationis
1048 2973 1268 3003 Nonnullorum

209 3014 425 3050 Articulorum,
443 3021 531 3049 nuper
545 3012 798 3049 appunc‘tuatorum
816 3022 868 3049 pro
884 3012 1083 3050 Liberatione,
1107 3010 1276 3043 Sereniffimi

207 3052 363 3090 Principis,
382 3051 504 3081 Domini
518 3049 635 3088 Jacobi,
654 3053 788 3080 Scotorum
805 3053 882 3088 Regis
893 3074 902 3088 ,

250 3091 349 3128 Quem
364 3089 478 3128 quidem
492 3093 534 3117 A.
551 3088 586 3117 de
601 3091 634 3116 B.
654 3088 758 3118 Filium
773 3089 805 3119 δε
820 3087 976 3119 Haeredem
1000 3097 1097 3118 meum
1119 3087 1224 3118 faciam
1242 3087 1276 3118 δε

210 3128 390 3167 procurabo,
410 3136 545 3165 quantum
560 3126 651 3157 michi
665 3126 794 3164 possibile
810 3128 917 3165 existit,
936 3126 1048 3156 fidelem
1070 3126 1107 3156 fic
1128 3126 1276 3163 obsidem,

210 3168 296 3207 usque
309 3166 343 3196 ad
357 3165 436 3195 finale
452 3164 711 3202 Complementum
721 3167 753 3196 &
770 3166 972 3196 Executionem
988 3164 1120 3194 omnium
1134 3164 1278 3202 hujusmo-

213 3206 242 3236 di
259 3204 592 3244 Appunstuamentorum
609 3204 704 3239 (salvo
718 3204 768 3234 fibi
782 3204 801 3225 ²*
819 3204 962 3236 Beneficio
975 3203 1231 3234 Transmutationis
1247 3203 1276 3233 in

210 3244 306 3276 form&
320 3240 512 3278 concordata)
534 3240 702 3271 Remanere.

251 3282 307 3320 Et,
326 3282 345 3311 si
358 3282 502 3317 contingat
519 3280 668 3316 praefaturn
681 3283 723 3309 A.
741 3279 776 3311 de
790 3284 824 3310 Β.
845 3281 947 3311 Filium
962 3281 995 3312 &
1010 3280 1165 3311 Haeredem
1181 3289 1278 3310 meum

213 3320 381 3360 praedictum
393 3342 401 3356 ,
420 3327 519 3348 contra
531 3318 651 3346 formam
706 3318 972 3355 Appunetuatorum
987 3318 1163 3357 hujusmodi,
1184 3317 1280 3348 Rece-

214 3360 297 3397 dere,
314 3367 360 3388 aut
379 3358 403 3388 se
418 3356 587 3387 Subtrahere
603 3354 696 3394 (quod
713 3356 801 3394 absit)
821 3358 926 3396 ipsum,
945 3357 1016 3388 infra
1032 3356 1163 3387 Mensem
1174 3379 1183 3393 ,
1201 3367 1215 3386 a
1231 3357 1276 3386 die

214 3408 273 3437 quo
291 3397 377 3426 michi
393 3397 487 3433 primo
502 3395 538 3424 de
552 3393 673 3425 Recessu
695 3402 743 3424 aut
763 3394 960 3426 Subtrafftione
982 3395 1140 3433 hujusmodi
1162 3405 1279 3433 quoquo

215 3435 307 3467 modo
323 3434 489 3469 innotuerit,
507 3433 536 3462 in
549 3431 722 3462 Potestatem
738 3432 770 3462 ὃ(
784 3433 954 3463 Custodiam
973 3456 982 3471 ,
1008 3433 1176 3464 Sereniffimi
1196 3433 1277 3463 Prin-

216 3476 304 3516 cipis,
322 3475 432 3502 Henrici
447 3474 523 3508 Regis
538 3470 650 3508 Angliae
662 3493 671 3508 ,
690 3470 804 3510 iptiusve
818 3472 994 3510 Haeredurn,
1010 3472 1044 3502 δε
1063 3472 1274 3510 Succefforum,

216 3523 264 3545 aut
277 3513 390 3543 suorum
408 3511 633 3548 Deputatoruni,
651 3517 735 3548 prout
749 3510 823 3548 prius
839 3510 943 3547 fuerat,
961 3510 1110 3540 Reducam
1127 3511 1159 3540 &t
1182 3510 1279 3541 Resti-

218 3561 317 3589 tuam,
337 3559 400 3587 aut,
416 3550 487 3579 insta
499 3548 622 3578 eundem
642 3546 775 3589 Mensem
793 3571 801 3585 ,
826 3549 855 3578 in
878 3549 1023 3588 praedistas
1045 3547 1218 3579 Potestatem
1245 3550 1279 3580 &

220 3588 392 3621 Custodiam
407 3599 453 3618 me
469 3586 607 3616 Obsidem
617 3608 628 3624 ,
644 3587 724 3625 ipims
740 3586 826 3625 loco,
843 3587 1011 3625 Reponam,

256 3628 430 3659 Promittens
443 3626 574 3662 firmiter,
592 3625 621 3654 in
635 3625 750 3655 veritate
768 3626 802 3656 δε
824 3635 857 3655 ex
878 3625 955 3656 boni
975 3625 1047 3663 fide,
1072 3623 1152 3662 quod
1171 3624 1280 3656 dictum

219 3666 324 3697 Filium
340 3674 449 3703 meum,
467 3665 504 3694 fic
521 3662 659 3693 Obfidem
674 3661 902 3701 Remanentem,
919 3663 994 3694 nulls
1010 3673 1043 3694 ex
1066 3663 1165 3700 causfi,
1182 3665 1210 3693 in
1235 3672 1280 3694 to-

218 3713 267 3742 ιο,
287 3705 332 3735 vel
343 3707 372 3735 in
396 3713 472 3743 parte
486 3726 495 3741 ,
520 3701 705 3732 Exhaeredem
727 3701 827 3731 faciam
850 3714 859 3739 3
885 3702 928 3733 sed
947 3703 1040 3733 eidem
1067 3702 1279 3732 Succeiiionem

219 3743 297 3773 suam
313 3743 492 3780 illaesam,'&
505 3740 654 3778 illibatam,
668 3749 751 3777 atque
767 3742 919 3779 integram,
938 3741 1022 3779 usque
1034 3740 1067 3770 ad
1093 3740 1174 3777 ipsius
1191 3740 1278 3771 Libe-

220 3782 357 3850 gggpem
367 3781 494 3849 bignalem
517 3779 648 3810 inclusive
664 3801 673 3817 ,
695 3779 853 3810 secundum
883 3779 1003 3810 modum
1023 3779 1280 3817 AppunCtuatum,

301 3829 367 3849 erva
410 3842 415 3847 .

255 3858 302 3888 Ad
318 3867 381 3894 quae
396 3858 494 3887 omnia
506 3857 540 3888 &
556 3856 661 3895 fingula
673 3855 789 3886 fideliter
802 3856 835 3886 ὃς
858 3855 976 3887 firmiter
997 3855 1189 3896 perimplenda
1215 3855 1281 3886 Ob-

219 3896 278 3935 ligo
295 3895 369 3932 Me,
387 3894 537 3934 Haeredes,
556 3896 590 3927 &
615 3895 784 3925 Executores
809 3904 902 3933 meos,
925 3905 958 3925 ac
977 3895 1076 3924 omnia
1098 3894 1175 3925 Bona
1199 3904 1279 3933 mea,

219 3934 335 3964 mobilia
352 3935 385 3965 &
399 3934 574 3972 immobilia,
589 3934 728 3972 przel'entia
744 3934 778 3964 ὃς
796 3932 904 3971 sutura,
921 3933 1068 3963 Subiciens
1080 3932 1150 3970 Me,
1175 3932 1278 3964 Haere-

216 3972 281 4009 des,
299 3973 332 4002 ὃ(
347 3972 515 4002 Executores
528 3981 622 4010 meos,
638 3983 669 4002 ac
686 3972 761 4001 Bona
790 3981 851 4001 mea
874 3971 1008 4009 praediita
1023 3995 1032 4008 ,
1048 3972 1076 4001 in
1101 3971 1156 4001 hac
1182 3981 1258 4011 parte
1268 3995 1278 4010 ,

218 4009 388 4078 Cohertioni
398 4011 431 4040 ὃ(
443 4009 630 4048 jurisdictioni
644 4011 831 4050 cujuscunque
843 4009 951 4049 Judicis
963 4008 1153 4040 Ecclefiastici
1168 4010 1211 4040 vel
1226 4010 1277 4041 Se-

218 4059 254 4081 cu
266 4058 330 4085 aris,

250 4084 446 4157 ῧιὲιξυὶἕζεεΚεί
458 4084 674 4118 Testimonium
689 4087 818 4128 Sigillum
832 4095 929 4119 meum
944 4085 1130 4118 Praesentibus
1151 4085 1272 4126 apposui.

1338 233 1804 277 PUBLICA.

2273 251 2347 279 101

1330 318 1467 357 Jacobus,
1489 319 1546 350 Dei
1560 320 1663 359 gratia,
1681 324 1816 350 Scotorum
1833 323 1911 359 Rex,
1938 318 2102 359 Omnibus,
2128 318 2163 351 ad
2185 330 2256 360 quos
2278 332 2351 360 prae-
2374 320 2497 351 Ann.D.

1292 356 1377 387 sentes
1394 359 1509 387 Litterae
1524 360 1723 396 pervenerint,
1742 359 1877 396 Salutem,

2390 367 2474 397 1423.

1330 396 1426 426 Sciatis
1439 397 1518 434 quod
1536 396 1616 435 Nos,
1634 397 1756 435 Jacobus
1778 400 1837 427 Rex
1856 401 1990 427 Scotorum
2011 397 2177 434 praedictus,
2202 396 2352 427 Tenemur
2372 403 2431 426 Heri.
2453 406 2482 433 ς.

1293 435 1326 465 &
1344 434 1458 464 firmiter
1474 434 1600 473 Obligati
1613 435 1722 472 sumus,
1741 436 1922 466 Sereniffiino
1935 435 2057 472 Principi
2068 438 2198 472 ,Henrico
2214 438 2352 474 RegiAn-

1288 472 1352 508 gliae
1368 474 1396 502 in
1413 473 1604 511 Quadraginta
1621 473 1737 504 Milibus
1754 474 1921 512 Librarum,
1941 473 2046 512 Legalis
2068 473 2198 504 Monetae
2223 474 2353 511 Αηρῑῐκ,

1291 511 1431 540 solvendis
1447 512 1538 541 eidem
1556 511 1687 541 Domino
1701 515 1817 541 Henrico
1828 513 2047 550 Regi,ipsiusque
2060 511 2225 542 Haeredibus
2240 513 2272 543 &
2282 513 2353 542 :iuc-

1292 548 1461 586 cessoribus,
1478 550 1568 588 ejusve
1583 559 1627 580 aut
1641 559 1741 579 eorum
1756 560 1835 580 certo
1852 550 1973 580 Nuncio
1985 551 2029 579 seu
2046 550 2191 589 Deputato
2206 573 2216 589 ,
2240 552 2268 580 in
2294 550 2352 581 Ec-

1292 588 1371 618 clelia
1386 588 1481 617 saneti
1499 588 1576 618 Pauli
1595 588 1774 626 Londoniae,
1790 591 1817 618 in
1834 588 1952 626 Anglia3
1970 588 2115 625 videlicet,

1331 625 1446 656 Decem
1462 625 1579 656 Milibus
1598 626 1761 656 Marcarum
1782 626 1850 656 infra
1871 628 1923 657 Sea<
1950 626 2079 663 Menses,
2103 626 2323 664 computandos
2337 636 2352 656 a

1291 663 1392 693 Primo
1407 663 1463 694 Die
1479 665 1561 702 primi
1576 663 1710 703 ingressus
1726 664 1812 694 nostri
1833 666 1859 694 in
1879 665 2010 703 Regnum
2027 665 2156 694 nostrum
2171 666 2286 701 Scotiae,
2307 664 2353 696 vel

1292 712 1306 731 a
1322 702 1422 732 Primo
1437 703 1495 733 Die
1509 713 1567 741 quo
1582 714 1631 741 per
1650 702 1716 733 Nos
1731 704 1834 734 steterit
1857 713 1915 741 quo
1937 704 2030 732 minus
2049 704 2239 740 ingrediamur
2261 703 2353 741 ipsum

1292 740 1427 770 Revnum
1441 741 1581 779 nostrum,

1331 764 1368 808 ἷξε
1382 779 1507 818 quolibet
1522 780 1626 818 Anno,
1642 788 1744 810 extunc
1766 778 1916 817 sequente,
1941 778 2100 816 incipiendo
2124 778 2240 810 Annum
2264 790 2278 810 a
2298 778 2353 809 fine

1294 817 1389 855 Anni,
1404 816 1596 855 Computandi
1610 828 1624 847 a
1640 820 1734 855 primo
1748 818 1794 846 die
1807 817 1938 855 ingressus
1953 817 2041 847 nostri
2058 817 2201 854 praedie‘ti,
2220 828 2265 848 aut
2286 826 2348 856 quo

1293 857 1445 894 poterimus
1459 856 1567 894 ingredi
1579 880 1587 894 ,
1603 858 1673 886 in'rra
1688 856 1741 886 Sex
1759 855 1884 893 Menses,
1901 866 1915 885 a
1937 855 2082 892 Principio
2105 855 2249 893 cujussibet
2274 856 2350 885 Anni

1294 893 1528 932 Computandos,
1546 896 1574 924 in
1590 894 1716 925 Ecclesia
1732 894 1824 924 Sancti
1841 894 1918 923 Pauli
1932 894 2075 933 praedifibi,
2096 893 2209 923 Decem
2229 893 2350 923 Milibus

1297 931 1479 969 Marcarum,
1503 935 1649 972 quousque
1666 933 1740 963 dicia
1761 932 1949 971 Qadraginta
1973 931 2056 961 Milia
2080 931 2229 961 Librarum
2250 932 2355 962 fuerint

1295 971 1415 1008 plenarie
1429 971 1460 1001 ὃ(
1476 972 1583 1010 integre
1599 971 1743 1010 persoluta,

1333 1009 1380 1039 Ad
1397 1020 1480 1047 quam
1498 1010 1611 1047 quidem
1631 1010 1808 1040 Solutionem
1825 1029 1834 1045 ‚
1854 1008 1937 1038 dietis
1957 1007 2067 1038 Diebus
2088 1007 2132 1038 seu
2154 1003 2300 1037 Terminis
2321 1007 2355 1037 ὃς

1298 1046 1400 1085 Loco,
1419 1049 1493 1077 bene
1508 1050 1540 1079 &
1557 1048 1688 1085 fideliter,
1708 1056 1738 1078 ut
1759 1047 1934 1086 praemittitur
1948 1068 1958 1084 ,
1984 1046 2159 1084 faciendam,
2186 1044 2356 1083 Obligamus

1296 1085 1381 1123 Nos,
1400 1096 1433 1116 ac
1445 1086 1597 1125 Haeredes,
1616 1088 1650 1118 &
1664 1086 1844 1117 Succeffmes
1855 1085 1980 1122 nostros,
1996 1084 2089 1123 Reges
2103 1085 2258 1114 Scotorum
2273 1083 2356 1121 quos-

1297 1133 1429 1163 cunque,
1445 1134 1477 1155 ac
1490 1127 1588 1155 omnia
1603 1125 1680 1156 Bona
1693 1125 1802 1159 nostra,
1820 1122 1942 1153 Mobilia
1959 1123 1991 1153 ὃς
2010 1122 2190 1160 Ininiobilia,
2215 1122 2357 1160 praesentia

1296 1163 1330 1192 &
1344 1163 1451 1200 futura,
1468 1164 1631 1202 ubicunque
1643 1163 1776 1194 locorum
1792 1163 1824 1193 &
1846 1170 1980 1192 terrarum
1998 1160 2138 1199 Reperta,

1333 1200 1475 1239 Nosque,
1493 1211 1526 1232 ac
1539 1202 1631 1233 dictos
1645 1201 1797 1237 Haeredes,
1815 1201 1847 1231 ὃ(
1864 1198 2042 1230 Successores
2055 1199 2165 1229 nostros
2188 1198 2360 1236 praedidios,

1297 1246 1380 1276 atque
1397 1239 1476 1270 Bona
1489 1240 1582 1270 nostra
1601 1240 1734 1278 praedit-”ta
1747 1263 1756 1276 ,
1786 1240 1815 1268 in
1837 1237 1892 1268 haic
1915 1246 1989 1275 parte
2009 1238 2209 1268 Submittimus
2225 1237 2358 1275 Juribus‚

1298 1277 1536 1315 Cohertionibus,
1555 1279 1684 1315 Ritibus,
1703 1279 1735 1308 ὃ(
1750 1276 2017 1315 Compulsionibus,
2034 1277 2162 1315 Statutis,
2181 1276 2213 1306 ὃς
2229 1275 2358 1306 Consue-

1296 1316 1456 1353 tudinibus,
1471 1326 1504 1346 ac
1519 1327 1600 1347 mero
1615 1316 1745 1346 Examini
1761 1315 1858 1345 Curiae
1874 1314 2005 1345 Camerae
2021 1315 2144 1345 Domini
2159 1313 2246 1344 nostri
2260 1314 2355 1351 Papae,

1295 1354 1407 1392 eiusque
1419 1355 1609 1392 Auditorum,
1628 1354 1860 1384 Viceauditorurn
1882 1377 1891 1391 ‚
1914 1362 2136 1393 caeterarumque
2154 1353 2269 1383 aliarum
2295 1351 2356 1382 Cu-

1298 1394 1418 1431 riarum,
1437 1394 1495 1423 tam
1513 1393 1786 1429 Ecclesiasticarum,
1805 1393 1888 1429 quam
1903 1392 2096 1429 Secularium,
2116 1391 2232 1422 ubilibet
2250 1390 2358 1422 consti-

1297 1439 1439 1470 tutarum,
1456 1433 1489 1463 &
1502 1432 1650 1469 cujussibet
1667 1431 1884 1468 earunidem,in
1898 1430 1954 1468 qui
1968 1430 2013 1460 seu
2027 1431 2126 1468 quibus
2142 1430 2287 1469 praesentes
2305 1438 2359 1459 no-

1298 1469 1361 1499 strce
1376 1470 1480 1501 Literae
1495 1470 1698 1509 Obligaroriae,
1716 1477 1762 1499 aut
1779 1478 1872 1498 earum
1889 1478 1990 1498 verum
2005 1469 2038 1499 &
2054 1469 2247 1500 auctenticum
2263 1467 2359 1498 Tran-

1297 1507 1454 1547 sumptum,
1471 1509 1581 1539 ostendi
1593 1509 1742 1547 contigerit
1756 1506 1802 1537 seu
1814 1506 1951 1544 produci,

1335 1547 1544 1578 Renunciantes
1558 1548 1648 1585 palam
1663 1548 1694 1578 ὃς
1710 1547 1832 1583 expresse
1846 1546 1929 1575 omni
1943 1545 1975 1575 &
1990 1544 2104 1575 cuilibet
2115 1545 2174 1583 Juri
2185 1567 2194 1583 ‚
2216 1546 2276 1576 tiam
2299 1543 2358 1574 Ca-

1298 1587 1407 1615 nonico
1423 1608 1432 1623 ,
1452 1587 1537 1625 quam
1563 1585 1650 1615 Civili
1665 1609 1673 1622 ,
1700 1584 1812 1614 Divino
1841 1585 1874 1613 &
1909 1583 2066 1621 Humano,
2092 1583 2204 1623 Scripto
2233 1583 2278 1613 vel
2298 1593 2360 1613 non

1300 1624 1430 1662 ScriptO,
1449 1624 1544 1655 Novo
1559 1626 1593 1656 ὃς
1610 1624 1719 1661 Veteri,
1738 1622 1870 1652 Generali
1885 1622 1918 1652 ὃς
1931 1621 2069 1660 Speciali,
2086 1621 2171 1652 Edito
2196 1622 2240 1651 vel
2264 1621 2358 1651 Eden-

1301 1662 1357 1698 do,
1376 1663 1555 1701 promulgato
1570 1663 1615 1693 vel
1632 1661 1843 1701 promulgando
1857 1684 1867 1699 ,
1894 1660 2006 1691 Statutis
2034 1661 2068 1691 ὃς
2101 1659 2362 1690 Consuetudinibus

1301 1701 1531 1740 quibuscunque,
1551 1700 1720 1739 Exceptioni
1736 1699 1809 1729 Doli
1824 1699 1890 1729 mali
1904 1700 1936 1729 &
1952 1697 2061 1735 metus,
2078 1709 2111 1728 ac
2135 1709 2195 1729 non
2216 1697 2362 1729 Numera-

1302 1747 1339 1768 ωε
1355 1739 1505 1778 Pecuniae,
1524 1741 1551 1769 in
1567 1740 1674 1770 saetum
1688 1738 1806 1770 ACtioni
1822 1760 1831 1775 ,
1853 1737 2021 1767 Conditioni
2043 1737 2181 1774 Indebiti,
2207 1738 2263 1767 fine
2284 1737 2363 1767 caula

1302 1777 1344 1808 vel
1357 1788 1389 1808 ex
1405 1777 1525 1816 Injusta,
1545 1778 1695 1817 Privilegio
1712 1777 1793 1813 Fori,
1818 1776 1959 1813 Feriisque
1984 1775 2119 1806 Meffium
2143 1777 2177 1807 &
2198 1773 2364 1805 Vindemia-

1301 1825 1365 1846 rum
1379 1840 1388 1855 ,
1408 1817 1508 1846 Literis
1522 1818 1554 1847 ὃ(
1583 1815 1732 1854 Rescriptis
1753 1814 1900 1851 Papalibus
1914 1836 1923 1852 ‚
1953 1816 2008 1852 jam
2031 1813 2168 1845 concessis
2190 1814 2235 1844 vel
2257 1814 2365 1844 inantea

1302 1854 1521 1892 Concedendis,
1540 1855 1697 1892 Impetratis
1713 1854 1755 1883 vel
1772 1852 1973 1890 Impetrandis,
1990 1853 2023 1882 δε
2047 1852 2209 1891 generaliter
2231 1852 2366 1881 omnibus

1299 1893 1356 1923 aliis
1371 1894 1404 1924 &
1417 1893 1526 1930 singulis
1536 1893 1667 1932 Juribus,
1686 1894 1719 1924 &
1732 1891 1894 1929 Beneficiis,
1912 1892 1944 1921 &
1960 1891 2180 1921 Defenfionibus
2193 1890 2365 1928 quibuscun-

1300 1941 1374 1970 que,
1392 1942 1441 1970 per
1458 1932 1535 1971 Quae
1552 1933 1597 1962 seu
1613 1933 1702 1971 Quod
1723 1938 1821 1961 contra
1837 1930 1983 1967 praesentes
1997 1930 2100 1959 nostras
2116 1929 2219 1960 Literas
2243 1927 2364 1967 Obliga-

1298 1971 1381 2001 torias
1394 1972 1489 2001 venire
1503 1970 1661 2009 possemus,
1676 1971 1721 2001 seu
1738 1969 1826 1999 modo
1839 1969 1933 2006 aliquo
1949 1967 2016 1998 Nos
2024 1969 2129 2006 juvare.

1302 2046 1326 2078 st
1339 2009 1373 2039 In
1388 2020 1509 2079 qugum
1521 2010 1656 2040 omnium
1678 2010 1712 2040 &
1734 2007 1907 2046 singulorum
1928 2007 2141 2038 Testimonium
2160 2005 2290 2045 Sigillum
2311 2014 2364 2035 no-

1327 2057 1409 2087 rum,
1461 2057 1487 2079 c.

1684 2123 1818 2154 Nomina
1837 2121 1988 2153 Obfidum.

1304 2203 1455 2273 MThomas
1473 2209 1563 2235 Comes
1585 2207 1725 2235 Moraviae
1749 2203 1938 2234 Reddituatus
1957 2203 1990 2234 &
2021 2200 2238 2233 Poffeffionatus
2260 2199 2295 2232 ad
2319 2199 2365 2231 M.

1305 2253 1509 2350 Malexander
1525 2285 1613 2311 Comes
1629 2280 1809 2320 Craufficrdiae
1827 2281 1872 2313 vel
1887 2279 1972 2310 Filius
1987 2280 2044 2317 ejus
2058 2279 2092 2310 ὃ(
2111 2278 2246 2310 Haeredes
2265 2278 2300 2309 ad
2320 2276 2368 2309 Μ.

1343 2330 1503 2388 ῗὶςίἶῖίρῖηιπς
1517 2362 1606 2387 Comes
1621 2359 1752 2399 Angufiae
1772 2358 1805 2389 ad
1818 2359 1846 2389 vi
1863 2357 1899 2387 C.
1920 2356 2014 2387 Marc.

1339 2397 1472 2427 Maletius
1487 2401 1576 2426 Comes
1592 2397 1625 2426 de
1637 2397 1799 2427 Stratherne
1817 2397 1851 2426 ad
1872 2395 1937 2426 vC.
1957 2395 2050 2425 Marc.

1306 2439 1465 2504 MGeorgius
1480 2439 1569 2466 Comes
1585 2436 1786 2474 Marchiarum,
1794 2435 1837 2466 vel
1844 2435 1866 2466 F
1868 2435 1927 2465 ilius
1941 2434 2000 2472 ejus
2008 2433 2220 2472 Primogenitus
2230 2431 2264 2463 ad
2273 2432 2321 2464 viii
2330 2430 2369 2463 C.

1342 2485 1445 2543 gito-id
1458 2512 1539 2542 Filius
1555 2513 1748 2550 Primogenitus
1759 2515 1870 2542 Comitis
1883 2510 2075 2549 Atholiae,vel
2087 2509 2171 2541 Filius
2186 2510 2243 2548 ejus
2259 2508 2372 2542 &Hae-

1306 2551 1504 2620 resldaellifgirgls
1512 2551 1735 2628 lgoiisclobularius
1750 2592 1844 2619 Scotiae
1858 2589 1903 2620 vel
1913 2588 1998 2619 Filius
2009 2590 2065 2626 ejus
2077 2588 2109 2619 &
2119 2585 2220 2618 Haeres
2233 2585 2267 2617 ad
2275 2587 2325 2618 viii
2334 2586 2373 2618 C.

1306 2627 1472 2697 Mgctsminus
1486 2666 1615 2698 Robertus
1634 2665 1664 2694 de
1682 2665 1791 2701 Erskyn
1802 2665 1836 2696 ad
1853 2665 1900 2695 M.
1921 2664 2015 2696 NIarc.

1346 2706 1476 2736 Robertus
1492 2703 1671 2743 Marescallus
1686 2707 1789 2743 Scotiae,
1802 2705 1847 2735 vel
1861 2705 1946 2734 Filius
1964 2704 2023 2741 ejus
2045 2704 2078 2734 &
2100 2701 2250 2733 Haeresiad
2270 2702 2319 2733 viii
2333 2700 2371 2732 C.

1310 2742 1487 2812 MffiHerW
1499 2785 1631 2813 Dominus
1642 2782 1674 2811 de
1689 2781 1844 2822 Dyrbtoun,
1852 2781 1897 2812 vel
1911 2780 1995 2811 Filius
2009 2781 2066 2818 ejus
2081 2780 2113 2811 &
2122 2779 2224 2810 Haeres
2236 2778 2270 2809 ad
2278 2779 2327 2809 viii
2335 2777 2376 2809 C,

1310 2820 1493 2907 *ffil‘oannes
1507 2863 1639 2891 Dominus
1651 2858 1683 2889 de
1701 2862 1801 2889 Cetoun
1818 2857 1915 2895 Miles,
1929 2857 1974 2888 vel
1990 2857 2073 2888 Filius
2093 2857 2149 2893 ejus
2163 2857 2195 2887 δε
2217 2854 2320 2886 Haeres
2337 2854 2372 2886 ad

1312 2898 1494 2975 ν’ἓὸισῗῗιῗεῗ
1508 2937 1540 2966 de
1557 2941 1741 2975 Montgomery
1758 2933 1845 2964 Miles
1859 2932 1894 2963 de
1910 2932 2091 2970 Ardroffane,
2106 2932 2152 2964 vei
2173 2932 2254 2963 Filius
2266 2931 2324 2970 ejus
2341 2931 2375 2963 &

1315 2974 1416 3005 Haeres
1429 2975 1463 3005 ad
1477 2974 1562 3005 viiC.
1583 2974 1677 3004 Marc.

1347 3011 1512 3042 Alexander
1530 3016 1661 3042 Dominus
1678 3011 1710 3040 de
1723 3010 1865 3040 Gordonne
1878 3009 1911 3040 ad
1925 3011 1954 3039 iv
1962 3007 1998 3039 C.
2023 3008 2118 3040 Marc.

1349 3051 1510 3081 Malcolmus
1526 3054 1657 3080 Dominus
1672 3050 1704 3078 de
1719 3051 1823 3087 Bygare
1835 3049 1870 3078 ad
1884 3048 1958 3079 viC.
1975 3046 2070 3078 Marc.

1347 3089 1460 3119 Thomas
1473 3093 1606 3120 Dominus
1619 3090 1651 3118 de
1665 3087 1748 3126 Yestyr
1763 3087 1796 3118 ad
1810 3086 1882 3117 viC.
1901 3086 1995 3117 Marc.

1348 3128 1493 3166 Johannes
1510 3128 1643 3165 Kennady
1657 3127 1691 3157 de
1707 3125 1817 3165 Carryk
1830 3126 1862 3155 ad
1880 3136 1897 3155 v
1907 3125 1945 3155 C.
1966 3123 2060 3154 Marc.

1347 3165 1460 3196 Thomas
1477 3167 1566 3201 Boya'e
1577 3167 1613 3198 de
1629 3165 1809 3205 Kylmernok
1829 3165 1873 3195 vel
1894 3164 1978 3194 Filius
2000 3164 2057 3201 ejus
2079 3162 2112 3193 ὃς
2133 3159 2234 3192 Haeres
2254 3160 2289 3191 ad
2311 3159 2375 3192 vC.

1315 3204 1485 3272 Miluctricius
1499 3242 1531 3272 de
1547 3241 1709 3272 Dounharre
1727 3241 1874 3272 Dominus
1890 3240 1924 3270 de
1939 3238 2088 3270 Camtnok
2103 3238 2148 3269 vel
2166 3237 2248 3268 Filius
2269 3238 2325 3276 ejus
2341 3237 2375 3269 &

1317 3281 1418 3312 Haeres
1431 3282 1464 3311 ad
1480 3292 1498 3312 v
1509 3281 1546 3311 C.
1566 3281 1657 3311 Marc.

1349 3319 1470 3358 Jacobus
1497 3323 1629 3350 Dominus
1647 3320 1679 3348 de
1699 3317 1840 3356 Dalketh,
1864 3317 1909 3349 vel
1924 3317 2009 3347 Filius
2031 3315 2088 3354 ejus
2109 3315 2318 3354 Primogenitus
2341 3313 2376 3345 ad

1316 3357 1648 3427 xvgunixliliizraeff'Dominus
1661 3397 1692 3425 de
1708 3394 1807 3432 Argill
1819 3395 1853 3425 ad
1869 3404 1905 3425 xv
1913 3393 1950 3424 C.
1971 3392 2066 3424 Marc.

1353 3435 1498 3474 Johannes
1513 3438 1591 3476 Lyon
1605 3435 1640 3465 de
1657 3434 1787 3464 Glaumis
1800 3433 1835 3464 ad
1851 3433 1924 3464 viC.
1944 3431 2038 3462 Marc.

1586 3511 1639 3542 Sub
1652 3509 1747 3548 Sigillis
1763 3519 1827 3539 cerae
1842 3510 1929 3539 rubrae
1943 3519 1961 3537 a
1979 3507 2077 3537 Caudis
2091 3509 2263 3545 Pergamena

1620 3548 1804 3588 pendentibus.

1377 3619 2347 3640 Μ

1317 3685 1375 3715 Pro
1390 3683 1504 3717 Scotis‚
1538 3678 1627 3724 usqne
1655 3677 1775 3711 Villam
1799 3674 2046 3720 Dunolmensbm,
2073 3684 2157 3720 penes
2187 3670 2374 3716 Praefi’ntiam

1623 3729 1711 3773 Regis
1728 3729 1900 3767 Scotorum,
1925 3726 2071 3757 venturis.

2391 2427 2521 2468 *X.308.J

1322 3812 1528 3872 REX'-¹³“
1544 3811 1649 3842 Literas
1664 3813 1721 3841 suas
1734 3810 1879 3848 PatenteS,
1897 3809 1982 3846 usque
2002 3807 2135 3837 ultimum
2157 3805 2234 3836 diem
2253 3804 2374 3844 Aprilis,
2392 3820 2520 3856 Annth

1395 3862 1413 3889 Ρ

1415 3852 1529 3882 roximo
1545 3851 1668 3882 futurum
1678 3873 1687 3888 ,
1701 3849 1856 3886 duraturas,
1876 3847 1911 3878 de
1922 3846 2092 3877 avisamento
2108 3844 2141 3875 &
2162 3841 2267 3873 affensu
2290 3842 2373 3874 Con-

1316 3891 1372 3922 cilii
1388 3891 1442 3928 sui,
1461 3889 1574 3926 suscepit
1586 3890 1616 3919 in
1631 3889 1738 3919 fiilvum
1753 3889 1787 3920 &
1801 3888 1926 3919 securum
1950 3883 2136 3914 Conduimm
2158 3882 2238 3913 suum
2254 3905 2265 3920 ,
2283 3892 2316 3912 ac
2342 3883 2371 3913 in

2415 3870 2501 3901 1423.

2389 3903 2441 3928 An.
2461 3910 2483 3927 1.

1316 3929 1548 3964 Protefflonem,
1564 3926 1735 3958 Tuitionem
1752 3949 1762 3963 ,
1777 3926 1810 3956 &
1834 3922 2040 3954 Defenfionem
2063 3921 2121 3951 suas
2145 3920 2273 3959 speciales
2287 3945 2296 3959 ‚
2311 3921 2373 3959 Ja-
2388 3943 2422 3966 H,
2439 3940 2466 3965 6·

1315 3968 1404 3998 cobum
1418 3968 1450 3996 de
1467 3966 1586 4004 Douglas
1599 3966 1635 3996 de
1650 3965 1772 3996 Dalketh
1786 3962 1938 3999 Chivaler,
1955 3960 2000 3992 vel
2022 3958 2172 3990 Haeredem
2195 3959 2292 3998 suurn,
2314 3960 2370 3998 Jo-
2391 3982 2460 4004 εἰσί,
2480 3986 2503 4003 Χ·

1313 4006 1428 4036 hannem
1441 4005 1473 4034 de
1487 4009 1572 4035 Setun
1586 4004 1750 4035 Dominum
1765 4002 1801 4032 de
1813 4001 1918 4037 Seton,
1935 3999 1980 4030 vel
1993 3998 2146 4028 Haeredem
2161 3997 2256 4036 suum,
2273 3999 2373 4028 Rober—
2389 4018 2424 4042 H.
2437 4015 2463 4044 6·
2480 4023 2517 4042 m«

1312 4053 1370 4075 tum
1386 4047 1482 4081 Logan
1501 4043 1649 4081 Chivaler‚
1668 4043 1700 4072 &
1716 4042 1758 4071 W
1759 4039 1895 4070 illielmum
1908 4036 2061 4068 Rortht'ven
2080 4035 2230 4075 Chivaler,
2255 4038 2284 4067 in
2310 4037 2370 4067 Re·
2389 4056 2405 4083 8

1314 4093 1403 4122 gnum
1420 4083 1509 4121 Regis
1521 4082 1647 4120 Angliae,
1664 4079 1750 4117 usque
1766 4078 1873 4120 Villam·
1886 4075 2133 4113 Dunolmensem,
2149 4084 2233 4113 penes
2246 4075 2369 4118 Praesen-

1315 4123 1399 4159 tiam,
1418 4120 1560 4152 Cariffimi
1575 4118 1784 4156 Consanguinei
1800 4116 1905 4191 Rleffisi
1923 4118 2002 4154 Regis
2016 4118 2168 4152 Scotorum,
2194 4123 2261 4146 cum
2274 4112 2298 4143 E
2320 4123 2370 4181 ιέιῐεέ
