2562 4274
791 231 911 284 ΕΤ
992 245 1254 285 ACTA

48 335 124 367 Ann.
139 329 179 361 D.
199 340 257 364 tato
271 332 320 363 suo
333 329 470 371 praedieto
489 331 518 360 in
534 329 654 360 absentia
669 329 731 368 sua,
748 330 776 359 in
789 329 883 360 Terra
900 329 1034 367 praedicta
1049 330 1151 361 melius
1167 330 1246 362 vide-

77 379 161 411 1423.
199 372 273 401 bitur
289 370 432 407 expedire,
451 369 583 400 ratificate
597 371 630 400 ὃς
645 368 800 406 approbare
815 368 933 406 possint,

50 415 112 439 Hm.
129 411 155 437 6.
233 410 277 440 Ac
292 410 376 439 etiam
393 407 536 447 Homagia
551 409 682 438 omniurn
695 408 728 437 ὅ(
748 406 920 445 singulorum
934 407 1111 437 Tenentium
1135 407 1248 438 nostro-

199 457 279 485 rum,
299 447 331 477 &
346 446 466 476 aliorum
479 456 744 484 quorumcumque,
759 447 787 475 in
803 445 896 475 Terra
911 445 1003 475 nostra
1018 445 1168 483 pmedidhi,
1178 446 1248 476 No-

197 486 276 516 mine
292 485 390 515 nostro
405 484 631 522 Recipiendum,
649 484 682 514 &
696 485 796 513 Terras
817 485 849 514 &
866 484 1044 514 Tenementa
1065 486 1111 514 lua
1127 483 1162 514 de
1177 484 1249 514 Ha:-

196 524 310 554 reditate
326 523 370 554 sua
387 523 453 562 fibi,
470 523 625 553 secundum
643 522 749 560 Legem
763 523 796 553 &
812 521 1057 553 Consuetudinem
1070 522 1170 552 Terrae
1178 533 1250 560 prae-

197 561 299 599 didtae,
320 561 557 593 Deliberandum:

234 603 317 630 Conce
335 609 403 629 imus
426 599 534 637 insuper
558 598 642 628 eidem
666 601 762 627 Comiti
774 621 783 636 ,
806 608 839 629 ac
859 598 978 636 praefato
998 597 1145 636 Deputato
1158 600 1206 629 suo
1220 600 1248 629 in

197 639 318 669 absentia
331 638 393 677 sua,
411 639 540 676 plenam,
558 637 677 666 Tenore
693 635 889 675 Praesentium‚
908 636 1079 667 Potestatem
1095 639 1127 668 ὃς
1139 638 1248 668 Audio-

198 679 326 715 ritatem,
343 678 422 714 quod
438 676 487 714 ipsi
502 697 512 713 ‚
537 674 572 705 de
589 675 759 705 avisamento
775 676 807 705 &
822 675 926 705 assensu
941 675 1106 705 Cancellarii
1121 678 1154 705 ἃ
1169 676 1248 706 The-

196 717 303 746 saurarii
323 715 543 753 praedifforum,
566 723 666 743 ornnes
688 715 721 743 &
738 713 855 752 singulos
875 713 1039 744 Officiarios
1053 716 1086 745 ὅς
1102 714 1250 745 Ministtos

197 754 310 785 nostros
326 753 519 792 quoscumque
534 752 617 782 dietae
632 752 730 781 Terrae
749 752 850 782 nostrae
873 751 1062 788 (Cancellatio
1077 753 1109 782 ὃ(
1125 753 1251 783 Thesau-

199 794 273 823 rario
294 791 498 822 tantummodo
519 791 653 828 exceptis)
675 790 783 820 Statum
807 791 835 820 in
852 790 952 821 Feodo
968 791 1013 821 vel
1027 792 1061 819 ad
1077 791 1250 821 Terminutn

199 830 276 862 Vitae
291 831 410 859 minime
425 830 570 866 habentes,
589 829 743 866 Ordinaoe,
763 829 880 866 Facere,
899 831 933 860 &
947 828 1147 867 Constituere,

235 868 274 898 Et
290 867 401 898 eosdem
423 868 585 898 Officiarios
606 870 639 899 &
655 867 721 897 alios
737 868 930 904 quoscumque
944 867 979 896 de
996 867 1156 904 hujusmodi
1171 867 1250 897 Offi-

198 907 248 938 ciis
270 907 404 944 (exceptis
427 907 616 944 praeexceptis)
635 915 769 935 amovere
789 907 822 936 &
843 913 1012 942 exonerare,
1038 906 1071 935 &
1083 906 1148 935 alios
1167 906 1251 936 Loco

198 947 266 982 suo,
285 945 397 983 quando
410 945 458 979 sibi
471 945 615 982 placuerit,
631 943 667 973 de
680 942 849 973 avisamento
865 944 898 973 ὃς
916 943 1019 973 aliensu
1035 942 1201 974 Cancellarii
1216 946 1249 974 ὃς

199 982 375 1015 Thesaurarii
390 983 607 1020 praedictorum,
623 981 739 1011 durante
750 981 897 1011 Termino
913 981 1049 1019 praedieto
1064 1004 1073 1019 ,
1089 992 1142 1019 pro
1159 982 1251 1013 Profi-

200 1032 259 1054 cuo
273 1022 357 1052 dictae
373 1021 474 1051 Terrae
489 1019 591 1050 nostrae
606 1019 763 1058 Ordinare,
780 1019 943 1058 Deputare‚
961 1021 994 1050 &
1009 1019 1206 1060 Constituere,

239 1061 286 1091 Ac
299 1069 400 1090 omnes
414 1059 447 1089 &
462 1058 582 1096 singulos
593 1057 755 1089 Officiarios
770 1059 803 1088 &
821 1058 967 1089 Ministros
981 1059 1108 1096 nostros,
1127 1061 1174 1097 qui
1190 1061 1250 1091 Sta-

201 1107 264 1129 tum
283 1098 317 1128 ad
337 1098 510 1128 Terminum
532 1095 607 1127 Vitae
631 1097 677 1127 vel
703 1097 854 1127 Annorum
877 1099 964 1127 autin
984 1097 1080 1128 Feodo
1094 1099 1122 1128 in
1139 1098 1253 1129 Officiis

201 1137 252 1168 suis
265 1137 383 1174 habent,
402 1136 438 1166 δί
451 1135 607 1174 Inhabiles,
624 1136 656 1166 &
671 1134 891 1173 Insufficientes‚
911 1144 957 1166 aut
973 1135 1090 1166 Invalidi
1104 1138 1133 1166 in
1150 1137 1254 1167 facien·

201 1176 240 1211 do
258 1174 363 1213 Officia
386 1176 430 1204 sua
450 1175 571 1205 inveniri
594 1174 713 1214 poffint,
733 1174 789 1204 sive
803 1175 862 1204 illos
877 1175 924 1212 qui
938 1174 1050 1205 Officiis
1062 1175 1114 1205 suis
1129 1176 1253 1206 indebite

202 1223 319 1244 utuntur
331 1215 364 1245 &
378 1224 409 1244 ea
423 1223 588 1251 excercent,
605 1213 640 1243 de
652 1213 812 1250 hujusmodi
826 1212 938 1243 Officiis
951 1215 1017 1250 suis,
1035 1213 1070 1243 de
1084 1213 1254 1244 avisamento

202 1254 237 1283 &
257 1252 360 1283 assensu
384 1253 523 1289 praedietis
533 1275 547 1290 ,V
561 1262 609 1290 per
624 1252 752 1282 debitum
767 1251 950 1288 Processum,
970 1253 1059 1281 versus
1076 1261 1138 1289 eos,
1156 1253 1188 1282 ὃ(
1204 1263 1253 1283 eo-

203 1301 267 1321 rum
287 1290 443 1329 quemlibet
456 1315 465 1327 ,
488 1291 564 1328 quta
586 1291 672 1329 Leges
687 1291 719 1320 &
736 1289 958 1320 Confiietudines
972 1290 1132 1328 prtedicstas,
1150 1292 1254 1320 facien-

203 1329 291 1367 dum,
309 1339 456 1367 amovere,
476 1330 508 1360 ὃς
521 1330 583 1360 alias
600 1329 706 1360 Validas
721 1330 754 1359 ὃς
769 1328 886 1359 l-Iabiles
901 1328 1034 1359 Personas
1050 1329 1134 1359 Loco
1149 1329 1198 1359 suo
1214 1330 1253 1359 fa-

203 1377 284 1405 cere,
301 1367 444 1405 ordinare,
462 1367 610 1406 deputare,
628 1368 661 1398 &
675 1367 860 1404 constituere,
955 1370 957 1372 ’

242 1405 280 1436 Et
293 1406 350 1436 tam
367 1405 536 1436 Commune
544 1406 670 1436 Bancum
687 1407 772 1444 quam
783 1406 960 1436 Scaccarium
974 1404 1120 1443 nostrum,
1140 1407 1167 1434 in
1182 1406 1256 1435 Ter-

202 1443 234 1475 ra
253 1443 349 1475 nostra
368 1443 517 1483 praediera,
535 1444 569 1475 ad
586 1444 683 1481 Loca,
703 1445 752 1474 ubi
769 1444 816 1473 libi
833 1444 980 1482 placuerit,
999 1454 1052 1481 pro
1064 1445 1167 1482 majori
1184 1444 1256 1475 Pro-

202 1482 278 1513 ficuo
296 1482 399 1520 Populi
421 1484 520 1513 Terrae
541 1483 644 1513 nostrie
665 1483 829 1520 praediCtae,
853 1482 888 1513 de
912 1482 1082 1513 avisamento
1105 1492 1200 1512 tamen
1223 1483 1256 1514 &

204 1522 309 1552 assensu
322 1522 478 1560 praedietis,
493 1531 641 1559 amovete,

241 1558 280 1591 Et
297 1560 452 1598 Vicstualia,
472 1560 636 1591 sufficientia
656 1561 688 1591 &
708 1559 855 1591 necessaria
867 1569 919 1596 pro
933 1558 1067 1596 Expenfis
1082 1559 1205 1596 Hospitii
1221 1560 1258 1591 sui

202 1608 236 1629 ac
251 1598 443 1629 soldariorum
457 1600 587 1637 suorum,
608 1601 635 1628 in
648 1608 832 1636 quocumque
848 1598 933 1628 Loco
943 1620 953 1634 ,
972 1598 1042 1627 infra
1057 1597 1178 1627 Terram
1189 1608 1259 1635 prte-

202 1635 326 1674 ditstam,
344 1647 393 1675 per
414 1637 575 1667 Pr0vis0res
597 1637 719 1675 Hospitii
739 1636 778 1666 sui
797 1637 830 1667 &
853 1636 920 1665 alios
938 1634 1086 1665 Ministros
1107 1636 1185 1674 suos,
1202 1638 1257 1666 una

202 1685 270 1706 cum
292 1674 424 1714 Cariagio
438 1675 585 1706 sufficienti
603 1685 655 1712 pro
669 1673 770 1706 eisdem
786 1698 795 1710 ,
815 1674 874 1703 tam
889 1673 958 1703 infra
980 1673 1152 1712 Libertates,
1171 1676 1256 1712 quam

202 1723 278 1745 eittra
301 1714 411 1751 (Feodo
430 1714 565 1744 Ecclefiae
584 1713 727 1742 dumtaxat
751 1713 882 1749 excepto)
899 1722 950 1749 pro
964 1711 1090 1742 Denariis
1106 1713 1158 1743 suis
1174 1714 1258 1743 ratio-

201 1753 328 1782 nabiliter
347 1751 503 1790 solvendis,
523 1750 633 1788 Capere
653 1752 686 1782 &
708 1750 860 1780 Providere
874 1750 978 1787 poffint
986 1752 1065 1788 juxta
1078 1751 1200 1781 formam
1217 1752 1260 1781 di-

203 1789 347 1821 versorum
362 1790 553 1827 Statutorum,
574 1789 609 1820 de
623 1789 780 1827 hujusmodi
792 1788 986 1819 provisoribus
1002 1813 1011 1826 ,
1030 1798 1093 1820 ante
1107 1790 1169 1820 haec
1185 1799 1259 1820 tem-

202 1839 289 1868 pora,
305 1829 444 1859 faetorum
454 1853 464 1865 ,

219 1898 222 1900 ,
239 1869 285 1898 Ac
299 1869 380 1897 etiam
395 1867 428 1896 ad
442 1865 646 1904 inquirendum
656 1888 665 1904 ,
685 1865 741 1896 five
756 1865 862 1903 Inquiri
875 1865 1036 1896 faciendum
1046 1889 1054 1903 ‚
1080 1867 1132 1896 viis
1146 1868 1179 1897 δε
1194 1876 1257 1896 mo-

201 1905 242 1935 dis
265 1907 366 1943 quibus
388 1905 438 1934 sibi
459 1905 558 1935 melius
581 1904 722 1935 videbitur
736 1926 745 1941 ,
763 1904 798 1934 de
817 1904 1036 1942 quibuscumque
1051 1904 1136 1935 Bonis
1152 1907 1183 1935 ὃς
1199 1904 1257 1936 Ca-

201 1943 285 1981 tallis,
303 1953 367 1981 quae
383 1944 496 1974 fuerunt
508 1943 618 1973 illorum
628 1942 825 1972 Domitiorum
840 1943 883 1972 seu
897 1943 1014 1972 aliorum
1024 1967 1032 1981 ‚
1052 1945 1100 1981 qui
1116 1953 1182 1979 erga
1192 1943 1257 1974 Do-

197 1983 290 2012 minos
309 1984 343 2011 E.
365 1992 454 2019 nuper
475 1985 569 2019 Regem
591 1980 704 2018 Angliae
720 2005 729 2019 ‚
746 1991 778 2011 ac
792 1981 937 2010 Ricardum
954 1982 1098 2011 Secundam
1110 1981 1165 2022 post
1184 1986 1253 2012 Con-

199 2020 331 2060 questum,
351 2020 571 2050 Priedecessores
585 2019 711 2056 nostros,
727 2027 773 2049 aut
789 2019 936 2049 Dominos
949 2022 987 2049 H.
1005 2021 1037 2051 ὃς
1050 2022 1087 2049 Η.
1105 2024 1204 2049 Avum
1217 2019 1255 2055 &-

198 2061 312 2088 Patrem
325 2059 440 2098 nostros,
455 2059 500 2089 seu
514 2058 599 2096 Nos,
617 2057 817 2096 forisfecerint,
835 2059 868 2089 &
884 2069 898 2088 a
914 2057 1011 2088 Nobis
1026 2057 1182 2090 Concelata
1198 2060 1257 2089 exi-

200 2096 294 2136 stunt,
314 2098 368 2128 sive
384 2096 521 2134 existent,

237 2135 275 2165 Et
293 2135 327 2166 ad
350 2135 445 2166 omnia
468 2135 519 2165 alia
541 2135 573 2166 δε
595 2133 716 2173 singula,
733 2144 798 2171 quae
815 2134 850 2165 ad
866 2134 1008 2166 Officium
1024 2135 1258 2167 Locumtenentis

199 2174 288 2203 nostri
308 2175 469 2210 pertinent,
496 2174 529 2203 ὃς
552 2183 605 2211 pro
627 2174 708 2203 bono
731 2173 885 2212 Regimine
904 2175 937 2205 &
962 2173 1138 2213 salvatione,
1155 2185 1187 2205 ac
1205 2184 1258 2214 pro

200 2211 342 2242 Custodia
363 2212 443 2249 Pacis
462 2212 563 2242 Terrae
584 2212 688 2242 nostrae
702 2212 844 2249 praedie'tae
856 2236 865 2249 ,
885 2213 917 2243 ὃς
933 2211 1038 2250 Quiete
1056 2212 1157 2251 Populi
1172 2214 1261 2243 nostri

200 2250 308 2280 ibidem
324 2271 334 2288 ,
358 2261 391 2282 ac
410 2250 636 2287 Recuperatione
647 2249 760 2289 Jurium
775 2250 937 2281 nostrorum
952 2253 981 2281 in
996 2250 1089 2282 Terra
1103 2252 1256 2290 praedicti,

200 2288 349 2319 necessaria
363 2289 478 2324 fuerint,
497 2289 670 2320 Faciendum
680 2312 689 2327 ‚

239 2326 278 2358 Et
293 2327 374 2364 quod
393 2328 461 2357 idem
474 2332 563 2357 Comes
578 2328 674 2357 omnia
694 2327 727 2358 &
750 2327 872 2366 singula,
892 2338 956 2366 quae
970 2327 1003 2358 ad
1018 2327 1160 2359 Officium
1170 2327 1260 2368 Justi-

203 2366 279 2396 ciarii
294 2366 395 2396 Terrae
410 2365 515 2396 nostrae
530 2366 673 2403 praediun
688 2367 844 2405 pertinent,
863 2367 954 2396 facere
971 2367 1069 2404 possit,

242 2403 280 2434 Et
293 2404 353 2434 tam
370 2414 503 2442 magnam
518 2404 692 2435 Potestatem
703 2405 802 2435 habeat
812 2427 821 2442 ,
840 2407 868 2435 in
882 2406 1015 2435 omnibus
1030 2407 1081 2436 viis
1102 2406 1135 2436 δε
1149 2405 1261 2443 modis,

202 2442 457 2480 ficutJusticiatlus
472 2442 572 2473 Terrae
584 2443 690 2474 nostrae
705 2443 864 2481 praeditstae,
882 2443 976 2481 aliquo
992 2453 1141 2482 tempore,
1159 2446 1188 2475 in
1203 2444 1260 2475 Of-

202 2480 271 2511 ficio
286 2481 335 2511 suo
347 2482 465 2519 habere,
481 2483 540 2521 uti,
559 2483 602 2512 vel
618 2482 712 2512 debite
727 2491 857 2513 exercere
875 2483 1036 2520 consuevit,

243 2519 289 2550 Ac
311 2522 395 2551 etiam
415 2522 512 2550 omnia
531 2520 597 2556 alia,
614 2519 747 2550 Nomine
765 2519 879 2558 nostro,
896 2520 929 2550 ad
945 2520 1099 2551 Honorem
1113 2523 1145 2552 &
1163 2519 1258 2551 Com-

204 2558 326 2588 modum
342 2558 487 2597 nostrum,
504 2569 555 2596 pro
570 2558 669 2589 Nobis
679 2582 689 2597 ,
706 2560 735 2588 in
750 2559 843 2589 Terta
858 2558 953 2589 nostra
969 2560 1118 2597 przedista,
1140 2560 1257 2589 Facien-

207 2595 277 2626 dum
299 2597 331 2627 &
354 2597 570 2628 Excercendum
587 2620 597 2636 ‚
623 2598 693 2628 sicut
709 2607 762 2627 nos
785 2598 941 2628 faceremus
955 2597 974 2627 si
989 2598 1096 2628 ibidem
1110 2600 1138 2628 in
1153 2597 1266 2636 propria

207 2634 335 2673 Persona,
346 2635 440 2666 nostra
454 2636 592 2674 essemus,

245 2672 363 2704 Proviso
383 2675 494 2712 semper
516 2675 596 2712 quod
609 2697 619 2713 ‚
640 2674 657 2704 fi
669 2673 803 2714 prefatus
819 2677 924 2711 comes,
941 2683 987 2704 aut
1000 2674 1093 2705 dietus
1108 2674 1265 2712 Deputatus

208 2711 270 2742 suus
292 2714 320 2742 in
344 2712 478 2743 Absenti&
496 2713 542 2744 sua
557 2736 567 2751 ,
592 2714 745 2751 quicquam
764 2721 862 2744 contra
879 2713 989 2749 Legem
1011 2712 1135 2743 nostram
1151 2714 1264 2751 fecerit,

207 2758 277 2780 tunc
297 2750 366 2780 idem
387 2755 494 2789 Comes,
512 2760 558 2782 aut
578 2752 668 2782 dic'lsus
685 2752 842 2789 Deputatus
863 2751 942 2789 suuS,
959 2761 1008 2789 per
1023 2752 1092 2782 Nos
1106 2753 1138 2783 ὃς
1154 2753 1266 2783 Conci-

209 2789 279 2856 liuIm
293 2788 622 2857 nostruirgcCorrigantur
635 2790 668 2820 &
682 2790 896 2821 Reformentur.

261 2837 277 2856 n
293 2837 328 2856 cu
339 2837 369 2857 us
441 2837 468 2857 c.

244 2837 335 2895 Testel
348 2850 431 2904 Rege
443 2865 517 2904 apud
531 2865 786 2907 Wstmonasterium
793 2889 804 2906 ,
824 2866 921 2897 Nono
938 2866 997 2897 Die
1010 2865 1092 2898 Maii.

939 2945 993 2972 Per
1007 2942 1157 2973 Concilium.

85 3099 102 3134 ff
114 3097 153 3125 x.

67 3136 122 3163 286

70 3172 196 3204 Anti-D.

90 3219 175 3252 1423.

486 3084 512 3110 ᾖ
538 3089 597 3119 Pro
618 3083 736 3132 Jacobo
754 3088 829 3132 Rege
846 3089 1014 3120 Scotorum.

217 3175 502 3246 Rlfftimuniverfis
523 3179 556 3210 &z
580 3179 692 3218 singulis
711 3178 884 3218 Admirallis,
903 3180 963 3211 &c.
982 3177 1016 3209 ad
1030 3188 1120 3217 quos,
1138 3180 1199 3211 &c.
1218 3180 1270 3211 Sa-

69 3254 121 3279 Aa.
141 3261 164 3278 1·
255 3254 354 3284 Sciatis
388 3253 469 3290 uod,
714 3288 717 3289 ⁷

68 3294 104 3316 H·
122 3291 148 3315 6.
255 3292 336 3323 Cum
348 3315 357 3330 ,
368 3264 539 3322 qcarisfimus
561 3291 796 3331 Conlanguineus
818 3292 911 3324 noster
927 3318 936 3331 ,
954 3293 1076 3332 Jacobus
1091 3297 1150 3323 Rex
1167 3298 1269 3325 Scotto-

73 3332 140 3354 Scot.
162 3336 186 3354 ¹·
219 3342 277 3360 rum
292 3341 375 3368 penes
391 3331 556 3360 Concilium
574 3331 703 3360 nostrum
717 3331 763 3361 diu
786 3342 854 3362 cum
876 3332 1014 3370 frequenti
1033 3332 1161 3363 instantia
1177 3334 1269 3371 prose-

72 3369 105 3392 H.
124 3366 151 3393 ⁶·
166 3375 203 3393 m·
221 3379 301 3400 cutus
315 3369 395 3399 fuerit
406 3392 414 3406 ,
430 3368 525 3406 quod,
544 3369 717 3399 Venerabilis
732 3369 832 3407 Pater,
850 3370 1015 3400 Willielmus
1032 3371 1171 3410 Episcopus
1185 3372 1270 3401 Glas-

75 3412 116 3431 Η·
218 3407 336 3448 guenfis,
353 3406 540 3437 Cancellarius
554 3407 659 3438 Scoriae
668 3431 676 3444 ,
693 3410 817 3444 Georgius
829 3411 916 3437 Comes
926 3409 1057 3438 Marchiae
1070 3412 1178 3440 Scotiae
1187 3433 1195 3448 ,
1214 3410 1269 3448 Jo-

219 3447 322 3476 hannes
343 3446 375 3474 de
399 3449 596 3486 Montegomery
616 3446 651 3475 de
670 3446 840 3476 Ardrollane
854 3469 863 3482 ,
890 3448 1023 3475 Patricius
1042 3448 1074 3477 de
1094 3448 1213 3478 Dunbur
1236 3448 1271 3478 de

220 3485 303 3522 Hele,
321 3484 449 3514 Robertus
464 3483 496 3513 de
505 3485 645 3513 Lawedre
660 3484 696 3514 de
710 3483 935 3522 Edryngtoune,
945 3483 1108 3515 lsVillielmus
1120 3487 1152 3516 de
1166 3487 1268 3516 Barth—

220 3527 272 3553 wic
288 3523 324 3553 de
336 3522 438 3552 eodem
448 3545 457 3559 ,
475 3523 507 3553 &
523 3521 668 3560 Johannes
681 3522 789 3561 Forstar
802 3522 837 3552 de
852 3521 1032 3561 Corstorfin,
1048 3524 1083 3553 de
1100 3524 1195 3555 Scotia
1209 3525 1269 3555 Mi-

219 3562 297 3598 lites,
316 3562 344 3590 in
364 3561 498 3599 Regnum
521 3561 651 3590 nostrum
675 3561 802 3599 Angliae,
821 3570 873 3598 pro
890 3560 994 3591 Mediis
1008 3572 1041 3591 ac
1058 3561 1135 3601 Vin,
1155 3565 1273 3594 rationa-

220 3600 322 3631 bilibus
337 3599 370 3630 &
385 3599 524 3635 honestis,
542 3609 595 3636 pro
612 3599 825 3629 Deliberatione
845 3599 926 3636 ipsius
940 3598 1151 3638 consanguinei
1167 3601 1272 3641 nostri,

221 3638 363 3676 etiamque
385 3637 462 3675 super
484 3638 539 3666 aliis
553 3637 702 3676 Negotiis,
720 3636 921 3669 Commodum
937 3639 1077 3676 utriusque
1095 3638 1189 3678 Regni
1202 3650 1274 3670 con-

222 3677 401 3745 cgernentibus
414 3699 424 3714 ,
447 3676 594 3706 traitandis
616 3676 650 3706 &
673 3675 933 3714 communicandis,
950 3679 1048 3707 venire
1063 3678 1169 3708 valeant
1186 3678 1274 3708 libere

290 3724 363 3745 uiete

297 3762 328 3781 os
341 3776 350 3790 ,
369 3737 598 3784 'consideratione
620 3751 832 3782 Praemifforum
845 3775 854 3790 ,
869 3763 903 3783 ac
915 3755 1156 3791 contemplatione
1169 3755 1275 3792 praefati

225 3788 435 3827 Consanguinei
455 3792 544 3823 nostri
563 3815 573 3829 ,
597 3790 632 3821 ad
653 3792 708 3829 ejus
730 3790 889 3821 instantiam
909 3792 941 3823 &
960 3792 1106 3830 specialem
1122 3794 1276 3832 requisitio-

224 3837 309 3864 nem,
327 3827 363 3858 de
377 3830 480 3860 affensu
497 3829 621 3861 Concilii
634 3829 740 3866 nostri,
757 3828 922 3866 suscepimus
936 3831 1064 3868 praefatos
1079 3855 1088 3868 ,
1105 3831 1276 3871 Epzscopum‚

224 3870 350 3895 Comitem
367 3888 376 3904 ,
399 3867 555 3905 Johamzem
565 3891 575 3907 ,
600 3870 764 3905 Patricium,
780 3867 923 3897 Robertum
933 3891 942 3906 ‚
959 3871 1000 3898 W
1001 3869 1154 3907 illielmum,
1171 3872 1204 3901 δε
1221 3870 1276 3908 Jo-

226 3904 358 3941 hannem,
378 3904 407 3933 in
422 3903 555 3945 Regnum
570 3906 698 3936 nostrum
710 3905 890 3944 praedictum,
909 3907 1104 3937 occasionibus
1118 3909 1258 3945 praedietis
1268 3931 1277 3945 ,

226 3943 311 3981 usque
328 3943 363 3973 ad
389 3941 491 3973 Villam
509 3945 633 3975 nostram
656 3944 692 3975 de
715 3944 874 3974 Pountfreit
888 3967 898 3981 ‚
922 3945 954 3974 ad
979 3944 1154 3976 Praesentiam
1171 3947 1279 3984 praefati

229 3980 438 4020 Cous-anguinei
451 3982 552 4022 nostri,
569 3985 644 4014 salvo
660 3985 693 4015 &
707 3983 801 4013 secure
827 3983 968 4013 veniendo
982 4007 991 4021 ,
1015 3994 1063 4021 per
1078 3984 1217 4023 Terram,
1234 3984 1279 4015 vel

230 4029 279 4057 per
301 4018 385 4062 Mare
401 4042 410 4057 ‚
437 4021 542 4050 ibidem
564 4022 704 4052 morando
719 4044 729 4061 ,
756 4023 788 4052 ὃ(
814 4021 892 4059 supet
916 4021 1064 4052 Praemiffis
1086 4023 1231 4054 metando
1245 4025 1278 4053 &

230 4058 492 4095 communicando,
513 4059 544 4088 &
560 4061 678 4099 exinde,
699 4071 746 4097 per
759 4060 898 4097 Terram,
915 4060 958 4090 vel
976 4070 1024 4097 per
1040 4059 1144 4097 Mare,
1166 4063 1199 4092 ad
1216 4071 1279 4099 par—

230 4104 271 4127 tes
291 4097 414 4133 proprias
428 4119 438 4133 ,
463 4105 531 4126 cum
554 4096 640 4134 Equis
655 4119 665 4135 ‚
689 4099 806 4135 Rebus,
832 4100 864 4129 &
880 4098 1022 4128 Hemesiis
1035 4099 1279 4137 suisrquibuscum-

230 4143 306 4173 que,
323 4134 423 4173 absque
445 4135 652 4173 perturbatione
667 4159 678 4174 ‚
701 4137 908 4175 impedimento
923 4159 932 4175 ‚
955 4137 1002 4169 vel
1019 4136 1199 4169 attestatione
1213 4148 1282 4176 qua-
1317 4136 1380 4166 ham
1395 4159 1404 4174 ‚
1432 4140 1532 4167 Counce
1545 4134 1663 4173 Snaythe
1673 4157 1683 4173 ,
1709 4132 1815 4165 Thomae
1831 4133 1969 4175 Hahday,
1995 4135 2122 4167 Waltero
2139 4137 2262 4179 Haliday
2278 4161 2287 4176 ,

1305 219 1815 290 ⁴PUBLICA.
2291 267 2343 307 93

1284 340 1423 375 cumque,
1445 329 1592 371 Μαΐῳ-τε,
1611 333 1866 373 Contramarquae,
1883 333 1999 374 Debiti,
2019 335 2161 375 Compoti'
2173 361 2181 376 ,
2199 337 2241 367 vel
2258 337 2341 369 Con-
2356 337 2428 369 Αιῑῑι.
2442 336 2484 368 D.

1286 372 1442 408 ventionis,
1461 372 1505 402 seu
1526 372 1635 402 alterius
1657 372 1832 403 Contraftsis
1855 374 2056 412 cujiscumque
2071 398 2079 413 ,
2106 377 2161 405 {ine
2186 376 2280 407 finitide
2298 379 2339 407 vel
2373 385 2458 416 1423.

1286 407 1371 444 dolo,
1390 409 1423 438 ad
1445 419 1532 446 partes
1559 412 1682 448 proprias
1700 412 1785 441 libere
1800 411 1961 450 redeundo,
1980 423 2046 443 cum
2061 415 2223 444 hominibus
2239 417 2269 445 ἁ
2287 415 2338 445 ser·
2354 421 2415 443 Heia.
2435 416 2464 443 6.

1287 447 1425 488 vientibus
1447 449 1496 477 suis
1511 471 1520 485 ,
1549 449 1633 493 usque
1655 451 1689 479 ad
1710 459 1859 479 numerum
1880 449 2005 480 Centum
2023 451 2203 482 Persoiarum
2220 454 2253 484 δε
2271 453 2340 484 insta

1287 484 1499 524 (cujuscumque
1513 487 1631 523 gradus,
1649 486 1752 525 status,
1771 489 1876 518 ordinis
1890 511 1899 526 ,
1924 490 2060 527 dignitatis
2076 514 2084 527 ,
2112 491 2154 520 seu
2170 491 2343 522 conditionis

1286 522 1401 566 fuerint)
1423 534 1537 565 necnon
1559 524 1655 562 Equos
1675 550 1683 562 ,
1713 525 1790 556 Bona
1807 549 1815 563 ,
1835 526 1911 564 Re»,
1931 528 1964 558 &
1979 526 2114 559 Hernelia
2132 529 2175 559 sua
2189 540 2338 566 quaecum-

1287 570 1342 596 que
1356 584 1365 597 ,
1386 571 1415 591 in
1438 562 1541 592 salvum
1563 564 1595 593 &
1616 563 1743 594 securum
1765 564 1951 595 Comiistnm
1967 588 1975 601 ,
2001 576 2033 596 ac
2058 569 2085 596 in
2107 567 2337 607 protectionem,

1287 599 1456 629 Tuitionem
1467 625 1475 638 ,
1492 601 1524 631 δε
1542 601 1742 631 Defensionem
1759 602 1862 632 nostras
1879 603 2022 641 speciales,

1325 636 1360 667 Et
1375 637 1441 668 ideo
1456 639 1537 668 vobis
1552 639 1721 669 Mindamus
1737 641 1816 677 quod
1831 641 1917 677 ipsos,
1937 641 2106 681 Epifiopum,
2123 647 2265 682 Cani-item,
2283 643 2340 683 Jo-

1286 674 1402 718 hunnem
1417 699 1426 715 2
1450 679 1597 707 Patririum
1611 703 1620 714 ,
1646 678 1789 708 Rohertum
1804 703 1812 717 ,
1838 682 1880 709 W
1880 679 2014 709 illielmum
2029 703 2037 717 ,
2064 682 2096 711 &
2141 681 2210 711 ohan
2220 694 2289 721 lem,
2309 685 2338 713 in

1286 714 1400 758 dicium
1415 715 1551 757 Regnum
1571 716 1699 747 nostrum
1717 740 1726 755 ,
1750 717 1944 747 occasionibus
1969 719 2125 758 tui-redistis,
2144 721 2338 759 conjunftim,

1287 752 1331 782 vel
1345 753 1454 782 dlvliim
1471 777 1479 791 ,
1506 764 1539 784 ac
1555 755 1686 785 Personas
1707 755 1851 792 praediftas
1867 757 1894 784 in
1909 756 1955 785 suis
1972 756 2140 795 Coniitivis,
2161 760 2187 788 in
2204 759 2339 795 Regnum

1288 790 1416 821 nostrum
1437 792 1601 828 praediStum
1616 817 1624 830 ,
1650 793 1708 828 &a
1722 801 1805 832 prout
1826 798 1855 823 in
1877 792 2002 833 ejufiuodi
2019 795 2051 825 de
2067 798 2203 826 Condat-‘lu
2218 799 2341 836 Litoris,

1288 837 1344 857 cum
1360 828 1409 858 hac
1426 830 1553 869 Claufitla
1573 832 1657 868 (viz)

1327 866 1364 896 Et
1388 869 1465 904 quod
1487 869 1635 906 Dougallus
1655 870 1686 899 de
1710 870 1881 899 Drummoud
1904 870 2088 909 Capellanus,
2106 871 2190 902 Lator
2205 873 2344 909 praesentis

1290 904 1478 942 Condue'tsis,
1495 907 1527 937 lit
1539 908 1753 944 comprehensus
1769 910 1797 938 in
1814 918 1933 938 numero
1949 910 2088 940 distaruin
2103 910 2228 940 Centum
2248 911 2343 941 Perso-

1289 953 1406 982 narum,
1426 945 1474 982 qui
1489 945 1531 976 est
1544 945 1579 976 de
1594 946 1713 977 Familia
1727 947 1795 977 disti
1809 946 1938 986 Episcopi
1957 948 1989 978 &
2006 958 2177 978 caeterorum
2194 949 2343 986 praediCto·

1290 992 1363 1011 rum.

1328 1019 1360 1049 In
1376 1021 1470 1058 cujus,
1487 1022 1547 1052 &c.
1565 1022 1650 1059 usque
1663 1022 1696 1052 ad
1712 1022 1826 1053 Festum
1840 1023 1913 1053 beati
1930 1023 2078 1054 Michaelis
2095 1025 2263 1063 Archangeli
2278 1035 2344 1062 pro‘

1291 1059 1372 1088 ximo
1387 1059 1513 1089 futurum
1534 1060 1682 1090 duraturas.

1327 1097 1414 1128 Teste
1429 1097 1510 1138 Rege
1526 1099 1599 1136 apud
1613 1098 1886 1140 Wstmonasteri'u7n,
1904 1099 2079 1130 duodecimo
2093 1100 2138 1132 die
2154 1099 2234 1131 Maii.

1793 1178 1845 1205 Per
1862 1179 1954 1205 Breve
1969 1176 2000 1205 de
2012 1179 2129 1207 Privato
2146 1176 2243 1214 Sigillo-

1565 1298 1624 1332 Ad
1640 1303 1753 1346 Papam
1765 1326 1774 1341 ,
1797 1301 1832 1333 de
1849 1304 1936 1347 Regio
1950 1301 2071 1346 affcnfic.

1295 1382 1513 1444 SAncstiffimo
1537 1385 1566 1414 in
1588 1383 1706 1414 Christo
1726 1384 1801 1415 Patri
1822 1386 1854 1415 &
1877 1385 2010 1416 Domino
2039 1385 2172 1417 Domino
2194 1390 2321 1417 Illartino
2336 1410 2345 1426 ,
2361 1388 2435 1418 Ann.
2451 1388 2491 1419 D„

1354 1421 1462 1452 Divina
1480 1422 1680 1460 Providentia,
1695 1423 1886 1453 sacrosanctae
1904 1424 2044 1454 Romanoe
2064 1435 2096 1454 ac
2119 1426 2274 1456 universalis
2288 1426 2344 1456 Ec·
2381 1436 2466 1467 1423.

1296 1460 1385 1490 cleri-„e
1406 1464 1511 1490 Summo
1536 1460 1663 1502 Pontifici
1678 1484 1687 1499 ,
1712 1464 1842 1491 Henrz‘cus
1857 1485 1866 1499 ,
1896 1461 1954 1491 Dei
1977 1463 2061 1501 gratia
2076 1486 2085 1500 ,
2104 1467 2163 1493 Rex
2180 1464 2292 1502 Anglsae
2308 1464 2345 1499 &⁴
2362 1470 2412 1493 Am.
2432 1477 2456 1493 i.

1293 1502 1414 1528 Franciae
1432 1522 1441 1537 ,
1466 1502 1499 1530 δε
1523 1499 1669 1530 Dominus
1693 1499 1846 1530 Hibetniae
1860 1524 1869 1538 ,
1894 1500 1995 1531 devota
2014 1500 2123 1531 Pedum
2143 1503 2236 1533 oscula
2251 1504 2347 1533 beato·
2362 1509 2388 1531 H
2404 1505 2431 1531 6.

1296 1548 1366 1568 tum.
2365 1547 2423 1570 Par.
2447 1552 2471 1570 1.

1333 1576 1458 1606 Vacante
1481 1586 1569 1613 nuper
1590 1576 1761 1607 Landavensi
1785 1575 1912 1606 Ecclefifi
1937 1575 2098 1607 Cathedrali
2123 1588 2171 1615 per
2194 1579 2322 1610 Mortem
2340 1603 2350 1619 ,
2364 1581 2493 1618 H.6.p.4.

1296 1615 1381 1643 bonae
1404 1617 1550 1644 memorie
1564 1638 1572 1650 ,
1596 1614 1737 1654 Jolmnnis
1759 1614 1866 1644 Zouche
1881 1637 1890 1652 ,
1917 1615 2012 1646 ultimi
2035 1615 2177 1654 Elpiscopi
2193 1618 2250 1648 loci
2265 1619 2349 1657 illius,
2364 1630 2398 1649 m.
2420 1629 2465 1657 32.

1295 1652 1389 1682 dilecti
1406 1653 1486 1682 nobis
1499 1654 1528 1682 in
1545 1652 1676 1690 Christo,
1694 1654 1916 1684 Archidiaconus
1933 1655 1964 1684 δε
1981 1653 2145 1692 Capitulum
2159 1657 2279 1693 ejusdem
2289 1657 2350 1687 Lo—

1296 1692 1340 1728 ci,
1357 1692 1572 1730 convenienter,
1591 1693 1618 1721 in
1647 1702 1733 1721 unum
1756 1692 1892 1722 dileetum
1913 1693 1994 1722 nobis
2009 1717 2018 1730 ,
2047 1692 2207 1731 Johannem
2222 1693 2350 1733 Fulford,

1296 1729 1388 1759 Sacrae
1404 1729 1576 1768 Theologiae
1595 1730 1785 1760 Professorem
1799 1754 1808 1768 ‚
1835 1731 1992 1760 direxerunt
2017 1733 2183 1762 unanimiter
2200 1732 2275 1763 Vota
2290 1734 2351 1771 sua,

1297 1769 1330 1799 &
1356 1767 1448 1805 Ipsum
1474 1770 1503 1798 in
1525 1770 1603 1799 suum
1626 1768 1799 1806 Episcopum
1822 1770 2004 1799 concorditer
2026 1769 2185 1808 elegerint,
2213 1771 2351 1810 nobisque

1297 1816 1364 1836 cum
1386 1806 1516 1837 instantia
1536 1807 1725 1845 supplicarunt
1747 1817 1778 1838 ut
1802 1807 1961 1845 hujusmodi
1974 1807 2118 1838 Eleerioni
2131 1809 2185 1839 sure
2200 1809 2351 1841 Affensum

1298 1844 1423 1882 Regium
1436 1847 1559 1882 pi'aebere
1574 1856 1719 1882 curemuS,

1334 1883 1420 1921 Nos,
1438 1885 1518 1921 ipssius
1538 1883 1678 1921 Johannis
1702 1883 1820 1923 Fulford
1836 1883 2040 1914 considerantes
2064 1883 2168 1914 Merita
2183 1884 2350 1924 probitatis,

1295 1931 1328 1951 ac
1350 1921 1484 1960 sperantes
1503 1923 1609 1952 dietam
1635 1923 1842 1953 Landavensem
1868 1922 2023 1952 Ecclesiam
2036 1945 2045 1960 ,
2072 1923 2089 1952 ii
2107 1923 2189 1960 ipsius
2205 1923 2350 1962 Regimini

1296 1959 1460 2000 praesideat,
1488 1963 1515 1990 in
1538 1961 1758 1997 Temporalibus
1776 1964 1807 1991 ὃς
1831 1961 2040 1998 spiritualibus,
2059 1971 2106 1998 per
2120 1963 2199 1999 iplius
2215 1962 2350 1993 Circum-

1294 1999 1470 2035 spestionem
1491 2001 1523 2030 &
1543 1999 1705 2029 industriam
1721 2023 1730 2037 ,
1754 1999 1873 2030 salutaria
1897 1999 1976 2036 poise
1996 1999 2129 2036 sulcipere
2153 2003 2327 2031 incrementa
2340 2023 2350 2039 ‚

1296 2037 1438 2106 fEjletstioni
1455 2038 1598 2076 praedistae
1619 2043 1634 2055 ἥ
1653 2038 1809 2076 hujusmodi
1829 2037 1953 2077 Regium
1969 2037 2114 2068 Assensum
2136 2039 2300 2070 adhibemus
2317 2041 2350 2071 ὃς

1309 2085 1425 2106 avorem
1436 2099 1444 2112 ,

1335 2114 1373 2144 Et
1394 2115 1451 2144 hoc
1466 2113 1562 2153 vestrae
1580 2115 1729 2145 Sanclitati
1750 2114 1935 2153 fignificamus
1953 2124 2000 2152 per
2023 2114 2189 2153 Praesentes,
2208 2126 2253 2153 ut,
2271 2117 2351 2154 quod

1298 2152 1331 2182 ad
1354 2162 1405 2182 vos
1428 2155 1547 2191 pertinet
1567 2154 1597 2183 in
1618 2154 1670 2184 hac
1692 2163 1767 2192 parte
1780 2176 1790 2192 ,
1816 2153 1930 2184 ulterius
1946 2155 2045 2190 exequi
2058 2154 2212 2192 dignemini
2228 2166 2296 2185 cum
2313 2156 2352 2186 fa-

1299 2200 1381 2223 vore.

2377 2046 2452 2075 *X.

2368 2085 2430 2120 287,

1336 2228 1370 2258 In
1385 2230 1464 2267 cujus
1478 2228 1534 2260 Rei
1548 2229 1760 2260 Testimonium
1778 2230 1828 2260 has
1843 2229 1950 2261 Literas
1965 2229 2071 2260 nostras
2085 2229 2214 2261 Parentes
2227 2231 2301 2269 fieri,
2319 2232 2352 2264 ὃς

1300 2267 1401 2304 Magni
1418 2268 1503 2306 Sigilli
1516 2268 1603 2298 nostri
1620 2269 1779 2298 munimine
1794 2268 1912 2299 fecimus
1929 2268 2095 2307 consignati.

1337 2305 1405 2336 Dat.
1422 2307 1452 2335 in
1467 2305 1577 2336 Palatio
1593 2307 1678 2346 nostro
1693 2306 1931 2346 Wstmonasterii,
1949 2307 2122 2337 duodecimo
2133 2307 2178 2337 die
2193 2307 2275 2338 Maii.

1790 2385 1844 2413 Per
1857 2386 1950 2413 Breve
1967 2383 1999 2413 de
2015 2385 2132 2414 Privato
2148 2383 2249 2422 Sigillo.

1432 2514 1479 2545 De
1501 2515 1637 2545 Licentia
1655 2509 1837 2554 construendi
1851 2514 1978 2546 Gaolam
1999 2512 2034 2545 de
2054 2514 2213 2559 Newgate.

1302 2596 1428 2654 REX
1455 2596 1619 2633 Omnibus,
1634 2595 1667 2626 ad
1681 2606 1771 2635 quos,
1787 2597 1847 2627 &e
1865 2597 1998 2628 Salutem.
2371 2609 2435 2640 Am,
2459 2610 2490 2640 D

1393 2635 1490 2665 Sciatis
1505 2634 1584 2671 quod
1595 2658 1604 2672 ,
1623 2635 1659 2665 de
1678 2635 1849 2666 avisamento
1864 2637 1896 2667 ὃς
1912 2636 2016 2666 assensa
2032 2635 2159 2665 Concilii
2175 2636 2276 2675 nostri,
2287 2641 2356 2667 Con-
2399 2632 2500 2688 1433,'

1303 2672 1414 2711 cessimus
1438 2675 1470 2704 &
1488 2673 1645 2703 Licentiam
1661 2674 1802 2711 Dedimus,
1821 2684 1874 2711 pro
1893 2676 1992 2712 nobis,
2008 2676 2040 2704 ὅτ
2056 2674 2224 2705 Haeredibus
2238 2676 2355 2714 nostris,
2377 2692 2405 2715 1,
2437 2672 2453 2714 ’ἶ

1303 2721 1438 2749 quantum
1453 2714 1481 2741 in
1497 2713 1578 2741 nobis
1593 2712 1649 2749 est,
1665 2712 1772 2742 dilectis
1786 2714 1867 2742 nobis
1878 2735 1887 2749 ,
1905 2711 2032 2750 Johanm·
2048 2715 2182 2742 coventre
2198 2737 2207 2751 ,
2225 2714 2355 2753 Johanni
2367 2706 2448 2753 ‘51¹6-
2459 2709 2465 2715 ’

1303 2753 1449 2788 Carpenter
1465 2773 1474 2788 ‚
1498 2749 1626 2788 Johanni
1650 2750 1745 2780 White
1761 2774 1769 2787 ,
1795 2751 1827 2781 &
1851 2751 2000 2781 Willielmo
2021 2754 2112 2780 Grave
2128 2774 2136 2788 ,
2154 2751 2357 2783 Erec-„itoribus
2368 2765 2422 2792 Did
2447 2773 2483 2791 m,

1303 2788 1482 2819 Testamenti
1500 2790 1608 2818 Ricardi
1624 2788 1822 2829 Whityngton,
1840 2799 1928 2826 nuper
1943 2789 2021 2819 Civis
2038 2790 2070 2819 δε
2088 2788 2211 2819 Merceri
2227 2791 2357 2820 Civitatis
2393 2787 2430 2831 ,J

1304 2827 1408 2857 nostrie
1430 2827 1591 2857 Londoniae
1615 2826 1754 2857 Defuneti
1769 2851 1777 2864 ,
1797 2827 1876 2864 qued
1891 2827 1956 2865 ipsi,
1975 2829 2003 2857 in
2020 2826 2275 2864 Complementuiii
2294 2830 2357 2858 ulti-

1303 2875 1361 2896 mae
1377 2865 1535 2896 Voluntatis
1550 2865 1677 2903 praediffi
1690 2866 1815 2903 Ricardi,
1834 2866 1956 2896 Gaolam
1971 2864 2093 2895 nostram
2106 2866 2138 2894 de
2154 2868 2306 2904 Newgate,
2327 2869 2355 2898 in

1304 2903 1427 2935 Civitate
1444 2904 1537 2934 nostra
1553 2904 1701 2941 praedi&a,
1717 2904 1772 2933 unii
1788 2914 1855 2934 cum
1865 2904 1950 2934 Porta
1965 2903 2086 2942 ejusdem
2095 2903 2213 2942 Gnolae,
2232 2905 2359 2936 Proster-

1304 2944 1351 2980 ni,
1371 2944 1403 2974 ὃς
1421 2952 1506 2973 unam
1521 2942 1603 2972 aliam
1621 2942 1744 2972 Gaolam
1760 2941 1943 2972 sufficientem
1958 2941 2081 2980 ibidem,
2101 2952 2168 2972 cum
2184 2943 2268 2974 Bonis
2286 2946 2357 2982 ejus-

1304 2980 1370 3010 dem
1382 2981 1508 3018 Ricardi,
1529 2990 1580 3017 pro
1594 2980 1663 3009 salva
1683 2979 1819 3010 Custodia
1832 2979 2053 3010 Prisonariorum
2070 2980 2231 3012 nostrorum
2247 2984 2278 3013 ὃς
2290 2983 2360 3013 Hae-

1259 3032 1267 3035 -
1304 3020 1404 3049 redum
1419 3019 1600 3055 nostrorum,
1620 3017 1796 3048 Reaedificari
1812 3019 1900 3049 facere
1918 3018 2039 3056 poffint,
2060 3019 2161 3063 absque
2178 3021 2356 3058 impetitione

1306 3057 1412 3095 nostri,
1431 3065 1476 3088 aut
1491 3056 1657 3087 eorumdem
1674 3056 1830 3086 Heredum
1847 3056 2278 3097 nostrorum,Justiciariorum,
2301 3059 2358 3090 Of-

1304 3095 1475 3126 ficiariorum
1489 3118 1498 3133 ,
1524 3095 1568 3124 seu
1590 3093 1792 3124 Ministrorum
1807 3094 1986 3134 nostrorum,
2004 3095 2049 3126 vel
2070 3095 2227 3127 Haeredum
2249 3096 2361 3128 nostro-

1306 3144 1373 3164 rum
1387 3143 1654 3172 quorumcumque,

1341 3172 1508 3211 Conceffimus
1522 3172 1605 3202 etiam
1621 3172 1653 3202 &
1671 3170 1829 3202 Licentiam
1852 3171 1983 3201 Dedimus
1999 3195 2008 3210 ,
2027 3172 2062 3202 de
2076 3173 2247 3203 avisamento
2263 3174 2296 3204 δε
2317 3184 2359 3204 as-

1303 3211 1378 3242 sensu
1395 3211 1535 3250 praedietis
1552 3234 1561 3246 ,
1585 3219 1636 3247 pro
1659 3209 1757 3239 Nobis
1771 3233 1780 3246 ,
1804 3211 1836 3240 &
1852 3210 1932 3240 distis
1947 3210 2120 3241 Haeredibus
2133 3211 2232 3241 nostris
2270 3223 2358 3250 quan-

1305 3259 1367 3280 tum
1385 3250 1414 3279 in
1429 3250 1509 3279 nobis
1524 3248 1580 3285 est,
1598 3248 1704 3278 dilectis
1719 3249 1816 3285 nobis,
1838 3248 1941 3285 Maiori
1957 3250 1989 3280 ὃς
2005 3249 2213 3279 Communitati
2228 3234 2355 3281 Civitatis

1305 3287 1410 3318 nostrae
1422 3287 1577 3324 praedidbe,
1594 3287 1673 3324 qued
1688 3287 1735 3325 ipsi
1751 3296 1850 3316 omnes
1866 3287 2048 3325 Prisonarios,
2066 3287 2134 3316 infra
2147 3287 2270 3318 Gaolam
2287 3299 2359 3326 prae-

1306 3327 1411 3356 diuam
1436 3325 1469 3355 ad
1491 3325 1607 3363 praesens
1629 3324 1777 3355 existentes
1791 3349 1800 3362 ,
1828 3325 2014 3363 Removere,
2042 3327 2076 3357 δε
2098 3327 2157 3355 tam
2174 3327 2251 3365 illos,
2270 3326 2358 3364 qu':m

1305 3375 1404 3395 omnes
1424 3365 1491 3394 alios
1509 3364 1677 3393 Prisonarios
1695 3385 1704 3400 ,
1729 3364 1775 3400 qui
1798 3374 1847 3401 per
1869 3364 2075 3394 Auctoritatem
2099 3365 2241 3402 nostram,
2257 3365 2302 3396 vel
2316 3367 2359 3396 di-

1307 3406 1419 3434 tiorum
1435 3401 1593 3432 l-lreredum
1610 3401 1791 3438 nostrorum,
1810 3401 1958 3432 Custodiae
1972 3403 2026 3432 suae
2045 3402 2079 3431 de
2102 3412 2207 3433 caetero
2222 3406 2359 3434 commit-

1305 3450 1415 3479 tentur,
1436 3443 1463 3471 in
1484 3440 1539 3470 alio
1560 3440 1644 3469 Loco
1668 3438 1859 3470 sufficienti&
1873 3451 2017 3479 congruo,
2036 3441 2105 3471 infra
2120 3440 2272 3473 Civitatem
2289 3452 2360 3478 ptae-

1304 3480 1408 3510 dietam
1419 3501 1428 3516 ‚
1446 3479 1590 3516 quousque
1606 3478 1738 3515 praedicta
1753 3477 1845 3507 Gaola
1860 3479 1894 3508 de
1916 3479 2060 3517 Newgate
2083 3480 2248 3511 reaedificata
2260 3480 2360 3518 fuerit,

1305 3519 1373 3556 poni
1388 3518 1478 3548 facere
1494 3518 1527 3547 &
1540 3515 1673 3546 custodiri
1689 3515 1920 3555 poffint3absque
1934 3519 2111 3554 impetitione
2126 3517 2359 3555 nostri,velHae-

1306 3556 1404 3588 redum
1421 3555 1583 3586 nostrorum
1596 3578 1606 3592 ,
1630 3554 1855 3593 justiciariorum
1871 3578 1880 3592 ‚
1897 3555 2133 3594 Officiafiomm,
2151 3557 2195 3587 seu
2213 3555 2362 3587 Ministro-

1307 3605 1369 3626 rum
1392 3593 1554 3624 nostrorum
1569 3616 1579 3632 ,
1606 3594 1650 3624 vel
1672 3594 1840 3623 eorumdem
1865 3593 2022 3624 Haereduin
2045 3595 2208 3625 nostrorum
2225 3604 2362 3633 quorum-

1309 3643 1441 3670 cumque.

1345 3671 1378 3701 In
1393 3672 1485 3708 cujus,
1504 3670 1563 3700 ὅτε.

1346 3708 1436 3740 Teste
1449 3707 1531 3746 Rege
1543 3706 1615 3745 apud
1631 3705 1900 3747 Wstmonasterium,
1917 3707 2093 3740 duodecimo
2110 3709 2155 3739 die
2170 3708 2254 3739 Maii.

1804 3779 1858 3806 Per
1873 3779 1964 3807 Breve
1980 3778 2012 3807 de
2029 3780 2147 3808 Privato
2160 3777 2259 3815 Sigillo-

1652 3902 1709 3931 Pro
1724 3896 1922 3940 MinistrallIs
1943 3900 2040 3944 Regis.

1314 3988 1364 4041 R
1376 3983 1400 4014 E
1410 3982 1458 4020 X,
1475 3983 1619 4014 Omnibus
1629 4005 1639 4021 ‚
1653 3982 1687 4014 ad
1702 3993 1787 4021 quos,
1805 3984 1866 4014 &a
1885 3981 2019 4012 Salutem.
2382 3957 2509 4035 Αῗῇξ)

1404 4023 1501 4053 Sciatis
1518 4021 1615 4060 quod,
2378 4039 2431 4063 An.
2451 4043 2476 4063 i.

1350 4059 1430 4090 Cum
1444 4082 1454 4098 ‚
1486 4059 1638 4091 carissimus
1659 4059 1804 4089 Dominus
1824 4059 1857 4089 &
1879 4060 1963 4087 Pater
1987 4057 2092 4098 noster,
2117 4063 2179 4091 Rex·
2200 4061 2363 4093 Defunstus
2377 4080 2411 4101 H.
2433 4075 2462 4100 5,

1316 4098 1505 4136 concesserit,
1538 4109 1588 4127 ore
1616 4098 1665 4127 suo
1683 4120 1693 4136 ,
1724 4095 1869 4126 Willielmo
1895 4099 2025 4134 Langton
2041 4120 2051 4136 ‚
2085 4098 2232 4129 Willielmo
2255 4099 2366 4138 Marfh-
2386 4112 2447 4140 [bl-d,

1794 4172 1832 4203 M
1854 4181 1868 4211 3
2308 4138 2422 4207 ἔξω.
2439 4149 2483 4178 ιε,
