2562 4274
784 197 894 239 ET
977 200 1242 241 ACTA

71 280 73 282 ’
109 293 136 314 n.
152 281 193 313 D.
251 285 356 316 vais.
373 282 457 315 viiid.

59 285 163 359 Aga&
247 323 286 354 Et
303 335 318 355 a
334 321 430 361 Jakke
447 321 579 352 Travaill
591 320 629 357 ό,
658 333 683 352 es
706 325 908 361 Compaignonr,
925 321 1022 353 feisans
1040 322 1159 353 diverses
1178 323 1262 362 jeucs

62 366 123 391 Hm.
139 363 167 388 6.
210 362 244 393 ὃς
252 361 445 430 ἐζηῑῐεῐυάεε,
462 360 577 392 dedeins
594 361 621 391 le
663 360 720 392 este
734 361 770 392 de
789 360 896 398 Noell,
913 359 1015 393 devant
1034 360 1128 392 nostre
1145 361 1186 392 dit
1202 362 1262 393 Sire

207 401 235 432 le
283 401 332 437 oi,

246 438 281 469 Iv
298 438 344 468 lib.

245 476 283 507 Et
298 486 326 506 as
344 484 432 506 autres
450 475 556 514 Jeweis
571 476 603 505 de
618 475 772 516 Abyndon‚
794 476 905 507 feisantz
922 484 1012 507 autres
1029 475 1195 508 Eutreludes
1213 476 1263 508 de-

207 514 288 547 deins
306 514 331 546 le
350 514 392 546 dit
410 514 492 546 Feste
509 515 546 545 de
563 513 664 552 Noe1,

236 551 315 588 ,XX
324 551 377 591 sol.
1090 592 1095 597 ²
1175 593 1179 597 ι

243 589 293 627 En
310 599 374 625 tout
974 590 1047 622 xuil.
1067 602 1124 623 vis.
1143 593 1226 622 virid.

247 667 360 700 ΙτεΜ
404 669 472 697 Paie
490 676 542 704 pur
560 665 598 696 les
616 665 785 698 Offerandes
800 667 836 697 du
852 669 902 697 Roi
922 666 1063 705 (assavoir)
1085 679 1121 699 en
1140 669 1164 699 le
1183 668 1265 699 Feste

209 705 247 737 de
262 705 343 738 Seint
357 690 484 750 ¹iliidward
493 721 504 743 ‚-

247 743 313 776 Vis.
334 743 414 775 vind.

248 781 294 814 Le
304 782 377 821 Jour
394 781 431 811 de
449 780 590 820 impune,

245 819 285 850 Vi
292 831 314 849 s.
333 820 413 850 viiid.

246 856 285 888 Et
301 857 416 889 dedeins
434 857 549 890 I'Abbei
568 858 599 887 de
619 857 776 897 Wltham‚
801 869 817 890 a
832 858 905 890 sonu
923 867 998 890 venu
1016 859 1124 898 jusques
1141 871 1157 892 a
1175 859 1265 892 Hert·-

207 894 294 934 ford,
312 907 364 934 pur
382 897 433 929 son
450 896 607 934 Offerand,

246 934 314 965 Vis.
332 935 380 965 viii
387 936 416 965 d.

242 972 291 1004 En
310 982 374 1005 tout

244 1048 290 1081 IT
300 1057 374 1087 ΕΜ,
389 1051 485 1079 Donne
503 1060 521 1078 a
537 1051 621 1078 Deux
639 1051 765 1079 Hommes
782 1047 819 1078 de
835 1048 940 1079 l'Abbe
957 1048 994 1080 de
1011 1049 1157 1082 Waltham
1167 1074 1176 1090 ,
1193 1051 1264 1082 este-

207 1096 276 1120 antz
292 1097 367 1120 ovec
385 1087 481 1119 nostre
500 1091 557 1117 Sire
572 1087 597 1117 le
616 1090 665 1127 Roi
682 1097 757 1118 ovec
778 1097 834 1117 une
850 1087 966 1125 Couple
982 1088 1030 1119 des
1049 1087 1189 1128 Chivalx,
1215 1101 1266 1128 pur

209 1127 316 1195 {z-Iarierfo
328 1126 366 1195 Ιὲε
392 1127 524 1158 Femmes
542 1125 581 1156 du
606 1127 667 1156 Roi
694 1136 730 1156 en
756 1136 812 1156 une
837 1125 942 1156 Chaire
965 1126 1001 1157 de
1026 1126 1140 1158 Eltham
1155 1129 1266 1167 jusques

244 1175 284 1195 ert
319 1177 330 1196 r
357 1189 366 1203 ,

247 1203 315 1234 Vis.
334 1204 383 1242 viij
390 1203 417 1233 d.

245 1241 282 1273 Et
308 1253 325 1273 a
351 1242 454 1272 Robert
474 1241 635 1281 Atkynfime
648 1265 657 1279 ,
684 1250 737 1278 pur
761 1239 860 1271 Carier
878 1240 916 1271 les
934 1241 1062 1277 Organes
1080 1242 1212 1273 Portatiss
1229 1243 1267 1274 du

206 1278 278 1320 Roy
304 1290 352 1319 par
376 1279 495 1311 diverses
516 1280 590 1311 foitz
614 1290 629 1310 a
655 1279 712 1310 Pee
737 1279 877 1318 (affavoir)
901 1280 938 1310 de
956 1280 1134 1319 NVyndesore
1156 1283 1268 1320 Jusques

206 1317 323 1350 Eltham
336 1317 371 1350 ὃ(
387 1318 423 1350 de
439 1318 554 1350 Eltham
570 1317 679 1358 jusques
691 1318 849 1356 Herfford,

247 1357 313 1388 Vis.
331 1359 380 1389 viii
387 1358 415 1389 d.

245 1395 291 1427 En
309 1406 371 1428 tout

1165 984 1227 1005 XXX.

1074 1396 1147 1426 xiiis.
1166 1397 1193 1427 iv
1202 1396 1229 1425 d.

245 1472 315 1505 1⁹1⁴ss
326 1481 370 1511 M,
389 1475 503 1511 Daune,
520 1482 568 1512 par
587 1471 852 1502 Commandement
869 1469 907 1500 du
928 1469 995 1509 Roy
1009 1494 1019 1507 ,
1036 1480 1051 1500 a
1070 1470 1169 1510 Grzfill
1180 1472 1265 1502 Beal-

207 1511 297 1550 hap,
314 1512 481 1542 demouraut
496 1521 571 1542 ovec
588 1511 613 1541 la
633 1513 721 1540 Dame
738 1510 770 1539 de
785 1509 931 1547 Boutiller,
951 1519 986 1539 en
1002 1511 1059 1539 Une
1073 1510 1160 1539 Coller
1175 1511 1266 1541 d'Ar-

204 1558 271 1587 gent
289 1550 310 1579 d
318 1554 424 1588 Orrez,
442 1550 473 1579 de
481 1550 518 1590 J2²
534 1553 654 1586 Livere,
672 1549 732 1579 Pris
746 1548 812 1578 xiis.

245 1588 282 1619 E:
301 1599 316 1619 a
333 1588 427 1627 Phelip
444 1589 596 1628 Cowerley,
614 1587 781 1617 demourant
797 1595 872 1616 ovec
888 1584 912 1614 le
924 1588 989 1615 Fitz
1007 1585 1052 1615 del
1069 1590 1169 1616 Counte
1183 1587 1267 1617 d’Or-

206 1627 318 1665 mound,
336 1638 369 1656 en
389 1630 447 1656 Une
465 1626 541 1656 Coler
558 1627 717 1664 d'Argent,
734 1626 766 1654 de
775 1624 812 1664 βε
830 1627 950 1659 Limre,
970 1623 1030 1653 Pris
1054 1626 1111 1654 vis.
1129 1626 1176 1654 viii
1187 1627 1213 1654 d.

245 1665 283 1696 Et
301 1676 316 1695 a
338 1665 438 1695 Robert
461 1664 637 1704 W’fi’stham,
651 1662 732 1701 John
748 1660 860 1701 Baffi’t‚
878 1662 912 1692 &
930 1661 1043 1690 Thomas
1062 1663 1263 1703 Braulzsl‘vath,

207 1703 332 1735 esteantz
349 1713 425 1733 ovec
445 1702 468 1731 Ie
487 1706 545 1732 Sire
564 1703 599 1731 du
616 1705 701 1738 Roos,

245 1741 323 1771 Phelr·
355 1741 387 1770 de
403 1740 583 1781 Chetewynd‚
601 1738 682 1778 John
696 1737 816 1777 Shirley,
833 1747 908 1768 ovec
927 1737 950 1767 le
971 1741 1057 1767 Count
1077 1739 1108 1768 de
1128 1741 1266 1779 VVarwik,

242 1783 285 1810 W
285 1779 309 1809 il
319 1784 375 1809 iam
389 1778 501 1819 Ingulby
512 1802 520 1816 ,
539 1780 572 1809 &
590 1788 604 1807 a
623 1776 747 1815 Efinond
762 1776 787 1805 le
801 1779 867 1805 fitz
884 1777 915 1806 de
927 1776 1010 1814 John
1026 1779 1161 1817 Puryent‚

244 1819 271 1848 A
294 1818 416 1849 chascun
436 1817 518 1885 {eux
536 1819 593 1846 Une
611 1814 699 1845 Coller
716 1815 874 1854 d'Argent‚
906 1815 938 1845 de
946 1814 984 1854 fh
1003 1818 1107 1846 Livere
1124 1840 1134 1854 ‚
1159 1816 1222 1848 Pris
1240 1817 1265 1848 le

208 1855 285 1886 Pece
302 1858 360 1887 vis.
380 1857 427 1887 viii
457 1877 465 1885 .

243 1894 289 1924 En
302 1902 364 1925 tout
1083 1892 1131 1924 lxv
1138 1903 1158 1922 s.
1175 1894 1229 1932 4d.

242 1968 287 2000 ΙΤ
298 1979 316 2000 Ε
326 1979 351 2000 Μ
361 1994 370 2009 ,
390 1981 405 2001 a
427 1969 509 2008 John
529 1971 670 2007 Hampton
686 1991 695 2007 ‚
718 1967 826 1998 Gilbert
840 1969 942 2006 Parre,
958 1967 1085 1999 Escuiers
1099 1969 1212 2000 Ustiers
1226 1970 1264 2001 du

80 2007 97 2021 ⁸
120 2007 157 2037 X„
205 2007 352 2039 Chambre
377 2012 474 2039 nostre
492 2008 533 2038 dit
553 2009 571 2027 ³¹³
591 2011 648 2038 Sire
667 2006 691 2038 le
709 2011 758 2038 Roi
777 2029 787 2045 ,
810 2008 845 2038 &
869 2016 896 2036 as
915 2016 1003 2037 autres
1019 2008 1167 2046 Varlettz,
1190 2012 1264 2038 Gar-

57 2044 124 2081 388.
204 2051 275 2077 cions
290 2071 300 2085 ,
325 2049 358 2079 &
386 2050 468 2085 Pages
492 2047 531 2076 du
557 2046 598 2077 dit
614 2046 760 2076 Chambre
778 2045 875 2076 nostre
893 2045 1029 2076 Soverain
1047 2046 1106 2076 Sire
1120 2048 1264 2086 avantdit,

199 2094 253 2124 pur
264 2086 310 2155 ξς
322 2090 429 2125 Guges,
443 2085 546 2116 dehors
563 2086 589 2115 la
608 2083 720 2123 Court,
736 2084 861 2115 esteantz
877 2085 1008 2123 aderere,
1026 2085 1125 2153 judsque
1141 2086 1264 2154 aogm-

207 2135 254 2155 me
292 2135 308 2155 e
1070 2133 1124 2154 vis.
1144 2134 1191 2154 vin
1220 2148 1226 2154 .

242 2200 315 2232 ῙΤΕ
326 2209 371 2239 M,
390 2202 457 2231 Paie
473 2211 489 2231 a
507 2199 635 2230 William
650 2203 780 2239 Reigate,
797 2209 850 2238 pur
869 2199 894 2230 le
916 2199 1024 2230 Facion
1041 2198 1076 2230 de
1096 2203 1180 2229 Deux
1197 2204 1263 2231 Sen-

203 2251 259 2270 cers
276 2241 436 2279 d’Argent,
452 2239 488 2271 de
505 2241 672 2271 novelment
690 2240 775 2277 sauz,
795 2240 828 2270 &
845 2238 882 2268 de
899 2248 960 2270 tout
976 2238 1142 2268 novelment
1158 2249 1263 2269 ennor-

203 2287 268 2316 rez,
290 2280 415 2316 poisantz
429 2279 468 2309 du
484 2278 578 2308 Troie
595 2288 631 2308 en
648 2285 712 2309 tout
728 2275 796 2309 viil.
813 2279 831 2307 ii
851 2277 932 2308 Une.
950 2276 1011 2306 Pris
1031 2276 1076 2307 del
1098 2276 1208 2308 Facion
1227 2278 1262 2309 de

203 2317 325 2385 chiisclun
343 2316 455 2348 l'Unce
470 2327 544 2348 ovec
562 2317 734 2347 l'endorrure
750 2316 815 2348 xxiv
823 2326 844 2346 5.

257 2365 272 2385 x
294 2380 300 2385 .
320 2365 387 2386 xus.

242 2394 281 2424 Et
303 2404 355 2431 pur
377 2394 418 2424 vi.
437 2393 522 2424 Une.
537 2392 678 2433 rd’Argent
696 2391 776 2423 bruse
792 2415 802 2430 ,
818 2402 881 2433 mys
895 2402 924 2423 es
943 2391 1003 2423 ditz
1020 2392 1106 2424 Deux
1125 2392 1263 2432 Sencers,

205 2441 261 2471 que
280 2433 387 2470 poisent
402 2431 473 2470 pluis
491 2432 569 2470 qu'ils
587 2442 623 2463 ne
643 2431 723 2462 firent
739 2431 858 2470 devant,
873 2432 949 2463 xvir.
1170 2471 1194 2476 ..

242 2471 290 2502 En
305 2479 368 2502 tout
1084 2469 1128 2500 xl.
1147 2472 1227 2502 vriis.

243 2546 290 2578 IT
301 2556 357 2578 EM
372 2570 381 2585 ‚
400 2546 484 2585 sount
508 2547 578 2576 duez
593 2569 602 2585 ,
627 2555 642 2577 a
658 2545 740 2584 John
758 2549 824 2576 Fitz
841 2545 942 2575 Robert
954 2568 964 2584 ,
983 2556 1035 2584 pur
1058 2547 1082 2577 la
1103 2547 1210 2579 Facion
1228 2550 1262 2580 &

204 2584 355 2616 Garniture
381 2585 428 2615 des
447 2585 567 2615 Helmes
582 2607 592 2622 ‚
620 2585 704 2614 Vices
716 2607 726 2623 ,
745 2584 863 2622 Vestes,
882 2585 1001 2623 matres,
1019 2587 1052 2616 &
1073 2596 1126 2623 pur
1145 2587 1264 2618 Chaun-

202 2631 253 2662 ger
277 2625 323 2654 lez
344 2625 447 2654 Armes
473 2623 521 2654 des
549 2623 729 2654 Eicocheons
753 2633 789 2653 en
808 2623 965 2654 semblance
984 2626 1030 2653 des
1049 2624 1150 2655 Armes
1169 2626 1264 2656 nostre

202 2666 261 2692 Sire
279 2663 303 2692 le
320 2666 388 2699 Roi,
405 2662 441 2692 de
459 2661 627 2692 novelment
641 2662 709 2692 faitz
722 2661 765 2692 sur
779 2671 834 2691 une
847 2662 1003 2692 Almesdish
1017 2663 1157 2702 d'Argenr
1174 2664 1263 2694 d'Or-

202 2710 272 2739 rez,
289 2700 395 2731 esteant
413 2701 455 2730 sur
476 2699 562 2730 Deux
580 2700 661 2730 Roes
679 2700 816 2738 d'Argent
835 2701 936 2738 parcell
951 2700 1102 2731 Ennorrez
1117 2726 1126 2740 ,
1144 2705 1261 2734 achaten

203 2739 252 2769 des
270 2739 446 2770 Executours
462 2738 508 2771 del
527 2739 695 2769 Testament
714 2739 758 2768 del
773 2739 839 2768 Duk
854 2739 1011 2778 d’Excest-re
1022 2764 1031 2776 ,
1048 2740 1104 2769 xlx.

235 2777 274 2807 ‘Et
297 2787 350 2815 pur
374 2778 553 2809 1³Endorrure
576 2778 624 2808 des
649 2778 708 2808 ditz
732 2778 812 2808 Roes
828 2801 837 2815 ,
855 2779 888 2809 &
908 2787 998 2808 autres
1015 2778 1148 2816 parcelles
1164 2778 1203 2811 du
1222 2779 1262 2810 dit

204 2815 380 2853 Almesdish,

241 2854 327 2884 Liiis.
343 2856 375 2884 iv
382 2853 408 2882 d.

241 2892 280 2923 Et
296 2903 350 2931 pur
368 2894 387 2923 ii
407 2892 487 2923 Une.
505 2891 643 2931 d’Argent
661 2893 742 2924 brusc
757 2916 767 2932 ,
784 2902 846 2932 mys
858 2904 892 2924 au
909 2892 949 2924 dit
967 2902 1106 2932 overage,
1125 2894 1187 2924 Pris
1202 2896 1261 2926 vis.

204 2931 290 2963 viiid.

238 2968 273 3000 Iv
282 2969 301 3000 l.
319 2970 377 3000 vit.
397 2970 444 3000 viii
452 2969 478 2998 d.

239 3007 278 3038 Et
293 3018 349 3038 une
359 3016 436 3038 autre
450 3008 522 3038 foitz
536 3017 589 3044 pur
606 3007 743 3038 Tourner
760 3007 798 3037 les
816 3007 878 3037 ditz
893 3007 979 3038 Deux
998 3008 1078 3038 Roes
1094 3007 1132 3038 du
1150 3008 1190 3039 dit
1211 3009 1263 3039 Al-

204 3045 375 3079 mesdissien
394 3055 472 3077 autre
490 3046 623 3085 Overage
638 3070 648 3083 ,
665 3048 698 3077 ὃς
715 3046 792 3075 d'ent
811 3046 876 3076 faire
892 3056 947 3077 une
965 3048 1052 3085 grand
1070 3047 1118 3077 bas
1137 3047 1193 3077 Pee
1209 3058 1261 3086 pur

203 3084 231 3113 le
245 3084 286 3115 dit
304 3084 482 3123 Almesdissi,
497 3094 548 3122 pur
570 3085 711 3121 l'overage
726 3086 758 3116 ὃς
777 3085 935 3115 l’enoorrue
953 3084 1011 3115 ivl.

237 3121 280 3165 gEt
298 3132 350 3166 pur
370 3133 408 3153 un
426 3123 473 3153 lib.
491 3125 527 3154 de
545 3123 637 3155 Troie
655 3124 795 3161 d'Argent
813 3124 896 3153 bruse
915 3132 974 3163 mys
989 3133 1004 3153 a
1019 3124 1045 3154 16
1062 3123 1102 3155 dit
1117 3134 1238 3164 overage
1251 3149 1261 3163 ‚

203 3169 258 3200 pris
276 3163 376 3192 xxxris.

241 3198 339 3229 Cxiis.

239 3236 286 3268 En
305 3245 368 3269 tout
957 3239 985 3268 ix
993 3238 1012 3268 Ι.
1031 3240 1124 3269 xviiis.
1140 3241 1189 3270 viii
1197 3241 1224 3270 d.

242 3312 290 3344 IT
303 3321 358 3344 ΕΜ
375 3337 385 3350 ,
405 3314 471 3342 Paie
490 3322 541 3351 pur
560 3312 719 3344 l'Offerand
736 3315 771 3344 du
787 3317 838 3344 Roi
856 3337 866 3353 ,
893 3325 909 3344 a
922 3314 997 3354 Jour
1016 3315 1052 3345 de
1070 3316 1095 3346 la
1110 3316 1262 3347 Chaunde-

203 3350 295 3391 leure,
314 3351 521 3385 enl'Onneure
538 3352 574 3381 de
590 3353 684 3382 nostre
702 3351 797 3382 Dame
815 3353 896 3383 xxxiii
905 3365 926 3383 s.
946 3355 971 3384 iv
983 3354 1010 3383 d.

241 3390 276 3419 Et
302 3401 354 3428 pur
377 3390 448 3420 soun
477 3389 634 3420 Offerande
657 3401 671 3420 a
695 3400 751 3420 une
769 3390 864 3421 Messe
883 3392 919 3421 de
937 3392 1081 3429 Requiem
1099 3416 1108 3430 ,
1128 3392 1260 3424 Chaunte

203 3428 295 3496 pugile
311 3431 376 3458 *Duc
392 3429 425 3459 de
444 3428 611 3468 lancastre,
629 3429 655 3458 16
676 3428 783 3467 Qatre
795 3428 869 3467 Jour
886 3430 922 3460 de
941 3432 1060 3461 Feverer
1077 3442 1134 3462 vis.
1144 3433 1224 3463 viiid.

269 3477 288 3497 n
305 3475 369 3498 tout
1168 3471 1224 3501 xlx.

972 3544 1052 3575 Sum.
1071 3554 1123 3578 tot.
1160 3546 1196 3576 ll.
1212 3549 1229 3577 ii
1238 3559 1259 3577 π.

202 3622 421 3675 HEnrss'pm
440 3619 465 3650 la
483 3618 579 3670 (yjrace
595 3619 632 3650 de
649 3619 740 3657 Dieu,
758 3621 814 3659 Ray
831 3619 1019 3667 d'Ersgleterre
1037 3620 1075 3655 &
1095 3623 1127 3651 de
1140 3625 1240 3652 France
1251 3647 1260 3661 ‚

276 3660 309 3689 &
328 3662 452 3703 Setgneur
470 3657 492 3688 d
501 3656 615 3696 Irland,
633 3657 672 3688 As
686 3658 820 3689 Trelorer
839 3658 871 3689 &
883 3657 1099 3690 chamberlems
1114 3662 1149 3690 (16
1165 3662 1261 3692 nostre

204 3693 335 3766 Esilfggg
338 3696 531 3774 1113ῙῇὲῖΖῶ
550 3733 670 3765 l'Affent
686 3734 723 3764 de
739 3734 837 3765 nostre
854 3733 987 3765 Counsail
1001 3758 1011 3773 ,
1029 3737 1062 3766 &
1079 3746 1149 3766 vous
1168 3736 1257 3767 Man-

203 3769 275 3801 dons
299 3783 355 3811 que
371 3800 381 3814 ,
406 3785 458 3812 pur
483 3774 522 3803 les
539 3772 640 3803 Causes
654 3797 664 3810 ,
689 3782 725 3802 en
743 3783 798 3803 une
816 3772 926 3803 Cedule
940 3797 949 3812 ,
974 3775 1064 3812 quelle
1082 3775 1170 3805 Nous
1187 3786 1259 3806 vous

201 3811 340 3842 envoions
353 3815 445 3844 closez
459 3812 544 3843 deinz
559 3811 682 3850 ycestes‚
697 3811 868 3849 especifiees,
884 3812 962 3842 facez
971 3814 1043 3850 paier
1057 3824 1072 3843 a
1089 3814 1184 3843 nostre
1196 3824 1259 3844 ame

203 3847 345 3879 Serviteur
359 3873 369 3889 ‚
390 3851 488 3889 Johan
508 3849 645 3890 Merston,
664 3851 776 3888 gardein
794 3850 830 3880 de
851 3859 909 3880 noz
923 3850 1051 3889 Joiaulx,
1071 3853 1108 3881 les
1125 3852 1258 3884 Sommes

201 3887 238 3957 gg
257 3886 410 3957 Ξὲῗὲξὲεέ
425 3888 577 3961 ἓέἀῌὲεῑ
590 3911 600 3926 ,
623 3899 640 3919 a
657 3888 757 3944 ceq'il
775 3887 832 3926 dit,
849 3888 944 3919 selonc
960 3888 1067 3921 l’effect
1085 3894 1118 3922 ὃς
1137 3900 1257 3929 purport

238 3961 321 3993 Don.
346 3964 415 3995 seuz
440 3966 534 3996 nostre
551 3964 634 3995 Prive
652 3962 714 3996 Seal
731 3975 746 3996 a
762 3964 871 4004 Wstm.
887 3965 914 3996 le
929 3965 966 4004 xij
981 3966 1049 4005 jour
1064 3966 1101 3998 de
1119 3966 1238 3999 Feverer
1249 3992 1259 4007 ,

200 3998 268 4032 1⁵An
285 4001 321 4032 de
339 4002 434 4034 nostre
452 4003 555 4044 Regne
569 4003 667 4035 Sisme.

1323 199 1789 246 PUBLICA.
2303 223 2376 264 133

2235 335 2353 338 -*-*
2380 316 2508 353 Ann.D.

2395 361 2481 398 1428.

2376 403 2442 428 Hen.
2457 401 2484 427 6.

1582 378 1674 421 Super
1694 374 1830 419 Custodia
1847 378 1940 409 Ducis
1958 375 2085 411 Burbon.

1305 456 1447 516 PLeaft
1469 469 1504 487 au
1529 461 1585 499 Roy
1611 459 1707 490 nostre
1725 458 1914 492 Tresredoute
1931 462 1965 492 &
1981 461 2135 494 souverain
2154 462 2293 502 Seignur,
2310 466 2357 502 par
2374 467 2425 491 An.
2442 465 2470 491 6.

1371 505 1427 525 avrs
1446 496 1481 525 de
1497 497 1533 527 les
1549 498 1675 537 tressages
1692 498 1736 529 Sei
1778 510 1821 529 urs
1839 499 1875 530 de
1895 500 1989 530 vostre
2008 500 2159 541 Counseil,
2177 504 2267 533 aiantz
2283 513 2356 532 con·-
2373 507 2407 529 H.
2428 503 2456 529 6-

1306 533 1451 564 fideration
1480 544 1496 564 a
1522 535 1559 565 les
1585 536 1692 572 grandz
1747 537 1877 574 oustages
1902 539 1934 569 &
1964 539 2124 578 ExpenseS,
2147 550 2240 578 queux
2257 540 2356 579 Johan
2377 545 2449 567 Penes

1307 574 1367 601 Duc
1385 573 1417 602 de
1434 571 1559 612 Bedford
1571 575 1604 604 ad
1623 584 1676 604 euz
1693 577 1725 606 ὃς
1744 576 1871 606 litllenuz
1885 598 1894 612 ,
1916 579 1949 607 &
1970 587 2095 616 umore,
2115 580 2150 609 de
2165 579 2238 618 Jour
2257 590 2293 610 en
2307 590 2355 609 au—
2374 578 2464 605 Cleric-

1306 617 1348 640 tre
1363 635 1372 647 ,
1398 611 1531 649 susteigne
1556 622 1591 642 en
1619 612 1746 643 Gardant
1762 636 1772 651 ‚
1797 614 1835 644 du
1860 613 2111 647 Comaundement
2126 618 2161 648 de
2181 629 2250 648 vous
2269 619 2301 648 ὃς
2320 618 2357 648 de
2375 617 2434 643 Pell.

1308 649 1403 678 vostre
1421 649 1462 680 dit
1481 649 1618 680 Counseil
1633 674 1643 689 ,
1668 651 1692 680 le
1711 655 1772 681 Duc
1788 652 1820 681 de
1839 652 1949 682 narbon
1966 654 2060 685 vostre
2078 655 2223 695 prisoner,
2242 656 2358 687 Graun-

1309 695 1351 716 ter
1380 688 1486 718 Lettres
1513 689 1618 719 deso-uz
1644 689 1738 720 vostre
1763 690 1845 721 Prive
1870 690 1930 721 Seal
1948 715 1958 729 ,
1982 692 2101 723 directes
2125 704 2153 724 as
2171 695 2308 725 Tresorer
2325 696 2359 725 &

1309 725 1522 757 Chamberlains
1536 727 1571 757 de
1587 728 1683 758 vostre
1700 728 1887 767 Eschequier,
1906 739 1958 760 eux
1976 730 2215 771 Comaundantz,
2230 743 2279 771 par
2293 733 2363 764 icel-

1309 763 1348 793 les
1362 787 1370 802 ,
1390 765 1425 794 de
1444 766 1516 802 paier
1535 776 1568 796 au
1585 766 1625 796 dit
1644 770 1705 796 Duc
1721 767 1754 795 de
1773 766 1896 806 Bea'ford
1911 791 1920 805 ‚
1938 768 1976 798 du
1998 768 2075 807 Vynt
2091 771 2125 800 ὃς
2140 781 2219 808 quart
2233 772 2306 810 Jour
2325 773 2361 802 de

1311 801 1397 846 Μαι-Ζ
1415 802 1522 833 darrein
1541 805 1634 842 passez
1651 828 1661 843 ,
1688 804 1766 844 Vynt
1785 805 1892 836 Souldz
1914 807 1940 835 16
1955 805 2029 844 Jour
2045 818 2094 846 pur
2110 809 2147 838 les
2166 809 2305 848 Expenses
2322 812 2362 841 du

1308 840 1349 870 dit
1366 843 1426 870 Duc
1443 843 1475 871 de
1493 843 1620 881 Burbon,
1638 853 1686 881 par
1704 853 1816 873 manere
1834 853 1920 873 come
1937 846 2014 875 avoir
2029 846 2063 876 &
2084 847 2151 884 prist
2164 848 2267 878 Nichol
2277 852 2362 878 Mon-

1304 889 1410 918 gomery
1437 879 1569 911 Chivaler
1593 891 1646 918 pur
1668 882 1692 911 la
1715 881 1812 911 Garde
1832 882 1952 912 d’icellui
1966 906 1976 919 ,
2000 883 2057 914 due
2073 885 2108 914 de
2120 885 2194 923 J0ur
2212 896 2248 916 en
2266 895 2363 927 autre,

1309 926 1367 947 tant
1385 927 1472 949 come
1487 918 1513 948 le
1530 918 1572 949 dit
1588 922 1650 948 Duc
1667 920 1699 950 de
1716 919 1840 959 Beaford
1853 920 1910 950 enfi
1925 930 2007 951 avera
2023 921 2062 953 lui
2080 933 2117 952 en
2134 923 2160 954 sa
2176 923 2280 956 Garde.

1309 998 1349 1025 H.
1364 995 1519 1038 Glaucessre.
1855 1002 1895 1030 H.
1914 1002 2044 1040 Stafflrd.

1310 1037 1349 1065 H.
1368 1039 1500 1066 cantuar.
1854 1043 1879 1069 R
1904 1038 1929 1069 le
1949 1041 2118 1079 Bourgchier.

1309 1073 1345 1112 J.
1364 1074 1449 1104 Ebor.
1466 1078 1547 1105 Cane.
1854 1078 1885 1115 ‘'s‘.
1902 1078 2024 1110 Bathon.

1309 1115 1351 1142 D.
1366 1113 1488 1143 London.
1855 1119 1942 1154 Scrop.

1308 1152 1343 1179 P.
1362 1150 1453 1180 Elien.
1856 1156 1961 1193 Typtot.

1310 1191 1341 1218 T.
1357 1189 1504 1232 Salrsbury.

1348 1269 1436 1300 Dors.

1346 1311 1454 1338 Decimo
1472 1309 1585 1349 Qarto
1604 1312 1658 1338 Die
1675 1310 1830 1348 Februarii,
1849 1313 1935 1341 Anno
1942 1311 2026 1351 fixto
2041 1337 2052 1352 ,
2075 1315 2152 1353 apud
2165 1310 2366 1357 Wstmonaste-

1309 1349 1378 1375 rium
1393 1370 1402 1384 ,
1427 1346 1549 1385 Conreffiz
1567 1346 1630 1386 fuit
1643 1348 1757 1385 praesens
1772 1348 1930 1387 Supplicatio
1951 1360 1982 1381 ut
2017 1356 2100 1382 exitur
2114 1375 2124 1392 ,
2143 1353 2181 1388 ὢν
2200 1357 2365 1387 Warantum

1310 1385 1488 1424 Thesaurario
1504 1386 1542 1421 ό
1561 1389 1721 1416 camerariis
1739 1387 1772 1416 de
1787 1392 1919 1418 Scaccario
1934 1390 1966 1419 de
1973 1359 2108 1429 [οὕνεκά
2126 1399 2156 1422 ut
2173 1396 2203 1423 in
2212 1393 2316 1432 firma.

1723 1463 1742 1482 ἦ*
1762 1464 1962 1504 Praesentibus,
2404 1474 2421 1491 θ
2439 1468 2481 1501 x}

1310 1537 1463 1578 Dominis,
1859 1540 1939 1571 Staff.
2388 1513 2453 1550 389·

1309 1577 1417 1608 Glouc.
1858 1580 1917 1609 Sar.

1309 1614 1399 1646 Cant.
1858 1618 1960 1656 Scrop.

1308 1653 1397 1685 Ebor.
1417 1652 1507 1685 Canc.
1856 1656 1971 1694 Tiptot.

1310 1692 1448 1724 London.
1856 1693 2052 1734 Hungerford.

1308 1730 1398 1761 Elien.
1857 1732 1991 1763 Theiaur.

1308 1769 1429 1800 Bathon.
1857 1772 1899 1800 Et
1916 1771 2047 1803 Custode
2066 1771 2169 1805 Privati
2185 1773 2281 1815 sigilli.

1308 1908 1358 1940 De
1374 1905 1467 1951 fhlvo
1494 1904 1647 1940 condutta
1665 1918 1719 1953 pro
1751 1907 1893 1954 Johanne
1918 1910 2031 1944 Ledrzle
2045 1939 2055 1954 ‚
2079 1923 2166 1959 penes
2179 1914 2368 1961 praeftntiam

1584 1953 1734 2002 Magistri
1751 1955 1787 1990 de
1802 1958 1895 1992 Rories
1905 1960 2084 2005 profeant-o.

1307 2049 1396 2109 RE
1407 2047 1454 2088 X,
1473 2060 1522 2088 per
1539 2049 1644 2079 Literas
1662 2049 1718 2080 suas
1736 2049 1880 2089 Parentes,
1896 2062 1946 2092 per
1964 2053 2070 2084 Unum
2089 2054 2207 2086 Annum
2225 2058 2363 2094 proxime>
2387 2044 2463 2075 Arm·
2477 2045 2519 2076 D·

1381 2089 1508 2119 futurum
1518 2089 1802 2127 duraturas,suscepit
1817 2092 1846 2119 in
1861 2090 1967 2121 salvum
1980 2094 2012 2123 &
2027 2094 2156 2124 securum
2173 2093 2364 2127 Conductum
2407 2085 2493 2121 ¹4²3·

1302 2128 1388 2157 suurn
1403 2150 1414 2166 ,
1438 2137 1471 2158 ac
1487 2129 1516 2157 in
1536 2127 1751 2157 Protec'tionem
1767 2152 1777 2166 ,
1804 2129 1975 2160 Tuitionem
1990 2155 1999 2168 ,
2023 2132 2057 2162 ὃ(
2083 2131 2290 2164 Defenfionern
2309 2136 2365 2166 suas
2385 2127 2437 2150 An.
2453 2126 2482 2151 ⁶·

1307 2166 1449 2204 speciales,
1467 2164 1627 2204 Johannem
1643 2165 1675 2195 de
1692 2166 1796 2195 Ledale
1815 2166 1850 2197 de
1866 2167 1971 2207 Regno
1989 2170 2095 2200 Scotiae
2114 2171 2318 2211 Armigerum,
2336 2175 2365 2203 in
2385 2167 2420 2190 H.
2438 2164 2464 2193 ⁶³

1308 2204 1415 2244 Regno
1433 2205 1524 2242 Regis
1542 2205 1653 2244 Angliae
1670 2205 1704 2234 ad
1722 2205 1840 2242 praesens
1858 2207 2023 2238 existentem
2038 2231 2048 2246 ,
2073 2218 2105 2239 ac
2131 2209 2216 2240 Duos
2235 2211 2366 2242 Servien·
2385 2205 2452 2229 ‘5³⁰²'
2473 2202 2501 2227 5·

1303 2251 1348 2273 -tes
1365 2244 1428 2273 suos
1444 2244 1475 2272 in
1491 2242 1640 2273 Comitiva
1658 2243 1721 2280 sua,
1739 2253 1854 2274 necnon
1874 2244 1992 2284 Equos,
2008 2245 2088 2276 Bona
2103 2270 2112 2285 ,
2139 2247 2218 2285 Res,
2236 2250 2270 2280 &
2287 2249 2366 2281 Her·
2386 2240 2519 2273 H·⁶·⁷⁷¹‘5'

1308 2281 1382 2312 nesia
1397 2281 1445 2311 sua
1462 2282 1537 2311 licita
1555 2291 1763 2320 quaecumque,
1783 2282 1887 2313 ibidem
1904 2285 2045 2315 morando
2070 2286 2103 2316 &
2119 2287 2369 2328 perhendinando,

1308 2321 1342 2350 ὃς
1358 2320 1460 2350 abinde
1478 2329 1562 2357 penes
1581 2320 1752 2357 praeienriam
1772 2321 1901 2362 Magistri
1918 2322 1951 2352 de
1964 2323 2050 2353 Rodes
2063 2324 2096 2354 ὃς
2110 2326 2221 2355 Terram
2237 2328 2368 2358 Santram

1309 2359 1474 2390 transeundo
1492 2381 1502 2396 ,
1528 2360 1562 2389 &
1585 2357 1686 2388 exinde
1710 2360 1740 2389 in
1764 2359 1875 2390 dierum
1895 2359 2032 2400 Regnum
2050 2361 2141 2402 Regis
2159 2364 2269 2403 Angliae
2287 2376 2369 2398 reve-

1308 2397 1415 2429 niendo
1432 2421 1442 2435 ,
1467 2396 1575 2427 ibidem
1592 2397 1731 2427 morando
1747 2420 1756 2435 ,
1781 2399 1815 2429 &
1840 2399 1941 2431 deinde
1959 2401 1991 2430 in
2010 2400 2121 2432 dietum
2140 2401 2278 2441 Regnum
2295 2404 2370 2436 Sco-

1306 2438 1374 2475 vti-ae,
1392 2436 1452 2466 tam
1473 2445 1521 2473 per
1541 2436 1661 2465 Terram
1672 2458 1682 2473 ,
1699 2438 1785 2474 quam
1804 2446 1853 2475 per
1869 2437 1952 2468 Mare
1967 2461 1976 2477 ,
2003 2448 2088 2477 prout
2110 2440 2159 2470 sibi
2178 2443 2266 2482 magis
2284 2452 2370 2482 expe-

1303 2476 1387 2506 diens
1409 2475 1491 2505 fuerit
1513 2475 1545 2505 &
1574 2475 1708 2513 necesse,
1733 2484 1803 2505 cum
1829 2476 2041 2517 Servientxbus,
2068 2478 2154 2510 Bonis
2169 2502 2180 2518 ,
2196 2479 2316 2522 Rebus,
2334 2484 2369 2514 δε

1309 2513 1452 2544 Hernefiis
1463 2513 1515 2543 suis
1533 2513 1689 2551 praedielis,
1708 2513 1784 2544 salvo
1803 2515 1836 2545 ὃς
1855 2514 1951 2546 secure
1969 2517 2129 2556 redeundo,

1346 2552 1465 2582 Proviso
1479 2552 1604 2589 semper,
1623 2551 1684 2586 &a
1717 2559 1778 2581 rout
1793 2557 1822 2583 in
1832 2553 1964 2593 fimilibus
1980 2555 2011 2584 de
2032 2556 2169 2586 Condudu
2188 2560 2303 2589 biteris.

1343 2590 1434 2622 Teste
1454 2590 1534 2629 Rege
1549 2591 1622 2629 apud
1642 2560 1919 2632 Wbssmonastert‘um,
1938 2594 2052 2632 Quarto
2069 2594 2130 2626 Die
2148 2595 2254 2627 Martii.

1641 2737 1700 2767 Pro
1718 2736 1848 2781 Capitali
1861 2734 1897 2768 de
1916 2737 2017 2782 Bogeo.

1313 2833 1369 2888 R
1379 2829 1403 2859 E
1413 2828 1460 2866 X,
1480 2823 1642 2870 Venerabili
1660 2828 1688 2857 in
1705 2827 1824 2858 Christo
1839 2827 1936 2867 Patri,
1954 2831 2077 2869 Episcopo
2093 2832 2216 2875 Aquettst
2224 2859 2232 2872 ‚
2252 2844 2305 2873 ac,
2323 2834 2365 2865 di-
2389 2844 2463 2874 Am).
2476 2845 2509 2875 D·

1389 2869 1464 2899 lecto
1479 2867 1513 2896 &
1533 2867 1608 2896 ndeli
1625 2866 1675 2896 suo
1691 2889 1701 2905 ,
1724 2866 1852 2905 Johanm'
1874 2868 1991 2909 quand
2006 2869 2092 2899 Militi
2110 2871 2216 2908 stlajori
2236 2871 2365 2904 Civitatis
2412 2868 2516 2921 1478,-

1309 2906 1416 2937 nostrae
1432 2905 1603 2943 Burdegaliae
1614 2927 1623 2942 ,
1638 2915 1768 2942 necnon,
1782 2905 1886 2935 dilecto
1905 2907 1971 2944 irbi,
1991 2907 2135 2944 Magistro
2149 2911 2230 2939 Petro
2246 2911 2363 2941 Berlan-
2384 2925 2434 2949 An.
2451 2907 2469 2948 ξ

1308 2946 1340 2974 de
1352 2945 1508 2975 :Bacanario
1525 2946 1554 2972 in
1573 2942 1705 2973 Decretis
1723 2953 1756 2973 ac
1781 2942 1933 2974 Canonico
1951 2944 2084 2976 Eccleliae
2103 2946 2276 2980 Cathedralis
2294 2950 2363 2981 Bur·
2383 2964 2411 2987 H
2438 2962 2455 2987 6
2473 2946 2478 2951 ’

1307 2984 1475 3022 degalensis,
1493 2981 1626 3023 Salutem.
2386 2982 2448 3033 γῆς.
2461 2983 2492 3026 ·6,

1347 3022 1446 3059 Cdm,
1464 3020 1615 3050 carisslmus
1633 3018 1865 3058 Consanguineus
1882 3020 1978 3052 noster
1992 3044 2002 3060 ‚
2020 3022 2102 3063 Gasto
2122 3024 2154 3054 de
2165 3028 2257 3065 Faxo,
2275 3030 2364 3058 comes
2385 3033 2516 3066 Hss6.m.6.

1306 3059 1341 3088 ⁴de
1354 3063 1451 3097 Longa
1475 3057 1553 3088 Villa
1566 3080 1574 3094 ,
1591 3057 1721 3095 Capitalis
1740 3059 1770 3087 de
1787 3061 1888 3097 Bogeo,
1906 3070 1921 3090 a
1936 3061 2055 3098 quadam
2070 3062 2231 3095 Diffinitiva
2245 3066 2365 3096 Senten-

1309 3099 1362 3136 tia,
1378 3107 1493 3128 necnon
1509 3107 1522 3126 a
1537 3097 1678 3125 nonnullis
1692 3095 1837 3134 Decretis,
1857 3097 2141 3140 interlocutionibus,
2159 3102 2193 3133 &
2212 3101 2366 3135 Gravami-

1310 3138 1411 3174 nibus,
1430 3147 1464 3173 a,
1481 3135 1590 3165 dilectis
1612 3135 1645 3164 ὃς
1668 3134 1792 3165 fidelibus
1812 3135 1912 3165 nostris
1924 3159 1934 3175 ,
1960 3140 2084 3168 Berardo
2100 3138 2242 3177 Johannis
2264 3141 2366 3174 Priore

1308 3175 1403 3205 Sancti
1414 3174 1517 3212 Jacobi
1532 3172 1753 3212 BurdegalenliS,
1769 3173 1918 3203 Willielmo
1933 3176 2093 3215 Cra-wefhrd
2106 3177 2218 3218 Milite,
2238 3180 2272 3210 &
2285 3182 2362 3211 Wil-

1309 3212 1395 3242 lielmo
1418 3216 1525 3250 Houper
1543 3211 1656 3248 Legum
1681 3211 1832 3250 Doctore,
1857 3214 1887 3242 in
1908 3212 1996 3244 Causa
2017 3217 2050 3245 ὅ(
2065 3216 2178 3254 Cauiis,
2196 3227 2261 3255 quae
2274 3221 2363 3258 inter,

1307 3252 1443 3282 dilectum
1457 3253 1490 3282 &
1507 3249 1620 3280 fidelem
1633 3249 1779 3288 nostrum,
1798 3253 1924 3281 Pontium
1940 3252 1972 3281 de
1987 3253 2128 3292 Castilione
2145 3254 2271 3286 Militem
2293 3258 2363 3289 Par-

1307 3298 1366 3320 tem
1391 3290 1538 3320 ACrricem
1559 3298 1593 3318 ex
1613 3297 1688 3327 parte
1711 3299 1782 3326 una,
1808 3290 2001 3331 &praefatum
2016 3292 2158 3332 Gastonfm
2173 3292 2284 3325 Partem
2301 3296 2367 3327 De<

1308 3329 1472 3359 fendentem
1486 3337 1520 3358 ex
1532 3328 1736 3366 altera,coram
1749 3328 1867 3364 praefans
1876 3351 1885 3366 ,
1898 3329 2022 3359 Berardo
2031 3353 2039 3369 ,
2057 3331 2219 3370 Willielmo,
2238 3335 2270 3365 &
2289 3335 2363 3366 Wil-

1307 3367 1396 3396 lielmo
1406 3390 1415 3405 ,
1434 3366 1536 3397 nostris
1551 3375 1620 3396 tunc
1635 3375 1662 3394 m
1677 3376 1707 3396 ea
1724 3375 1800 3404 parte
1822 3365 2031 3398 Commiffariis
2046 3391 2055 3407 ,
2075 3371 2230 3401 vertebatur
2243 3374 2276 3403 &
2293 3383 2363 3411 pen-

1307 3406 1409 3444 debat,
1424 3416 1457 3435 ac
1479 3405 1658 3435 vertebantur
1676 3406 1708 3434 ὅ(-
1726 3404 1886 3442 pendebant
1902 3428 1912 3444 ,
1937 3415 2035 3436 contra
2059 3409 2206 3444 praefatum
2220 3411 2363 3450 Gastonem

1308 3444 1385 3482 latis,
1405 3454 1438 3474 ac
1457 3444 1549 3474 eidem
1571 3443 1649 3472 illatis
1670 3452 1816 3480 perperam
1830 3466 1839 3480 ,
1858 3453 1887 3474 ut
1905 3444 2013 3482 asserit,
2030 3446 2063 3477 δι’.
2082 3447 2196 3486 inique,
2215 3451 2363 3481 nonnullas

1309 3482 1517 3520 Appellationes
1530 3480 1564 3510 ad
1580 3481 1649 3511 Nos
1663 3483 1770 3511 duxerit
1790 3481 2024 3521 interponendas,

1347 3521 1414 3551 Nos
1427 3522 1507 3560 igitur
1525 3520 1667 3555 (univerfis
1682 3519 1820 3557 Vassallis,
1841 3520 1952 3559 Ligeis,
1970 3522 2002 3552 &
2019 3522 2142 3554 Subditis
2159 3523 2275 3563 nostris,
2292 3526 2360 3559 sicut

1305 3559 1486 3596 astringimur
1496 3582 1506 3597 ,
1521 3558 1661 3597 justitiam
1684 3558 1838 3588 ministrare
1861 3560 1999 3597 volentes>
2024 3556 2114 3591 vobis'
2129 3561 2177 3599 (de
2192 3573 2313 3601 quorum
2326 3566 2360 3596 fi-

1306 3597 1418 3628 delitate
1430 3598 1463 3627 ὃ(
1479 3596 1609 3627 industria
1626 3596 1756 3627 fiduciam
1771 3598 1944 3634 optinemus)
1961 3609 2074 3629 necnon
2084 3599 2207 3630 Duobus
2219 3602 2358 3642 vestrum,

1307 3636 1340 3665 ad
1355 3635 1601 3672 Cognoscendum
1619 3637 1651 3665 &
1667 3635 1885 3665 Procedcndum
1906 3639 1935 3666 in
1954 3637 2153 3675 Appellationis
2176 3639 2209 3669 ὃ(
2226 3641 2359 3679 Appella-

1306 3676 1417 3703 tionum
1436 3674 1632 3712 praedi&arunr
1645 3672 1733 3703 Causa
1749 3677 1793 3703 leu
1801 3672 1911 3713 Causis,
1926 3676 1960 3706 &
1974 3676 2175 3713 easdem,cum
2189 3677 2241 3708 suis
2255 3679 2359 3711 Emer—

1305 3714 1451 3750 gentibus,
1470 3712 1705 3750 Dependentibus
1720 3713 1752 3742 &
1765 3713 1887 3743 Annexis
1902 3714 2124 3752 quibuscumque
2134 3736 2143 3751 ,
2162 3715 2363 3757 Audiendum,-

1305 3750 1522 3781 Discutiendum
1535 3773 1545 3788 ,
1573 3751 1606 3780 &
1633 3751 1704 3780 Eine
1718 3750 1814 3781 debito
1836 3751 2081 3790 Terminandum,
2099 3753 2253 3785 secundum
2270 3756 2362 3796 Leges

1305 3790 1338 3819 &
1356 3787 1580 3820 Consuetudines
1594 3788 1725 3819 Ducarfis
1742 3789 1828 3819 nostri
1844 3791 2040 3827 Aquitanniae,

1342 3828 1386 3857 Ac
1406 3827 1548 3865 praefatam
1563 3827 1736 3857 Sententiam
1754 3827 1944 3858 Diffinitivam
1958 3852 1967 3865 ‚
1992 3828 2134 3866 Decreta,
2152 3831 2184 3860 δε
2204 3829 2361 3864 Interlocu-

1305 3868 1410 3935 Senes,
1429 3866 1498 3896 sicut
1509 3866 1583 3904 Juris
1596 3866 1679 3896 fuerit
1692 3867 1724 3897 &
1742 3865 1889 3904 Raecius,
1902 3864 2139 3897 Confirmandum
2155 3869 2198 3899 vel
2213 3869 2361 3902 lufirmari-

1327 3914 1375 3933 um

1339 3926 1442 3972 Te⁷stes
1461 3943 1564 3982 etiam,
1583 3943 1602 3973 fi
1622 3943 1689 3980 qui,
1709 3942 1815 3980 Lucri,
1832 3942 1962 3982 Favoris,
1979 3943 2024 3973 vel
2045 3942 2115 3973 Odii
2136 3946 2241 3985 gratia,
2257 3947 2284 3978 se
2297 3948 2359 3978 sub*-

1306 3982 1455 4018 traxerint,
1473 3981 1507 4011 ad
1525 3982 1732 4020 perhibendum
1748 3980 1962 4011 Testimonium
1980 3982 2088 4012 veritati
2105 3981 2364 4024 Compellendum,

1344 4018 1512 4057 Caeteraque
1533 4020 1708 4050 Faciendum
1728 4029 1793 4057 quae
1815 4021 1844 4048 in
1868 4021 1921 4050 hac
1944 4029 2020 4058 parte
2034 4022 2181 4051 neceflaria
2198 4024 2301 4055 fuerint
2316 4033 2363 4055 aut

1307 4058 1527 4095 quomodolibet
1552 4067 1692 4095 oportuna
1706 4080 1717 4096 ,
1743 4059 1828 4087 eriam
1848 4067 1917 4088 curn
1938 4058 2081 4090 Facultate
2095 4060 2272 4093 Procedendi
2289 4063 2362 4092 (urn-

1305 4097 1394 4126 marie
1410 4097 1443 4127 ὃς
1459 4097 1495 4127 (16
1509 4097 1610 4134 plano,
1626 4096 1683 4126 line
1698 4097 1861 4164 strepittiz&
1875 4097 1963 4136 figura
1974 4097 2095 4138 judicii,
2110 4109 2155 4131 aut
2168 4109 2236 4131 curn
2251 4100 2366 4138 cujussis

1856 4142 1871 4172 3
2319 4140 2369 4169 bec
