2562 4274
720 45 1933 106 CONVENTIONES,L1TER‚AE‚

85 138 162 170 Ann.
176 139 213 170 D.
265 140 292 170 8.
310 139 420 178 ITEM,
439 137 517 177 quod
532 134 623 168 didius
641 136 725 181 Filius
738 138 824 182 noster
839 140 898 167 Rex
905 141 1054 182 Hearicus,
1072 147 1126 175 pro
1138 137 1218 175 poste
1225 138 1287 176 su0,
1359 140 1385 170 8.
1411 139 1501 171 ITEM
1517 163 1528 178 ,
1550 148 1600 180 que
1624 139 1722 171 nostre
1739 140 1780 171 dit
1799 139 1855 171 Fils
1864 137 1933 179 fira
1943 137 1998 179 fin
2014 139 2132 179 Povoir,
2149 150 2198 182 que
2215 139 2245 170 la
2261 141 2330 170 cour
2347 140 2383 171 dri
2409 139 2538 174 &⁴1ng

110 187 195 216 1420.
229 178 333 217 faciet,
352 178 429 216 quod
444 177 530 208 Curia
543 176 711 206 Parlamenti
721 176 849 206 Franci-ae
863 176 1055 213 custodmtur,
1073 178 1107 207 ὃς
1120 178 1287 207 observetur
1321 177 1480 208 Parlement
1495 177 1528 208 de
1544 182 1646 209 France
1655 179 1722 219 sera
1736 190 1769 209 en
1786 186 1846 209 tons
1856 177 1895 214 ό·
1912 178 2026 208 chacuns
2037 180 2146 217 Lieux,
2163 178 2269 217 Subjets
2280 190 2299 207 a
2310 190 2385 219 nous,
2434 192 2520 223 ¹420⁴

83 221 147 244 Hm.
167 227 195 253 ς,
226 218 256 246 in
276 218 465 253 Aucioritate,
485 217 517 246 &
529 215 727 252 Superioritate
739 214 811 257 suis,
827 215 860 245 ὃς
875 215 924 245 fibi
938 216 1052 251 debitis,
1067 215 1098 244 in
1109 215 1286 246 omnibus&
1322 220 1496 246 maintenant
1509 240 1519 253 ,
1544 224 1577 245 ou
1594 228 1626 246 ou
1643 225 1725 257 temps
1740 221 1842 248 avenir
1857 239 1867 254 ,
1885 216 2009 256 obfirvee
2025 215 2063 251 ό·
2078 218 2176 255 gardee
2194 229 2220 247 es
2238 218 2385 247 Austorite
2405 225 2466 250 Hm.
2485 231 2514 258 5.

229 255 342 294 singulis
357 255 462 292 Locis,
479 254 578 284 Nobis
594 262 670 282 nunc
685 263 732 283 aut
750 255 779 283 in
794 256 920 284 futurum
933 253 1071 291 subjectis.
1322 253 1361 289 ό
1377 257 1552 296 soverainete
1569 251 1647 284 a'elle
1661 279 1670 294 ,
1695 255 1733 291 ό
1751 267 1769 284 a
1780 255 1831 286 elle
1848 255 1944 292 deubs,
1962 265 1995 285 en
2013 261 2089 293 tous,
2106 255 2144 291 &
2161 256 2274 286 chacuns
2291 258 2382 286 Lieux

1189 326 1191 328 q
1266 324 1268 326 ,
1315 293 1421 333 ftbjets
1438 304 1456 322 a
1474 293 1568 329 Nous,
1587 296 1776 333 maintenant,
1794 305 1826 324 ou
1844 305 1877 324 ou
1893 301 1976 332 temps
1992 297 2100 324 avenir.

266 340 292 370 9.
313 331 402 361 ITEM
413 352 423 369 5
441 330 519 368 quod
536 330 626 372 dictus
639 328 722 358 Filius
732 328 834 370 noster,
854 335 907 368 pro
918 324 1003 360 Posse
1015 324 1078 367 suo,
1096 326 1239 360 Tuebitur
1255 330 1289 360 δε
1361 341 1387 369 9.
1406 330 1516 368 ITEM,
1530 342 1580 370 que
1597 330 1693 361 nostre
1709 332 1750 363 dit
1771 333 1842 371 Fils,
1858 333 1890 362 de
1920 343 1954 362 on
1966 334 2087 370 Povoir,
2105 330 2247 371 Defi’ndra
2261 331 2300 368 ὠ
2315 337 2386 364 Con-

227 370 405 400 conservabit
427 379 527 399 omnes
548 369 580 398 &t
594 368 715 404 singulos
730 367 827 406 Pares,
848 368 990 406 Nobiles,
1009 368 1166 407 Civitates,
1183 367 1290 406 VillaS,
1317 368 1436 408 ftrvera
1453 377 1528 406 tous,
1547 367 1586 404 ὠ·
1603 368 1715 399 chacuns
1732 372 1813 409 Pers,
1829 371 1894 401 Nob
1905 382 1948 408 es,
1967 374 2047 400 citez
2060 394 2070 409 ,
2089 370 2194 409 Villes,
2211 376 2387 405 communau-

230 408 459 438 communitates
469 429 479 445 ,
498 409 531 438 δε
550 407 700 443 singulares
726 406 877 446 Personas,
894 408 976 436 nobis
997 416 1092 445 nunc,
1107 416 1152 436 aut
1174 407 1200 436 in
1216 407 1292 437 futu·
1324 414 1364 436 tes
1379 430 1388 443 ,
1405 405 1444 442 ὀ·
1454 406 1613 448 fingulieres
1630 407 1775 446 Personnes
1792 421 1810 438 a
1828 411 1906 440 Nous
1922 412 2095 443 maintenant
2111 433 2119 446 ,
2138 420 2172 439 ou
2187 417 2270 448 temps
2287 414 2388 441 avenis·

227 455 293 476 rum
320 446 473 489 subjectas,
491 447 519 476 in
544 455 644 475 eorum
665 444 797 484 Juribus,
814 444 1074 475 Consuetudinibus
1091 468 1100 482 ,
1119 445 1290 483 privilegiis,
1317 444 1466 485 fiebjettes,
1484 457 1516 475 en
1534 445 1592 474 leur
1609 447 1737 485 Droici‘s,
1754 447 1916 487 coustumes,
1934 447 2096 485 Privileges,
2114 449 2387 488 Preeminences,Li-

223 69 297 108 172

89 601 105 617 ‘
123 604 176 631 IX,

84 641 147 677 898.

92 2135 111 2153 *¹
134 2137 185 2164 IX.

75 2173 142 2211 899.

95 3655 115 3674 ¹*
135 3656 187 3684 IX.

77 3702 144 3728 900.

228 484 470 522 Praeeminentiis,
493 484 682 514 Libertatibus
693 508 702 522 ,
722 484 755 514 &
769 483 912 514 Francisiis
925 484 1026 513 eisdem
1044 484 1290 521 competentibus,

227 523 283 590 sni?
301 523 417 561 debitis,
435 524 464 553 in
474 523 543 553 locis
552 523 777 561 quibuscumque
787 523 870 552 nobis
878 532 971 560 nunc,
988 530 1034 552 aut
1049 523 1079 551 in
1093 522 1219 553 futurum
1227 522 1291 552 sub-

238 572 269 591 ec
286 572 314 590 is.

224 571 235 600 J
265 601 283 618 *
308 609 352 629 10.
371 598 482 638 ITEM,
501 599 579 638 quod
592 600 682 631 dictus
696 599 778 629 Filius
793 599 880 641 noster
892 603 951 630 Rex
967 597 1288 638 Henricusdiligenter&

230 634 348 669 fideliter
360 648 415 677 pro
431 638 516 668 Poffe
530 639 579 669 suo
592 639 747 675 laborabit,
766 638 800 668 &
815 640 913 675 saciet,
933 636 1140 675 quodjustitiae
1162 637 1291 675 comple-

230 686 362 708 mentum
376 676 610 708 administrabitur
626 677 715 708 &fiet
731 678 760 706 in
769 677 849 707 dic'to
864 676 970 715 Regno
986 676 1007 705 F
1009 676 1291 713 ranciae,secundum

228 715 336 755 Leges,
355 714 595 754 ConsuetudineS,
613 715 719 754 &Jura
733 715 854 752 ejusdem
871 715 981 754 Regni,
998 714 1291 753 absquePersonarum

227 757 411 792 acceptione,
429 754 473 785 Ac
490 755 725 791 conservabit,&:
734 755 840 784 tenebit
854 753 1002 792 Subjectos
1019 753 1109 791 Regni
1126 754 1252 791 praediffl
1263 754 1292 783 in

227 792 445 831 Tranquillitate
458 794 491 825 δε
507 793 582 824 Pace
596 803 649 829 pro
664 793 764 830 Poffe,
783 793 941 830 Tuebitur,
961 793 994 823 &
1009 791 1165 823 Deffendet
1178 792 1291 823 eosdem

225 832 356 864 adversus
371 831 527 862 Violentias
540 832 572 862 &
583 831 786 869 oppressiones
803 832 1001 869 quascumque.

271 880 283 900 1
292 880 317 901 1.
336 870 424 902 ITEM
435 894 444 907 ,
464 871 658 901 Concora'atum
674 869 714 900 est
724 892 732 907 ,
751 869 934 907 quoddieius
950 868 1034 898 Filius
1045 868 1132 908 noster
1146 871 1205 898 Rex
1213 872 1291 899 Hen-

228 912 312 947 rt‘cus‚
332 919 384 948 pro
399 909 484 938 Posse
499 909 565 948 suo,
584 909 762 946 providebit,
784 908 816 938 ὃς
832 908 928 946 faciet,
948 907 1025 945 quod
1043 910 1076 937 ad
1092 906 1214 945 Officia,
1233 917 1291 938 tam

226 947 350 986 Justitiae
366 946 554 985 parlamenti,
575 947 661 984 quam
682 948 766 976 etiam
782 946 997 984 Prtepofituras,
1013 945 1186 984 Balliviatus,
1203 946 1291 977 Sene-

228 986 338 1024 scalias,
355 986 389 1016 &
402 986 452 1015 alia
467 985 616 1021 spectantia
631 984 664 1013 ad
682 985 929 1016 Gubernationem
946 984 1098 1022 Dominii,
1117 994 1232 1015 necnon
1241 986 1292 1016 alia

228 1034 419 1062 quaecumque
432 1024 541 1055 Officia
556 1025 584 1053 in
598 1023 677 1053 dieto
694 1023 799 1061 Regno
813 1023 835 1052 F
838 1025 956 1061 ranciae,
974 1023 1147 1053 assumentur
1162 1023 1291 1055 Persona:

227 1063 350 1100 habiles,
366 1063 461 1101 utiles,
478 1063 512 1093 ὃ(
528 1062 637 1092 idoneae
654 1071 707 1100 pro
715 1063 814 1099 bono,
827 1062 922 1101 justo,
941 1061 1061 1100 pacifico
1074 1063 1123 1099 δε,
1141 1063 1291 1101 tranquillo

227 1099 385 1140 Regimine
402 1101 470 1132 dieti
487 1101 600 1140 Regni,
618 1101 651 1131 &
667 1100 947 1132 Administrationem
962 1103 1000 1132 eis
1009 1101 1292 1140 committendarum,

224 1149 259 1170 ac
276 1140 353 1178 quod
371 1140 423 1170 sint
436 1140 519 1177 tales,
538 1140 629 1178 quales
642 1139 795 1170 secundum
805 1139 911 1178 Leges,
929 1139 1037 1179 &Jura
1052 1140 1171 1178 ejusdem
1182 1140 1290 1180 Regni,

224 1178 262 1210 ¹&
277 1189 330 1216 pro
346 1179 461 1210 utilitate
475 1188 507 1209 ac
523 1178 684 1209 commodo
699 1177 819 1216 nostris,
837 1180 871 1211 &
887 1179 968 1217 ipsius
984 1178 1097 1218 Regni,
1115 1179 1149 1209 ad
1165 1189 1195 1210 ea
1203 1180 1291 1220 depu-

223 1219 279 1248 tari
290 1218 425 1248 deberent
441 1218 474 1249 &
486 1217 596 1247 assumi.

268 1266 313 1286 12.
334 1256 424 1286 ITEM
435 1279 444 1294 ‚
463 1256 542 1295 quod
557 1255 649 1286 dietus
663 1255 747 1285 Filius
759 1255 845 1297 nester
859 1258 918 1285 Rex
934 1258 1066 1286 Henricus
1084 1256 1221 1288 laborabit
1238 1267 1290 1296 pro

227 1293 314 1325 Posse
329 1295 395 1333 suo,
410 1296 443 1326 &
458 1295 544 1333 quam
554 1295 636 1325 citius
648 1295 676 1325 id
691 1295 852 1325 commode
868 1294 926 1325 fieri
943 1297 1062 1333 poterit,
1077 1295 1110 1325 ad
1120 1295 1290 1327 Ponendum

227 1334 256 1363 in
275 1333 476 1364 Obedientiarn
493 1332 620 1364 nostram
634 1335 731 1363 onmia
755 1335 789 1365 δε
811 1333 916 1372 singula
938 1333 1091 1372 Civitates,
1111 1333 1214 1373 villas,
1233 1335 1290 1366 Ca-

229 1371 300 1409 stra,
319 1372 415 1409 Loca,
435 1372 552 1411 Patrius,
571 1373 603 1404 &
620 1371 772 1409 Personas,
791 1372 861 1402 infra
869 1371 1005 1411 Regnum
1014 1372 1140 1404 Franciae
1154 1375 1237 1405 nobis
1248 1375 1287 1405 in-

226 1411 443 1448 obetlientia,&
459 1411 714 1448 rebellia,tenentia
730 1413 840 1440 Partem
853 1409 947 1449 illam,
965 1411 1009 1442 seu
1026 1411 1170 1442 existentia
1179 1412 1214 1443 de
1222 1412 1290 1444 Par-

225 1458 254 1480 te
271 1449 332 1488 illa,
351 1451 500 1489 vulgariter
512 1449 671 1487 nuncupata
688 1448 818 1487 Delphini
830 1449 874 1480 seu
888 1453 1056 1480 Armeniaci.

224 1496 228 1500 ·
268 1498 312 1528 13.
334 1488 442 1527 ΙΤΕΜ,
461 1497 492 1519 ut
507 1487 653 1518 Praemiffa
666 1488 865 1526 commodius,
883 1488 1019 1527 securius,
1038 1490 1072 1520 &
1087 1489 1201 1521 liberius
1215 1491 1291 1522 face-

225 1537 273 1564 re,
291 1536 438 1564 exercere,
457 1528 489 1559 &
506 1527 620 1564 implere
633 1526 738 1564 valeat,
756 1527 964 1558 concordatum
977 1527 1035 1566 est,
1056 1528 1134 1567 quod
1143 1528 1290 1568 Proceres,

228 1564 397 1605 Magnates,
415 1567 448 1597 &
466 1566 609 1602 Nobiles,
626 1575 658 1595 ac
672 1565 764 1595 Status
780 1565 873 1604 Regni
886 1566 1030 1606 praedieti,
1045 1574 1103 1597 tam
1118 1567 1288 1607 Spirituales,

229 1606 317 1641 quam
333 1604 534 1641 Temporales,
551 1614 665 1634 necnon
684 1604 836 1641 Civitates,
855 1606 887 1635 ὅ(
898 1606 1032 1636 notabiles
1047 1605 1290 1647 Communitates,

229 1652 263 1672 ac
281 1642 387 1680 Cives,
405 1644 437 1673 &
453 1643 604 1682 Burgenies
620 1642 758 1672 Villarum
773 1643 895 1680 ejusdem
912 1643 1023 1682 Regni,
1043 1644 1142 1676 Nobis
1157 1656 1288 1685 protem-

227 1690 298 1718 pore
314 1681 495 1720 obedientes,
515 1681 685 1720 praestabunt
697 1681 861 1721 juramenta
877 1692 941 1722 quae
960 1682 1122 1722 sequuntur.

266 1798 446 1837 Inmunis,
483 1799 536 1829 uod
554 1800 624 1829 dicio
645 1799 713 1829 Filio
733 1799 820 1842 nostro
839 1799 919 1837 Regi
932 1799 1082 1838 Henrico,
1099 1800 1287 1841 facultatem,

224 1838 262 1874 ό»
277 1841 445 1868 Exercitium
487 1843 497 1868 i
506 1840 639 1878 ponendi,
658 1838 695 1874 ἐν
708 1839 824 1877 Regendi
838 1840 939 1869 diHam
953 1840 1148 1878 Rempublicam
1165 1846 1286 1880 gerenti,

223 1888 255 1907 ac
268 1876 433 1916 Juffionibus
441 1900 450 1915 ,
525 1878 671 1907 Mandata
679 1877 738 1917 ficis
751 1877 888 1908 humiliter
902 1877 940 1914 &⁶
953 1879 1104 1909 obedienter
1115 1883 1144 1909 in
1158 1880 1286 1919 omnibus,

222 1918 527 1954 exercitiumRegiminis
535 1916 600 1946 dieti
608 1920 692 1954 Regni
703 1917 915 1947 concernentibus
923 1917 978 1956 ,ὠ
986 1926 1036 1957 per
1042 1923 1131 1948 omnia
1137 1918 1286 1958 parebunt,

221 1954 260 1990 (φ
275 1954 424 1984 intendent.

261 1993 371 2032 ITEM,
388 1993 461 2034 quod
469 2005 517 2031 ea,
535 2004 594 2034 qua’
611 1997 682 2023 inter
704 1993 772 2024 Nos
783 2017 792 2029 ,
811 1992 850 2029 ό·
866 1992 1016 2033 praefatam
1039 1994 1213 2026 Consortem
1232 2007 1286 2027 no-

223 2031 308 2062 stram
319 2054 327 2070 ,
343 2043 374 2061 ac
389 2032 490 2061 dietum
510 2033 608 2062 'emnem
628 2031 757 2062 nostrum
774 2031 888 2071 Regem
904 2034 1082 2073 l-lenricurn,
1100 2045 1156 2064 mm
1174 2035 1286 2077 Confilio

221 2081 329 2109 eorum,
347 2081 409 2111 quos
426 2070 556 2109 nohifium
573 2072 632 2099 Nos
639 2094 650 2109 ‚
667 2069 706 2106 ὠ·
714 2070 838 2139 ρνῇἷαῑα
854 2072 965 2112 Confizrs
978 2072 1084 2111 nostra,
1102 2084 1134 2102 ac
1147 2074 1232 2104 diHus
1240 2077 1286 2104 Fi-

221 2108 273 2139 lius
291 2112 305 2127 *
326 2109 412 2148 noster
435 2109 476 2139 ad
492 2108 539 2138 hoc
560 2109 712 2139 duxerimus
730 2121 748 2138 a
768 2109 910 2148 bibendos,
928 2112 1110 2149 appuncf't'uata
1123 2110 1193 2150 sunt
1207 2136 1216 2150 ,
1236 2121 1285 2143 aut

213 2146 323 2188 fuerint
340 2171 349 2185 ,
368 2146 405 2182 &
425 2148 584 2177 concordata
599 2170 610 2195 ,
627 2147 675 2189 ipsi
697 2151 819 2178 Proceres
832 2172 841 2186 ,
861 2147 899 2183 ὠ·
922 2152 1086 2187 magnates,
1105 2150 1235 2190 Nobiles,
1253 2164 1285 2182 ac

221 2191 317 2217 Status
325 2189 408 2223 Regni
418 2187 556 2225 praediffi,
576 2194 635 2215 tam
650 2187 807 2224 Spirituales
818 2210 826 2224 ,
843 2186 925 2226 quam
931 2187 1097 2226 Temporales
1106 2211 1115 2225 ‚
1130 2200 1230 2219 necnon
1238 2193 1283 2220 Ci-

221 2229 341 2261 vitates,
357 2236 388 2254 ac
405 2224 535 2255 notabiles
549 2229 771 2263 Communitates,
793 2237 824 2255 ac
840 2229 920 2255 Cives
932 2225 970 2261 ἄρ’
984 2227 1130 2267 Burgenses
1148 2231 1175 2256 V
1175 2227 1286 2259 illarum

221 2264 337 2304 ejusdem
350 2267 451 2301 Regni,
467 2267 593 2304 quatinus
607 2275 666 2303 eos,
682 2263 720 2299 ὠ-
725 2264 844 2304 singulos
859 2275 947 2294 eorum
959 2275 1112 2295 concernere
1120 2271 1239 2305 poterit,
1256 2272 1285 2298 in

222 2302 358 2339 omnibus,
377 2301 414 2338 ὠ
425 2310 476 2341 per
489 2306 577 2332 onmia
592 2302 657 2331 hene
670 2301 707 2338 ὅ]
723 2302 848 2345 fideliter
868 2303 1066 2343 obfirvabunt,
1084 2303 1123 2340 &
1139 2313 1190 2344 pro
1211 2306 1286 2346 Poffe

215 2341 268 2381 fico
272 2341 312 2381 fic
320 2339 427 2380 facient
442 2341 477 2369 ab
491 2340 553 2370 aliis
568 2340 766 2382 quibufiumque
782 2341 930 2381 observari.

261 2380 304 2409 lr
316 2389 367 2410 ΕΜ
378 2403 387 2418 ,
404 2379 480 2420 quod
492 2380 614 2409 continue*
628 2380 663 2409 ab
676 2379 761 2409 Obitu
772 2404 780 2417 ,
798 2380 836 2416 &
849 2380 905 2420 post
925 2381 1036 2410 Obitum
1052 2381 1184 2421 nostrum,
1204 2391 1284 2413 erunt

223 2417 270 2456 iffi
284 2418 384 2448 Fideles
400 2421 526 2447 Homines
546 2421 623 2456 Ligci
637 2419 703 2447 dieti
721 2419 779 2449 Filii
794 2419 881 2449 nostri
898 2418 989 2456 Regis
1006 2419 1147 2460 Henrici,
1166 2432 1197 2450 ac
1218 2424 1286 2451 Hae-

223 2457 315 2485 redum
323 2456 449 2494 suorum,
467 2467 498 2485 ac
514 2455 595 2495 ipfiem
605 2465 655 2495 pro
670 2460 785 2487 Domino
800 2457 846 2496 fito
863 2460 945 2495 Ligflo
955 2481 963 2496 ,
979 2469 1010 2487 ac
1036 2466 1154 2497 upremo,
1174 2472 1205 2489 ac
1220 2471 1286 2490 vero

223 2495 293 2531 Rege
306 2497 426 2523 Francia
437 2517 445 2531 ,
463 2493 560 2535 absque
573 2495 740 2535 oppofitione,
759 2497 985 2534 contradierime,
1016 2509 1046 2526 eu
1061 2496 1220 2535 difficultate
1242 2510 1287 2528 re-

224 2535 320 2569 cipient
331 2554 340 2569 ,
355 2532 392 2566 «ᾗ»
408 2533 575 2570 admittent,
592 2533 629 2567 (ἐν
645 2542 696 2571 pro
716 2534 768 2563 tali
789 2535 926 2572 obedient,
943 2534 980 2568 ὠ·
1003 2537 1089 2576 quod,
1105 2545 1285 2578 praeterquam

225 2570 326 2607 Nobis,
351 2570 418 2599 nulli
438 2581 554 2610 unquam
573 2571 628 2609 post
648 2571 723 2610 haec,
746 2580 878 2612 tanquam
896 2576 978 2611 Regi,
996 2582 1046 2603 aut
1069 2577 1181 2613 Regenti
1202 2580 1286 2613 Regni

224 2611 363 2641 Franciae,
382 2608 522 2648 obedient,
536 2609 586 2650 nist
601 2609 671 2639 dieto
688 2610 758 2640 Filio
778 2611 876 2641 nostro
893 2611 968 2650 Regi
985 2611 1138 2653 Henrico,
1153 2613 1191 2649 &
1217 2617 1286 2644 Hae-

221 2647 328 2678 redibus
335 2646 402 2685 fitis·

263 2685 276 2715 I
285 2694 307 2715 τ
318 2695 335 2716 Ε
345 2694 392 2723 M,
410 2684 484 2726 quod
496 2696 549 2715 non
564 2692 644 2714 erunt
660 2689 688 2715 in
704 2686 814 2726 Confilio
824 2710 833 2725 ,
849 2686 983 2725 Auxil.›0‚
999 2687 1049 2718 vel
1062 2686 1181 2728 Affinfic
1192 2713 1201 2728 ,
1213 2691 1289 2730 quod

225 2723 312 2753 dietus
336 2724 418 2754 Filius
440 2724 535 2754 noster
559 2723 623 2753 Rex
642 2724 785 2754 Henricus
807 2726 908 2763 perdat
919 2728 1036 2764 Vitam,
1054 2735 1102 2756 aut
1115 2729 1286 2768 Membrum,

217 2762 268 2802 fite
286 2766 406 2799 capiatur
421 2762 495 2792 mala
510 2765 654 2800 Captione,
671 2771 721 2792 aut
739 2764 814 2802 quod
824 2768 951 2802 patiatur
973 2768 1112 2795 Damnum
1122 2766 1172 2805 seu
1193 2770 1285 2797 Dimi-

225 2805 358 2831 71utionem
373 2805 401 2831 in
422 2800 557 2841 Persona,
576 2804 674 2839 Statu,
692 2804 818 2840 Honore,
828 2803 877 2840 Jeu
894 2802 995 2841 Rebus,
1015 2815 1127 2841 verum,
1136 2805 1230 2845 siquid
1239 2814 1285 2835 ta—

225 2839 251 2869 le
275 2846 368 2868 contra
389 2850 446 2868 eum
468 2839 555 2868 moliri
566 2863 572 2876 ,
583 2841 630 2878 seu
652 2840 799 2869 machinari
815 2845 960 2879 noverint,
983 2841 1055 2872 illud
1068 2851 1119 2882 pro
1144 2846 1183 2873 Po
1205 2857 1218 2874 e
1233 2845 1284 2884 βο

225 2878 384 2916 impedient,
402 2889 433 2906 ac
447 2881 484 2915 ei,
502 2877 583 2918 qutim
605 2878 709 2908 celerius
726 2887 872 2918 poterunt,
883 2888 932 2919 per
948 2879 1061 2921 fiipfhs,
1073 2881 1123 2921 fi‘u
1182 2888 1285 2922 uncias,

225 2916 276 2946 vel
286 2919 412 2946 Litteras
424 2917 598 2947 intimabunt.

268 3040 314 3072 14.
332 3032 403 3064 Ῑτε
414 3039 459 3070 M,
475 3031 668 3062 concordatum
681 3031 722 3063 est
739 3032 817 3071 quod
834 3043 936 3065 omnes
952 3036 985 3066 &
1009 3034 1122 3075 fingulae
1143 3036 1284 3076 Conque-

226 3070 294 3109 stae,
313 3081 387 3102 extra
412 3071 560 3101 Dxicatum
581 3072 754 3102 Notmanize
779 3074 807 3102 in
826 3072 930 3111 Regno
948 3074 1089 3112 Franciae,
1109 3085 1157 3113 per
1173 3075 1283 3107 didiutn

226 3110 320 3139 Filium
336 3110 451 3150 nostrum
465 3112 560 3147 Regem
573 3112 718 3139 Henricum
734 3111 812 3148 super
827 3113 976 3149 praedictos
992 3112 1191 3145 Inobedientes
1214 3115 1284 3145 fien-

225 3148 288 3185 dae,
306 3158 386 3178 erunt
402 3149 436 3179 δε
451 3148 519 3178 fient
533 3148 567 3177 ad
584 3147 746 3178 Utilitatem
763 3148 904 3187 nostram,
922 3152 955 3181 &
972 3151 1050 3187 quod
1065 3151 1120 3188 ipse
1132 3162 1184 3190 pro
1198 3152 1284 3184 Posse

225 3186 276 3216 suo
292 3187 393 3224 faciet,
413 3187 489 3225 quod
505 3187 603 3216 omnia
621 3186 770 3223 &lingula
783 3188 882 3218 Terrae
893 3211 901 3226 ‚
919 3189 952 3218 ὃ(
970 3189 1125 3227 Dominia‚
1145 3191 1285 3222 constitu-

225 3230 253 3254 ta
267 3226 294 3253 in
309 3225 378 3254 locis
395 3225 431 3254 sic
446 3224 673 3262 conquirendis,
691 3224 838 3261 spec-”tantia
853 3226 886 3255 ad
904 3225 1036 3257 Personas
1050 3237 1125 3257 nunc
1135 3228 1285 3259 Obedien-

224 3270 284 3300 tes,
303 3272 366 3300 qute
379 3264 510 3299 jurabunt
527 3264 631 3293 servare
649 3264 811 3299 praescnteni
826 3263 1041 3303 Concordiam,
1057 3265 1235 3298 restituentur
1249 3267 1284 3297 ad

225 3299 311 3330 dictas
330 3300 480 3339 Personas,
497 3301 530 3331 ad
546 3311 612 3340 quas
623 3301 754 3339 spectant.

265 3385 309 3415 15.
324 3376 369 3407 Ιτ
381 3385 450 3415 EM,
470 3378 661 3407 concordatum
678 3377 735 3414 est,
755 3377 832 3416 quod
850 3387 949 3409 omnes
962 3380 996 3409 &
1017 3378 1128 3418 fingulae
1153 3380 1284 3411 Personae

223 3414 443 3453 Ecclefiasticae,
462 3415 636 3446 Beneficiatae
652 3418 679 3445 in
697 3415 811 3448 Ducatu
828 3417 1018 3455 Norrnaniae,
1036 3428 1082 3448 aut
1099 3419 1156 3449 aliis
1169 3421 1284 3456 quibus-

225 3464 350 3492 cumque
368 3454 453 3484 Locis
468 3456 496 3483 in
513 3454 617 3493 Regno
634 3454 760 3485 Franci-e
770 3478 779 3493 ,
794 3457 818 3485 ei
834 3456 962 3493 subjectis
973 3480 982 3493 ,
996 3455 1093 3486 Nobis
1108 3457 1283 3496 obedientes,

225 3494 259 3523 &
280 3493 403 3523 faventes
423 3494 503 3521 Parti
529 3492 718 3530 pi-aecariffimi
740 3493 798 3523 Filii
815 3494 902 3524 nostri
919 3497 1002 3524 Ducis
1017 3496 1200 3534 Burgundiae,
1218 3505 1282 3533 quae

221 3531 356 3569 jurabunt
368 3532 475 3561 servare
491 3531 655 3568 praesentem
676 3531 888 3569 Concordiam,
906 3533 1067 3571 gaudebunt
1089 3533 1206 3571 pacifice
1229 3534 1282 3565 Be-

224 3569 332 3636 Refici'is
345 3570 395 3600 suis
409 3568 608 3599 Ecclefiasticis
622 3570 650 3598 in
660 3569 790 3608 Ducatu,
809 3571 854 3601 seu
871 3571 958 3601 Locis
973 3573 1100 3609 proxime
1114 3572 1198 3603 dietis
1210 3582 1283 3603 con-

252 3618 333 3638 itutis.

262 3647 280 3664 ³*
308 3646 351 3676 16.
370 3644 671 3684 ITEM,quod,fimili
687 3646 792 3684 modo,
812 3656 912 3677 omnes
926 3647 1080 3686 &singulae
1088 3646 1219 3679 Personae
1227 3648 1284 3679 Ec·-

223 3684 378 3715 clesiasticae
394 3686 419 3714 ei
434 3684 624 3721 Obedientes‚
638 3686 671 3714 &
686 3683 857 3714 Beneficiatae
872 3686 899 3714 in
917 3684 1023 3722 Regno
1040 3686 1164 3717 Franciae
1180 3687 1209 3717 in
1221 3686 1283 3718 Lo-

224 3724 264 3752 cis
279 3724 360 3752 nobis
373 3723 518 3761 subjectis,
538 3733 601 3759 quat
616 3723 747 3759 jurabunt
761 3723 866 3752 servare
880 3722 1046 3759 praesentem
1069 3724 1282 3762 Concordiam,

225 3761 387 3795 gaudebunt
401 3761 517 3800 pacifice
534 3761 681 3792 Beneficiis
695 3761 747 3791 suis
766 3760 965 3791 Ecclesiasticis
989 3763 1018 3791 in
1042 3761 1130 3793 Locis
1152 3765 1282 3803 proxime

226 3798 306 3828 dietis
321 3799 486 3830 constitutis.

268 3845 312 3873 ¹7·
330 3837 374 3867 Ιτ
386 3847 402 3867 E
412 3847 454 3876 Μ,
473 3838 551 3876 quod
565 3839 663 3868 omnia
678 3838 711 3868 &
728 3837 830 3876 lingula
844 3836 997 3876 Ecclefiae,
1018 3837 1238 3877 Univerfitates‚
1249 3841 1283 3871 &

225 3872 320 3916 Studia
340 3878 490 3914 generalia,
517 3887 628 3907 necnon
652 3875 783 3915 Collegia
805 3875 1001 3914 Studentium,
1027 3877 1061 3908 &
1085 3877 1133 3907 alia
1152 3877 1281 3915 Collegia

222 3910 431 3954 Ecclesiastica,
449 3914 599 3945 constituta
612 3917 639 3944 in
655 3914 756 3952 Locis,
775 3914 856 3944 nobis
869 3924 944 3944 nunc
959 3924 1003 3944 aut
1027 3917 1054 3944 in
1074 3915 1197 3946 futurum
1217 3916 1282 3946 sub-

224 3950 318 3988 netis,
337 3952 364 3983 in
392 3952 506 3983 Ducatu
530 3953 724 3992 Normaniae,
740 3962 788 3984 aut
809 3952 867 3984 aliis
888 3953 974 3984 Locis
993 3951 1090 3993 Regni
1110 3953 1281 4022 Franciaebei

1210 3995 1239 4022 iu
1265 4010 1275 4016 -

1325 483 1419 513 bertez
1436 506 1446 521 ,
1470 482 1507 525 ὠ
1525 483 1682 522 Franchises
1698 495 1717 513 a
1733 494 1786 514 eux
1801 493 1982 524 appartenans
1996 509 2006 524 ,
2030 494 2061 516 ou
2079 485 2166 516 deubz
2180 509 2190 524 ,
2214 494 2248 516 eri
2272 493 2332 518 tous
2347 487 2386 518 les

1325 524 1416 552 Lieux
1425 521 1532 562 subjets
1548 535 1566 552 a
1587 524 1664 553 Nous
1680 525 1872 564 maintenant,
1889 535 1920 555 ou
1937 536 1969 555 ou
1985 532 2067 565 temps
2083 525 2210 555 advenir.

1366 608 1413 628 10.
1433 597 1523 628 ITEM
1533 621 1542 636 ,
1556 609 1606 638 que
1622 598 1717 628 nostre
1733 598 1775 629 dit
1788 598 1843 628 Fils
1856 598 2051 638 diligemment,
2068 601 2107 639 &a
2123 602 2150 633 lo
2164 609 2275 632 aument
2292 602 2384 633 labou-

1325 646 1387 666 rera
1402 660 1411 675 ,
1436 635 1475 672 &¹
1482 635 1551 676 jera
1568 637 1601 666 a'e
1609 633 1662 676 son
1681 639 1801 667 Pouvoir
1816 659 1826 674 ,
1866 648 1897 666 ue
1912 638 2016 677 Justice
2025 640 2092 679 fera
2109 653 2128 670 a
2147 639 2278 681 mimstree
2292 653 2326 672 ou
2343 642 2387 671 dit

1326 679 1457 716 Royaume
1472 698 1481 714 ,
1500 674 1579 714 selon
1594 675 1631 705 les
1650 677 1725 705 Loix
1742 699 1751 713 ,
1775 679 1829 705 Cou
1853 687 1924 705 umes
1937 699 1946 714 ‚
1963 676 2002 712 ὠ·
2019 681 2130 709 Droiels
2149 680 2184 710 du
2202 683 2335 718 Royaume
2351 674 2385 710 de

1326 717 1430 744 France
1444 737 1453 750 ,
1470 713 1539 755 sans
1554 725 1612 744 acce
1629 718 1685 743 tion
1702 715 1746 744 des
1766 716 1818 744 Per
1832 715 1911 744 o'nnes
1924 737 1933 752 ,
1957 714 1996 750 ὠ
2013 716 2181 756 conservem
2193 740 2204 757 ,
2220 718 2260 754 ό·
2277 720 2385 750 Tendra

1326 752 1363 782 les
1379 752 1499 791 Subjedls
1515 753 1547 782 de
1564 722 1650 793 nojl’re
1666 753 1708 782 dit
1725 755 1857 792 Royaume
1873 763 1906 781 en
1925 755 1997 782 Paix
2007 777 2016 790 ,
2034 753 2072 788 ὀ·
2091 754 2257 797 Tranquilite
2271 780 2280 796 ,
2297 757 2336 793 ὠ·
2352 758 2385 787 de

1319 790 1373 831 son
1385 795 1502 858 pouvyir
1512 813 1521 829 ,
1547 790 1584 820 les
1602 792 1728 821 Gardera
1744 815 1752 830 ,
1771 790 1809 826 ώ-
1829 789 1972 831 Defendra
1990 792 2022 822 de
2040 795 2069 822 V
2069 792 2177 823 iolences
2191 816 2201 833 ,
2216 793 2256 830 ό·
2273 800 2387 836 Oppres-

1318 829 1580 906 stozsiqllae‘rmissi‘zs
1598 866 1635 908 est
1651 867 1785 899 Accorde
1801 891 1810 906 ,
1836 879 1886 909 que
1908 869 2005 900 nostre
2023 869 2063 900 dit
2080 869 2136 901 Fils
2153 870 2180 901 le
2198 870 2266 908 Roy
2285 870 2388 913 Henry

1320 913 1475 944 pourverra
1493 929 1502 944 ,
1525 905 1564 942 ὠ·
1574 904 1641 945 fera
1675 911 1785 936 ourvoir
1797 930 1806 944 ,
1829 918 1878 948 que
1894 917 1950 937 aux
1968 907 2062 946 Offices
2075 932 2085 948 ,
2104 916 2170 939 tant
2187 909 2218 939 de
2235 908 2265 939 la
2282 909 2387 952 Justice

1326 945 1359 974 de
1377 944 1534 975 Parlement
1544 969 1553 982 ,
1569 955 1618 986 que
1667 956 1681 974 s
1698 945 1861 984 Bailliages,
1878 945 2080 987 Senefihaffl’es,
2100 947 2248 988 Prevostez
2281 947 2319 983 ὠ
2337 960 2389 978 au-

1327 990 1381 1012 tres
1398 990 1579 1022 appartenans
1595 994 1632 1012 au
1648 986 1865 1014 Gouvernement
1883 985 1914 1014 de
1931 989 2079 1023 Seigneurie
2194 972 2265 1055 aufff
2285 997 2304 1016 a
2328 994 2388 1017 tous

1326 1029 1417 1051 autres
1435 1020 1529 1060 Offices
1546 1022 1582 1051 du
1600 1021 1643 1051 dit
1659 1024 1805 1062 Royaume,
1817 1022 1913 1061 seront
1923 1024 2008 1064 prifis
2026 1028 2078 1054 Per
2092 1035 2171 1055 onnes
2187 1025 2225 1055 ha
2242 1025 2308 1062 iles,
2319 1034 2388 1064 pro-

1317 1059 1448 1101 fitables,
1465 1059 1504 1095 &
1520 1060 1637 1098 idoines,
1649 1068 1718 1098 pour
1735 1060 1759 1090 le
1776 1060 1826 1090 bon
1840 1083 1849 1098 ,
1860 1061 1948 1102 juste,
1961 1062 2087 1104 paifible,
2106 1062 2144 1099 (θ’
2165 1063 2312 1106 tranquille
2329 1068 2387 1094 Re-

1322 1102 1391 1136 gime
1405 1099 1441 1128 du
1456 1099 1498 1129 dit
1513 1102 1643 1137 Royaume
1653 1123 1661 1136 ,
1678 1098 1717 1135 &⁴
1731 1099 1777 1129 des
1785 1100 2045 1168 Admiffstrations,
2061 1105 2107 1143 qui
2122 1101 2180 1132 leur
2186 1102 2282 1143 ferant
2293 1113 2389 1133 acom-

1326 1145 1440 1176 mettre,
1457 1137 1495 1172 εἶν
1509 1137 1586 1180 qu'ils
1592 1137 1681 1177 soient
1694 1136 1763 1176 tels,
1780 1137 1859 1179 qu'ils
1897 1147 1972 1172 orent
1983 1140 2049 1179 estre
2064 1141 2178 1179 deputez
2187 1166 2195 1178 ,
2213 1139 2251 1177 ό·
2263 1145 2322 1180 pris
2327 1165 2337 1180 ,
2339 1142 2387 1182 fi-

1325 1175 1370 1245 ΖΜ
1383 1176 1420 1206 les
1433 1179 1522 1244 Lozaze,
1540 1175 1579 1212 ό·
1592 1177 1702 1206 Βνοίἑῖς
1715 1176 1752 1206 du
1766 1180 1899 1217 Royaume
1906 1200 1916 1217 ‚
1933 1177 1972 1214 ὠ
1983 1187 2052 1217 pour
2062 1178 2087 1209 le
2105 1179 2193 1220 Prrfit
2206 1179 2386 1220 deNous,&

1345 1227 1358 1244 e
1376 1226 1409 1244 no
1433 1226 1461 1245 Te
1504 1226 1518 1244 0
1534 1226 1619 1244 aulne.

1368 1215 1539 1291 12.st1·rssmy,
1574 1264 1605 1283 ue
1613 1253 1709 1284 nostre
1717 1253 1758 1284 dit
1766 1253 1787 1283 F
1788 1253 1819 1284 ils
1829 1252 1971 1284 labourera
1979 1254 2011 1285 de
2018 1254 2072 1295 sbn
2078 1260 2194 1295 pouvoir
2226 1255 2265 1293 ό
2278 1258 2303 1288 Ie
2311 1257 2387 1297 plus-

1326 1292 1377 1333 tost
1391 1304 1440 1333 que
1449 1291 1527 1332 faire
1553 1305 1566 1322 e
1575 1301 1676 1331 pourra
1685 1292 1906 1334 profitablement
1915 1317 1924 1332 ,
1942 1294 1974 1323 de
1989 1297 2096 1324 Mettre
2107 1307 2140 1325 en
2152 1307 2186 1326 no
2211 1306 2238 1326 re
2247 1296 2387 1336 Obetffizn-

1325 1342 1351 1360 ce
1372 1339 1474 1371 toutes,
1492 1330 1530 1366 ὠ
1546 1331 1670 1361 chacunes
1696 1335 1774 1361 Citez
1785 1355 1795 1370 ,
1814 1334 1842 1360 V
1843 1331 1902 1361 illes
1914 1355 1922 1370 ‚
1941 1331 2111 1373 chasteaux,
2128 1335 2234 1373 Lieux,
2252 1337 2327 1365 Paiis
2345 1334 2385 1371 &⁶

1325 1369 1470 1409 Persbnnes
1484 1370 1585 1400 dedans
1598 1381 1632 1400 no
1657 1381 1684 1399 re
1700 1372 1832 1409 Royaume
1845 1370 2016 1410 defhbefflns
2030 1384 2048 1401 a
2063 1381 2140 1410 nous,
2157 1371 2196 1408 ὠ
2209 1372 2334 1412 rebelles,
2343 1381 2388 1404 te<

1325 1419 1394 1438 nans
1406 1407 1435 1438 la
1449 1411 1544 1439 Partie
1560 1420 1592 1438 ou
1607 1421 1621 1438 e
1644 1419 1694 1439 ans
1706 1409 1738 1439 de
1750 1408 1780 1439 la
1793 1411 1888 1439 Partie
1910 1409 2108 1448 vulgairement
2126 1410 2227 1450 appelle
2246 1412 2285 1443 du
2303 1412 2387 1444 Dau-

1325 1448 1411 1486 phin,
1429 1458 1462 1477 ou
1474 1448 1669 1482 d'Armignac.

1366 1495 1409 1525 13.
1428 1485 1516 1516 ITEM
1527 1510 1535 1524 ,
1551 1497 1569 1515 a
1581 1485 1622 1526 fin
1655 1497 1685 1515 ue
1699 1496 1732 1515 no
1770 1497 1784 1515 e
1796 1486 1836 1517 dit
1854 1485 1909 1517 Fils
1916 1485 1998 1526 puffl
2004 1485 2100 1527 faire,
2116 1487 2387 1527 exerter,&accom-

1320 1523 1376 1563 plir
1388 1524 1426 1554 les
1434 1524 1527 1564 Chofi‘s
1541 1497 1692 1565 deffitszZtes
1699 1533 1720 1563 p
1731 1535 1762 1554 us
1772 1524 2006 1564 profitablement,
2014 1526 2184 1566 seurement,
2201 1526 2240 1564 ό·
2248 1527 2383 1568 franche-

1324 1570 1415 1600 ment,
1431 1563 1455 1592 il
1464 1564 1500 1632 el’ll
1523 1564 1662 1602 Accorde,
1679 1574 1729 1603 que
1752 1562 1789 1593 les
1809 1564 1937 1602 Grands,
1953 1568 2104 1601 Seigneurs,
2122 1569 2245 1604 Barons,
2262 1565 2300 1602 &
2323 1569 2385 1597 No-

1324 1600 1395 1640 bles,
1412 1600 1452 1636 &
1476 1613 1502 1632 es
1518 1602 1614 1642 Estats
1628 1603 1663 1632 du
1680 1603 1721 1632 dit
1737 1605 1886 1640 Royaume,
1904 1610 1969 1635 tant
1984 1603 2121 1641 Spirituels
2132 1626 2140 1640 ,
2157 1615 2206 1645 que
2220 1606 2385 1644 Temporels,

1324 1637 1363 1674 &¹
1376 1640 1439 1677 auffi
1453 1638 1490 1671 les
1504 1643 1583 1670 Citez
1592 1663 1600 1678 ,
1617 1639 1656 1675 (ᾤ’
1669 1638 1756 1670 nobles
1774 1643 1971 1678 communita,
1984 1641 2022 1671 les
2036 1645 2171 1680 Citoyens,
2189 1641 2227 1678 ό·
2242 1645 2386 1682 Bourgeois

1324 1678 1369 1707 des
1392 1681 1420 1708 V
1420 1677 1479 1708 illes
1500 1678 1536 1708 du
1557 1679 1599 1708 dit
1618 1681 1751 1719 Royaume
1766 1689 1784 1708 a
1795 1689 1859 1708 nous
1870 1679 1996 1720 obeiffizns
2004 1687 2073 1718 pour
2085 1680 2110 1710 Ie
2122 1687 2221 1720 temps,
2228 1679 2325 1722 ferant
2346 1682 2385 1714 les

1324 1720 1471 1756 Seremens,
1489 1721 1534 1759 qui
1548 1716 1722 1758 s'enficivent.

1361 1797 1651 1832 annmeiienr
1661 1824 1670 1839 ‚
1686 1811 1702 1830 a
1716 1799 1812 1831 nostre
1827 1800 1867 1831 dit
1883 1799 1938 1830 Fils
1952 1797 1977 1829 Ie
1990 1802 2046 1839 Roy
2063 1800 2141 1829 Henr
2165 1822 2175 1838 ,
2191 1808 2273 1840 ayant
2286 1800 2387 1832 Facul-

1324 1846 1352 1869 te
1369 1839 1401 1870 ὃς
1420 1839 1549 1870 Exercise
1563 1839 1599 1870 de
1619 1839 1767 1877 Dil'poser,
1783 1839 1816 1870 &
1832 1838 2004 1869 Gouverner
2020 1840 2044 1867 la
2053 1837 2110 1869 dite
2121 1809 2217 1870 &hose
2232 1839 2389 1879 publique,

1323 1878 1356 1908 &
1375 1888 1390 1908 a
1405 1878 1442 1908 ses
1459 1877 1741 1916 Commandernens,
1758 1879 1791 1909 &
1803 1887 1838 1908 en
1855 1886 1946 1908 toutes
1959 1878 2070 1915 choses,
2089 1887 2265 1908 concernans
2279 1877 2387 1909 l'Exer-

1322 1918 1384 1947 cice
1400 1916 1438 1947 du
1455 1916 1674 1948 Governernent
1688 1917 1726 1948 du
1743 1916 1783 1947 dit
1791 1916 1961 1957 Royaume,
1980 1917 2013 1946 &
2030 1925 2078 1955 par
2091 1925 2182 1947 toutoe
2197 1916 2386 1948 chosesobei⁴

1322 1964 1404 1993 ront,
1422 1956 1455 1986 &
1471 1955 1644 1986 entendront
1657 1955 1874 1993 humblemcnt,
1889 1956 1922 1985 &
1935 1953 2143 1986 obeisarnment

1349 1992 1465 2032 ἸτΕΜ,
1483 2004 1539 2032 que
1558 1994 1596 2025 les
1618 1994 1733 2032 choses,
1752 1994 1799 2032 qui
1821 1994 1897 2030 sont,
1916 2003 1955 2024 ou
1976 1993 2069 2023 seront
2089 1993 2277 2032 appointiees‚
2293 1994 2326 2025 &
2338 2003 2388 2025 ac-

1321 2031 1420 2062 cordes
1442 2041 1521 2063 entre
1535 2033 1627 2070 Nous,
1645 2033 1742 2063 nostre
1765 2036 1912 2070 Compagne
1934 2030 1964 2062 la
1987 2035 2093 2072 Reyne,
2109 2033 2143 2063 ὃς
2166 2031 2261 2063 nostre
2276 2032 2318 2062 dit
2331 2032 2387 2063 Fils

1322 2067 1346 2100 le
1367 2073 1422 2111 Roy
1441 2074 1553 2112 Henry,
1571 2081 1641 2102 avec
1658 2071 1683 2102 le
1699 2071 1815 2102 Conseil
1832 2070 1868 2101 de
1885 2078 1957 2101 ceux
1973 2080 2028 2108 que
2051 2070 2152 2109 Nous,
2169 2072 2202 2101 &
2218 2070 2314 2102 nostre
2329 2071 2389 2103 dite

1327 2108 1561 2148 Compagne,&
1579 2110 1673 2141 nostre
1687 2110 1728 2141 dit
1742 2110 1797 2140 Fils
1813 2117 1915 2140 auront
1929 2119 1943 2139 a
1958 2119 1992 2140 ce
2005 2110 2190 2147 commis,les
2202 2108 2255 2139 dits
2262 2109 2389 2149 Grands,

1322 2147 1482 2187 Seigneurs,
1502 2148 1625 2187 Barons,
1642 2148 1757 2179 Nobles
1771 2171 1780 2187 ,
1801 2148 1834 2179 &
1859 2147 1949 2179 Estats
1973 2148 2009 2178 de
2031 2148 2127 2178 nostre
2149 2147 2189 2178 dit
2212 2147 2386 2187 Royaume,

1321 2195 1381 2217 tant
1397 2187 1555 2224 Spirituels,
1575 2197 1630 2226 que
1641 2187 1831 2226 Temporels,
1849 2187 1881 2218 &
1895 2185 1961 2217 aussi
1976 2187 2015 2216 les
2023 2185 2110 2217 Citez
2124 2211 2134 2225 ,
2152 2186 2268 2217 Nobles
2289 2187 2387 2218 Com-

1323 2227 1468 2264 munitez,
1486 2226 1524 2256 les
1543 2226 1700 2264 Citoyens,
1719 2228 1751 2258 &
1769 2225 1920 2265 Bourgeois
1936 2226 1985 2255 des
2001 2220 2087 2255 Villes
2099 2225 2138 2256 du
2153 2225 2194 2256 dit
2211 2225 2382 2265 Royaume,

1322 2273 1358 2294 en
1383 2273 1441 2295 tant
1463 2275 1518 2303 que
1540 2276 1555 2296 a
1574 2275 1666 2303 ceux,
1685 2267 1718 2296 ὃς
1741 2265 1853 2295 chacun
1871 2264 1951 2294 d'eux
1969 2274 2070 2302 pourra
2085 2264 2234 2303 touchier,
2253 2274 2287 2293 en
2303 2272 2384 2303 tout,

1323 2303 1355 2333 &
1371 2313 1419 2340 par
1433 2313 1513 2342 tout,
1533 2304 1598 2335 bien
1613 2305 1645 2335 ὃς
1661 2304 1824 2343 loyaument
1840 2303 2008 2342 garderont,
2025 2303 2058 2334 &
2074 2302 2169 2333 feront
2184 2303 2221 2334 de
2236 2302 2296 2333 leur
2310 2312 2384 2341 pou-

1322 2342 1386 2372 voir
1400 2342 1498 2382 garder
1514 2351 1563 2382 par
1577 2352 1639 2373 tous
1655 2352 1744 2374 autres
1760 2342 1973 2380 queHconques,

1358 2379 1404 2411 Ιτ
1416 2390 1433 2411 Ε
1446 2390 1473 2412 Μ
1485 2406 1493 2418 ,
1514 2391 1570 2420 que
1588 2381 1841 2412 continuellemcnt
1856 2380 1904 2411 des
1924 2379 2018 2411 nostre
2031 2379 2170 2418 Trespas,
2186 2381 2220 2411 &
2233 2389 2313 2418 apres
2326 2380 2384 2411 ice-

1322 2418 1386 2488 Ἠ,
1403 2420 1434 2450 ils
1457 2420 1551 2451 seront
1572 2419 1665 2450 Feaux
1687 2419 1832 2451 Hommes
1854 2420 1939 2459 Liges
1962 2429 1978 2449 a
1993 2419 2090 2448 nostre
2103 2419 2146 2448 dit
2157 2418 2231 2456 Fas,
2245 2420 2279 2449 &
2294 2418 2329 2449 de
2348 2419 2386 2450 ses

1358 2459 1471 2496 oirs,&
1489 2458 1579 2498 iceluy
1596 2458 1690 2489 nostre
1704 2458 1760 2489 Fils
1773 2468 1846 2496 pour
1854 2458 2053 2497 leurSeigneur
2064 2457 2152 2496 Lige,
2170 2457 2385 2496 &Souverain,

1322 2497 1356 2527 &
1382 2507 1448 2536 vray
1470 2496 1539 2537 Roy
1565 2497 1601 2527 de
1618 2498 1743 2536 France,
1761 2497 1818 2527 sans
1834 2506 1944 2528 aucune
1959 2495 2139 2533 oppofition,
2156 2495 2364 2526 contradiction
2375 2519 2385 2534 ,

1322 2545 1361 2565 ou
1372 2535 1510 2568 difficulte
1523 2545 1691 2574 recevront‚
1710 2538 1743 2567 &
1760 2545 1877 2566 comme
1891 2545 1906 2565 a
1920 2535 1957 2564 tel
1969 2535 2118 2571 obeiront,
2136 2533 2169 2564 &
2190 2534 2312 2572 qu'apres
2336 2543 2386 2564 ces

1323 2572 1432 2604 Choses
1442 2597 1452 2612 ,
1467 2576 1564 2613 jamais
1578 2574 1739 2604 n'obeiront
1753 2583 1767 2603 a
1781 2582 1872 2610 autre,
1891 2583 1945 2610 que
1961 2582 1975 2602 a
1992 2571 2099 2608 Nous,
2118 2581 2236 2602 comme
2260 2582 2276 2602 a
2297 2571 2366 2611 Roy
2376 2596 2387 2612 ,

1321 2622 1361 2642 ou
1376 2612 1491 2651 Regent
1506 2613 1531 2642 le
1546 2612 1697 2650 Royaume
1711 2612 1747 2643 de
1758 2612 1882 2650 France,
1901 2611 1921 2641 si
1935 2620 1994 2641 non
2008 2620 2023 2640 a
2040 2609 2135 2640 nostre
2150 2610 2192 2640 dit
2203 2609 2260 2640 Fils
2281 2609 2306 2639 le
2331 2614 2388 2652 Roy

1322 2652 1435 2690 Henry,
1454 2651 1487 2681 δί
1504 2661 1519 2681 a
1532 2651 1571 2681 ses
1587 2650 1684 2680 Hoirs.

1359 2688 1404 2718 Ιτ
1414 2698 1432 2718 E
1442 2697 1469 2718 M
1479 2710 1490 2727 ‚
1507 2689 1587 2726 qu'ils
1605 2699 1641 2720 ne
1657 2688 1749 2719 seront
1763 2697 1798 2718 en
1815 2686 1929 2718 Conseil
1941 2711 1950 2726 ,
1971 2686 2068 2732 Ayde,
2086 2696 2125 2716 ou
2139 2686 2383 2728 Consenternent‚

1321 2736 1376 2762 que
1397 2727 1492 2758 nostre
1511 2727 1553 2756 dit
1574 2727 1629 2757 Fi'ls
1644 2726 1669 2756 le
1682 2729 1738 2763 Roy
1753 2729 1847 2766 Henry
1862 2726 1955 2757 Perde
1968 2726 2022 2756 Vie
2053 2735 2092 2755 ou
2104 2724 2258 2763 Membre,
2276 2736 2315 2756 ou
2332 2727 2384 2758 soit

1321 2764 1401 2795 Prins
1417 2765 1453 2796 de
1473 2766 1609 2796 mauvaise
1632 2765 1738 2803 prinse,
1755 2775 1794 2795 ou
1808 2765 1874 2803 qu'il
1894 2764 1999 2795 souffre
2021 2748 2204 2804 hommage,
2221 2773 2261 2794 ou
2272 2763 2382 2807 ,Dimi-

1320 2806 1420 2834 nution
1437 2814 1473 2835 en
1493 2804 1651 2841 Personne,
1669 2803 1765 2841 Estat,
1784 2803 1924 2842 Honeur,
1941 2813 1981 2834 ou
2000 2801 2099 2840 Biens,
2114 2804 2201 2840 mais,
2220 2802 2247 2832 se
2270 2801 2302 2832 ils
2323 2803 2383 2842 sca-

1320 2852 1388 2873 vent
1406 2853 1461 2881 que
1479 2852 1587 2874 aucune
1606 2843 1669 2873 telle
1687 2843 1771 2873 chose
1788 2842 1839 2872 soit
1858 2851 1958 2872 contre
1976 2841 2023 2880 luy
2046 2840 2204 2870 maschinee
2216 2862 2226 2877 ,
2254 2850 2293 2871 ou
2319 2851 2382 2878 par-

1320 2880 1419 2916 force,
1440 2882 1472 2912 ils
1497 2881 1732 2919 l⁷empescheront
1754 2881 1790 2911 de
1815 2881 1874 2911 leur
1893 2881 2034 2918 pouvoir,
2051 2879 2084 2908 &
2105 2878 2151 2918 luy
2176 2878 2272 2909 feront
2289 2889 2304 2910 a
2322 2880 2380 2920 sca-

1319 2921 1398 2989 ἷὲὶτ,
1417 2920 1442 2951 le
1461 2920 1579 2958 plustost
1602 2920 1680 2958 qu'ils
1700 2927 1855 2960 pourront‚
1873 2928 1922 2957 par
1942 2926 1996 2948 eux
2009 2915 2146 2955 mesmes,
2164 2915 2324 2957 Meilages,
2341 2929 2382 2951 ou

1364 2968 1437 2990 ttres.

1359 3045 1373 3066 1
1400 3059 1404 3064 .
1424 3033 1470 3066 IT
1481 3044 1551 3074 EM,
1565 3033 1601 3074 est
1617 3034 1738 3070 accorde,
1755 3043 1806 3073 que
1817 3039 1922 3071 tontes,
1939 3031 1977 3068 ό·
1997 3030 2124 3062 chawnes
2147 3031 2317 3072 Conquestes,
2333 3037 2380 3074 qui

1312 3073 1345 3114 J?
1364 3044 1462 3114 perant
1477 3083 1530 3113 par
1552 3073 1647 3104 nostre
1669 3073 1709 3103 dit
1733 3072 1788 3102 Fils
1811 3072 1837 3101 le
1857 3072 1925 3115 Roy
1948 3070 2069 3109 Henry,
2085 3070 2145 3100 hors
2169 3070 2199 3100 la
2222 3071 2326 3102 Duchie
2345 3073 2380 3102 de

1319 3114 1506 3150 Normandie,
1524 3123 1560 3141 au
1574 3115 1706 3150 Royaume
1719 3110 1751 3140 de
1769 3113 1870 3139 France
1886 3111 1938 3150 Jur
1959 3108 1997 3139 les
2019 3107 2202 3148 Defhbetffims
2223 3109 2379 3150 defficsdits,

1313 3150 1426 3190 seront,
1444 3148 1625 3190 &feserunt
1640 3161 1658 3178 a
1671 3148 1757 3188 nostre
1772 3148 1877 3189 Profit;
1897 3151 1938 3178 Et
1952 3159 2002 3189 que
2019 3159 2052 3178 no
2076 3158 2104 3177 re
2126 3149 2167 3177 dit
2189 3147 2260 3186 Fils,
2277 3150 2310 3179 de
2322 3149 2378 3189 son

1322 3191 1434 3226 Pouoir,
1443 3188 1511 3228 fera
1524 3199 1572 3227 que
1584 3195 1688 3225 toutes,
1706 3186 1744 3222 όν
1763 3187 1890 3217 chawnes
1905 3190 2013 3225 Terrer,
2081 3189 2257 3225 seigneur-ies,
2276 3187 2379 3227 esteans

1319 3238 1345 3256 es
1359 3230 1451 3256 Lieux
1485 3231 1511 3256 ui
1519 3226 1583 3266 fimt
1600 3225 1670 3266 ainsi
1687 3237 1704 3254 a
1729 3229 1891 3267 Conquerir,
1908 3232 2090 3264 appartenans
2112 3234 2168 3254 aux
2192 3224 2337 3265 Persbnnes
2358 3236 2378 3256 a

1319 3267 1396 3294 Nous
1412 3273 1461 3303 pre
1475 3271 1608 3294 entement
1635 3263 1790 3304 Obeifflzns,
1823 3268 1870 3306 qui
1891 3264 2028 3303 Jureront
2044 3263 2144 3300 garder
2168 3270 2235 3293 cette
2252 3262 2378 3303 presente

1319 3304 1466 3341 concorde,
1483 3304 1573 3341 lerunt
1593 3303 1730 3342 Restituez
1754 3313 1803 3333 aus
1825 3306 1894 3333 dites
1920 3302 2083 3342 Persbnnes,
2099 3311 2118 3331 a
2137 3305 2182 3341 qui
2205 3300 2268 3331 elles
2279 3309 2380 3341 appar-

1319 3344 1449 3371 tiennent.

1360 3389 1402 3417 15.
1420 3379 1462 3410 Ιτ
1472 3388 1490 3409 E
1501 3386 1546 3416 M,
1562 3378 1599 3419 est
1616 3379 1768 3419 Accorde,
1785 3386 1834 3421 que
1851 3385 1953 3416 tontes,
1971 3377 2010 3413 &
2023 3374 2150 3408 chacunes
2165 3377 2309 3416 Persbnnes
2322 3378 2378 3407 Ec-

1318 3417 1487 3459 clefiasliques
1497 3441 1506 3455 ,
1524 3417 1682 3457 Beneficiers
1696 3429 1729 3448 ou
1745 3418 1850 3449 Dachie
1865 3419 1898 3448 de
1914 3417 2102 3454 Normandie,
2120 3427 2152 3446 ou
2174 3422 2265 3458 autres
2280 3417 2377 3458 'Lietoc

1318 3456 1488 3497 quelconques
1509 3467 1545 3484 au
1567 3459 1699 3496 Royaume
1717 3457 1749 3486 de
1770 3460 1872 3487 France
1892 3479 1902 3495 ,
1925 3456 1978 3486 Sub
1986 3456 2031 3485 'ets
2048 3467 2067 3484 a
2085 3453 2178 3484 nostre
2195 3453 2236 3483 dit
2253 3453 2328 3491 Fils,
2355 3465 2376 3483 a

1318 3497 1395 3525 Nous
1412 3493 1554 3533 oberffians,
1571 3495 1607 3530 ὠ
1619 3493 1784 3535 favorisa'ns
1800 3495 1830 3525 la
1849 3497 1944 3525 Partie
1955 3467 1991 3523 A
2007 3492 2093 3532 nostre
2110 3490 2236 3531 treschier
2253 3489 2292 3526 (ῥ’
2305 3498 2375 3522 tres-

1317 3545 1376 3563 ame
1396 3532 1452 3562 Fils
1470 3535 1495 3562 le
1513 3532 1583 3564 Duc
1600 3532 1636 3563 de
1654 3533 1843 3573 Bourgongne
1856 3558 1866 3571 ,
1898 3535 1944 3572 qui
1963 3531 2100 3569 Jureront
2114 3529 2214 3567 garder
2230 3536 2299 3558 cette
2313 3538 2378 3568 pre..

1310 3571 1390 3611 sente
1408 3571 1539 3601 Concorde
1554 3594 1564 3608 ,
1584 3571 1723 3612 Jouyront
1742 3571 1929 3613 paifiblement
1945 3570 1977 3599 de
1995 3568 2065 3598 leurs
2083 3566 2216 3606 Benefices
2232 3567 2311 3597 Eccle
2320 3579 2376 3599 tas-

1316 3614 1417 3650 tiques,
1434 3609 1520 3648 estans
1533 3620 1569 3639 au
1584 3612 1625 3639 dit
1640 3610 1743 3640 Dachie
1755 3611 1787 3640 de
1802 3607 1985 3645 Narmandie,
2003 3617 2035 3636 ou
2048 3608 2138 3635 Lien
2152 3605 2323 3636 devantdits.

1357 3648 1402 3677 16.
1422 3647 1460 3678 Ιτ
1471 3656 1544 3686 EM,
1561 3659 1610 3686 que
1638 3648 1838 3679 emblablement
1853 3653 1953 3682 tontes,
1971 3643 2009 3678 ὠ·
2026 3643 2152 3673 chacunes
2170 3643 2296 3683 Perfimes
2319 3646 2376 3674 Ec·

1318 3685 1505 3726 cless‘astiques,
1522 3687 1591 3716 Obei
1611 3698 1661 3715 ans
1679 3699 1698 3716 a
1713 3687 1806 3717 nostre
1819 3685 1860 3716 dit
1874 3684 1929 3715 Fils
1941 3685 1967 3713 le
1982 3682 2048 3720 Roy
2068 3681 2188 3724 Henry,
2207 3681 2245 3717 ὠ·
2267 3683 2376 3725 Benefi-

1317 3728 1380 3753 ciers
1394 3735 1428 3753 au
1442 3728 1574 3764 Royaume
1590 3726 1622 3755 de
1635 3728 1738 3755 France
1747 3747 1758 3763 ,
1774 3734 1801 3753 es
1815 3724 1905 3753 Lieux
1920 3733 1938 3751 a
1953 3722 2029 3750 Nous
2054 3719 2156 3757 ubjets,
2175 3724 2220 3761 qui
2235 3720 2375 3760 Jureront

1313 3762 1414 3800 garder
1431 3770 1497 3791 cette
1507 3763 1630 3801 presente
1645 3763 1793 3800 Concorde,
1809 3761 1929 3800 Joyront
1939 3758 2023 3826 pfffib
2035 3766 2122 3788 ement
2136 3758 2169 3788 de
2183 3759 2253 3790 leurs
2266 3756 2375 3800 Benefi-

1317 3810 1356 3829 ces
1369 3800 1595 3841 Ecclesiastiques,
1614 3801 1699 3840 estans
1714 3811 1740 3831 es
1753 3803 1842 3830 Lieux
1854 3799 1958 3828 devant
1979 3800 2024 3827 its.

1359 3847 1402 3875 17.
1421 3838 1528 3876 ITEM,
1546 3851 1594 3879 que
1608 3839 1711 3876 temes,
1726 3837 1764 3874 ῤ’
1778 3837 1903 3867 chacunes
1916 3834 1980 3873 Egli
1994 3845 2034 3873 es,
2052 3836 2241 3877 Univerfitez,
2259 3835 2298 3871 ὠ·
2318 3838 2376 3867 Es·-

1316 3877 1394 3906 tudes
1415 3886 1570 3915 generaux,
1588 3876 1626 3911 &-
1649 3877 1716 3916 auffi
1737 3875 1849 3913 calleges
1872 3874 2064 3912 d'Estudians,
2089 3873 2126 3909 ὠ,
2148 3883 2240 3904 autres
2260 3874 2376 3913 Colleges

1316 3913 1527 3956 Ecclefiastiques
1543 3938 1552 3952 ,
1578 3914 1664 3954 eslans
1687 3926 1713 3944 es
1734 3916 1825 3944 Lieux
1848 3921 1866 3941 a
1888 3913 1965 3941 Nous
1978 3912 2082 3952 ficbjets
2100 3912 2317 3953 prefintemnt‚
2341 3921 2375 3943 ou

1310 3961 1378 3993 pour
1392 3952 1417 3983 le
1429 3960 1513 3993 temps
1530 3953 1665 3991 advenir‚
1683 3963 1717 3982 m
1731 3951 1761 3982 la
1773 3950 1876 3982 Dachie
1890 3951 1922 3982 de
1935 3951 2104 3982 Normandio
2113 3974 2123 3990 ,
2140 3962 2172 3982 ou
2186 3959 2278 3983 autres
2283 3954 2375 3982 Lienx

2334 3987 2371 4020 du
