2562 4274
39 218 115 249 Anu.
131 215 175 249 D.

60 265 152 293 1412.

38 298 102 325 Hm.
121 305 150 331 4.

37 409 116 439 Anu.
132 408 177 442 D,

60 456 146 485 1412.

39 489 92 513 An.
113 495 154 523 ¹3·

67 546 133 592 ibib.

64 1985 79 2004 ὓ
90 1985 171 2013 VIII.

63 2024 128 2060 768.

58 3407 134 3438 l‘mn.
148 3404 190 3436 D.

80 3454 166 3484 1412.

57 3490 112 3514 Aa.
133 3493 175 3521 13.

12 3529 14 3531 ’
58 3530 94 3552 Η,
108 3534 137 3559 4-

57 3564 169 3590 [bidan.

60 3611 105 3635 gie.
119 3600 145 3628 d.

443 313 502 344 Pro
527 309 666 355 Epiftopo
686 311 822 348 Sarum,
848 317 883 342 ut
919 319 1007 356 upra.

193 398 274 456 RE
284 397 315 429 X
334 397 496 434 Omnibus,
512 394 547 426 ad
561 405 650 437 quOS,
668 396 730 428 &c.

232 435 524 511 Εὐτὸηῗαῧὸεῐῗείἓξίἷίε
538 472 639 511 Pater,
656 472 790 503 Robertus
806 473 947 512 Epistopus
963 476 1077 510 sarum,
1169 508 1171 510 Ι

229 513 435 549 Confideratis,
454 512 515 546 (dyc.
529 518 559 541 ut
566 511 653 550 supra
664 511 745 552 usque
759 512 815 551 ibi,
833 512 996 550 oportebit,
1012 509 1050 545 ό»
1070 518 1135 539 tunc
1148 509 1203 549 Jtc,
1220 548 1225 553 ι

227 551 380 582 Summam
396 551 626 589 Qingentarum
644 550 809 581 Marcarum
823 552 906 581 nobis
920 559 1056 589 gratanter
1071 553 1252 582 mutuaverit,

190 587 251 634 &a
270 596 308 633 *ut
320 588 406 628 sicpra
421 592 536 619 mutatis
561 590 697 620 mutandis
720 589 799 630 usque
817 589 856 620 ibi
867 613 877 629 ,
895 587 1044 626 solvenda,
1063 587 1101 622 &-
1123 594 1188 617 tunc
1205 587 1256 626 fic,

190 628 400 697 Vlcssiigelzicssiianus
413 666 611 698 Coliee'torum
631 666 794 698 Medietatis
815 666 950 698 Decimae
963 665 1125 704 Ρηεάἰέὶῑε,
1143 664 1178 695 ad
1197 665 1255 695 hoc

192 705 405 744 Deputatorurn
418 705 463 736 seu
470 705 725 743 Deputandoiurn,
734 707 762 736 in
771 705 905 736 Dioeccse
911 705 1014 735 Sarum
1023 727 1032 743 ‚
1048 706 1151 734 virtute
1165 703 1259 741 cujus-

192 745 258 775 dam
272 743 388 782 Tam-ae,
406 744 486 784 super
502 745 593 775 dietos
607 743 786 776 Colketores
808 744 842 774 ad
865 744 1025 782 Receptam
1046 743 1186 773 Scaccarii
1203 751 1258 771 no-

189 782 258 851 stris,
271 782 457 853 lplgtgmeodem
477 782 638 823 Episcopo,
656 782 693 814 de
713 782 833 814 Summa
854 783 992 821 praedicta
1011 782 1125 820 levat-³2,
1143 780 1259 812 fideliter

189 830 468 930 Ρεέξέιιὸάῗεῦἰε
480 860 633 900 Ρῐεεάὶόὶα,
649 858 711 896 &c.
728 861 864 901 utficpra‚
879 864 991 892 mutatis
1009 859 1153 889 mutandis.

224 923 228 927 ι
304 908 321 929 e
332 906 363 930 Ut
373 899 460 937 supra·
587 940 642 968 Per
657 937 742 979 ipficm
758 941 857 976 Regem
872 936 911 972 ὀ·
925 936 1080 968 Concilium.

257 1087 307 1119 De
327 1084 566 1118 Proclamatione
583 1080 748 1146 faciendae
769 1080 861 1128 fhper
882 1081 1008 1127 Treugis
1030 1076 1186 1112 Flandriae.

163 1191 169 1197 -
195 1169 340 1228 REX,
354 1170 459 1202 dileeto
472 1169 542 1208 fibi,
559 1166 693 1199 Nicholao
707 1165 846 1206 Auncell‚
862 1167 911 1199 uni
931 1165 1123 1198 Nunciorum
1145 1164 1258 1196 nostro-

272 1220 347 1241 rum.

229 1247 328 1279 Sciatis
345 1247 425 1288 quod
433 1271 443 1285 ,

229 1286 312 1318 Cum
326 1296 410 1318 certae
417 1287 479 1317 Tre
519 1295 632 1331 ae‚npro
643 1293 722 1325 parte
736 1283 830 1316 nostra
844 1284 878 1316 δε
897 1283 1010 1316 illorum
1030 1282 1065 1313 de
1081 1281 1224 1321 Flandria,
1240 1292 1256 1313 a

151 1345 157 1352 -
194 1324 426 1364 Qintodecimo
440 1295 590 1364 dieufunii,
609 1325 698 1356 Anno
718 1324 814 1364 Regni
834 1322 923 1354 nostri
946 1323 1152 1359 Duodecim,
1169 1322 1256 1360 usque

191 1365 227 1394 ad
248 1364 424 1396 Terminum
445 1364 585 1403 Qiinque
607 1364 780 1402 Annorum,
797 1370 902 1393 extunc
925 1363 1061 1400 proximo
1081 1360 1256 1399 sequentium

189 1402 346 1442 duraturae,
364 1411 454 1441 captae
468 1404 502 1434 δι
515 1404 594 1433 initae
604 1402 740 1440 existant,
912 1439 917 1444 ¹
1043 1439 1048 1444 ¹
1180 1439 1185 1444 ⁸

227 1442 274 1473 Ac
289 1443 380 1474 Status
395 1441 548 1479 Flandriae,
567 1451 614 1478 per
631 1441 740 1472 Literas
758 1440 828 1479 suas,
850 1440 932 1470 nobis
951 1439 1100 1482 nuperime
1115 1438 1256 1468 certifica-

191 1482 282 1512 verint
295 1481 377 1519 quod
389 1481 438 1519 ipsi
450 1479 583 1517 Treugas
596 1479 670 1518 illas,
687 1489 740 1518 pro
755 1488 831 1518 parte
844 1479 974 1516 illorum,
992 1477 1107 1508 fideliter
1126 1477 1257 1521 observa-

187 1518 262 1589 Eunt
278 1520 312 1552 δε
327 1519 569 1557 manutenebunt,
588 1518 693 1549 eisdem
707 1520 737 1549 in
752 1518 847 1556 aliquo
862 1516 1018 1548 nullatenus
1039 1524 1256 1547 contravenien-

208 1567 229 1589 ο
257 1568 259 1571 ,

229 1581 293 1636 jac,
309 1597 410 1629 habitis
429 1606 479 1637 per
499 1594 612 1626 eosdem
634 1594 816 1627 Avilamento
837 1596 871 1627 ὃς
896 1603 1004 1626 matura
1026 1593 1256 1631 Dehberafione,

193 1636 233 1666 cis
245 1637 393 1668 videbatur
407 1645 440 1666 ex
460 1634 553 1665 ediens
569 1634 601 1670 (si
617 1635 700 1665 nobis
713 1634 771 1665 hoc
785 1634 861 1665 idem
871 1634 1008 1668 videatur)
1026 1632 1124 1672 quod,
1142 1642 1176 1662 ex
1184 1640 1258 1662 utra-

191 1684 248 1714 que
260 1683 355 1714 parte,
373 1675 419 1705 fiat
463 1673 595 1704 enovatio
610 1673 846 1704 Proclamationis
858 1673 937 1711 super
944 1671 1258 1704 conservatIOneTrcu-

193 1722 296 1751 garum
317 1713 515 1751 praedietarum
530 1735 539 1750 ,
562 1711 598 1742 ad
622 1712 724 1742 Finem
745 1712 826 1750 quod
850 1712 935 1749 nulli,
953 1713 1014 1741 tam
1032 1720 1066 1740 ex
1088 1720 1143 1740 una
1165 1717 1259 1747 parte,

193 1753 280 1821 quiaxrln
294 1752 395 1791 altera,
413 1752 535 1791 aliquam
550 1749 742 1790 Ignorantiam
756 1751 928 1790 praetendere
942 1750 1052 1781 valeant
1065 1751 1095 1780 in
1109 1749 1163 1779 hac
1175 1756 1259 1787 patre,

267 1801 300 1821 os

232 1814 418 1861 Attei’identes
436 1828 517 1868 quod
537 1827 684 1860 Praemiffa
703 1837 864 1860 commune
883 1827 997 1859 Bonum
1019 1828 1053 1859 &
1078 1827 1260 1864 Utilitatem,

192 1868 253 1899 tam
268 1869 389 1906 partium
402 1867 623 1907 praedietarum,
641 1868 728 1906 quam
744 1867 842 1908 Regni
867 1867 900 1897 &
919 1866 1056 1897 Dominii
1077 1865 1259 1903 nostrorum,

193 1907 343 1938 manifeste
355 1915 552 1945 concernunt,

227 1945 292 1985 Ac,
311 1956 348 1977 eo
360 1954 515 1985 praetextu,
533 1945 661 1977 volentes
671 1944 800 1985 Treugas
814 1944 887 1983 illas,
901 1944 1056 1983 juxtaVim
1067 1943 1101 1974 &c
1110 1942 1259 1986 Effecitum

191 1985 374 2024 earumdem,
398 1993 536 2023 quantum
554 1983 589 2015 ad
611 1983 804 2022 Mercarooes,
822 1983 1006 2023 Peregrinos,
1023 1982 1056 2013 ὃς
1072 1982 1091 2001 *
1107 1981 1260 2012 Piscatores

193 2023 386 2061 Fiandrenses,
406 2025 440 2054 &
463 2032 566 2055 eorum
586 2022 703 2061 Naves,
720 2021 910 2061 Marinarios,
924 2022 1099 2058 Servientes‚
1127 2019 1258 2064 Merces,

192 2061 402 2100 Mercandisas‚
418 2062 493 2099 Res,
508 2062 542 2093 &
559 2060 654 2100 Bona,
672 2072 706 2093 ac
721 2061 800 2100 Alia,
820 2061 954 2092 Personas
968 2058 1145 2091 Flandrenses
1159 2058 1260 2103 praedi-

191 2101 252 2132 etas
266 2101 468 2132 concernentia
481 2100 640 2138 dumtaxat,
655 2100 688 2132 &
706 2099 881 2131 Mercatores
915 2099 1101 2138 Peregrinos,
1119 2097 1260 2135 Clericos,

191 2140 227 2172 &
241 2139 396 2170 Piscatores
417 2139 547 2177 nostros,
562 2140 598 2170 &
621 2149 722 2170 eorum
744 2138 861 2179 Naves,
917 2140 1064 2177 arinarios,
1082 2137 1260 2180 Servientes,

192 2178 326 2217 Merces,
345 2179 550 2216 Mercandisas,
570 2177 631 2208 Res
647 2178 680 2208 &
695 2177 790 2216 Bona,
808 2188 841 2209 ac
859 2178 938 2216 Alia,
956 2177 1061 2216 Ligeos
1078 2175 1262 2220 & Subditos

193 2217 305 2286 ugiltros
329 2218 549 2255 concernentia,
572 2225 608 2247 ex
631 2225 708 2255 parte
729 2218 846 2255 nostra,
870 2216 988 2248 firmiter
1012 2217 1046 2248 ὃς
1064 2214 1261 2247 inviolabiliter

195 2266 216 2286 o
250 2266 340 2287 ervari

233 2295 271 2325 Et
293 2282 446 2333 prae'sertim
468 2305 522 2334 pro
545 2305 582 2326 eo
603 2294 684 2334 quod
705 2294 889 2327 intelleximus
909 2295 987 2334 quod
1010 2295 1063 2333 illi,
1080 2295 1116 2325 de
1138 2293 1261 2332 partibus

195 2333 349 2374 Flandriae,
368 2335 453 2366 dietas
469 2336 613 2374 Treugas,
629 2336 658 2364 in
674 2334 785 2372 singulis
801 2335 888 2366 Locis
901 2335 934 2365 &
948 2334 1070 2371 PIaceis,
1086 2334 1259 2371 quibuspro-

195 2372 309 2404 clamari
324 2375 487 2412 consuevit,
507 2383 596 2412 nuper
613 2372 795 2411 Republicari
809 2375 842 2405 &
858 2372 1029 2404 Proclamari
1042 2373 1188 2410 fecerunt,

233 2412 446 2449 Affignavimus
461 2414 506 2442 Te
521 2413 554 2443 ad
570 2412 697 2449 Treugas
710 2412 873 2451 praedietas,
893 2414 922 2442 in
937 2412 1047 2451 singulis
1068 2410 1210 2441 Portubus
1225 2419 1258 2439 ac

194 2449 253 2480 aliis
275 2451 378 2489 Locis,
396 2453 444 2482 ubi
468 2452 554 2490 magis
574 2452 704 2489 expedire
722 2450 839 2490 videris,
862 2451 898 2481 ab
921 2461 970 2481 ore
994 2451 1086 2490 Aqui:
1105 2447 1260 2479 Tliamisiae

198 2488 290 2518 versus
304 2499 392 2527 partes
405 2490 532 2519 Boreales
545 2490 578 2520 &
593 2489 765 2526 OrIentales,
784 2499 819 2518 ex
841 2498 919 2527 parte
933 2488 1043 2525 nostra,
1062 2489 1174 2526 publice
1195 2496 1260 2526 pro-

195 2526 377 2558 clamandum
391 2530 424 2558 ὃς
438 2527 547 2558 Teneri
562 2528 724 2566 faciendum
737 2550 747 2565 ,
763 2528 853 2558 modo
867 2529 900 2558 &
915 2527 1006 2557 forma
1025 2526 1202 2564 supradietis,

236 2565 273 2595 Et
286 2565 353 2595 ideo
368 2566 419 2595 tibi
432 2565 615 2602 Praecipimus
636 2567 716 2604 quod
738 2567 814 2597 circa
835 2565 981 2596 Praemisia
999 2565 1149 2603 diligenter
1165 2563 1262 2594 Inten-

198 2603 264 2642 das,
281 2613 315 2634 ac
327 2613 360 2634 ea
372 2603 455 2634 facias
468 2605 501 2634 ὃς
515 2606 656 2642 exequaris
673 2606 700 2634 in
716 2604 807 2634 forma
821 2604 972 2642 moedicia,

236 2642 349 2673 Damus
368 2651 463 2672 autem
478 2643 610 2672 universis
633 2643 666 2672 &
690 2643 798 2682 singulis
819 2643 1065 2680 vicecomitibus,
1084 2642 1260 2680 R'iajoribus,

198 2680 439 2717 Constabulariis‚
466 2680 595 2718 Ballivis,
614 2679 775 2719 Ministris,
792 2692 826 2712 ac
844 2682 901 2711 aliis
922 2682 1064 2711 Fidelibus
1085 2683 1118 2712 &c
1137 2680 1261 2711 Subditis

199 2718 319 2757 nostris,
342 2720 401 2749 tem
424 2720 495 2749 infra
511 2719 685 2756 Libertates,
701 2721 786 2758 quam
805 2729 895 2757 extra,
921 2719 1039 2751 Tenore
1063 2719 1260 2753 praesentium,

197 2757 314 2788 firmiter
327 2759 355 2787 in
372 2757 512 2788 Mandatis
529 2757 609 2795 quod
629 2758 698 2794 tibi,
717 2759 745 2788 in
767 2758 942 2788 Executione
965 2758 1197 2795 Praemiii‘orum,
1213 2755 1260 2786 [n-

197 2796 344 2864 teqdentes
357 2796 436 2865 sintg
445 2796 630 2826 Conlulentes
640 2818 650 2834 ‚
665 2796 698 2826 δε
714 2797 898 2835 Auxiliantes,
915 2806 1000 2835 prout
1014 2797 1104 2827 dccet.

249 2845 267 2863 n
286 2844 323 2864 cu
338 2844 367 2863 us
427 2844 464 2864 rc.

235 2845 428 2911 TesteJRde
447 2872 521 2911 apud
541 2872 816 2914 IWstmonasterium,
834 2875 909 2913 xxvij
930 2874 974 2905 die
989 2873 1067 2912 Julii.

690 2952 745 2980 Per
762 2954 855 2981 Breve
875 2952 907 2981 de
926 2953 1044 2980 Privato
1061 2949 1161 2989 sigillo.

237 3027 408 3059 Consimiies
425 3029 528 3059 Literae
543 3028 593 3059 diri
615 3036 700 3059 untur
719 3027 849 3067 Johanm'
864 3028 984 3066 Sewale,
1006 3029 1054 3058 uni
1075 3028 1265 3058 Nunciorurn

206 3067 390 3104 nostrorum,
414 3068 448 3097 ad
466 3067 594 3105 huju-{mo
617 3068 625 3096 i
640 3066 896 3097 proclamationem
910 3067 1086 3104 faciendum,
1106 3068 1133 3096 in
1157 3067 1265 3105 lingulis

203 3108 263 3173 &le
282 3107 317 3136 ab
339 3105 401 3135 Ore
423 3105 515 3144 Aquae
530 3105 687 3136 Thamisiae
699 3106 790 3137 versus
804 3115 893 3144 partes
906 3106 1046 3137 Auiti-ales
1066 3109 1099 3137 &
1116 3105 1268 3136 Occiden-

204 3152 231 3174 ta
243 3153 281 3174 es.

968 3234 1072 3241 ——--—

544 3303 638 3348 Super
660 3300 747 3334 distis
768 3305 903 3349 Treugis.

211 3384 297 3442 RE
308 3384 339 3415 X
348 3407 357 3423 ‚
379 3384 498 3416 Dileeto
511 3385 578 3425 sibi,
596 3386 730 3417 Nicholao
743 3387 880 3427 Auncell‚
894 3389 942 3418 uni
958 3386 1146 3418 Nunciorum
1156 3386 1269 3419 nostro-

288 3433 370 3462 rum,
386 3423 519 3454 Salutem.

245 3461 321 3492 Scias
337 3462 434 3501 quod,

249 3500 331 3531 Csim
343 3502 415 3532 iuter
430 3508 548 3532 caeteros
561 3501 703 3533 Articulos
713 3526 722 3540 ,
738 3505 766 3533 in
783 3504 946 3542 quibusdam
962 3504 1098 3543 Treugis,
1116 3506 1189 3536 inter
1203 3505 1271 3537 Nos

211 3540 245 3572 &
260 3539 322 3570 illos
337 3539 372 3570 de
386 3539 512 3570 Flandria
526 3542 629 3580 captis,
644 3541 833 3581 specificam,
852 3552 1029 3575 contineatur
1044 3544 1097 3582 lic,

247 3617 313 3656 ‘Qua’
324 3616 358 3656 fi
369 3625 423 3656 par
442 3614 610 3655 Efimtliers,
630 3628 662 3647 ou
675 3626 767 3648 autres
781 3618 874 3648 Gentz
887 3619 1070 3651 Labourantz
1080 3622 1126 3659 fiaer
1140 3620 1168 3651 la
1184 3625 1271 3653 Gurt-

210 3665 239 3684 re
249 3679 257 3692 ,
276 3667 375 3685 aucuns
391 3658 474 3685 Biens
507 3656 538 3685 de
552 3655 721 3686 Merchantz
733 3657 922 3694 d'Engleterre
929 3669 961 3686 ou
968 3662 999 3689 de
1006 3660 1152 3698 Flandres,
1161 3660 1270 3697 estoient

205 3693 330 3731 prix-sur
344 3697 439 3731 Meer,
458 3677 495 3728 (ξ’
512 3692 652 3733 Amefizez
665 3706 698 3723 en
711 3695 803 3732 astum·
811 3696 862 3725 dez
876 3698 966 3725 Portz
981 3709 1012 3727 ou
1027 3700 1139 3728 Havres
1153 3698 1184 3727 de
1198 3698 1270 3731 l'une

216 3734 313 3761 Parae
326 3743 357 3761 ou
371 3733 402 3762 de
417 3733 532 3768 l'autre,
546 3743 598 3772 que
615 3732 702 3761 iceulx
719 3736 803 3762 Βίαντι·
822 3745 854 3763 710
865 3742 982 3772 purront
1001 3736 1065 3774 estre
1083 3737 1187 3777 ili'oeqes
1201 3742 1269 3769 Ven-

212 3770 270 3797 duz
285 3781 317 3798 ne
325 3770 446 3800 Alienez
454 3770 505 3809 Jitr
512 3773 609 3809 Terre,
632 3781 663 3800 ou
681 3781 734 3807 mys
757 3774 880 3808 a‘lerre,
904 3770 942 3806 ὠ
955 3784 1004 3813 que
1019 3775 1178 3814 Restitution
1188 3778 1271 3814 serra

205 3806 282 3845 faite
300 3809 351 3837 dez
371 3812 471 3847 Biens,
488 3820 519 3839 ou
538 3809 569 3839 de
586 3808 643 3839 leur
658 3809 774 3848 Valeur,
792 3820 822 3838 as
848 3809 1006 3841 Marchanz
1029 3814 1060 3842 de
1085 3825 1149 3854 quoy
1173 3827 1207 3846 on
1225 3816 1272 3848 lez

211 3852 327 3873 averunt
339 3850 418 3885 priz,

251 3885 292 3911 Et
311 3893 427 3913 averont
447 3884 484 3914 les
504 3885 615 3924 Officers
628 3888 680 3917 dez
697 3889 786 3916 Liexx
801 3888 979 3918 fllandement
991 3890 1120 3929 expreffl,
1134 3901 1188 3930 par
1203 3897 1274 3924 Let-

214 3926 269 3950 tres
286 3922 415 3951 Parentes
430 3946 438 3960 ,
463 3923 532 3952 tielx
545 3925 614 3964 qu’il
631 3928 837 3964 αρρανῐὶρφιᾱνα,
856 3928 887 3957 de
893 3926 972 3965 faire
978 3927 1055 3966 faire
1066 3925 1095 3959 'la
1110 3930 1273 3970 Restitution

215 3965 297 3987 toutz
313 3957 433 3999 (i’sfoitz
454 3972 504 3999 qne
516 3962 553 3991 les
569 3974 613 3992 cas
631 3964 771 4004 efiherra,
788 3967 839 4003 Jur
858 3965 881 3994 le
900 3968 982 3996 Peme
1004 3968 1036 3997 de
1059 3968 1083 3997 le
1106 3971 1271 4002 Recouverer

211 3997 258 4034 [ur
275 4002 355 4033 eulx,
371 3998 397 4033 se
415 3998 458 4027 lez
477 4000 536 4029 ditz
555 4003 636 4030 Biens
651 4002 744 4040 sbient
770 4003 836 4043 atnfi
856 4004 966 4036 deuz
984 4016 1016 4037 ou
1031 4006 1154 4040 Alienez
1171 4022 1190 4040 a
1205 4013 1271 4041 Ter-

213 4046 260 4074 re,
275 4045 307 4066 ou
327 4045 381 4074 mys
399 4047 416 4066 a
440 4040 518 4068 Tene
535 4039 566 4069 de
585 4039 642 4071 leur
652 4042 716 4081 Jceu
732 4040 771 4078 ᾤ’
780 4041 942 4083 Joeffiance,
1262 4047 1269 4048 ’

652 121 1449 170 CONVENTIONES‚

1507 119 1893 174 LITERAE,

1333 209 1541 248 Affignavirnus
1552 208 1600 240 Te
1614 209 1648 240 ad
1663 209 1827 243 Articulum
1840 208 2026 250 praeditstmm
2041 211 2072 242 in
2088 210 2198 251 fingulis
2208 210 2361 250 Portubus,
2378 211 2457 244 Ann-
2468 212 2512 247 Di

1292 258 1326 280 ac
1341 249 1399 279 aliis
1414 248 1517 287 Locis,
1534 248 1583 278 ubi
1598 251 1687 288 magis
1700 249 1829 288 expedire
1845 249 1959 288 videris,
1980 250 2016 279 ab
2027 259 2076 280 ore
2092 250 2186 288 Aquae
2201 250 2358 281 Thamisiae
2400 260 2486 290 1412.

1293 287 1386 319 versus
1405 295 1496 325 partes
1514 286 1651 325 Boriales²
1675 287 1886 319 Publicandum
1906 288 1940 319 &
1959 288 2219 328 proclamandum,
2238 298 2272 320 ac
2296 287 2361 320 Te-
2380 294 2444 320 Hen.
2461 300 2491 326 4.

1295 327 1354 358 neri
1367 325 1529 356 faciendum
1538 348 1548 362 ,

1333 364 1465 395 Necnon
1479 365 1515 395 ad
1528 363 1669 396 Dandum
1680 367 1712 396 in
1724 365 1887 403 Mandatis,
1903 374 1936 396 ex
1949 372 2025 404 parte
2038 366 2152 405 nostra,
2169 366 2361 400 Univerfis&

1296 404 1418 474 {iugulis
1435 402 1614 472 Νὲᾎέῗζίϋυε,
1631 404 1758 444 Ballivis,
1775 406 1810 437 δε
1825 404 1979 435 Officiariis
1994 404 2111 443 nostris,
2131 407 2161 435 in
2173 404 2316 437 Portubus
2328 406 2363 437 δε

1325 452 1384 472 ocis
1398 450 1455 480 prae
1477 452 1484 471 i
1519 451 1555 480 is,

1335 481 1429 519 Qiod
1452 481 1501 519 ipfi
1518 481 1609 519 aliqua
1628 479 1725 519 Bona,
1742 482 1950 520 Mercandisas‚
1967 483 2013 513 seu
2037 481 2155 519 Naves,
2178 481 2257 520 supra
2278 482 2363 514 Mare

1297 528 1378 557 capia
1400 520 1445 549 vel
1461 519 1613 559 capienda,
1630 520 1664 550 ad
1687 520 1854 552 Habitantes
1875 521 2015 551 Flandriae
2037 521 2217 559 pertinentia,
2235 522 2269 552 ὃς
2291 522 2363 551 infra

1297 556 1531 597 jurisdietionem
1546 558 1623 588 suam
1637 567 1735 589 contra
1746 560 1869 590 formam
1888 559 2070 600 Treugarum
2084 559 2219 596 adduita,
2238 559 2271 589 ad
2287 558 2363 590 Ter-

1300 606 1362 627 ram
1376 597 1462 636 poni,
1479 598 1512 628 &
1529 596 1637 627 ibidem
1648 598 1734 628 vendi
1747 597 1793 628 seu
1807 598 1917 629 alienari
1953 598 2003 628 sub
2024 597 2117 628 Poena
2136 599 2310 635 percipiendi
2327 599 2363 630 &

1300 635 1484 675 recuperandi
1504 635 1585 673 super
1604 634 1718 665 eosdem
1739 635 1902 667 Officiarios
1921 621 2058 667 valorem
2078 636 2225 667 Bonorum
2245 638 2279 668 ὃς
2297 635 2364 668 Na-

1299 676 1380 706 vium
1394 673 1615 713 przedietorum,
1635 674 1790 704 nullatenus
1803 676 1983 713 permittant,

1337 712 1389 752 Et,
1407 713 1538 751 ulterius,
1555 713 1592 742 ne
1604 713 1681 752 quis,
1699 712 1903 751 cujuscumque
1922 712 2057 744 Nationis
2075 713 2178 752 fuerit,
2195 714 2284 752 aliqua
2305 713 2363 744 Bo-

1298 760 1403 782 norum
1419 752 1622 792 praedictorum
1635 751 1678 782 ad·
1691 750 1815 781 Terram
1834 760 1927 788 emat,
1945 761 2035 791 neque
2056 752 2090 782 ad
2111 753 2236 783 Terram
2258 762 2363 793 ponat,

1295 790 1346 821 sub
1362 791 1546 822 Forisfacstura
1558 791 1695 821 omnium
1721 789 1798 828 quod
1813 789 1896 820 nobis
1909 790 2069 820 forisfacere
2089 798 2206 829 poterit,
2221 790 2260 821 set
2280 793 2361 830 quod

1297 829 1387 860 iidem
1402 829 1544 861 Officiarii
1559 839 1659 860 omnes
1677 827 1838 866 huiusmodi
1858 827 2015 865 Captiones
2035 828 2086 858 sub
2107 832 2199 859 secura
2222 828 2362 862 Custodia

1297 877 1420 908 ponant,
1439 869 1473 900 ad
1489 868 1715 899 Restitutionern
1736 867 1802 897 inde
1824 865 2000 905 faciendam,
2017 875 2101 904 prout
2120 876 2215 897 natura
2230 867 2363 909 Treugaf

1296 917 1361 937 rum
1376 908 1577 946 praedic‘tarum
1590 907 1722 946 requirit,

1331 945 1369 976 Et
1383 946 1449 977 ideo
1459 947 1511 978 tibi
1525 946 1710 984 Praecipimus
1743 944 1802 976 uod
1815 945 1891 975 circa
1900 943 2047 974 Praemissa
2059 943 2206 983 diligenter
2220 944 2364 984 Intendas‚'

1295 993 1329 1015 ac
1342 994 1373 1015 ea
1387 985 1468 1016 facias
1482 987 1516 1018 δε
1529 985 1671 1024 exequaris
1684 986 1712 1015 in
1739 993 1821 1015 orma
1833 983 1980 1023 praedieta:

1334 1022 1445 1054 Damus
1468 1033 1563 1054 autem
1585 1024 1718 1054 universis
1737 1025 1771 1055 &
1792 1022 1903 1062 singulis
1926 1021 2167 1060 vicecomitibus,
2188 1021 2364 1062 Maioribus,

1296 1059 1422 1101 Ballivis‚
1447 1059 1674 1093 Constabulariis
1686 1084 1697 1101 ‚
1722 1061 1879 1098 Ministris‚
1894 1070 1928 1092 ac
1949 1060 2006 1090 aliis
2025 1060 2166 1091 fidelibus
2184 1061 2218 1091 &
2239 1061 2365 1092 Subditis

1296 1100 1504 1145 nostrisQinfra
1518 1100 1671 1131 Libertates
1688 1100 1722 1130 &
1737 1107 1830 1137 extra,
1846 1100 1967 1130 Tenore
1979 1098 2163 1130 Praesentium
2173 1121 2183 1137 ,
2201 1098 2317 1131 firmiter
2331 1101 2362 1130 in

1297 1138 1463 1183 Mandatis,
1474 1139 1554 1179 quod
1573 1139 1622 1169 tibi
1635 1140 1663 1168 in
1684 1138 1865 1169 Executione
1881 1140 1897 1157 *⁵
1913 1137 2128 1169 Praemifforurn
2147 1147 2277 1179 pareant,
2291 1139 2364 1172 obe·
2385 1137 2400 1153 ⁸
2411 1138 2495 1167 VIII.

1296 1177 1390 1216 diant,
1409 1179 1443 1209 &
1457 1178 1619 1216 intendant,
1637 1186 1721 1218 prout
1734 1177 1825 1208 decet.

1333 1215 1366 1246 In
1383 1217 1481 1254 cujus,
1497 1218 1558 1248 &c.

1367 1255 1457 1288 Teste
1475 1254 1558 1295 Rege
1575 1255 1649 1295 apud
1669 1254 1944 1295 Wstmonasterium‚
1961 1256 2027 1286 xxix
2045 1255 2090 1287 die
2104 1256 2183 1296 Julii.

1772 1335 1827 1363 Per
1839 1335 1931 1364 Breve
1945 1333 1977 1362 de
1990 1335 2109 1365 Privato
2130 1332 2231 1372 Sigillo.

1330 1425 1502 1457 Consimiles
1521 1425 1627 1469 Literae
1641 1425 1798 1470 diriguntur
1816 1425 1946 1465 Johanm'
1961 1424 2085 1465 Sewale,
2103 1429 2151 1458 urii
2169 1425 2360 1458 Nunciorum

1295 1465 1478 1502 nostrorum,
1494 1465 1528 1495 ad
1543 1464 1702 1503 hUJusrrodi
1717 1464 1979 1507 Proclamationem
1994 1465 2172 1506 faciendum,
2191 1467 2220 1495 in
2234 1466 2365 1504 singulis,

1294 1505 1354 1535 &c.
1377 1505 1412 1535 ab
1434 1514 1483 1535 ore
1509 1504 1604 1542 Aquae
1624 1503 1781 1535 Thamiiiae
1806 1506 1899 1535 versus
1923 1513 2011 1544 partes
2029 1503 2230 1536 Occidentales
2251 1505 2285 1534 &
2300 1504 2365 1540 Aur

1296 1541 1394 1574 strales.

1296 1678 1345 1710 De
1369 1678 1540 1720 Scrutini'o,
1579 1688 1650 1724 uper
1676 1675 1887 1724 Captionibm,
1922 1686 2026 1710 contra
2053 1678 2188 1725 Treugas
2204 1679 2358 1726 praefatas.

1300 1765 1443 1822 REX,
1461 1764 1584 1810 Custodi
1598 1765 1736 1805 Quinque
1751 1764 1894 1796 Portuutn
1907 1765 2090 1804 nostrorum,
2109 1767 2155 1798 vel
2165 1768 2223 1806 ejus
2230 1768 2362 1800 Locum-

1379 1813 1485 1836 tenenti
1498 1804 1623 1842 ibidem,
1641 1804 1776 1835 Salutem.

2383 1176 2449 1213 7⁶9·

1333 1840 1428 1875 Sciatis
1439 1843 1520 1881 quod
1542 1842 1612 1873 Nos
1631 1842 1676 1878 (de
1696 1842 1841 1873 fidelitare
1859 1843 1892 1874 δε
1911 1843 2168 1882 circumspeeiione
2189 1844 2285 1875 vestris
2305 1846 2365 1884 ple-
2383 1843 2461 1875 Ann.
2474 1845 2520 1879 D.

1298 1881 1359 1912 nius
1370 1881 1558 1917 confidentes)
1579 1881 1789 1922 Affignavimus
1805 1891 1857 1913 vos
1869 1881 1903 1911 ad
1921 1882 2049 1912 debitum
2071 1882 2248 1914 Scrutinium
2267 1884 2300 1915 δε
2316 1884 2363 1915 In-
2412 1892 2499 1922 1412.

1298 1920 1477 1955 Quiiitionem
1499 1920 1680 1958 faciendum,
1699 1920 1735 1950 de
1754 1921 1889 1950 omnibus
1907 1919 2043 1952 Navibus
2064 1922 2098 1952 &
2122 1920 2222 1960 Bonis,
2242 1932 2308 1960 quae
2325 1923 2362 1954 de
2383 1925 2438 1950 An·
2456 1932 2501 1960 13-

1298 1957 1528 1998 Flandreniibus,
1547 1967 1646 1990 contra
1659 1958 2009 1997 Formam-Trwgamm,
2028 1960 2100 1990 inter
2115 1959 2184 1990 Nos
2199 1961 2232 1992 &
2251 1961 2312 1991 illos
2326 1961 2363 1994 de
2382 1964 2416 1988 H.
2431 1970 2462 1998 4.

1298 1995 1425 2030 Flandria
1438 1996 1637 2036 existentium,
1650 2006 1731 2037 capta
1745 1998 1778 2028 &
1792 1997 1863 2027 infra
1877 1997 1969 2028 dietos
1979 1997 2083 2028 Portus
2096 1998 2183 2030 dueta
2193 1998 2324 2039 fuerunt,

1337 2037 1374 2068 Et
1389 2047 1438 2077 per
1452 2046 1519 2075 quas
1533 2036 1634 2067 Naves
1649 2037 1683 2067 δε
1695 2035 1827 2067 Personas
1842 2035 1928 2066 dietae
1942 2035 2099 2075 Captiones
2113 2037 2214 2077 factae,

1336 2076 1375 2108 Et
1388 2077 1424 2107 ad
1439 2085 1510 2114 quos
1522 2074 1623 2105 Portus
1638 2075 1740 2106 Naves
1753 2075 1787 2105 &
1801 2073 1881 2105 Bona
1893 2074 1938 2104 illa
1949 2074 2068 2106 adducfita
2081 2075 2214 2115 fuerunt,

2385 2002 2444 2027 Par.
2455 2009 2464 2025 1
2472 2009 2499 2034 3.
2511 2000 2524 2038 'j

2384 2040 2420 2065 H.
2435 2047 2464 2073 4.

2384 2081 2410 2114 p.
2435 2085 2461 2103 2.
2478 2076 2518 2112 m}

1339 2115 1377 2146 Et
1394 2115 1429 2146 ad
1443 2113 1542 2146 oedem
1556 2112 1634 2145 Bona
1646 2114 1680 2145 &
1700 2112 1801 2144 Naves
1821 2112 1856 2143 de
1877 2112 2022 2152 Flandria,
2039 2115 2074 2145 &
2096 2113 2252 2154 Magistros
2272 2117 2366 2148 dieto·
2391 2124 2434 2143 10·
2449 2114 2477 2151 Α,

1301 2163 1365 2184 rum
1385 2153 1532 2185 Bonorum
1546 2153 1579 2184 &
1599 2152 1749 2191 Navium,
1768 2152 1798 2182 in
1819 2161 2071 2191 quorumcumque
2093 2152 2228 2185 Navibus
2245 2155 2370 2187 inveniri

1301 2202 1451 2232 poterunt,
1476 2190 1658 2232 Capiendum
1680 2192 1714 2223 ὃς
1736 2189 1945 2229 Arestandum‚
1961 2191 1994 2222 &
2018 2191 2231 2222 Liberationem
2252 2203 2369 2224 eorum-

1301 2232 1386 2271 dem,
1404 2232 1424 2263 si
1443 2239 1552 2268 extent,
1570 2240 1616 2262 aut
1637 2231 1696 2262 veri
1711 2230 1821 2262 Valoris
1838 2228 2027 2269 eorumdem,
2045 2230 2098 2261 iliis
2118 2230 2155 2262 de
2170 2230 2316 2272 Flandria,
2331 2233 2368 2264 ad

1301 2280 1372 2310 quos
1384 2271 1540 2309 pertinent,
1558 2269 1739 2308 faciendum,

1339 2310 1385 2340 Ac
1399 2311 1484 2341 etiam
1495 2309 1530 2340 ad
1545 2307 1715 2349 Magistros,
1735 2307 1921 2346 Marinarios‚
1939 2308 1973 2339 &
1988 2307 2108 2351 Naves,
2123 2317 2173 2347 per
2186 2319 2258 2348 quos
2287 2309 2368 2342 Bona

1301 2348 1438 2389 praedieta
1453 2356 1551 2388 capta,
1569 2348 1603 2379 &
1621 2347 1746 2387 Treugae
1768 2347 1911 2385 praediitae
1932 2346 2075 2385 impeditae
2093 2353 2221 2386 metunt,
2233 2349 2368 2380 ubicum-

1301 2397 1358 2426 que
1369 2389 1487 2418 inveniri
1507 2395 1640 2426 poterunt
1662 2387 1733 2416 infra
1752 2384 1984 2425 Jurisdiffionem
2004 2385 2142 2423 vestram,
2159 2386 2367 2426 Arestandum,

1301 2429 1334 2457 &
1349 2437 1396 2458 eos
1410 2427 1439 2456 in
1455 2425 1572 2457 Prisona
1584 2424 1697 2464 nostra,
1715 2424 1858 2464 quousque
1871 2423 1945 2455 aliud
1959 2423 2024 2454 inde
2038 2435 2053 2455 a
2068 2425 2150 2456 nobis
2172 2425 2322 2456 habueritis
2335 2427 2365 2455 in

1300 2466 1453 2503 mandatis,
1470 2464 1691 2502 Detinendum3

1338 2503 1374 2534 Ei
1387 2503 1451 2535 ideo
1467 2504 1549 2534 vobis
1562 2502 1735 2533 Mandamus
1749 2502 1828 2543 qubd
1844 2503 1920 2533 circa
1934 2500 2080 2532 Praemissa
2100 2501 2247 2542 diligenter
2267 2500 2366 2532 Inten-

1301 2541 1388 2581 datis,
1405 2553 1439 2573 ac
1454 2552 1484 2572 ea
1497 2542 1603 2572 faciatis
1618 2543 1651 2573 ὃς
1664 2542 1842 2580 exequamini
1858 2542 1888 2571 in
1902 2541 1993 2570 forma
2006 2540 2151 2577 praedieia:

1337 2581 1449 2611 Damus
1469 2590 1564 2612 autern
1586 2581 1720 2611 universis
1743 2580 1777 2610 &
1801 2579 1928 2618 fingulis,
1947 2587 2068 2616 quorum
2095 2577 2225 2616 interest,
2243 2578 2364 2610 Tenore

1300 2618 1484 2649 Praesentium
1494 2641 1503 2656 ,
1524 2618 1640 2648 firmiter
1656 2620 1684 2648 in
1698 2617 1843 2648 Mandatis
1856 2617 1935 2655 quod
1947 2617 2029 2647 vobis
2051 2617 2080 2646 in
2097 2617 2242 2654 praemiffis
2258 2617 2364 2650 facien-

1301 2658 1341 2688 dis
1356 2657 1502 2687 Obediant
1517 2657 1550 2687 &
1560 2655 1709 2687 Intendant
1722 2665 1807 2694 prout
1819 2655 1910 2686 decet.

1340 2695 1373 2726 In
1391 2696 1488 2733 cujus,
1505 2695 1566 2725 &c.

1374 2733 1464 2765 Teste
1483 2732 1567 2773 Rege
1580 2732 1655 2772 apud
1675 2731 1953 2773 Wstmonifieri'um,
1972 2734 2036 2763 xxix
2053 2732 2099 2763 die
2115 2734 2194 2773 Julii'.

1741 2811 1794 2839 Per
1807 2812 1900 2840 Breve
1914 2810 1946 2840 de
1957 2812 2075 2840 Privato
2090 2811 2187 2849 Sigillo.

1473 2965 1531 2996 Pro
1555 2960 1677 2996 Abbate
1699 2962 1803 2995 Saneli·
1825 2960 1989 3009 Augustini
2013 2963 2191 2996 cantuariae.

1310 3052 1453 3108 REX,
1471 3052 1604 3084 universis
1629 3053 1664 3084 &
1680 3052 1794 3090 fingulis
1813 3051 1991 3089 AdmiralliS,
2010 3050 2070 3082 &c.
2086 3050 2120 3081 ad
2133 3060 2221 3091 quos,
2239 3052 2299 3083 &c.
2320 3050 2370 3082 Sa-
2386 3058 2465 3091 Arm,
2477 3056 2519 3090 D,

1386 3092 1485 3122 lutem.

2410 3109 2496 3137 ¹412·

1331 3128 1444 3171 ‚Sciatis
1459 3129 1540 3167 quod
1553 3127 1755 3160 Conceffimus
1769 3129 1802 3160 &
1818 3127 1977 3158 Licentiam
1997 3126 2155 3166 Dedimus,
2174 3127 2293 3173 Dile&o
2312 3139 2367 3160 no-
2385 3141 2437 3165 An.
2455 3147 2499 3173 ¹3·

1307 3167 1349 3197 bis
1363 3169 1394 3198 in
1408 3168 1544 3205 Christo,
1562 3166 1672 3197 Abbati
1685 3167 1780 3210 Santi}
1796 3166 1946 3205 Augustini
1959 3166 2213 3210 cantuariaequod
2225 3167 2298 3205 ipse,
2317 3176 2363 3197 ex·
2383 3180 2419 3203 H.
2432 3184 2462 3210 4,

1308 3213 1347 3236 tra
1361 3206 1501 3244 Regnum
1523 3205 1657 3236 nostrum
1678 3204 1807 3249 Angliat,
1826 3206 1916 3235 versus
1934 3205 2067 3236 Sanstam
2089 3204 2244 3236 Civitatem
2257 3205 2364 3244 Jerusa-
2384 3214 2447 3241 md,
2460 3223 2499 3241 m,

1308 3243 1383 3282 lem,
1402 3254 1437 3275 ex
1457 3244 1536 3275 causa
1553 3243 1802 3282 Peregrinationis,
1821 3245 1850 3273 in
1874 3243 2130 3288 Complementum
2152 3242 2222 3274 Voti
2242 3244 2298 3282 sui,
2317 3253 2365 3281 per
2387 3261 2430 3287 ¹7·

1308 3283 1395 3320 ipsum
1410 3291 1474 3313 ante
1488 3283 1548 3312 haec
1563 3291 1688 3320 tempora
1701 3281 1786 3320 faeti,
1805 3291 1836 3312 ut
1848 3292 2023 3321 accepimus,
2041 3281 2068 3312 se
2079 3281 2214 3313 divertere
2228 3283 2328 3320 poffit3

1348 3320 1388 3351 Et
1402 3322 1467 3352 ideo
1481 3320 1571 3351 Vobis
1586 3319 1759 3350 Mandamus
1771 3321 1852 3358 quod
1866 3321 1958 3359 ipsum
1973 3321 2136 3358 Abbatem,
2153 3320 2245 3350 versus
2257 3319 2367 3351 Civita-

1310 3367 1370 3389 tem
1386 3359 1564 3397 praedidhm,
1582 3368 1616 3389 ex
1632 3357 1722 3389 Causa
1736 3359 1884 3397 praedieca,
1898 3359 1988 3390 libere
2000 3360 2033 3390 &
2043 3358 2144 3396 absque
2159 3358 2367 3395 impedimento

1311 3399 1406 3435 aliquo
1421 3397 1533 3428 transire
1543 3398 1722 3436 permittatis,
1739 3398 1832 3437 aliquo
1851 3397 1992 3429 Mandato
2009 3396 2125 3434 nostro,
2141 3397 2222 3428 vobis
2242 3397 2318 3434 prius
2336 3397 2367 3426 in

1311 3438 1486 3466 contrarium
1501 3436 1628 3473 direifto,
1644 3445 1704 3466 non
1716 3436 1854 3467 obstante.

1350 3474 1383 3504 In
1403 3475 1496 3512 cujus,
1515 3475 1576 3504 &c.

1385 3512 1475 3544 Teste
1494 3513 1576 3553 Rege
1592 3512 1666 3551 apud
1684 3512 1815 3552 Fulham,
1833 3513 1880 3551 xiij
1898 3512 1945 3544 die
1962 3509 2090 3552 Augusti.

1908 3591 1963 3618 Per
1975 3588 2055 3627 ipficm
2071 3589 2175 3624 Regem.

1637 3730 1685 3762 De
1708 3727 1857 3775 Apostatis
1878 3724 2035 3773 capiendis.

1318 3814 1444 3884 REO}
1461 3816 1612 3862 Universis
1631 3818 1664 3849 &
1680 3817 1789 3861 singulis
1801 3815 2047 3861 Vicecomitibus,
2061 3812 2244 3860 Maioribus,⁴
2255 3815 2362 3862 ΒειΙΙίι-ΙὶΓ

1445 3855 1631 3895 nstabukrrns,
1650 3855 1808 3893 Ministris,
1822 3865 1856 3885 ac
1871 3854 1928 3884 aliis
1942 3853 2083 3884 Fidelibus
2103 3854 2136 3884 &
2157 3855 2280 3886 Subditis
2298 3856 2350 3887 suis

1314 3890 1373 3920 tam
1383 3892 1454 3923 infra
1470 3893 1640 3933 Liber-tates,
1656 3895 1743 3932 quam
1757 3901 1848 3932 extra,
1865 3892 1900 3923 ad
1919 3902 2004 3931 quos,
2023 3891 2084 3922 ὅτε.
2104 3891 2236 3924 Salutem.

2387 3794 2464 3825 Ann.
2477 3794 2520 3825 D.

2363 3841 2373 3858 ²
2408 3842 2494 3873 1412.

2359 3881 2369 3895 ²
2387 3877 2439 3900 Aa.
2459 3881 2501 3908 ¹3·

2386 3915 2421 3938 Η.
2436 3919 2464 3945 4.

1353 3929 1432 3968 Qiia
1444 3931 1541 3962 datum
1557 3933 1598 3977 est
1611 3933 1694 3963 nobis
1705 3932 1817 3976 intelligi
1827 3955 1836 3968 ,
1849 3930 1930 3970 quod
1941 3930 2158 3975 quamplures-F
2158 3941 2241 3963 ratres
2255 3932 2371 3965 Ordinis
2386 3949 2450 3976 [bid.
2465 3952 2505 3977 m:

1314 3965 1442 4014 Iiratrum
1458 3970 1477 3988 *²
1491 3970 1731 4008 Praeo'icatoruni,
1749 3970 1854 4008 reicero
1869 3969 1981 4014 Habitu
1989 3968 2144 4013 Religionis
2157 3971 2227 4010 suat,
2245 3972 2279 4002 &
2296 3973 2369 4010 spre-
2388 3995 2430 4013 „⁴
2447 3987 2472 4014 d·
2501 3981 2504 3984 ’

1313 4013 1344 4036 ta
1363 4006 1539 4039 Profeffione
1560 4009 1624 4047 sua,
1642 4009 1805 4052 perplures
1826 4007 1989 4039 Comitatus
2010 4007 2105 4046 Regni
2128 4009 2217 4039 nostri
2238 4009 2370 4048 Angliae,
2388 4024 2407 4041 mx
2420 4022 2502 4052 vnn

1311 4053 1448 4086 yagantur
1460 4046 1494 4079 ὃς
1509 4046 1680 4086 discurrunt,
1697 4056 1728 4078 in
1740 4047 1911 4080 Animarum
1922 4046 2033 4079 suarum
2047 4056 2132 4086 grave
2145 4047 2324 4117 Pericuiurg,
2330 4049 2370 4117 ἐς

2316 4095 2329 4116 1¹
2351 4096 2374 4117 l·

2391 4070 2459 4099 7702
2499 4085 2504 4089 .
