2562 4274
722 190 822 242 ET
886 199 1148 239 ACTA
1214 190 1691 239 PUBLICA.

36 291 112 322 Ann.
126 288 167 320 D.
189 288 281 319 biliter
301 288 332 319 ἃ
355 287 449 317 secure
472 285 652 317 Comunient
673 286 706 317 ὃς
730 285 960 322 Conversentur,
989 284 1091 321 absque
1107 282 1240 313 Molestia

2250 215 2324 257 123

1278 284 1388 313 nuimus
1402 307 1411 319 ,
1436 281 1553 312 Proviso
1570 281 1668 320 quod,
1685 282 1813 320 primitus
1827 281 1860 313 δε
1875 289 1939 313 ante
1952 283 2065 321 omnia,
2085 284 2167 315 fimus
2178 286 2324 318 certificati
2349 283 2423 316 Ann.
2437 285 2474 315 D.

62 327 146 366 1426.
192 327 238 357 seu
256 327 411 363 Dampno,
430 326 458 355 in
476 325 653 362 Corporibus
666 324 711 354 vel
726 323 823 354 Rebus
838 345 847 360 ,
864 333 913 362 per
929 323 999 360 ipsos
1014 323 1050 352 de
1066 322 1173 364 Regno
1187 331 1240 351 no·
1278 321 1313 350 de
1327 321 1409 351 dictis
1422 320 1531 350 Statutis
1553 321 1585 350 δε
1608 319 1714 351 Εάἰεᾟε
1728 321 1844 358 publicis
1856 343 1866 358 ,
1884 331 1948 359 quae
1962 331 2009 358 per
2022 322 2133 353 dictum
2147 325 2324 354 Avunculum
2370 326 2457 362 1426.

42 372 104 396 Hm.
124 368 150 395 6.
193 366 250 395 stro
275 365 294 384 ⁴¹⁵
320 363 432 400 Angliae
456 364 516 402 ipsis
538 364 573 393 de
594 362 748 399 Flandriae,
766 361 811 392 vel
827 362 844 390 ὲ
862 361 1015 399 converso,
1033 360 1179 390 inserendo
1197 359 1241 391 vel
1281 359 1396 398 nostrum
1418 358 1581 400 Burgundiae
1598 357 1666 388 fient
1684 368 1713 389 ut
1734 358 1899 395 praedictum
1922 359 1961 388 est
1975 381 1985 397 ‚
2011 370 2059 397 per
2083 371 2147 399 quae
2168 363 2326 400 hujusmodi
2347 367 2410 390 Hen.
2431 366 2459 394 6.

59 405 79 424 ²*
89 405 124 432 X.
194 402 323 434 faciendo
335 402 538 439 quovismodo:
1282 397 1399 438 [fraudes
1414 397 1516 437 cessare
1528 396 1560 426 &
1574 397 1669 425 evitari
1683 397 1802 426 debeant
1811 419 1821 434 ,
1832 397 1864 426 &
1880 398 1963 427 etiam
1979 399 2057 435 quod
2072 399 2247 430 Provifiones
2256 411 2327 431 con-

44 442 109 481 362.
235 441 289 478 Et,
307 440 399 477 quoad
421 440 505 469 Prisas
521 462 530 478 ,
554 438 746 474 Perditiones,
772 436 905 466 Excessus
921 461 930 475 ,
951 438 985 468 &
1008 436 1158 474 Dampna,
1178 444 1242 471 quse
1282 435 1382 464 iriniles
1400 435 1586 471 supraicriprae
1608 433 1693 472 fiant,
1719 444 1768 472 per
1790 435 1898 464 dit‘tum
1915 435 2097 467 Avunculum
2112 438 2240 468 nostrum
2258 438 2328 469 Bur-

196 478 325 517 praedic‘ti
344 479 379 508 de
402 477 527 507 Flandria
541 479 578 507 eis
596 487 644 514 per
660 476 730 513 ipsos
750 474 786 505 de
798 475 902 513 Regno
917 475 1015 505 nostro
1032 475 1142 513 Angliae
1154 473 1244 510 illata,
1281 473 1394 510 gundiae
1407 495 1417 509 ,
1440 474 1468 501 in
1487 473 1560 502 dieta
1576 471 1667 514 Patria
1682 472 1727 502 sua
1740 472 1890 511 Flandriae‚
1908 483 1962 511 pro
1978 473 2058 505 dietis
2072 476 2127 505 aliis
2140 476 2262 507 Subditis
2276 487 2329 508 no-

195 525 348 555 perpetrata
360 539 369 554 ,
394 517 438 546 seu
462 517 532 546 facia
555 516 636 545 fuiffe
659 514 801 543 affirmant
815 537 822 551 ,
847 523 930 550 prout
942 514 1060 551 superius
1074 513 1243 542 declaratum
1282 511 1342 540 stris
1358 510 1482 540 Franciae
1497 512 1530 540 ὅ(
1548 509 1673 547 Angliae,

197 555 307 593 existit,
324 555 392 585 Nos
405 555 538 584 omnibus
554 554 586 583 &
603 552 712 591 singulis
733 552 768 580 dc
791 552 932 588 flandria,
951 552 1100 588 Conqueri
1120 550 1240 580 volenti·
1320 548 1429 590 Damus
1449 557 1543 578 autem
1567 546 1742 578 Canceilario
1757 570 1766 585 ‚
1794 547 1951 578 Admirallis
1964 572 1973 585 ,
1997 550 2030 580 δε
2050 550 2106 581 aliis
2116 551 2278 589 Justiciariis
2295 554 2328 585 ὅ(

198 594 251 624 bus
276 593 400 623 adversus
421 593 615 630 quoscumque
627 613 636 627 ,
659 591 707 628 qui
730 590 807 627 super
829 600 876 619 eos
898 589 981 621 Prisas
996 612 1006 627 ,
1025 589 1192 626 Captiones,
1210 588 1244 617 δε
1283 586 1434 616 Officiariis
1448 585 1646 623 praedictorum
1663 586 1830 624 Regnorum
1846 587 2006 617 nostrorum
2022 588 2148 619 Franciae
2162 592 2195 622 ὅτ,
2210 591 2330 630 Angliae,

199 631 334 663 Excessus
358 630 517 668 hujusmodi
539 629 655 658 fecerint
676 629 719 658 seu
740 629 979 666 perpetraverint,
1005 629 1063 657 tam
1088 627 1241 663 (videlicet)
1283 626 1316 655 &
1333 634 1433 654 eorum
1452 624 1686 654 Locatanentibus
1721 624 1839 654 Tenore
1852 623 2052 663 Praesentium,
2070 626 2184 658 firmiter
2200 629 2228 658 in
2245 629 2331 659 Man-

198 670 332 700 Subditos
346 669 456 699 nostros
473 667 638 705 Regnorum
654 666 814 697 nostrorum
831 666 943 702 Angliae
957 668 989 698 &t
1003 665 1142 702 Francie,
1159 665 1245 702 quam
1284 663 1352 706 datis
1375 661 1453 700 quod
1474 661 1655 705 Praesentibus
1677 647 1822 705 Contenta
1839 662 1998 694 custodiant
2018 664 2051 694 ὃς
2073 665 2255 696 interteneant
2270 690 2280 705 ,
2294 677 2329 698 ac

197 709 265 738 alios
288 708 481 745 quoscumque
500 705 652 735 EXtraneos
669 728 678 743 ,
702 715 750 743 qui
765 706 793 734 in
815 705 926 734 Francia
940 714 984 734 aut
1001 705 1027 733 in
1044 703 1146 742 Anglia
1162 712 1247 733 vene—
1283 701 1460 730 articulariter
1484 699 1618 730 custodiri
1639 700 1673 730 &
1691 701 1849 730 interteneri
1864 700 1981 738 faciant,
1998 711 2029 730 ea
2044 701 2159 733 effectui
2174 706 2207 735 ὃ(
2221 704 2331 736 Execu-

199 748 272 783 rint,
291 746 414 775 exhiberi
434 745 467 774 ὃς
487 743 543 774 ficri
567 744 699 774 volumus
718 744 866 778 summarie
881 745 914 773 ὃς
931 743 966 773 de
980 743 1063 780 plano
1077 744 1191 781 plenum
1210 742 1244 771 &
1283 739 1371 775 noni,
1388 739 1416 767 in
1431 739 1484 768 hac
1501 747 1593 775 parte,
1612 746 1695 775 prout
1709 737 1818 768 neceffe
1833 738 1932 776 fuerit,
1950 739 2157 771 demandando.

201 784 365 822 expeditum
376 781 495 820 Justitiae
510 782 772 820 complementum,
1321 775 1354 805 In
1368 777 1462 814 cujus,
1481 777 1541 806 &c.

237 823 282 851 Α6
303 830 404 851 omnes
424 820 484 850 illos
499 843 509 858 ‚
535 822 581 857 qui
606 820 688 850 Prisas
707 822 739 851 &
762 819 897 849 Exccffirs
918 818 1067 856 praedifios
1081 816 1244 859 fecerint&
1319 814 1408 845 Teste
1424 814 1505 853 Rege
1519 813 1590 852 apud
1611 813 1880 853 Wstmonasterium,
1899 814 1955 852 xvij
1977 814 2034 845 Die
2044 815 2120 854 Julii.

200 861 437 897 perpetraverint,
455 858 593 894 Evocari,
611 860 641 888 St
657 868 705 888 eos
717 858 808 888 facere
821 858 898 887 Stare
909 858 970 894 juri
983 859 1011 886 in
1028 857 1196 892 Praemiiiis,
1214 855 1247 883 il-

200 898 311 935 losque,
330 899 377 935 qui
390 896 551 933 Culpabilcs
566 898 598 927 ὃ(
618 897 818 932 Delinqueiiies
831 897 1025 932 invenientur,
1042 895 1126 925 taliter
1143 893 1246 922 Punite
1748 891 1802 919 Per
1815 889 1896 928 ipficm
1912 892 2006 928 Regem
2022 888 2060 925 ό
2077 890 2229 921 Concilium.

199 937 234 968 &
249 936 346 966 Puniri
358 937 463 972 facere,
483 935 561 972 quod
575 935 681 964 caeteris
693 934 774 963 cedet
789 935 817 962 in
834 933 1019 972 Exemplum,

240 975 285 1006 Ac
310 974 388 1004 Bona
404 983 612 1011 quaecumque,
639 972 676 1001 sic
692 970 800 1009 Capta,
819 981 883 1008 (με
897 973 976 1001 alicui
991 972 1102 1001 illorum
1117 969 1152 999 de
1165 967 1247 999 Fian—

202 1012 261 1043 dria
273 1014 407 1050 pertinere
421 1012 630 1049 probabuntur,
647 1012 779 1048 prompte
793 1009 916 1039 Restitui
931 1009 949 1039 si
965 1018 1074 1046 exrent,
1093 1010 1126 1040 &
1139 1010 1166 1038 in
1182 1006 1244 1037 casa
1414 1036 1417 1040 ,
1725 1035 1729 1039 ,
2062 1036 2066 1040 ,
2107 1037 2112 1041 ,
2182 1037 2186 1042 ¹

202 1061 262 1088 quo
284 1051 360 1081 Bona
381 1050 418 1079 fic
444 1049 534 1085 Capta
558 1059 617 1079 non
632 1057 743 1086 exterit,
762 1058 861 1078 omnes
875 1048 950 1085 illos,
971 1049 1017 1086 qui
1032 1048 1139 1084 dejure
1155 1045 1248 1086 Coni-
1286 1036 1346 1067 PV⁰
1373 1030 1520 1066 N2⁶h⁰l⁶²⁰
1547 1035 1646 1065 Bowet
1674 1030 1835 1072 Chwaleri
1859 1042 1951 1077 nuper
1966 1030 2184 1079 AYChlt'ptftOpt
2200 1033 2335 1068 Eborum

201 1090 265 1126 pelli
280 1089 414 1118 deberent
429 1110 438 1125 ,
466 1087 571 1125 Urgeri
585 1110 595 1125 ,
623 1085 766 1124 Coartari,
784 1087 817 1116 &
835 1085 998 1123 Constringi
1013 1086 1047 1116 ad
1061 1086 1182 1115 debitam
1199 1085 1249 1114 81-
1445 1080 1569 1113 Haerede
1581 1106 1590 1120 ‚
1610 1081 1701 1125 fispcr
1721 1077 1927 1124 Poffiffionibus
1944 1083 1975 1111 in
1991 1083 2177 1125 Aquitania.

201 1128 389 1158 tisfaetionem
403 1127 430 1155 in
445 1125 495 1155 hac
513 1135 588 1162 parte
606 1125 794 1159 Faciendum,
813 1125 845 1154 &
860 1125 920 1154 illos
944 1124 1250 1161 Dedampniiicandum

201 1167 236 1197 &
250 1164 416 1203 Indempiies
430 1163 654 1207 Praesei-yandum
668 1164 767 1201 quibus
783 1163 860 1193 Bona
874 1164 918 1192 illa
935 1165 1141 1200 pertinuerunt,
1229 1201 1234 1205 .
1288 1163 1414 1219 REX
1439 1163 1583 1204 Senestallo
1614 1163 1739 1192 Ducatzis
1767 1162 1848 1203 nostri
1879 1166 2061 1204 Aquitanniae
2087 1175 2120 1196 ac
2141 1167 2341 1206 constabulario
2357 1172 2423 1203 Am,
2448 1173 2490 1204 D.

238 1203 275 1234 Et
290 1227 299 1241 ,
325 1203 343 1233 si
367 1203 517 1240 contigerit
535 1202 596 1232 illos
612 1225 622 1239 ,
647 1201 683 1232 de
703 1202 804 1239 quibus
817 1201 884 1232 dic'ti
899 1202 933 1232 de
950 1201 1073 1230 Flandria
1087 1201 1252 1242 Conqueri‚
1360 1202 1447 1242 castri
1469 1201 1637 1239 Burdegaliae
1649 1226 1659 1239 ,
1681 1203 1730 1239 qui
1755 1211 1831 1232 nunc
1850 1201 1912 1232 sunt
1927 1224 1937 1240 ,
1954 1204 1988 1233 &
2005 1204 2052 1239 qui
2066 1213 2119 1240 pro
2133 1212 2263 1243 tempore
2279 1207 2340 1238 fue-
2385 1221 2397 1241 1
2422 1198 2460 1242 ἑὸ
2481 1199 2488 1205 ⁶

203 1243 236 1273 &
251 1252 321 1284 quos
332 1242 508 1284 ‘praetendere
524 1241 665 1270 voluerint
680 1240 828 1277 praetii'cios
845 1240 931 1270 Prisas
944 1239 1126 1282 &Li-’celius
1138 1238 1232 1268 teciffe
1241 1260 1251 1275 2
1289 1239 1362 1276 rint,
1377 1242 1410 1271 δε
1424 1250 1523 1270 eorum
1537 1240 1774 1270 Locatenentibus
1795 1240 1902 1270 ibidem
1916 1262 1926 1278 ,
1945 1249 1978 1270 ac
1993 1250 2095 1271 eorum
2111 1243 2244 1283 cuilibet,
2263 1245 2342 1276 Salu-
2357 1221 2453 1286 Anu..
2463 1235 2472 1242 ⁸

203 1280 380 1317 per-tonaliter
393 1279 562 1316 apprehendi
578 1288 637 1309 non
653 1278 748 1316 poffe,
768 1278 835 1308 Nos
849 1301 859 1316 ‚
877 1289 929 1315 pro
945 1278 1047 1307 eudem
1065 1277 1252 1314 Conqueren-
1288 1285 1356 1307 tem.
2356 1292 2383 1315 H
2409 1289 2426 1315 6

204 1319 295 1356 tibus,
312 1327 448 1355 quantum
463 1316 613 1354 ponimus,
632 1316 778 1353 providere
793 1317 917 1346 volentes
932 1337 941 1352 ‚
962 1318 1018 1344 tiun
1045 1315 1121 1345 ssciria
1138 1315 1252 1351 Propria
1327 1315 1409 1345 Cum
1423 1315 1567 1346 Dominus
1581 1317 1620 1344 H.
1639 1325 1728 1352 nuper
1742 1318 1801 1344 Rex
1815 1314 1946 1352 Angliae,
1963 1316 2040 1347 Avus
2060 1317 2155 1348 noster
2169 1340 2179 1357 ‚
2198 1330 2247 1357 pet
2262 1320 2342 1352 Lite·
2359 1311 2416 1364 Vusc
2430 1309 2465 1362 '4

205 1356 336 1393 illorum,
356 1358 403 1394 qui
425 1355 507 1385 Prisis
529 1356 561 1385 &
584 1355 717 1385 Excessus
738 1355 897 1392 hujusmodi
916 1355 1011 1383 seciile
1031 1355 1253 1391 praetendentur,
1290 1362 1331 1383 ras
1354 1354 1411 1384 suas
1432 1353 1561 1384 Parentes
1576 1376 1586 1390 ,
1609 1354 1644 1383 de
1660 1352 1761 1382 Gratia
1782 1353 1828 1383 sua
1845 1354 1969 1391 speciali,
1987 1356 2020 1385 ὃς
2038 1365 2091 1392 pro
2106 1356 2226 1394 quadam
2242 1360 2344 1398 magna
2360 1369 2387 1392 H
2403 1346 2477 1393 61711·

205 1395 292 1431 quam
312 1394 390 1425 Bona
413 1404 476 1431 quse
498 1393 535 1423 sic
560 1392 650 1431 Capta
669 1393 770 1423 fuerint
785 1417 794 1430 ,
815 1392 932 1422 Arestari
947 1392 1097 1430 faciemus,
1115 1403 1179 1430 quae
1193 1393 1253 1430 qui·
1291 1393 1324 1422 δε
1339 1393 1454 1422 notabili
1466 1391 1602 1428 Summa,
1620 1400 1722 1429 quam,
1739 1390 1855 1420 dilectus
1868 1390 1996 1421 Clericus
2009 1393 2088 1431 suus,
2108 1394 2244 1433 Magister
2265 1400 2344 1428 Hen-
2359 1385 2395 1439 4⁸
2467 1385 2477 1393 β

205 1433 270 1463 dem
288 1432 381 1470 Bona,
400 1433 437 1462 116
450 1433 578 1468 arestata,
599 1433 648 1462 iub
658 1431 748 1461 Manu
767 1432 876 1469 nostra,
893 1431 986 1461 donec
1003 1431 1108 1461 eisdem
1118 1430 1255 1469 Corique-
1291 1433 1359 1459 ricus
1377 1433 1476 1459 Bowet
1489 1431 1522 1460 ad
1537 1431 1619 1467 Opus
1634 1430 1714 1459 suum
1731 1428 1810 1458 solvit
1821 1451 1830 1465 ,
1857 1429 2012 1467 Concesftrit
2034 1432 2125 1461 eidem
2138 1435 2255 1463 Henrico
2267 1435 2346 1466 Ter.

209 1472 331 1501 rentibus
341 1470 450 1510 Justitia
465 1470 511 1501 fiet
522 1494 531 1508 ‚
550 1471 680 1500 faciemus
697 1469 862 1507 Custodiii,
1292 1478 1350 1505 ras,
1368 1468 1549 1499 Tenementa
1559 1491 1569 1506 ,
1588 1468 1743 1505 Redditus,
1762 1466 1965 1505 Pofleffiones,
1982 1469 2015 1499 &
2031 1469 2090 1500 Res
2104 1471 2218 1503 inferius
2235 1482 2348 1511 expres..

243 1509 437 1547 Poteruntque
452 1509 520 1539 dieti
533 1508 568 1538 de
584 1508 726 1545 Flandria,
745 1508 882 1547 quantum
897 1508 929 1538 ad
946 1507 1049 1544 Prisas,
1069 1518 1132 1545 quie
1153 1517 1201 1545 per
1223 1507 1256 1536 il-
1291 1506 1360 1543 sata,

207 1547 250 1577 los
269 1547 305 1577 de
326 1549 425 1586 Anglia
448 1547 507 1577 fieri
528 1547 677 1584 dicentur,
701 1547 745 1576 vel
771 1557 818 1583 per
837 1547 898 1576 illos
922 1548 969 1583 qui
984 1547 1011 1574 in
1028 1546 1104 1575 idem
1122 1546 1256 1584 Regnum
1333 1546 1411 1581 Quae
1432 1543 1576 1582 Johannes
1599 1544 1630 1573 de
1653 1546 1775 1572 Stretton
1802 1541 1949 1574 Dominus
1976 1543 2012 1574 de
2033 1544 2166 1577 Landiras
2184 1547 2349 1581 Defunctus

209 1596 278 1616 cum
293 1585 373 1616 Prisis
389 1585 549 1624 hujusmodi
566 1588 705 1622 venerint,
724 1595 818 1622 perere
836 1584 974 1622 justitiam
996 1593 1094 1613 coram
1114 1583 1259 1613 Canceila-
1295 1582 1409 1620 habuit,
1426 1585 1484 1613 tarn
1507 1592 1541 1612 ex
1562 1581 1755 1612 Conceiiione
1776 1580 1906 1611 cariffimi
1924 1582 2069 1612 Avunculi
2083 1584 2124 1613 sui
2136 1584 2274 1624 Principis
2288 1588 2350 1618 De—

209 1625 253 1654 rio
266 1624 365 1654 nostro
381 1625 425 1655 vel
447 1623 602 1654 Admirallo
621 1623 720 1653 nostro
741 1623 853 1661 Anglii:
864 1645 873 1659 ,
896 1623 943 1659 qui
964 1631 1040 1651 nunc
1055 1623 1132 1660 sunt,
1152 1623 1196 1652 vel
1210 1622 1260 1660 qui
1297 1621 1407 1658 funffi,
1425 1621 1511 1658 quarn
1533 1628 1567 1650 ex
1589 1618 1771 1651 concessione
1786 1618 1908 1649 Domini
1921 1622 1956 1648 R.
1974 1629 2065 1658 nuper
2078 1624 2156 1660 Regis
2171 1624 2284 1662 Angliae
2297 1626 2350 1657 Se-

209 1672 264 1700 pro
279 1671 410 1700 tempore
422 1663 538 1699 fuerint,
1297 1658 1383 1689 cundi
1397 1659 1461 1696 post
1475 1657 1664 1696 conquestum
1675 1680 1684 1695 ,
2015 1683 2019 1690 f

247 1700 284 1731 Et
299 1723 309 1738 ,
333 1701 426 1739 quoad
447 1700 533 1730 Prisas
545 1722 555 1737 ,
578 1709 643 1737 quae
664 1708 713 1736 per
736 1698 797 1728 illos
812 1697 847 1727 de
863 1697 979 1728 Francia
997 1697 1055 1727 fieri
1071 1698 1197 1736 possent,
1215 1698 1261 1729 vel
1336 1697 1490 1734 Videlicet,
1509 1697 1606 1727 omnia
1620 1696 1715 1733 Bona,
1735 1693 1937 1731 Haereditates,
1955 1694 2075 1735 Terras,
2094 1696 2254 1738 Drominia,
2273 1700 2353 1731 Cen..

209 1749 258 1776 per
279 1738 350 1775 ipsos
371 1740 419 1776 qui
441 1739 469 1768 in
493 1738 581 1775 ipsum
603 1737 741 1773 Regnum
758 1737 881 1766 Franciae
895 1738 1022 1773 venient,
1042 1737 1167 1773 praedie'ii
1180 1737 1263 1767 Cori-
1298 1734 1356 1773 sus,
1372 1735 1528 1773 Redditus,
1546 1734 1687 1764 Homines
1704 1732 1907 1771 Qaestabiles‚
1927 1733 2045 1773 Tallias,
2066 1736 2202 1775 Qaestus
2245 1738 2353 1777 Hospi-

210 1776 479 1814 querentesJustitiae
493 1776 737 1813 complementum
752 1777 865 1811 exigere
879 1783 1010 1811 poterunt
1026 1785 1120 1804 coram
1137 1775 1202 1812 iliis,
1214 1776 1262 1813 qui
1298 1774 1334 1803 tia
1382 1772 1544 1809 Burdegalia
1560 1795 1570 1811 ‚
1588 1772 1707 1809 Vincas,
1726 1770 1893 1801 Molendina
1909 1793 1918 1808 ,
1942 1770 2046 1802 Boscos
2060 1796 2069 1810 ‚
2090 1774 2171 1804 Prata
2183 1798 2194 1814 ,
2208 1760 2339 1808 piscarias

209 1815 244 1845 ad
257 1815 314 1845 hoc
329 1824 363 1846 ex
384 1823 462 1852 parte
482 1813 576 1843 nostra
595 1811 752 1844 Commissi
766 1823 847 1843 erunt
863 1813 896 1842 &
911 1812 1063 1850 Deputati‚
1083 1814 1183 1849 quibus
1198 1824 1263 1843 0111-
1298 1796 1423 1842 Paduras
1436 1835 1445 1848 ,
1467 1813 1501 1842 &
1523 1811 1657 1849 Paduagia
1673 1833 1682 1847 ,
1706 1819 1774 1839 cum
1786 1810 1920 1838 omnibus
1935 1810 1991 1839 aliis
2007 1812 2197 1851 pertinentiis,
2213 1823 2278 1851 quae
2293 1801 2356 1845 fue³

210 1855 294 1882 nibus
308 1863 377 1890 nos,
396 1853 432 1882 de
446 1852 616 1882 avisamento
637 1851 781 1881 dictorum
804 1852 1021 1881 Avunculorum
1045 1851 1207 1881 nostrorum
1229 1853 1263 1882 ὃς
1297 1858 1362 1879 runt
1382 1849 1506 1879 Arnaldi
1527 1850 1559 1878 de
1579 1848 1793 1889 champerryon‚
1812 1857 1899 1884 nuper
1914 1847 2056 1886 Burgensis
2072 1848 2200 1882 Civitatis
2212 1852 2354 1891 Burdega-

210 1892 330 1921 aliorum
351 1891 387 1921 de
409 1890 546 1920 Concilio
567 1889 665 1920 nostro
680 1914 690 1926 ,
709 1889 865 1924 Dedimus,
885 1889 1012 1926 Damus,
1030 1890 1062 1920 ἃ
1078 1889 1216 1920 Dabimus
1234 1891 1262 1919 in
1300 1888 1362 1925 liae,

209 1928 351 1959 Mandatis
366 1930 464 1966 quod,
484 1928 590 1958 frivolis
605 1928 827 1966 quibuscumque
846 1927 1039 1957 Dilationibus
1063 1928 1263 1966 praetermiffis,
1334 1926 1510 1965 Gaugettum
1531 1924 1600 1955 Vini
1621 1926 1649 1954 in
1676 1923 1798 1953 Civitate
1815 1923 1861 1954 sua
1881 1922 2068 1963 Burdegaliae,
2085 1926 2163 1963 quod
2177 1929 2309 1958 Dominus
2322 1929 2355 1959 de

211 1967 318 1997 bonam
332 1968 366 1997 ὃς
383 1968 503 1998 ceierein
515 1967 656 2004 justitiam
668 1967 816 1996 summarie
830 1966 863 1997 &
879 1966 915 1996 de
930 1966 1013 2004 plano
1027 1966 1108 1996 dietis
1124 1966 1264 2005 Conque-
1298 1966 1463 1994 Moucedane
1479 1965 1568 1994 tenuit
1582 1963 1617 1993 de
1630 1962 1802 1993 Haereditate
1818 1962 1862 1992 sua
1878 1983 1887 1998 ‚
1912 1962 1944 1992 ὃς
1960 1973 2008 1999 per
2026 1962 2226 1995 Rebellionem
2241 1967 2275 1997 &
2297 1967 2355 1997 F0-

211 2007 336 2036 rentibus
350 2005 559 2036 administrent:
1297 2003 1469 2033 risfaeturam
1490 2002 1616 2040 praeditsti
1639 2001 1763 2031 Domini
1785 2000 1820 2030 ad
1840 1999 1946 2030 Manus
1960 2001 2085 2038 praedien
2102 2012 2188 2040 nuper
2202 2002 2290 2043 Regis
2304 2005 2355 2036 de-

250 2043 287 2074 Et
311 2045 422 2074 ulterius
445 2054 495 2081 pro
515 2043 603 2074 taliter
624 2043 802 2080 providendo
825 2042 904 2080 quod
926 2041 975 2080 ipsi
998 2042 1034 2073 de
1055 2043 1182 2074 Flandria
1194 2054 1264 2074 cum
1296 2041 1392 2078 venit,

211 2082 337 2113 Subditis
350 2083 417 2112 dieti
434 2081 527 2120 Regni
545 2082 631 2112 nostri
647 2082 776 2121 Angliae,
794 2083 853 2111 tani
878 2091 927 2119 per
951 2082 1072 2112 Terram
1086 2106 1095 2119 ,
1115 2082 1201 2119 quam
1216 2092 1264 2120 per
1333 2079 1462 2109 Necnon
1484 2079 1559 2109 Tres
1579 2077 1673 2108 Partes
1697 2075 1819 2106 Mercati
1840 2075 2063 2115 Bui·degalensiS‚
2081 2087 2148 2115 quas
2163 2078 2307 2117 Johannes
2322 2083 2355 2112 de

212 2120 317 2159 Mare,
334 2121 429 2151 secure
442 2119 609 2151 Conversari
624 2122 656 2152 ὃς
669 2120 893 2150 Communicare
906 2119 1013 2149 valeant
1030 2143 1039 2158 ‚
1058 2122 1091 2150 &
1104 2121 1138 2150 ad
1153 2131 1200 2151 eos
1214 2130 1263 2159 ge·
1299 2117 1398 2146 Collom
1415 2116 1548 2147 Chivaler
1563 2118 1668 2152 tenuit,
1685 2116 1718 2145 &
1731 2124 1796 2152 <30ae
1811 2124 1859 2151 Pet
1874 2113 2074 2145 Rebellionem
2088 2117 2121 2146 δε
2137 2117 2356 2150 Forisfaeturam

212 2159 356 2192 neraliter,
376 2160 404 2189 in
420 2168 552 2198 quantum
569 2158 625 2189 fieri
640 2160 756 2196 poterit,
775 2167 872 2188 contra
886 2167 987 2187 omnes
1007 2158 1165 2195 hujusmodi
1178 2159 1264 2190 Prisas
1299 2156 1421 2194 ejusdem
1435 2154 1575 2193 Johamzis
1592 2154 1627 2185 ad
1645 2153 1749 2183 Manus
1763 2151 1889 2190 praedieti
1905 2162 1990 2190 nuper
2005 2154 2092 2192 Regis
2106 2155 2293 2195 devenerunt,

212 2198 247 2227 δε
262 2197 398 2228 Excefl'us
413 2198 440 2227 in
455 2198 536 2237 plena
554 2197 706 2228 Securitate
720 2196 885 2234 ponendum
904 2196 937 2226 ὃ(
950 2197 1016 2232 poni
1034 2197 1213 2235 faciendum,
1231 2208 1264 2228 ac
1336 2193 1479 2224 Officium
1491 2193 1622 2231 Janitoris
1634 2191 1727 2222 Castri
1740 2191 1780 2221 sui
1793 2190 1981 2229 Burdegaliae‚
1998 2191 2100 2222 Terras
2113 2193 2146 2222 &
2161 2192 2355 2234 Haereditates,

211 2235 298 2273 Nos,
308 2236 485 2266 Avisarnenta
494 2235 621 2273 quaedam
636 2237 715 2273 super
723 2236 780 2266 hoc
797 2245 845 2273 per
858 2234 930 2272 ipsos
942 2235 1159 2266 Ambassiatores
1166 2235 1264 2266 Nobis
1300 2241 1369 2275 oum
1389 2232 1559 2269 pertinentiis
1573 2254 1583 2269 ‚
1607 2240 1671 2269 quae
1685 2229 1798 2260 fuerunt
1813 2228 1952 2258 Gaillardi
1967 2230 2000 2259 de
2016 2233 2086 2261 Goot
2103 2229 2227 2262 Domini
2239 2233 2275 2263 de
2289 2233 2356 2264 Ro-

212 2275 335 2304 ex'nibita
357 2275 553 2311 prosequentes
565 2298 574 2310 ,
600 2275 656 2304 fieri
680 2275 815 2305 faciemus
838 2274 871 2303 &
886 2273 1076 2302 ordinabimus
1093 2274 1197 2305 Literas
1211 2284 1265 2304 no·
1301 2270 1393 2308 arliae,

212 2312 299 2349 stras,
319 2311 431 2351 Magnis
446 2313 545 2352 sigillis
561 2312 663 2342 nostris
677 2312 827 2351 sigillandas
844 2336 854 2348 ,
879 2321 943 2348 quas
958 2313 986 2340 in
1001 2310 1184 2350 Civitatibus,
1204 2312 1265 2342 Vil-
1337 2308 1439 2338 Terras
1452 2309 1485 2339 &
1500 2306 1702 2343 Haereditates,
1722 2315 1790 2336 cum
1805 2305 1996 2343 pertinentiis,
2013 2316 2079 2343 quas
2091 2306 2237 2345 Johannes
2254 2309 2356 2340 Collom

212 2350 246 2380 lis
256 2372 264 2388 ‚
281 2352 312 2380 St
327 2350 467 2381 Portubus
481 2351 624 2388 diciorum
641 2351 808 2389 Regnorum
823 2349 986 2380 nostrorum
1003 2350 1112 2388 Angliae
1131 2352 1164 2382 ὃς
1180 2351 1266 2382 Fran·
1299 2346 1432 2378 Chivaler
1445 2346 1594 2377 defunstus
1612 2346 1703 2376 tenuit
1717 2343 1791 2382 apud
1807 2342 1928 2382 Veffin,
1946 2345 1980 2376 &
1995 2345 2066 2375 infra
2076 2345 2306 2383 jurisdictionem
2321 2349 2356 2380 δε

213 2390 267 2419 ciae
283 2388 456 2419 Proclamari
468 2390 602 2420 faciemus
617 2390 650 2419 &
665 2389 823 2426 Publicari,
1300 2385 1472 2416 Potestatem
1489 2384 1639 2422 Marquae,

252 2427 366 2466 Quibus
380 2429 469 2465 paliim
486 2429 518 2458 &
534 2428 714 2466 solempniter
726 2427 920 2465 prohibebitur
932 2427 1064 2457 omnibus
1079 2426 1265 2458 Subditisno-v·
1339 2424 1357 2443 ¹*
1377 2424 1422 2454 AC
1438 2424 1522 2466 etiam
1540 2432 1642 2453 omnes
1660 2422 1765 2465 Tessas
1785 2420 1818 2452 &
1835 2418 2041 2460 Haereditates‚
2059 2431 2125 2461 qua-S
2142 2421 2302 2455 Gaillardus·
2323 2425 2356 2456 de
2391 2422 2406 2440 ³
2428 2423 2467 2451 X*

214 2465 275 2495 stris
288 2467 320 2496 ὃς
335 2466 408 2504 aliis,
425 2467 472 2505 qui
489 2468 516 2496 in
530 2466 626 2496 eadem
640 2467 741 2505 Regna
755 2467 898 2503 venerint,
916 2465 950 2495 &
972 2466 1000 2494 in
1014 2465 1118 2495 eisdem
1134 2466 1266 2504 frequen·
1302 2461 1417 2501 Pref'ffac
1430 2470 1518 2504 tenuit
1533 2462 1562 2490 in
1576 2459 1756 2497 Burdegalffi,
1888 2497 1893 2502 ¹
1967 2497 1982 2503 υ
2374 2463 2440 2499 364.

214 2505 314 2535 tabunt
335 2514 382 2534 aut
407 2505 610 2534 conversabunt
626 2527 635 2541 ,
657 2507 694 2534 ne
714 2505 775 2541 quis
789 2513 890 2534 eorurn
905 2503 1018 2542 aliquod
1033 2503 1202 2541 Dampnum
1217 2505 1266 2535 illis
1339 2501 1551 2538 Praepoiituram
1564 2499 1601 2530 de
1613 2498 1727 2530 Barsack
1742 2505 1809 2528 cum
1823 2503 2106 2537 pertinentiis,quam
2115 2502 2246 2531 Dominus
2260 2502 2292 2532 de
2300 2505 2360 2533 Bu-

214 2542 251 2572 de
269 2543 394 2573 Flandria
410 2543 446 2572 de
459 2542 638 2581 Corporibus
655 2543 699 2574 vel
713 2543 749 2573 de
766 2542 851 2572 Bonis
874 2542 993 2572 inserant
1018 2549 1065 2572 aut
1079 2542 1178 2573 faciant
1195 2553 1267 2581 quo·
1303 2539 1348 2568 01⁰5
1365 2540 1469 2577 tenuit,
1852 2575 1857 2580 ¹

215 2581 384 2619 quomodo,
1340 2576 1474 2607 Castrum
1494 2577 1527 2607 ὃ(
1543 2575 1648 2606 Villam
1661 2574 1698 2605 de
1715 2574 1837 2612 Leugon
1850 2583 1879 2604 in
1891 2572 2034 2615 Dominio
2051 2574 2180 2612 praedicti
2199 2576 2254 2608 Avi
2268 2578 2360 2610 nostri

253 2619 367 2657 Qiibus
385 2620 468 2649 etiam
496 2619 592 2651 Literis
611 2619 709 2649 nostris
729 2618 905 2650 mandabitur
921 2617 1019 2656 quod,
1039 2618 1057 2648 fi
1072 2618 1170 2656 aliquae
1184 2618 1268 2650 Prifae
1304 2615 1482 2653 Aquitanniae
1495 2639 1505 2652 ,
1530 2624 1598 2644 cum
1622 2614 1755 2656 Qatuor
1777 2613 1906 2642 Deiiariis
1927 2613 1962 2642 de
1978 2612 2065 2653 Libra
2080 2613 2116 2643 de
2133 2613 2275 2653 Moneta,
2293 2627 2359 2647 cur-

215 2658 243 2686 in
266 2659 438 2687 contrarium
452 2658 662 2688 Proerniii'orum
681 2658 762 2688 faetae
779 2658 898 2695 fuerint,
917 2658 949 2688 &
966 2656 1064 2686 Naves
1082 2668 1114 2687 ac
1134 2658 1211 2687 Bona
1230 2659 1267 2687 iic
1303 2662 1380 2684 rente
1401 2655 1430 2683 in
1454 2653 1596 2683 Dominio
1617 2652 1738 2690 ejusdem
1757 2654 1822 2680 Avi
1845 2649 1926 2688 nostri
1946 2651 2101 2689 praedicto,
2117 2654 2303 2690 percipiendis
2322 2655 2360 2686 de

206 2695 347 2733 captain
361 2706 544 2734 quocumque
562 2696 647 2726 Portu
664 2699 808 2727 dictorum
824 2696 990 2734 Regnorum
1014 2695 1176 2725 nostrorum
1197 2706 1270 2725 con-
1302 2692 1475 2722 omnimodis
1501 2690 1684 2721 Mescandiiis
1704 2690 1738 2719 ad
1758 2690 1876 2718 eandem
1899 2688 2002 2718 Villam
2023 2691 2200 2720 venientibus
2214 2713 2224 2729 ‚
2249 2693 2282 2722 &
2305 2703 2356 2731 per

218 2735 312 2768 tigerit
325 2735 477 2772 applicare,
496 2735 710 2766 Gubernatores
724 2734 892 2765 eorumdem
907 2733 1055 2763 Locorum
1069 2733 1111 2763 ieu
1129 2733 1266 2764 Portuum
1304 2731 1421 2760 eandem
1439 2729 1542 2759 Villam
1557 2739 1604 2767 per
1620 2728 1741 2758 Terram
1758 2728 1790 2757 ὃς
1806 2736 1853 2764 per
1869 2726 1982 2763 Aquam
1998 2727 2210 2766 transeuntibus,

219 2771 317 2801 Naves
331 2774 363 2802 &
379 2772 457 2802 Bona
470 2773 644 2812 hujusmodi,
663 2782 697 2803 ex
718 2782 792 2810 parte
812 2771 921 2809 nostra,
938 2772 1094 2801 Tenebunt
1107 2772 1141 2802 &
1157 2772 1268 2803 Ponent
1341 2769 1414 2798 [llud
1429 2767 1624 2805 Gaugettum,
1643 2766 1720 2804 quod
1735 2775 1787 2803 pro
1800 2765 1878 2794 dicto
1892 2765 1959 2794 Avo
1982 2764 2080 2808 nostro
2095 2767 2121 2795 in
2136 2766 2236 2797 Castro
2251 2767 2358 2799 Burde-

217 2809 268 2839 sub
285 2809 377 2840 Manu
394 2811 503 2849 secura,
520 2812 569 2842 sub
582 2811 674 2842 Poena
689 2810 873 2842 Refuiidendi
889 2810 1022 2847 praedicta
1036 2809 1168 2848 Bona‚in
1183 2820 1269 2840 even·
1302 2807 1381 2845 galiae
1402 2808 1551 2844 percipitur
1572 2805 1725 2840 (videlicet)
1746 2803 1782 2833 de
1802 2803 1835 2833 &
1859 2802 1936 2840 super
1953 2803 2078 2841 quolibet
2093 2804 2184 2833 Dolio
2202 2805 2285 2843 Vini,
2306 2817 2358 2837 cu-

219 2855 280 2878 tum
300 2858 359 2885 quo
382 2849 411 2878 in
433 2849 490 2879 hoc
511 2849 696 2888 Negligentes
708 2850 752 2880 seu
766 2849 925 2886 Culpabiles
943 2849 1050 2878 inventi
1068 2849 1187 2886 fuerint,
1202 2859 1270 2879 nec·
1304 2848 1426 2875 stutnato
1441 2846 1509 2874 infra
1524 2843 1655 2874 Castrum
1676 2841 1863 2884 praedictum,
1877 2842 2020 2884 quoddam
2035 2841 2206 2884 Sterliiigum
2218 2843 2356 2881 Aquitan-

218 2896 278 2915 non
300 2886 412 2916 Seisinae
434 2887 456 2916 F
458 2887 659 2918 rancheiiarum
680 2888 847 2918 eorumdem
864 2887 1012 2918 Locorum
1027 2886 1072 2917 seu
1089 2886 1226 2917 Villarum
1239 2889 1268 2917 in
1303 2886 1420 2920 nicum,
1438 2883 1483 2912 vel
1497 2882 1636 2920 Qinque
1653 2881 1789 2911 Denarios
1803 2888 1856 2916 pro
1870 2879 1972 2910 Valore
1983 2878 2051 2909 disti
2066 2879 2211 2919 Sterlingi‚

220 2923 326 2955 Manus
339 2924 460 2962 nostras,
1341 2922 1463 2951 Terram
1479 2923 1588 2950 Domini
1605 2919 1729 2957 Destaux
1739 2940 1749 2955 ‚

258 2963 335 3002 Qiae
358 2964 475 3000 quidem
499 2963 576 2993 Bona
597 2973 646 3001 per
664 2963 781 3000 spatium
801 2962 908 2992 Trium
922 2962 1067 2993 Menfium
1083 2962 1158 2993 salvo
1173 2962 1269 2993 custo·
1342 2959 1378 2989 Et
1397 2958 1577 3001 Terram-de
1599 2956 1723 2986 Condalt
1743 2955 1779 2985 de
1799 2953 1941 2993 Barbarie,
1960 2963 2045 2993 quam
2062 2954 2131 2986 Filia
2146 2956 2207 2986 Filii
2220 2957 2358 2989 Gaillardi

218 3000 344 3040 dientur,
364 3001 398 3032 ad
413 3002 498 3032 finem
513 3003 592 3039 quod
610 3001 677 3031 infra
690 3002 766 3031 idem
784 3009 912 3038 tempus,
932 3000 1062 3030 Personae
1077 3001 1271 3038 Dampnifica-
1305 2997 1336 3027 de
1352 2997 1442 3035 Fussac
1459 3006 1560 3032 tenuit,
1598 3033 1602 3038 ,

218 3048 256 3070 ωε
273 3039 427 3070 Certiorari
442 3040 549 3070 valeant
566 3041 598 3071 &
611 3041 708 3071 venire
722 3040 755 3070 ad
770 3038 992 3069 Restitutionem
1006 3039 1152 3069 Bonorum
1174 3040 1270 3077 hujus·
1344 3036 1389 3065 Ac
1409 3036 1491 3064 eiiam
1512 3032 1675 3077 Hospitium
1703 3029 1780 3069 quod
1802 3029 1937 3059 Haeredes
1955 3030 2096 3068 Johannis
2118 3032 2150 3061 de
2167 3033 2265 3063 Funell
2280 3034 2356 3072 apud

218 3079 300 3107 modi
314 3078 519 3115 postulandam:
1306 3073 1498 3109 Burdegaliam
1516 3072 1687 3106 inhabitant,
1707 3078 1761 3099 una
1775 3078 1841 3098 cum
1859 3068 1883 3097 le
1896 3067 2007 3106 Traue,

254 3114 309 3153 Et,
328 3124 359 3146 ut
380 3116 449 3146 dieti
468 3115 578 3147 Subditi
597 3116 685 3148 nostri
704 3115 740 3146 de
759 3115 781 3145 F
784 3114 883 3145 landria
904 3114 1046 3153 justitiam
1062 3114 1136 3144 suam
1151 3115 1178 3144 in
1191 3115 1269 3145 dioto
1342 3111 1476 3154 Habenda
1499 3111 1530 3141 ὃς
1551 3109 1675 3139 Tenenda
1692 3105 1946 3150 praefa201Henri0-gi
1967 3108 1998 3137 <Sc
2020 3106 2192 3152 Haeredibus
2216 3107 2267 3139 suis
2283 3132 2293 3147 ,
2318 3110 2356 3141 de

219 3153 327 3192 Regno
349 3154 447 3183 nostro
470 3155 578 3193 Angliae
598 3155 711 3186 liberius
726 3177 735 3192 ‚
764 3154 849 3183 tutius
862 3177 871 3189 ,
890 3154 921 3183 ὅ(
938 3154 1056 3182 securius
1072 3153 1203 3190 Prosequi
1222 3164 1269 3184 va-
1306 3150 1444 3190 praedreto
1466 3150 1535 3177 Avo
1554 3147 1637 3186 nostro
1658 3148 1691 3176 δε
1714 3144 1882 3187 Haeredibus
1903 3144 1969 3188 suis,
1987 3154 2036 3188 per
2051 3148 2167 3189 §ervi-tia
2182 3147 2247 3176 inde
2261 3149 2354 3179 debita

219 3191 291 3222 leant
302 3192 426 3221 adversus
441 3192 651 3230 quoscumque,
671 3194 719 3231 qui
733 3193 848 3223 eosdem
863 3190 1137 3228 Dampnificaverint
1150 3200 1195 3220 aut
1208 3191 1266 3221 Lze-
1306 3192 1337 3218 ὅτ
1353 3192 1499 3221 commeta,
1517 3189 1717 3228 imperpcjtuuina
1736 3191 1820 3226 PFOQ
1835 3192 1864 3211 ¹¹¹
1881 3181 1963 3212 dlCUS
1979 3183 2078 3226 thefls
2089 3188 2170 3227 iPhUJS
2185 3185 2242 3215 Avi
2257 3186 2358 3225 nostri,

219 3231 302 3260 serint
320 3232 348 3259 in
370 3230 494 3259 Personis
514 3239 560 3260 aut
581 3232 610 3259 in
631 3231 716 3260 Bonis
731 3253 741 3270 ‚
765 3230 959 3260 Concedimis
982 3230 1021 3258 eis
1040 3228 1137 3266 quod,
1153 3229 1269 3259 durante
1305 3226 1432 3266 Decimo
1455 3224 1572 3268 Qctavo
1586 3224 1647 3266 Die
1665 3223 1823 3258 bebruaru,
1851 3220 1939 3250 Anno
1955 3220 2050 3258 Regni
2064 3222 2103 3251 sui
2118 3222 2233 3260 prium,
2255 3230 2357 3254 conre-

219 3268 363 3299 Termino
389 3267 625 3298 Prosecutionum
646 3268 808 3299 earumdem
825 3292 834 3306 ,
861 3268 910 3298 su'o
931 3267 1112 3297 Prozeetione
1135 3268 1168 3297 ὃς
1191 3267 1270 3298 Salva
1306 3266 1375 3301 etis,
1394 3263 1501 3301 plenius
1516 3270 1689 3297 continetur,
1752 3298 1756 3303 η
1886 3297 1890 3302 ⁴
2000 3298 2006 3302 ι

148 3346 150 3348 v
218 3306 326 3337 Gardia
341 3306 439 3336 nostris
454 3306 612 3343 specialibus
629 3306 697 3344 sint,
715 3315 876 3344 teneantur,
895 3308 928 3336 &
945 3307 1124 3343 reputentur:
1342 3304 1484 3344 Jamque,
1503 3309 1537 3330 ex
1553 3308 1647 3337 parte,
1665 3297 1757 3343 dilecn
1774 3298 1807 3328 &
1819 3295 1905 3326 fidelis
1919 3296 2024 3334 nostri,
2043 3296 2170 3327 Nicholai
2180 3301 2280 3329 Bowet
2295 3299 2357 3331 Mi-

88 3348 108 3368 *
128 3349 167 3378 X,
256 3348 271 3361 '¹⁶
291 3345 328 3375 Et
343 3345 468 3382 insuper,
486 3346 514 3373 in
531 3344 593 3374 casu
614 3354 672 3382 quo
688 3346 817 3381 pra-,dicti
831 3345 986 3382 Captorcs,
1006 3343 1104 3373 Naves
1121 3343 1154 3373 ὃς
1175 3342 1272 3381 Bona,
1307 3341 1377 3376 litis,
1395 3341 1476 3370 nobis
1490 3338 1531 3382 est
1546 3338 1687 3368 ostensum
1701 3336 1810 3378 quod„
2144 3374 2149 3380 ι

75 3389 137 3424 363,
218 3383 255 3413 116
278 3382 368 3421 Capta
383 3405 392 3419 ,
417 3383 462 3413 (ua
484 3383 581 3419 sponte
596 3407 605 3420 ,
631 3382 791 3413 Restituere
813 3383 952 3412 voluerint
969 3406 978 3418 ,
997 3381 1024 3411 id
1041 3382 1130 3412 facere
1145 3382 1271 3420 valeant,
1343 3379 1425 3409 Licet
1439 3377 1572 3415 praedieta
1586 3376 1677 3412 Bona,
1695 3374 1899 3410 Haereditates,
1918 3372 2019 3403 Terrae
2031 3395 2041 3411 ,
2056 3372 2214 3412 Dominia,
2233 3374 2356 3415 Census,

218 3421 310 3459 posito
336 3421 414 3459 quod
434 3430 545 3450 exnunc
564 3422 591 3450 iri
609 3421 715 3458 aliquos
729 3420 832 3451 Portus
844 3420 1045 3458 praedictorum
1061 3419 1196 3458 applicata
1210 3420 1271 3451 fue-

218 3460 290 3497 rint,
308 3469 360 3489 nec
376 3459 480 3491 debent
492 3460 522 3488 in
536 3459 593 3490 hoc
601 3459 675 3489 Casu
687 3458 900 3489 Gubernatores
913 3458 1062 3488 Locorum
1076 3459 1122 3488 seu
1130 3457 1268 3489 Portuum

219 3507 268 3529 eos
284 3496 431 3537 prohibere
443 3497 486 3527 vel
502 3497 654 3534 impedire,

253 3536 384 3574 Insuper,
404 3535 497 3574 quoad
521 3536 578 3565 hoc
593 3559 602 3573 ,
626 3535 703 3573 quod
722 3534 851 3572 praediffi
869 3533 1086 3564 Ambaffiatores
1109 3534 1137 3563 in
1156 3533 1270 3571 Scriptis

220 3576 412 3613 exposuerint,
430 3573 509 3612 quod
526 3583 671 3611 nunquam
685 3574 794 3604 Subditi
810 3572 897 3602 nosti-i
913 3572 1026 3609 Angliae
1040 3573 1169 3602 colorant
1185 3572 1270 3603 Prisas

217 3613 395 3652 hujusmodi,
414 3623 478 3650 quas
494 3613 599 3642 faciunt
611 3612 689 3648 super
706 3612 726 3640 F
728 3611 913 3641 landrensibus
927 3620 975 3648 per
989 3611 1061 3647 hoc,
1071 3611 1146 3648 quo-i
1161 3611 1268 3649 dicunt,

219 3653 299 3690 quod
323 3653 385 3681 licet
406 3650 484 3681 Bona
506 3650 568 3687 illa,
596 3650 632 3681 iic
656 3649 745 3686 Capta
759 3673 768 3686 ,
787 3650 838 3680 sint
855 3649 954 3687 iignata
972 3648 1062 3687 Signis
1077 3649 1112 3678 d:
1128 3649 1270 3686 flandria,

221 3690 280 3720 hoc
299 3699 393 3720 tamen
417 3689 523 3720 factum
545 3687 586 3718 est
609 3697 656 3725 per
677 3688 814 3718 Fraudem
831 3710 840 3724 ,
865 3690 897 3718 &
921 3688 1000 3724 quod
1018 3687 1096 3725 Bona
1109 3687 1152 3716 illa
1168 3685 1223 3716 Illis
1236 3688 1270 3718 de

221 3726 328 3765 Ispania
342 3752 351 3766 ,
375 3728 419 3758 vel
442 3727 578 3757 Britannia
593 3750 602 3762 ,
631 3725 674 3756 vel
693 3727 748 3756 aliis
771 3726 889 3754 inimicis
903 3724 955 3754 suis
971 3727 1127 3762 pertinent,
1143 3726 1177 3756 &
1190 3725 1270 3763 quod

172 3790 176 3795 .
190 3802 196 3806 ¹
221 3767 331 3803 proco
347 3767 404 3805 ipsi
425 3776 455 3796 ea
476 3766 550 3796 licite
563 3764 706 3802 Capiunt,
723 3764 907 3801 quamobrem
922 3763 1049 3801 praedieti
1065 3762 1273 3793 Anibaffatores

220 3803 384 3841 optulerunt
399 3805 478 3842 quod
488 3827 496 3842 ,
515 3813 568 3840 pro
581 3803 755 3832 omnimodis
770 3801 921 3832 Fraudibus
937 3802 1071 3831 evitandis
1087 3824 1096 3839 ,
1123 3800 1272 3839 praedi&us

221 3840 386 3872 Avunculus
401 3843 486 3881 noster
501 3841 664 3878 Burgundiae
673 3863 682 3878 ‚
700 3850 750 3878 per
763 3841 868 3870 Statuta
881 3840 913 3871 &
929 3838 1165 3870 Proclamationes
1179 3840 1273 3877 publi-

221 3890 282 3916 cas,
301 3877 391 3909 modo
404 3880 436 3910 δε
451 3879 545 3910 forma
561 3880 722 3909 melioribus
738 3879 835 3916 quibu,
851 3877 909 3907 fieri
923 3879 1042 3915 pOterit,
1060 3877 1236 3915 providebit,

259 3917 376 3948 Proviso
391 3918 489 3955 quod,
507 3928 542 3948 eo
561 3918 699 3948 mediante
710 3941 719 3953 ,
737 3918 769 3947 δε
787 3916 879 3946 debita
897 3915 1047 3946 Punitione
1063 3926 1127 3953 quae
1140 3916 1187 3946 fiet
1202 3926 1274 3946 con-

221 3964 263 3986 tra
276 3955 440 3993 hujusmodi,
454 3955 477 3985 F
479 3957 574 3989 raudes
591 3957 814 3986 Committentm⁴
830 3977 838 3990 ,
860 3954 909 3990 [psi
923 3953 958 3982 de
972 3954 994 3983 F
996 3954 1098 3984 landria
1112 3964 1159 3990 per
1173 3964 1272 3984 eorum

222 3993 400 4023 Sacramenta
415 4015 425 4030 ‚
448 3994 484 4022 de
504 3995 594 4032 Signis
616 4004 717 4024 eorum
743 3995 775 4023 δε
799 3993 898 4029 nonis,
916 4001 979 4029 quae
994 3993 1024 4021 in
1039 3991 1190 4029 Navibus,
1210 4002 1274 4030 quae

219 4032 260 4062 fic
276 4032 338 4068 capi
352 4039 500 4070 poterunt,
519 4033 551 4061 ὃς
570 4042 598 4060 111
614 4031 730 4062 Francia
747 4032 787 4060 vel
806 4030 907 4068 ,anglia
920 4030 1040 4067 adduci,
1057 4030 1219 4068 credantur,

259 4068 328 4139 Ιᾶἶρε
351 4078 453 4137 6ῗῦωὲ
471 4068 674 4136 (Jlljlationibus
694 4072 726 4102 δε
741 4069 875 4100 Petitioni
887 4069 917 4098 in
927 4068 980 4099 hac
995 4077 1071 4107 parte
1082 4068 1200 4099 libenter
1213 4068 1275 4100 An-

206 4120 260 4137 ·.·,
291 4118 341 4139 om.
399 4129 407 4136 .
453 4130 459 4136 .
520 4128 527 4136 .

1307 3416 1448 3447 Redditus
1462 3439 1472 3453 ,
1496 3415 1636 3446 Homines
1656 3411 1841 3450 Qiaestabiles
1856 3434 1866 3449 ,
1888 3410 1990 3452 Tallire
2003 3434 2013 3449 ,
2039 3411 2191 3451 Quaestus,
2208 3413 2354 3452 Hospitia‚

1306 3455 1468 3493 Eurdegalia
1482 3476 1492 3492 ,
1518 3452 1636 3490 Vineae,
1660 3449 1847 3486 Molendina,
1866 3449 1962 3486 30161,
1984 3448 2079 3487 Prata,
2098 3450 2241 3489 Piscariae,
2258 3452 2356 3483 Pastu-

1307 3505 1362 3532 rre,
1379 3493 1518 3529 Paduagia
1533 3515 1543 3529 ,
1559 3489 1717 3528 Gangetta,
1735 3489 1809 3518 Tres
1826 3487 1918 3517 Partes
1933 3487 2072 3526 Mercari,
2091 3488 2231 3519 Officium
2244 3489 2356 3526 Janito-

1308 3534 1343 3562 ris
1353 3555 1362 3570 ,
1380 3530 1580 3568 Praepoiitura,
1596 3527 1729 3558 Castrum
1747 3527 1779 3557 &
1800 3525 1872 3556 Villa
1885 3525 1920 3555 de
1939 3525 2079 3569 Lerigon,
2094 3537 2163 3558 curn
2179 3528 2260 3557 dietis
2275 3528 2426 3567 Qaae—
2439 3546 2443 3547 ν

1308 3580 1370 3601 tuor
1396 3569 1525 3600 Denariis
1543 3591 1554 3605 ,
1577 3567 1659 3596 eidem
1675 3568 1789 3595 Henrico
1804 3588 1814 3601 ,
1840 3573 1869 3594 ut
1890 3565 2070 3601 praemittitur
2082 3588 2091 3601 ,
2120 3565 2274 3602 Concessa,
2292 3567 2356 3604 post

1307 3617 1430 3638 mortem
1450 3607 1570 3645 ejusdem
1595 3607 1706 3633 Henrici
1721 3626 1730 3642 ‚
1762 3611 1831 3632 tunc
1850 3601 2044 3641 Archiepifiopi
2064 3603 2203 3641 Eborum,
2228 3604 2276 3633 fibi
2300 3606 2358 3642 jure

1307 3646 1482 3677 haereditario
1496 3643 1655 3673 immediate
1670 3640 1900 3678 Deicenderunt,

1343 3685 1421 3715 Idem
1447 3692 1541 3713 tamen
1565 3681 1725 3711 Nic'nolaus
1746 3678 1882 3717 praemissa
1903 3677 2005 3709 habere
2020 3686 2066 3708 aut
2079 3679 2116 3708 eis
2131 3677 2248 3717 gaudere
2262 3681 2360 3717 nequit

1307 3730 1337 3752 ut
1351 3722 1483 3759 deberet,
1502 3730 1537 3750 eo
1559 3719 1636 3758 quod
1659 3718 1713 3755 ipse
1735 3717 1924 3755 propinquior
1938 3716 2039 3746 Haeres
2050 3716 2120 3746 dieci
2134 3726 2223 3753 nuper
2239 3717 2360 3749 Archie-

1307 3761 1412 3799 piscopi
1434 3761 1461 3789 iri
1482 3759 1596 3789 Ducatu
1621 3757 1719 3787 nostro
1739 3755 1880 3794 praedieto
1898 3753 1990 3784 adhuc
2013 3764 2072 3784 non
2086 3755 2257 3821 agnoscitur,
2273 3757 2301 3785 in
2317 3758 2359 3794 ip·-

1309 3800 1359 3829 1ius
1373 3797 1498 3829 Ni‹halai
1512 3806 1595 3835 grave
1610 3795 1780 3833 Dampnum
1797 3794 1830 3824 δε
1845 3792 2080 3824 Exhaeredationis
2118 3792 2253 3822 ericulum
2268 3796 2359 3825 mani-

1308 3836 1391 3875 festa,

1348 3875 1433 3912 Nos,

1346 3912 1490 3944 Praeiriisia
1511 3909 1714 3942 considerantes
1731 3932 1739 3947 ,
1762 3910 1796 3940 &
1816 3917 1869 3946 pro
1883 3912 1918 3937 eo
1929 3906 2026 3944 quod,
2045 3915 2094 3945 per
2111 3905 2250 3943 quandam
2265 3907 2362 3946 Inqui-¹

1310 3951 1438 3982 sirionem
1447 3973 1456 3988 ,
1474 3959 1568 3980 coram
1585 3949 1717 3988 Johanne
1729 3946 1866 3986 Tadboys,
1885 3954 1972 3982 nuper
1984 3944 2132 3974 Eicaetore
2146 3944 2246 3974 nostro
2261 3948 2288 3976 in
2297 3947 2361 3978 Co-

1311 3992 1408 4020 niitatu
1436 3989 1596 4019 Lincolnizx:
1610 4012 1619 4025 ,
1637 3987 1671 4017 de
1690 3986 1829 4016 Mandato
1844 3983 1958 4020 nostro,
1977 3981 2039 4020 post
2057 3981 2184 4012 Mortem
2199 3984 2264 4013 dieii
2279 3994 2362 4023 nuper

1310 4027 1502 4065 Archiepiscopi
1516 4050 1525 4065 ,
1549 4026 1669 4062 Captam
1680 4046 1690 4061 ,
1712 4025 1744 4053 &
1766 4025 1794 4052 in
1809 4021 1981 4052 Cancellaria
1995 4021 2089 4050 noitra
2104 4019 2304 4059 Βᾶθι-11313111,
2320 4023 2362 4052 cst

1311 4075 1493 4104 compertum
1508 4064 1586 4103 quod
1601 4061 1750 4101 praedictus
1766 4060 1925 4102 Nicbolaus
1936 4058 1977 4089 est
1993 4058 2223 4098 Consanguineus
2244 4061 2275 4091 ὅ(
2291 4060 2363 4089 Pro-

1828 4098 1895 4135 κζ)
2301 4099 2364 4135 pin-
