2562 4274
231 54 289 106 w
721 47 1290 93 coNvENT1o

86 138 163 169 *Aru-r
179 137 220 169 D.
234 140 285 171 suis
306 138 531 178 quibuscumque
553 136 754 176 ingrediendo,
770 137 804 168 &
825 135 927 166 abinde
947 135 981 165 ad
994 136 1098 166 Villam
1113 133 1238 165 nostram
1251 133 1288 164 de

108 177 194 216 1418.

86 219 150 244 Heu.
168 225 197 252 5.

67 1376 144 1407 Ann.
158 1375 200 1409 D.

89 1416 175 1454 1418.

65 1460 119 1483 All.
135 1459 163 1483 6.

65 1496 102 1521 Η.
119 1503 147 1528 5.

65 1535 107 1559 Ex
126 1531 196 1559 anti-

64 1579 114 1607 quo
133 1570 196 1597 Cod.

65 1612 104 1636 M.
115 1613 143 1635 S.

233 179 311 210 Pont
326 179 362 209 de
380 177 506 213 Larche,
525 184 592 205 cum
607 175 710 204 eisdem
731 174 876 213 Sexaginta
898 174 1044 212 Personis,
1061 174 1095 204 ad
1115 172 1292 203 Communi·

233 217 356 248 candum
372 215 477 246 ibidem
491 216 523 245 ὃς
537 213 736 243 Tractandum
760 223 828 242 cum
848 215 932 243 certis
955 212 1159 243 Cot-amissariis
1170 211 1289 248 nostris,

233 266 306 294 quos
321 256 387 285 illuc
400 263 434 285 ex
449 252 546 283 Causis
559 250 704 290 praemisfis
722 250 940 288 destinabimus,
957 261 990 281 ac
1012 251 1096 281 Bonis
1117 251 1168 280 {uis
1187 249 1288 286 praedi-

230 296 301 332 etis,
317 291 504 328 transeundo,
524 290 630 320 ibidem
649 289 790 320 morando
809 291 848 321 &·
864 290 1111 328 perhendinando,
1129 288 1162 328 ξς
1186 287 1287 318 exinde

228 333 263 364 ad
279 333 389 370 propria
403 329 566 366 redeundo,

266 370 307 401 lta
330 369 410 407 quod
431 367 562 398 Personae
582 365 713 404 refiduae,
730 365 905 397 ultradietas
924 366 1070 404 Sexaginta
1084 363 1235 401 Personas,
1253 363 1287 394 ad

227 410 391 448 proximum
415 406 592 436 Fortalitium
616 405 662 435 seu
685 405 801 434 Locum
819 404 899 435 suum
913 427 923 442 ,
938 414 1007 434 cum
1032 403 1120 441 Equis
1142 404 1175 433 ὃς
1198 401 1285 432 Bonis

227 448 281 480 suis
293 444 535 484 quibuscumque,
554 444 630 473 salvo
646 444 678 474 &
694 444 787 474 secure
799 443 912 473 redeant
927 444 959 473 &
972 451 1163 478 revertantur,
1213 444 1216 450 “
1272 464 1275 467 .

263 486 308 515 Ac
324 484 426 521 usque,
447 484 479 514 ὃ(
495 493 555 513 non
572 483 599 512 in
614 482 720 512 di'tam
735 481 829 512 villam
842 481 970 511 nostram
987 480 1022 510 de
1038 480 1172 517 Loviers,
1188 480 1216 509 in
1223 478 1288 508 'ob-

225 525 304 557 viam
319 521 570 553 Ambaffiatoribus
585 521 653 550 dieti
668 519 821 550 Adversarii
835 519 939 556 nostri,
957 520 1027 549 cum
1041 519 1076 547 ab
1092 518 1189 548 eadem
1212 517 1284 547 Villa

227 562 323 595 nostra
336 562 371 591 de
386 559 463 590 Pont
475 560 512 590 de
530 559 638 590 Larche
651 559 798 596 redierint,
814 557 950 589 accedant
965 559 997 588 ὃς
1013 557 1174 594 reveniant,

266 600 385 631 Proviso
408 600 516 637 semper
538 598 618 636 quod
641 597 690 636 ipsi
711 598 884 635 quicquam,
900 596 978 634 quod
991 597 1019 625 in
1035 594 1123 625 nostri
1135 603 1286 631 contemp-

227 649 292 672 turn
310 639 355 670 vel
370 639 580 676 praejudicium,
599 645 646 666 aut
657 636 758 674 Populi
773 635 863 666 nostri
873 635 1050 672 dampnum,
1067 633 1217 671 aliqualiter
1239 642 1287 664 ce-

228 680 298 711 dere
312 678 416 715 valeat,
435 686 494 706 non
510 683 694 712 attemptent,
714 683 768 704 nec
782 674 883 704 faciant
895 673 1047 711 aliqualiter
1061 671 1237 709 attemptari,

274 716 313 747 Et
343 715 423 754 quod
449 714 540 745 nullus
570 713 753 744 Personarum
785 712 980 751 praedictarum
1004 711 1140 742 Proditor
1163 709 1259 740 noster
1273 733 1282 746 ,

223 764 365 825 aursteinra
383 754 524 791 Regnum
546 751 675 783 nostrum
697 751 810 790 Angliae
835 751 968 782 Bannitus
984 772 994 789 ,
1026 751 1073 782 seu
1099 749 1284 788 Abjudicatus

223 805 267 827 exi
294 802 320 825 at

262 815 413 872 Quodque
427 830 476 868 ipsi
492 829 602 859 nullum
617 827 784 859 Castrorum
798 828 845 858 seu
856 827 996 858 Villarum
1011 825 1173 857 nostrarum
1188 824 1285 855 firma-

222 881 335 909 mrum,
353 869 454 907 absque
468 868 576 907 speciali
592 867 722 898 Licentia
736 866 958 905 capitaneorum
974 864 1159 902 eorumdem,
1177 864 1282 895 intrent

222 912 327 951 quovis
341 908 441 939 modo.
769 919 771 922 ·
1127 940 1132 946 .

261 949 296 980 In
311 949 404 986 cujus,
420 947 481 976 &c.
495 944 580 982 usque
598 943 730 974 Primum
751 942 840 973 Diem
861 941 1034 973 Decembris
1054 949 1187 980 proximo
1206 939 1281 970 futu-

222 998 288 1020 rum
303 986 444 1017 excluiive
457 984 605 1013 duraturas.

259 1025 348 1056 Teste
364 1023 445 1062 Rege
457 1026 487 1051 in
503 1023 635 1051 Exercitu
642 1020 692 1059 fico
707 1027 774 1050 ante
787 1022 939 1049 Civitatem
951 1015 1186 1056 Rothomagensem
1200 1017 1283 1055 quin-

221 1074 253 1097 to
273 1064 331 1094 Die
346 1062 533 1092 Novembris.

900 1097 954 1126 Per
973 1094 1058 1136 ipsum
1073 1096 1178 1133 Regem.

218 1243 390 1285 Actorum,
415 1245 447 1274 in
462 1238 657 1274 waslaribus
674 1251 743 1272 cum
764 1237 920 1284 Dauphino
931 1263 940 1279 ,
968 1236 1127 1282 Alentoutii
1145 1233 1257 1267 habitis
1268 1262 1278 1278 ,

671 1291 832 1322 Diarium.

280 1375 397 1407 NNO
416 1375 453 1406 ab
479 1374 676 1406 Incarmtione
698 1373 822 1403 Domini
844 1371 1016 1407 Millefimo,
1033 1368 1282 1410 Quadringentesi-

301 1424 368 1452 mo,
386 1414 513 1445 Decimo
533 1414 669 1451 Odiavo,
686 1413 719 1443 &
737 1411 832 1451 Regni
850 1410 937 1447 Regis
948 1411 1067 1451 ¹Henricr'
1081 1431 1090 1445 ,
1115 1411 1204 1448 quinti
1222 1408 1279 1449 post

221 1453 411 1494 conquestum,
429 1452 540 1491 Angliae
557 1452 652 1489 serito,
671 1451 784 1481 decimo
800 1450 847 1479 die
863 1448 970 1478 Mentis
987 1446 1186 1485 Novembris,

259 1492 334 1523 Infra
351 1491 453 1522 Villam
471 1492 620 1522 Alenconii
636 1497 834 1520 convenerunt
849 1486 973 1516 Nobiles
987 1487 1020 1516 &
1036 1483 1166 1524 Egregii,

258 1530 405 1561 Dominus
419 1529 532 1559 Thomas
547 1533 635 1558 Comes
649 1527 815 1563 Saresburis,
835 1524 978 1564 Johanncs
993 1526 1126 1553 Dominus
1141 1524 1173 1553 de
1193 1526 1247 1554 Gre
1271 1548 1280 1563 ‚

220 1569 356 1599 Waltms
373 1568 549 1606 Hu7,g.·»-fhr·d
559 1566 748 1597 Sencschallus
760 1565 885 1604 Hospitii
900 1563 1005 1601 Regis,
1025 1561 1161 1601 Magister
1176 1535 1279 1601 Phial-

211 1616 262 1647 pus
282 1610 400 1645 Msrgan
415 1607 602 1637 Cancellarius
625 1604 837 1641 Normannite,
852 1601 1005 1632 Roulandus
1028 1600 1180 1642 Leyntale,
1201 1601 1277 1631 Wil-

216 1645 319 1676 lielmus
339 1645 474 1682 Alingtun
487 1671 494 1682 ‚
518 1647 550 1675 δε
575 1642 712 1682 Magister
731 1642 874 1680 Johannes
900 1641 991 1670 stokes
1011 1639 1052 1669 Le
1068 1650 1121 1669 um
1142 1640 1275 1677 Dostor,

217 1683 436 1715 Ambaffiatores
450 1685 482 1715 ὃ(
499 1682 628 1719 Nuncii‚
647 1679 868 1712 excellentiffimi
881 1679 1038 1717 Principis,
1092 1679 1183 1709 omini
1199 1681 1276 1709 Hen-

122 1733 136 1748 ι’
161 1743 181 1751 ..
216 1727 268 1753 rici
285 1726 361 1758 Regis
379 1722 491 1759 Asrgljae
503 1719 542 1756 &⁹
559 1724 696 1757 Franciae,
713 1721 772 1750 ἃς.
789 1728 842 1757 pro
856 1726 933 1756 parte
947 1718 1010 1754 sua,

255 1760 294 1792 Et
311 1759 570 1791 Reverendissimus
586 1759 666 1789 Pater
682 1759 828 1789 Dominus
839 1756 986 1795 Johannes
1002 1753 1216 1794 Archieptftopus
1232 1758 1279 1785 Se-

154 1822 160 1829 .
218 1798 355 1841 nonensis,
375 1800 393 1818 '¹‘
416 1798 560 1829 Dominus
576 1798 731 1828 Ludov.÷cur
749 1797 780 1826 de
796 1795 914 1826 chalons
929 1798 1018 1824 Comes
1039 1794 1071 1823 de
1086 1797 1203 1832 Toum,
1222 1797 1278 1824 Ro-

219 1839 313 1869 bertus
335 1838 366 1868 de
387 1841 571 1878 Braquemont
597 1836 767 1867 Admirallus
792 1834 919 1866 Franciae
942 1832 1043 1871 Miles,
1064 1832 1199 1872 Magister
1214 1831 1277 1902 go-

217 1877 321 1908 hannes
334 1878 366 1906 de
380 1877 462 1915 Vayly
482 1876 634 1907 Pnefflens
651 1876 678 1905 in
695 1874 902 1907 Parliament0‚
919 1870 1065 1910 Johannes
1083 1872 1196 1901 Tuderti
1248 1882 1278 1902 e-

216 1926 301 1947 canus
314 1915 485 1954 Parmensis,
503 1916 535 1946 ὃς
552 1913 696 1952 Johannes
710 1913 743 1943 de
764 1911 932 1950 Villebresme
953 1910 1138 1946 Secretatius,
1158 1910 1280 1940 Ambas-

215 1956 327 1986 siatores
339 1955 373 1985 &
389 1953 520 1991 Nuncii,
538 1952 649 1983 Illustris
664 1952 818 1989 Principis,
836 1949 960 1980 Domini
969 1947 1100 1988 Dalphim·
1113 1948 1145 1978 de
1157 1951 1278 1986 Vienna,

214 1993 352 2026 Reventis
368 1992 391 2022 F
394 1994 495 2023 ranciae
508 2000 537 2021 ut
551 1992 671 2029 dicitur,
688 2000 740 2028 pro
755 1998 830 2028 parte
844 1989 904 2025 sua,

252 2019 301 2063 De
321 2032 354 2063 &
376 2032 455 2069 super
477 2031 551 2060 Pace
571 2029 660 2067 finali,
678 2030 749 2059 inter
774 2027 844 2058 Duo
868 2025 993 2057 Franci-ae
1008 2025 1041 2056 δε
1056 2025 1168 2066 Angliae
1181 2026 1278 2057 inclita

214 2068 337 2108 Regna,
358 2069 426 2100 Deo
443 2069 585 2108 propitio,
602 2067 748 2105 habenda,
768 2065 948 2103 Trac'taturi‚
1130 2101 1133 2104 Α
1274 2065 1277 2070 ’

254 2110 315 2146 Ac,
334 2108 491 2140 sedentibus
505 2108 555 2137 illis
570 2109 598 2137 in
619 2106 739 2144 quadam
760 2103 882 2135 camera
905 2103 1029 2142 ibidem,
1046 2111 1194 2134 tenuerunt
1214 2113 1280 2134 orn·

213 2158 265 2180 nes
278 2147 417 2178 silentium
434 2157 481 2185 per
495 2146 610 2184 spatium
625 2144 755 2183 aliquod,
771 2144 804 2175 &
820 2142 953 2182 quaelibet
968 2142 1033 2173 Pars
1048 2142 1125 2172 alteri
1149 2143 1280 2180 impone-

215 2188 264 2218 bat
285 2186 477 2255 addpntmo
494 2183 702 2216 ostendendum
724 2181 847 2214 Causam
868 2182 915 2212 seu
937 2180 1039 2212 Causas
1067 2179 1279 2212 conventionis

214 2235 315 2257 eorum
338 2234 394 2255 cm.
604 2243 607 2246 ⁴

252 2264 388 2294 Tandem
411 2261 547 2303 Magister
567 2261 656 2300 Philip
671 2271 702 2291 us
720 2263 838 2299 Murgan
853 2282 863 2298 ‚
893 2257 999 2289 habens
1026 2266 1168 2296 organum
1198 2258 1280 2289 vocis

216 2301 458 2333 Ambaisiatorum
480 2300 565 2341 Regis
589 2301 654 2339 Ang
667 2301 715 2337 iae,
734 2299 770 2330 de
790 2307 891 2329 eorum
910 2296 1057 2328 Consensu
1070 2320 1080 2336 ‚
1096 2296 1184 2339 taliter
1204 2296 1278 2328 Am-

214 2341 412 2372 bassiatonbus
427 2350 479 2379 pro
493 2348 571 2378 parte
584 2340 668 2371 altera
682 2337 781 2370 affatus
797 2335 856 2376 est,

210 2458 215 2464 .
253 2421 476 2461 Reverendrffime
500 2423 602 2459 Pater,
619 2420 652 2452 &
671 2422 721 2450 Vos
738 2416 846 2448 Nobilis
870 2420 986 2448 Domine
1010 2420 1099 2446 Comes
1110 2441 1119 2454 ,
1137 2426 1170 2448 ac
1189 2422 1280 2448 caeteri

214 2460 422 2500 praestantiffi‘mi
442 2463 568 2498 Domini,
813 2470 816 2473 ·

258 2534 365 2566 Vestris
388 2534 563 2566 Reverentiis
584 2534 645 2565 fore
669 2534 847 2573 incognitum
863 2531 987 2563 Domini
1006 2533 1078 2569 mei,
1096 2531 1143 2561 hic
1160 2531 1279 2570 praesen-

219 2583 275 2611 τες,
295 2583 356 2603 non
379 2575 540 2603 arbitrantur
565 2573 731 2610 quomodo,
751 2573 863 2602 inclitus
887 2571 1032 2601 Dominus
1055 2569 1166 2608 vester,
1182 2573 1279 2600 Domi-

221 2623 271 2645 nus
291 2610 443 2649 Dalphinus
460 2612 491 2641 de
508 2615 607 2640 Vienna
628 2612 654 2647 (a
671 2621 730 2648 quo
753 2609 877 2645 venistis)
898 2619 987 2646 nuper
1009 2608 1081 2639 misit
1102 2617 1193 2639 certos
1219 2609 1280 2640 suos

221 2651 360 2682 Nuncios
382 2650 609 2680 metuendillimo
633 2652 747 2678 Domino
764 2647 851 2688 nostro
873 2649 937 2685 Regi
952 2670 961 2685 ,
982 2647 1164 2685 supplicando
1187 2648 1279 2678 eidem

221 2690 350 2728 quatinus
370 2687 527 2727 dignaretur
540 2689 592 2726 sua
617 2690 752 2716 Seren'tas
777 2685 993 2717 Ambarri-atores
1013 2686 1089 2722 sum,
1109 2684 1278 2715 sufficienter

220 2727 391 2763 instructo&
406 2726 440 2756 ad
462 2727 584 2765 aliquem
609 2725 721 2755 Locum
741 2733 902 2762 congruum
918 2747 927 2761 ,
945 2734 996 2760 pro
1016 2723 1156 2754 ‘srael-atu
1182 2723 1279 2762 Pacis,

222 2765 356 2797 habendo
371 2767 440 2795 inter
456 2766 546 2804 ipsum
563 2765 596 2796 ἃ
618 2764 766 2802 praefatum
783 2762 1034 2801 Consanguineum
1059 2761 1140 2792 suum
1161 2762 1281 2801 Dai'phi-

223 2816 288 2837 num
301 2803 451 2834 destinare:

259 2843 340 2874 Idem
356 2842 435 2880 quod
450 2840 696 2872 christianissimus
711 2839 859 2870 Dominus
874 2837 985 2876 noster,

261 2882 315 2912 Ob
336 2881 533 2911 Reverentiam
556 2880 611 2910 Dei
635 2879 767 2909 Auc‘toris
789 2878 888 2916 Pacis,
901 2887 934 2907 ac
950 2877 1063 2907 Bonum
1078 2886 1236 2908 commune
1249 2889 1281 2908 u-

221 2921 344 2958 triusque
363 2920 531 2959 Regnorum
553 2918 682 2955 suorum,
701 2917 902 2956 Sanguinisquc
922 2914 1074 2946 Christiani
1096 2915 1280 2955 effulionem,

224 2968 341 2991 necnon
361 2958 410 2988 alia
431 2957 565 2995 Dampna
589 2956 773 2996 irreparabilia
786 2979 795 2994 ,
822 2965 885 2993 quse
907 2954 974 2985 dirae
994 2953 1168 2984 Guerrarum
1192 2955 1282 2985 Vora-

223 3000 306 3037 gines
323 2997 507 3026 verisimiliter
522 2996 581 3026 sunt
600 2996 773 3033 induffilmrae,
791 2993 934 3031 evitanda,
952 2992 1002 3023 suis
1025 2992 1209 3024 Petitionibus
1231 2996 1281 3025 be-

225 3036 330 3070 nevole.
343 3035 489 3065 inclinatus
498 3059 506 3070 ,

261 3074 405 3105 Nobilem
425 3075 460 3105 &
485 3073 635 3103 Potentem
659 3071 824 3101 Dominum
845 3079 943 3100 meum
956 3092 965 3108 ,
1000 3073 1128 3100 Comitem
1153 3070 1281 3100 Sarerbu-

224 3118 282 3144 rieu
297 3125 337 3143 em
355 3136 364 3149 ,
382 3112 462 3142 suum
484 3111 732 3149 Consanguineum
744 3133 754 3147 ,
772 3110 819 3139 hic
840 3109 1006 3146 praesentem
1023 3131 1032 3146 ‚
1050 3118 1081 3138 ac
1096 3133 1106 3146 ,
1134 3107 1281 3139 Dominos

226 3150 324 3189 mebs,
342 3154 486 3181 Dominum
511 3150 543 3179 de
563 3153 653 3189 Grey,
672 3158 785 3178 necnon
806 3147 885 3177 suum
911 3146 1050 3190 Magnum
1072 3146 1280 3178 Seneschallum

225 3188 553 3228 Hospitii,c:eterosque
572 3197 650 3217 meos
670 3186 815 3216 Dominos
834 3187 867 3216 δε
888 3185 1039 3221 Magistros
1058 3185 1105 3214 hic
1125 3188 1281 3223 praesentes,

227 3229 262 3258 &
284 3231 350 3264 Me,
365 3228 426 3257 suot·
447 3225 662 3257 Ambalsiatores
675 3247 683 3263 ,
702 3223 837 3255 Nuncios
848 3246 857 3262 ,
875 3224 908 3254 &
928 3222 1146 3254 Commiffarios
1163 3223 1280 3263 destina-

225 3270 292 3303 vit,
310 3265 343 3295 ad
365 3265 543 3295 Audiendum
561 3275 593 3294 ea
613 3265 675 3301 que
695 3261 776 3300 Vos,
792 3261 1035 3292 Reverendissime
1054 3261 1154 3298 Pater,
1172 3272 1204 3292 ac
1224 3273 1281 3292 cae-

224 3305 279 3338 teri
300 3303 423 3333 Domini
442 3303 572 3341 Collegae
590 3302 674 3333 vestri
693 3323 703 3339 ‚
731 3311 784 3338 pro
813 3309 889 3338 parte
918 3302 1024 3338 praefati
1052 3300 1140 3330 incliti
1158 3299 1281 3330 Domini

230 3341 316 3375 vestri
335 3341 467 3372 duxeritis
485 3352 499 3371 a
521 3341 629 3371 erienda
650 3342 678 3369 in
696 3340 748 3369 hac
770 3348 864 3377 parte,
892 3348 1008 3368 necnon
1026 3338 1060 3368 ad
1085 3338 1200 3369 ulterius
1218 3348 1283 3376 pro-

229 3380 392 3413 cedendum
418 3381 446 3409 in
473 3380 491 3409 l&
511 3382 592 3411 ateria
618 3377 766 3415 Principali
785 3400 795 3416 ,
820 3387 888 3408 cum
912 3376 1047 3407 omnibus
1064 3375 1116 3406 suis
1135 3376 1284 3408 incidenti-

196 3442 210 3456 ..
223 3420 305 3457 bus,
332 3418 571 3462 dependentibus,
597 3418 631 3448 &
650 3416 805 3454 connexis,
833 3423 920 3453 prout
932 3414 1041 3454 justum
1058 3413 1141 3445 fuerit
1159 3416 1192 3446 &
1212 3425 1284 3446 con-

231 3459 334 3492 sonum
353 3458 469 3487 rationi·
1049 3483 1051 3486 .

273 3494 364 3525 Unde
384 3481 473 3532 peto:
485 3493 617 3525 Nomine
636 3493 834 3524 Dominorum
855 3501 1004 3529 meorum,
1028 3499 1044 3520 a
1061 3488 1157 3531 vestm's
1177 3490 1286 3521 Nobili-

233 3534 341 3566 tatibus
358 3542 390 3564 ut
408 3532 526 3564 Causam
548 3531 695 3562 Adventus
713 3531 816 3567 vestri,
845 3540 877 3561 ac
899 3530 1089 3560 Intentionem
1107 3528 1217 3560 illustris
1235 3540 1286 3561 ve-

234 3574 282 3604 stri
303 3572 445 3608 Domini,
465 3580 550 3607 Quam
569 3570 652 3600 habet
670 3569 703 3599 ad
722 3569 846 3606 Pacem,
871 3577 1029 3605 caeteraque
1049 3577 1114 3605 quae
1130 3568 1214 3600 vobis
1232 3568 1287 3600 visa

231 3613 295 3643 sunt
314 3610 348 3641 ad
366 3611 440 3641 hanc
461 3609 564 3639 Pacem
584 3607 765 3637 effestuaiiter
783 3607 973 3638 inducendam
991 3615 1153 3645 oportuna,
1179 3606 1288 3637 Domi-

233 3659 277 3679 nis
296 3650 368 3680 meis
385 3649 432 3679 hic
451 3647 628 3686 praesentibus
645 3647 787 3676 intimetis.

276 3725 392 3763 Qizbm
418 3724 500 3755 uic‘tis
516 3746 524 3761 ,
551 3722 762 3752 Ambaxiatores
787 3720 910 3750 Domini
935 3718 1073 3754 Dalphini
1097 3728 1241 3753 traxerunt
1263 3720 1290 3751 se

237 3762 272 3830 aid
292 3763 426 3802 Partem,
450 3764 484 3794 δε
509 3760 604 3792 habita
630 3762 700 3791 inter
723 3769 772 3789 eos
790 3757 1064 3789 Communicatione
1081 3758 1221 3797 separata,
1247 3769 1291 3790 re-

260 3810 359 3832 terunt.

277 3875 334 3914 Et,
352 3877 416 3913 post
435 3887 464 3906 m
520 3887 547 3907 as
567 3876 787 3910 altercationes,
804 3871 873 3902 hinc
893 3870 958 3902 inde
976 3880 1029 3908 pro
1044 3879 1114 3902 tunc
1130 3861 1253 3910 habitas,

279 3914 327 3944 An
347 3915 487 3945 (videlicet
517 3915 653 3944 deberent
668 3913 717 3950 ipsi
734 3909 1049 3954 Sermonem'proferre
1063 3911 1093 3941 iu
1110 3909 1223 3953 Lingua
1240 3920 1291 3942 eo-

239 3962 303 3983 rum
317 3953 443 3992 vulgari?
457 3963 493 3984 an
509 3954 538 3983 in
556 3952 672 3990 Lingua
689 3958 841 3983 commum
857 3947 976 3980 Latini?

1318 48 1515 96 NES,
1563 46 1953 94 LITERAE,

1369 133 1500 165 Demum
1517 133 1685 168 consensum
1703 133 1809 171 fuerat,
1823 134 1970 172 intereos,
1987 131 2068 171 quod
2084 131 2284 164 exhiberentur
2293 132 2390 165 Com-

1330 172 1475 204 missiones
1488 173 1522 204 &
1535 172 1690 204 Potestates
1707 171 1851 210 utriusque
1866 171 1962 203 Partis.

1368 211 1483 249 Qubus
1495 220 1566 242 tunc
1583 211 1689 242 ibidem
1703 211 1851 248 exhibitis,
1868 220 1902 240 ac
1916 209 2030 248 publice
2051 209 2132 240 leffis
2147 219 2245 241 coram
2265 211 2324 250 eis,
2341 210 2391 242 de-

1329 257 1416 280 cretae
1433 249 1542 280 fuerant
1559 248 1684 288 Copiae,
1699 250 1733 280 δε
1748 249 1784 279 ad
1800 248 1954 280 dicendum
1973 256 2074 279 contra
2090 249 2157 280 hinc
2174 247 2242 280 inde
2257 260 2312 288 pro
2321 250 2390 281 loco

1329 287 1363 318 &
1378 294 1511 324 tempore
1522 289 1693 325 oportunis:

1328 363 1348 393 h
1365 325 1500 394 Qarubtp
1517 324 1765 357 Commiffionutn
1777 325 1812 357 &
1836 325 2014 357 Potestatum
2030 324 2163 357 Tenores
2179 325 2330 367 sequuntur
2355 327 2385 358 in

1349 373 1392 393 aec
1407 373 1457 394 ver
1503 388 1513 402 ,
2220 374 2223 375 ⁷

1365 439 1629 479 Henxucus,
1647 439 1708 477 ὠς.

1365 515 1606 555 citantes,
1626 513 1686 551 &c.

1363 596 1435 627 Post
1453 607 1572 636 quarum
1591 597 1707 635 quidem
1724 594 1972 628 Commiffionum
1989 598 2163 637 Lecturam,
2184 600 2292 638 praefati
2312 600 2386 632 Am-

1326 635 1483 667 baxiatores
1503 639 1614 666 Domini
1635 638 1710 672 Regis
1727 643 1870 665 traxerunt
1889 635 1916 665 se
1933 635 1968 665 ad
1994 645 2102 674 partem
2120 660 2130 676 ,
2155 639 2205 675 ubi
2229 639 2255 669 se
2280 639 2386 672 havisa-

1326 682 1392 705 runt
1410 675 1508 706 melius
1524 674 1602 712 super
1621 675 1701 712 liujus
1722 676 1833 703 Domini
1852 672 1986 711 Dalphini
2003 673 2234 715 Commissione,
2250 678 2283 709 &
2303 678 2385 716 post-

1329 722 1360 742 ea
1385 713 1523 745 intrarunt
1550 714 1650 743 locum
1667 721 1766 744 eorum
1783 711 1970 749 consuetum3
1988 713 2039 751 ubi
2056 712 2147 745 dietus
2164 715 2300 755 Magister
2317 717 2384 747 Phi-

1325 751 1409 789 lippus
1429 755 1547 790 Morgan
1566 751 1714 781 Dominos
1733 749 1954 781 Ambaffiatores
1977 759 2031 788 pro
2048 759 2126 789 parte
2150 754 2234 786 altera
2251 755 2291 787 est
2314 756 2383 787 allo-

1327 798 1409 822 cutus
1424 792 1453 821 in
1472 791 1551 822 hunc
1570 790 1691 821 modum
1702 813 1712 828 ,

1361 867 1584 907 Reverendiffime
1603 869 1707 905 Pater,
1725 867 1759 899 &
1776 859 1831 899 ννος
1841 889 1851 906 ,
1867 869 1979 897 Domini
1996 869 2046 896 mei
2063 866 2299 909 Ambqffiatores,

1364 944 1538 982 Magnificus
1556 947 1688 974 Dominus
1704 955 1776 974 meus
1792 943 1835 974 hic
1853 947 1962 982 eomes,
1989 942 2047 979 &o
2068 951 2100 974 ut
2109 944 2195 984 supra
2210 968 2222 984 ,
2246 945 2384 979 effectum

1325 984 1426 1015 vestrae
1444 982 1662 1014 Commiffionis
1671 983 1744 1013 Tria
1762 985 1790 1013 in
1809 982 1835 1014 se
1854 984 2053 1013 continentem
2072 993 2279 1024 perceperunt,

1361 1022 1385 1052 P
1398 1031 1421 1053 R
1433 1031 1444 1052 1
1455 1029 1482 1052 M
1493 1030 1514 1051 o
1525 1043 1534 1058 ,
1553 1021 1708 1059 quemdam
1728 1021 1845 1052 Locum
1862 1019 2120 1053 conventionum:

1363 1061 1382 1092 S
1394 1069 1412 1091 ε
1423 1070 1440 1091 c
1449 1069 1471 1090 u
1484 1068 1506 1090 N
1520 1068 1541 1089 D
1552 1070 1573 1090 o
1585 1083 1594 1096 ,
1618 1059 1655 1089 de
1671 1059 1840 1090 declarando
1859 1061 2045 1091 intentionem
2065 1069 2150 1099 quam
2170 1061 2254 1094 habet
2274 1061 2384 1094 Domi-

1325 1109 1377 1131 nus
1395 1098 1508 1136 vester,
1525 1107 1540 1127 a
1559 1107 1619 1136 quo
1637 1097 1769 1135 venistis,
1787 1098 1821 1129 ad
1841 1099 1964 1128 Pacem:

1362 1139 1381 1157 ³¹²
1402 1138 1433 1168 T
1445 1147 1463 1168 E
1476 1146 1500 1168 R
1511 1146 1534 1167 Τ
1546 1145 1557 1166 1
1568 1147 1607 1175 ο,
1630 1136 1664 1167 ad
1682 1136 1899 1175 Traetandum,
1919 1135 2228 1177 Communicandum‚
2245 1140 2279 1172 &
2296 1139 2382 1172 Con-

1324 1176 1496 1208 cludendum
1516 1175 1595 1212 super
1614 1175 1774 1214 hujusmodi
1794 1175 1868 1206 Pace
1879 1199 1888 1213 ,
1906 1175 1939 1206 ὃς
1957 1176 2014 1213 ejus
2032 1175 2243 1216 dependendis,
2261 1177 2322 1213 &c.

1365 1216 1519 1255 Quantum
1536 1214 1571 1244 ad
1591 1214 1614 1245 P
1626 1223 1648 1245 R
1660 1223 1672 1244 1
1684 1222 1712 1244 M
1722 1222 1743 1243 υ
1757 1222 1783 1244 Μ
1794 1239 1804 1251 ,
1817 1213 1918 1246 videtis
1928 1237 1938 1252 ,
1965 1215 2121 1244 Reverende
2139 1218 2245 1255 Pater,
2271 1215 2331 1252 &c.
2349 1224 2382 1249 ut

1315 1253 1421 1294 ficpra,
1439 1254 1591 1292 quomodo
1611 1253 1694 1289 (Deo
1712 1254 1815 1290 laudes)
1836 1254 2018 1290 completum
2036 1252 2093 1282 est:

1363 1291 1455 1324 Unde
1475 1292 1579 1322 Petunt
1596 1294 1708 1322 Domini
1725 1293 1776 1321 mei
1795 1299 1928 1328 quatenus
1947 1291 2133 1328 dignarentur
2149 1291 2247 1331 vestre
2273 1293 2384 1324 Nol-ili-

1322 1337 1396 1360 tates
1413 1331 1582 1361 descendere
1599 1330 1633 1360 ad
1658 1330 1678 1361 S
1690 1339 1707 1360 r:
1719 1339 1735 1360 c
1746 1338 1769 1360 υ
1781 1338 1804 1360 N
1817 1338 1869 1360 Du
1882 1338 1930 1367 M,
1958 1330 2107 1369 videlicet,
2131 1331 2166 1361 ad
2182 1331 2385 1364 declarandum

1323 1371 1511 1400 intentionem
1530 1369 1653 1400 Domini
1673 1368 1757 1400 vestri
1775 1376 1861 1406 quarn
1880 1368 1965 1399 habet
1982 1368 2016 1398 ad
2036 1367 2142 1400 Pacem
2162 1392 2172 1407 ,
2204 1379 2320 1401 necnon
2347 1370 2382 1401 ad

1324 1408 1505 1445 aperiendum
1525 1410 1583 1439 vias
1600 1410 1633 1439 &
1650 1407 1742 1438 media
1761 1407 1864 1445 quibus
1881 1406 2040 1438 commode
2058 1408 2163 1445 poterit
2189 1410 2328 1448 perveniri
2346 1408 2382 1440 a'd

1323 1448 1470 1484 eandem,
1499 1447 1613 1476 scientes
1638 1445 1719 1485 quod
1745 1456 1794 1484 per
1821 1445 2084 1476 metuendiffimum
2101 1448 2248 1478 Dominum
2263 1447 2382 1488 nostrum

1322 1487 1420 1523 Regem
1438 1495 1498 1515 non
1519 1485 1602 1515 stabit
1623 1485 1780 1523 (quoniam'
1791 1483 1898 1515 Pacem
1916 1484 2097 1524 hujusmodi,
2113 1484 2164 1516 diu
2183 1485 2381 1524 desideratam,

1323 1533 1392 1554 cum
1411 1524 1495 1554 bonis
1518 1523 1621 1554 Mediis
1639 1523 1808 1561 acceptabit)
1835 1523 1872 1554 ita
1891 1523 1972 1560 quod
1990 1532 2043 1554 vos
2060 1545 2070 1562 ,
2096 1533 2151 1562 pro
2176 1531 2254 1564 parte
2270 1523 2362 1556 vestra

1322 1573 1353 1592 ca
1370 1562 1460 1594 taliter
1479 1562 1583 1593 faciatis
1595 1585 1604 1601 ‚
1622 1562 1697 1593 unde
1719 1563 1824 1592 merito
1844 1561 1933 1592 valeat
1951 1562 1986 1593 &
2003 1561 2105 1600 debeat
2123 1563 2291 1594 contentari.

1359 1639 1450 1678 Super
1468 1649 1523 1678 qua
1542 1638 1662 1669 Materia
1683 1638 1896 1669 Ambaxiatoree
1913 1640 2026 1667 Domini
2053 1636 2186 1677 Dalphim'
2203 1661 2213 1677 ,
2240 1639 2327 1678 usque
2350 1641 2382 1672 in

1321 1679 1476 1708 crastinum
1494 1677 1527 1708 ad
1547 1679 1604 1709 viii.
1623 1679 1745 1716 horam,
1760 1677 1912 1708 voluerunt
1929 1675 2100 1715 deliberare,
2116 1677 2152 1708 ad
2167 1677 2294 1710 dandum
2311 1687 2383 1711 tunc

1323 1725 1425 1748 eorum
1445 1716 1625 1755 Responsum
1642 1716 1722 1754 super
1740 1715 1839 1746 eadem
1850 1739 1860 1754 ,

1358 1792 1398 1825 Et
1417 1793 1454 1824 fic
1472 1791 1654 1823 discesserunt
1671 1791 1765 1822 ambae
1785 1790 1882 1823 Partes
1900 1801 1956 1830 pro
1975 1791 2025 1822 illo
2043 1790 2100 1822 die.

1360 1870 1436 1910 Quo
1461 1870 1509 1901 die
1535 1868 1659 1901 crastino
1690 1867 1858 1900 adveniente
1875 1890 1886 1907 ,
1918 1867 2013 1899 Partes
2039 1867 2213 1913 praedistae,
2239 1869 2268 1900 in
2297 1869 2384 1903 Loco

1324 1909 1373 1939 ubi
1393 1911 1469 1947 prius
1486 1932 1495 1945 ,
1523 1916 1738 1945 convenerunt,
1765 1907 1800 1938 &
1820 1917 1869 1945 per
1888 1915 2026 1944 magnum
2045 1908 2184 1946 temporis
2203 1909 2384 1941 intervallum

1323 1948 1456 1978 sedebant
1475 1947 1531 1978 sine
1550 1947 1682 1985 loquela,
1703 1945 1834 1976 Demum
1851 1945 1982 1986 praefatus
2003 1944 2143 1983 Magister
2160 1945 2386 1986 PhilippusMor-

1321 1998 1377 2025 gan
1396 1988 1492 2026 primo
1510 1985 1625 2017 eosdem
1645 1985 1860 2016 Ambaxiatorae
1877 1984 2090 2023 alloquebatur,

1362 2063 1544 2095 Declarando
1563 2064 1601 2094 eis
1612 2087 1621 2101 ,
1638 2063 1667 2093 in
1685 2061 1791 2094 effee'tu
1802 2085 1812 2100 ,
1827 2072 1860 2092 ea
1879 2071 1944 2100 quae
1962 2061 2036 2101 prius
2047 2061 2152 2093 Noae
2169 2064 2304 2101 proximo
2313 2069 2387 2103 prae-⁴

1324 2104 1406 2134 terita
1423 2103 1581 2134 declarabat
1594 2124 1605 2141 ,
1630 2101 1783 2140 quomodo
1803 2102 1885 2139 (viz.)
1906 2099 2082 2131 Commiffio
2100 2111 2200 2132 eorum
2224 2102 2295 2133 Tria
2313 2113 2389 2135 con-

1325 2142 1457 2180 tinebat,
1486 2140 1610 2180 petendo
1629 2139 1710 2179 quod
1726 2163 1736 2176 ,
1762 2148 1796 2170 ex
1824 2149 1884 2177 quo
1907 2147 2079 2177 perventum
2099 2139 2141 2170 est
2160 2139 2194 2170 ad
2214 2139 2387 2173 Conclusio-

1326 2190 1396 2211 nem
1414 2181 1497 2219 partis
1537 2181 1636 2217 rimae,
1655 2187 1790 2217 quatenus
1808 2178 1987 2217 dignarentur
2002 2178 2106 2208 intrare
2125 2178 2191 2209 Vias
2210 2179 2244 2210 &
2268 2180 2367 2212 Media

1325 2219 1428 2256 quibus
1447 2229 1486 2257 po
1510 2227 1531 2249 it
1545 2219 1685 2256 perveniri
1702 2217 1738 2248 ad
1757 2216 1930 2261 secundam,
1948 2215 2080 2247 addendo
2091 2216 2172 2264 quod
2187 2218 2197 2254 (
2221 2219 2265 2248 uia
2286 2204 2389 2251 eorutri

1324 2260 1457 2288 Dominus
1476 2257 1631 2296 Dalphinus
1642 2281 1652 2294 ,
1670 2265 1720 2294 per
1738 2255 1774 2286 N
1776 2265 1878 2286 unctos
1895 2254 1975 2293 sum,
1994 2264 2078 2293 penes
2095 2227 2311 2287 berenislimum
2326 2260 2387 2288 Do-

1323 2301 1426 2326 minum
1443 2299 1559 2335 Regem,
1577 2305 1629 2334 pro
1648 2295 1730 2334 hujus
1746 2293 1827 2325 Pacis
1845 2293 1982 2325 Tmstatu
1993 2318 2003 2331 ,
2021 2293 2132 2330 institit)
2157 2296 2332 2327 conveniens
2355 2306 2387 2327 e-

1325 2345 1366 2405 r‘ait
1376 2337 1415 2404 fl&
1436 2335 1596 2404 colnsonum
1613 2334 1714 2365 rationi
1726 2356 1736 2372 ,
1751 2332 1832 2372 quod
1849 2332 1900 2371 ipfi
1919 2334 2057 2371 aperirent
2081 2331 2180 2363 Media
2204 2334 2387 2374 perveniendi

1323 2385 1338 2405 a
1396 2384 1448 2406 anc
1491 2383 1580 2405 acem.
1617 2385 1620 2389 ·

1363 2452 1479 2489 Qn'bus
1503 2451 1602 2488 dieiis,
1631 2449 1716 2480 iidem
1744 2448 1962 2480 Ambaffiatores
1985 2449 2121 2489 Dalphini
2147 2444 2289 2479 traxerunt
2306 2447 2333 2479 se
2350 2447 2386 2479 ad

1325 2500 1434 2529 partem
1445 2515 1454 2528 ,
1473 2491 1506 2522 &
1517 2513 1527 2528 ,
1546 2489 1645 2520 habito
1663 2487 1768 2518 ibidem
1785 2487 1945 2526 Colloquio
1956 2511 1965 2525 ,
1983 2488 2143 2524 redierunt3

1364 2529 1543 2565 Recitantes,
1572 2530 1600 2558 in
1618 2536 1720 2558 eorum
1736 2526 1841 2566 vulgari
1858 2549 1868 2564 ,
1897 2525 2043 2563 Proposita
2058 2536 2107 2564 per
2125 2523 2298 2564 Magistrum
2317 2525 2385 2555 Phi-

1324 2567 1439 2606 lippum,
1459 2568 1573 2598 dicente
1590 2564 1791 2603 Archiepifiopo
1807 2564 1887 2601 quod
1925 2563 2018 2601 quoad
2037 2563 2199 2595 Instantiam
2223 2563 2306 2594 nalem
2319 2586 2330 2602 ,
2346 2564 2388 2595 fa-

1325 2608 1402 2636 ciam
1428 2615 1478 2643 per
1502 2614 1603 2635 eorum
1628 2603 1793 2633 Dominum
1813 2586 1981 2640 Dalpkinum
1999 2601 2034 2632 ad
2060 2601 2167 2632 Pacem
2194 2602 2385 2641 captandam,

1325 2645 1379 2674 fuit
1397 2645 1430 2675 &
1455 2643 1497 2674 est
1521 2644 1553 2673 iis
1577 2642 1759 2678 incognitum
1779 2652 1789 2678 3
1816 2640 1861 2671 sed
1881 2642 1945 2678 quia
1963 2639 2110 2671 audierunt
2134 2640 2215 2677 quod
2241 2639 2388 2672 Dominus

1323 2685 1384 2712 Rex
1403 2681 1517 2720 Angliae
1535 2681 1588 2711 fuit
1605 2680 1679 2710 bene
1697 2678 1840 2716 dispolitus
1856 2678 1891 2710 ad
1911 2678 2110 2710 Tra<standum
2130 2678 2167 2708 de
2185 2678 2260 2709 Pace
2281 2678 2386 2717 (Prout

1325 2721 1408 2751 etiam
1436 2729 1493 2751 erat
1516 2728 1617 2750 eorum
1637 2717 1770 2747 Domino
1789 2716 1927 2755 Dalpht'no
1946 2717 2044 2747 datum
2065 2716 2198 2756 intelligi)
2232 2717 2274 2747 ob
2311 2717 2384 2749 banc

1325 2759 1436 2789 causam
1453 2759 1488 2788 ad
1509 2757 1613 2788 Pacem
1633 2755 1862 2793 consequendam
1881 2755 1954 2786 miffi
1974 2756 2053 2787 sunt:
2075 2755 2175 2793 Qare
2193 2755 2383 2794 petebantipfi

1325 2798 1406 2836 quod
1427 2795 1647 2828 Ambaffiatores
1666 2794 1756 2835 Regis
1777 2794 1854 2833 (quia
1874 2793 2088 2832 praetendebant
2105 2793 2187 2832 quod
2208 2803 2308 2824 eorum
2327 2802 2384 2826 erat

1325 2836 1432 2875 petere)
1452 2837 1598 2874 aperirent.

1362 2912 1455 2944 Unde
1471 2912 1614 2943 oriebatur
1634 2909 1775 2941 Dissensio
1794 2909 2010 2949 subsequenter,
2036 2908 2102 2947 quia
2118 2907 2254 2940 nolebant
2271 2908 2321 2947 ipfi
2341 2909 2385 2942 lo-

1326 2953 1375 2990 qui
1394 2953 1422 2982 in
1442 2951 1615 2982 indifferenti
1634 2948 1746 2989 Lingua
1765 2948 1878 2980 Latina.

1364 3028 1437 3068 Qio
1456 3027 1533 3060 fatto
1551 3026 1675 3058 Domini
1694 3023 1911 3057 Ambaffiatores
1930 3023 2019 3063 Regis
2039 3032 2211 3056 retraxerunt
2226 3023 2253 3055 se
2270 3023 2305 3056 ad
2319 3033 2383 3063 par-

1325 3075 1386 3099 tem
1396 3092 1406 3106 ‚
1422 3070 1471 3107 &‚
1489 3066 1585 3098 habiti
1602 3065 1713 3104 aliquali
1728 3062 1961 3102 Deliberatione‚
1978 3066 2041 3094 sunt
2060 3062 2177 3101 reverti,

1362 3144 1401 3175 Et
1430 3143 1575 3175 Recitavit
1601 3138 1742 3173 Magister
1767 3137 1923 3178 Philippus,
1948 3139 1999 3170 sub
2017 3137 2212 3177 compendio,
2231 3137 2382 3178 proloquta

1325 3193 1375 3221 per
1395 3181 1560 3213 Dominum
1576 3176 1825 3216 Archieprscopum:
1844 3180 1878 3209 δε
1889 3201 1898 3216 ,
1915 3178 2094 3216 replicando,
2113 3177 2265 3209 affirmavit
2283 3178 2383 3217 quod,

1325 3222 1359 3252 ad
1378 3220 1526 3251 instantem
1544 3217 1718 3248 Petitionem
1737 3226 1837 3246 eorum
1858 3215 1983 3247 Domini
1998 3215 2134 3254 DalphIm'
2147 3240 2156 3253 ,
2186 3215 2382 3248 Sereniffimus

1326 3262 1458 3289 Dominus
1481 3261 1541 3288 Rex
1559 3256 1722 3292 inclinatus,
1747 3254 1820 3285 misit
1840 3254 1986 3286 Dominos
2006 3254 2089 3293 suos,
2112 3253 2218 3285 ibidem
2236 3256 2383 3293 ptaesentes

1324 3298 1387 3328 suos
1415 3295 1652 3330 Ambaffiatores‚
1669 3292 1703 3324 ad
1729 3292 1927 3324 Tractandum
1953 3293 1988 3324 de
2011 3292 2088 3324 Pace
2124 3301 2156 3323 ut
2181 3293 2325 3331 praedixit:
2344 3303 2381 3323 an

1326 3336 1450 3366 sciebant
1468 3342 1564 3366 tamen
1582 3331 1799 3376 Ambaffiatores
1818 3331 1951 3371 Dalphini
1966 3331 2058 3370 ipsum
2085 3316 2181 3362 fecifle
2206 3339 2312 3362 tantam
2330 3328 2380 3360 In-

1327 3374 1460 3417 stantiam
1475 3396 1485 3412 ,
1512 3372 1570 3403 hoc
1588 3373 1754 3411 ignorarunt
1779 3370 1856 3409 ipsi,
1885 3371 1927 3401 Ita
1952 3378 2049 3402 tamen
2068 3368 2095 3400 se
2119 3369 2218 3400 habuit
2242 3369 2276 3400 &
2294 3368 2379 3400 habet

1327 3420 1436 3446 ventas.

1364 3488 1402 3520 Et
1420 3487 1458 3518 fic
1476 3510 1486 3526 ,
1509 3487 1589 3525 super
1608 3485 1657 3516 ista
1673 3485 1768 3516 habita
1789 3485 1899 3524 aliquali
1917 3484 2107 3516 Altercatione
2122 3506 2132 3520 ‚
2205 3481 2290 3512 ebant
2309 3480 2381 3512 Am-

1326 3526 1487 3558 baffiatores
1506 3524 1639 3564 Dalphim·
1658 3524 1756 3562 quod,
1779 3523 1886 3554 omissis
1904 3523 1985 3553 rebus
2003 3520 2156 3561 particulari
2179 3529 2229 3557 υς,
2246 3519 2381 3551 consensu

1327 3575 1428 3597 eorum
1446 3572 1566 3602 mutuo,
1583 3563 1796 3594 descenderetur
1814 3562 1848 3592 ad
1868 3561 2021 3592 Materiam
2037 3557 2232 3598 principalem.

1368 3640 1460 3672 Unde
1486 3638 1681 3677 subsequenter
1711 3637 1893 3676 respondebat
1919 3633 2054 3674 Magister
2088 3632 2224 3674 Philippus
2241 3656 2252 3673 ‚
2285 3635 2380 3672 primo

1332 3679 1681 3711 Paoresrmno
1697 3677 1726 3708 in
1744 3675 1852 3708 effectu
1870 3682 1901 3705 ut
1918 3673 2047 3711 sequitur.

1369 3753 1458 3792 Nos,
1476 3753 1522 3784 hic
1537 3753 1704 3791 praesentes,
1725 3761 1776 3791 pet
1794 3747 2054 3782 metuendiffimum
2066 3746 2231 3779 Dominum
2250 3747 2381 3780 nostrum

1333 3794 1429 3830 Regem
1447 3791 1519 3823 tniffi
1531 3791 1652 3830 ‚Primo
1671 3793 1705 3823 &
1722 3799 1786 3822 ante
1803 3789 1921 3825 omnia,
1947 3786 2061 3829 publice
2078 3787 2112 3817 &
2130 3786 2289 3817 solemniter
2307 3787 2381 3818 Pro·

1334 3832 1470 3864 testamur
1510 3831 1570 3860 uod
1624 3830 1644 3861 fi
1660 3830 1808 3868 contingat
1825 3825 1895 3857 Nos
1911 3849 1921 3862 ,
1947 3823 1993 3855 vel
2011 3824 2133 3862 aliquem
2150 3823 2301 3863 nostrum,
2327 3824 2382 3858 du-

1333 3878 1412 3903 rante
1431 3878 1487 3907 prae
1498 3869 1555 3899 enti
1571 3852 1709 3900 's'raetatu
1726 3867 1817 3906 aliqua
1833 3872 2012 3906 proponere,
2038 3862 2148 3900 dicere,
2169 3863 2220 3894 ‘seu
2237 3863 2356 3894 scribere
2371 3886 2382 3901 ,

1333 3907 1494 3948 generaliter
1513 3907 1558 3938 vel
1576 3906 1792 3944 particulariter,
1819 3910 1903 3940 quae,
1929 3899 2024 3945 aliquo
2041 3901 2178 3945 eaquisito
2197 3900 2325 3940 Colore,
2341 3900 2384 3931 di-

1333 3945 1413 3978 scite
1430 3944 1477 3977 vel
1493 3944 1652 3984 indirecte,
1662 3943 1732 3984 Jum
1748 3938 1965 3974 meudiffirm
1982 3937 2106 3971 Domini
2121 3938 2212 3972 nostri
2227 3942 2304 3980 Regis
2320 3947 2388 4008 11³3}

2406 133 2484 166 Ann.
2501 134 2543 166 D.

2429 173 2516 212 1418.

2408 216 2473 240 Hm.
2491 221 2520 249 5.

2400 1139 2419 1160 *
2438 1141 2490 1170 ῙΧ.

2398 1181 2464 1217 634.
