2562 4274
59 293 142 330 uenti.
156 287 199 319 D.

86 337 173 368 1421.

71 375 130 403 iren.
150 376 178 403 5.

69 727 89 747 *
110 728 205 762 X·99-

66 1157 145 1189 Ann.
155 1153 196 1188 D.

85 1207 173 1236 1421.

63 1241 115 1265 An.
133 1247 161 1271 9.

63 1281 100 1303 H.
112 1285 137 1309 5.

102 1313 167 1340 lbid.

60 1352 200 1389 m.37.clor.

750 201 862 242 ET
944 201 1207 243 ACTA
1289 199 1770 252 PUBLICA.

215 290 395 322 Successores
418 288 468 318 ΙΜ
478 294 496 317 P
506 295 523 317 iz
533 296 555 317 R
566 295 584 317 P
592 295 610 318 Ε
620 294 644 316 τ
652 294 676 316 u
685 295 709 317 u
718 294 745 316 ivi
759 310 768 325 ‚
800 286 921 318 habeant
946 287 980 318 δι’.
1002 295 1112 318 teneant
1140 287 1258 317 Portum
1269 307 1279 323 ,

214 330 370 368 Peagium,
387 328 421 358 &
441 326 614 357 Traversum
632 326 783 366 praedicta,
801 326 904 355 eisdem
918 325 1007 356 modo
1022 327 1054 356 ὃς
1070 326 1165 356 forma
1178 325 1279 364 quibus

215 369 264 408 ipsi
285 367 402 404 eadem,
420 373 484 401 ante
502 364 650 402 CoNQJ
661 372 764 400 ESTU
776 371 803 393 M
822 363 951 395 nostrum
966 365 1152 403 praeditstum,
1174 365 1278 395 habue-

216 415 297 444 runt,
314 412 482 440 tenuerunt,
500 403 532 433 &
547 403 735 443 possiderunt,
749 411 783 432 ac
798 411 881 440 prout
897 403 930 434 ὃς
947 405 1075 441 quatinus
1090 402 1187 440 Ipsi&
1202 403 1279 432 Prae-

214 444 373 477 decessores
385 443 425 473 sui
437 441 539 472 eisdem
554 442 662 480 Portu,
679 441 806 478 peagio,
821 442 854 472 ὃς
869 441 1025 480 Traversu,
1038 452 1053 472 a
1066 451 1195 478 tempore
1211 440 1278 470 Do-

216 485 329 516 tationis
341 481 527 520 supradictae,
542 480 677 511 haetenus
690 479 889 510 rationabiliter
903 481 941 510 ufi
958 481 1018 511 sunt
1031 481 1064 511 &
1079 480 1179 518 gavisi,

254 521 442 558 Mandantes,
463 519 581 550 Tenore
601 517 785 548 Praelentium
800 541 809 556 ,
833 518 939 549 dilectis
957 519 991 550 &
1011 519 1138 549 fidelibus
1162 517 1281 556 nostris,

215 561 400 592 Thesaurano
424 558 523 589 nostro
549 555 685 588 Gerierali
698 555 906 595 Normanniae‚
925 567 959 588 ac
974 557 1135 588 Praefidenti
1151 557 1183 587 δε
1199 557 1280 587 Gen-

217 601 291 631 tibus
315 598 351 629 de
365 596 488 629 Camers.
502 595 596 626 nostra
610 594 825 633 Compotorum
838 596 962 633 ibidem,
980 606 1094 626 necnon
1109 597 1217 626 caeteris
1227 596 1281 632 Ju-

217 638 358 676 sticiariis,
376 635 544 672 Officiariis,
563 634 597 664 &
613 632 769 671 Ministris,
788 634 967 671 praesentibus
979 635 1012 666 &
1026 634 1142 673 futuris,
1158 644 1280 672 quorum

219 676 352 715 interest,
372 674 452 713 qubd
492 672 617 709 raefatOS,
640 670 811 711 Magistrum
832 674 865 703 &
885 673 1027 710 Scolaies,
1047 673 1080 703 δε
1102 673 1282 703 Successores

221 716 302 754 suos,
319 713 445 755 praesenti
477 709 653 744 *onceffione
666 710 778 751 nostra,
795 712 824 740 in
840 711 934 742 forma
946 712 1001 751 qua
1017 714 1030 728 '²
1044 711 1213 754 praedietum
1229 711 1281 749 est,

223 756 263 785 uti
283 750 456 792 &gaudere
475 749 637 789 permittant
657 749 760 789 absque
781 749 985 782 Molestatione
1005 750 1051 781 seu
1066 750 1280 789 [mpedimento

217 796 408 834 quocumque.

252 830 286 861 In
298 838 393 868 cujus,
411 828 470 858 &c.
1037 866 1043 871 .
1147 865 1152 870 .
1167 866 1171 870 ι

291 868 361 900 Dat·
376 866 450 906 apud
466 865 589 906 Castrum
596 865 677 905 filum
691 865 872 905 Rothomagi,
891 866 998 897 ottavo
1016 864 1062 896 die
1083 864 1195 902 Aprilis.

418 945 473 973 Per
487 941 572 983 ipficm
586 945 681 983 Regem
700 941 740 970 ad
755 941 921 971 Relationem
940 943 1041 979 Magni
1055 939 1175 971 Concilii.

438 1071 488 1103 De
502 1066 672 1113 festinando
698 1065 743 1099 ad
764 1069 909 1100 Comitem
927 1070 1054 1101 Sarum.

219 1155 345 1214 REX
382 1148 493 1184 Ballivo
510 1152 596 1192 nostro
612 1153 643 1183 de
664 1155 773 1191 Rauen,
791 1153 925 1184 Salutem.

210 1217 213 1219 Α
331 1178 423 1224 ἱῗοϋίε
437 1192 626 1230 Mandamus,
644 1191 762 1229 firmiter
776 1191 972 1231 Injungentes,
991 1192 1073 1231 qnod
1089 1191 1199 1230 statim,
1216 1193 1278 1223 vifis

216 1232 419 1270 Praesentibus,
434 1233 464 1261 in
489 1232 574 1270 locis,
593 1230 663 1261 infra
683 1229 816 1262 Ballivam
831 1229 970 1268 vestram,
989 1233 1037 1262 ubi
1053 1231 1152 1261 melitis
1164 1232 1280 1268 expedi-

218 1282 249 1302 re
269 1272 410 1310 videritis,
427 1271 542 1309 publice
563 1271 596 1302 &
616 1270 747 1308 notorie,
767 1279 801 1300 ex
822 1275 898 1310 parte
918 1270 1032 1308 nostra,
1048 1269 1219 1300 Proclainari
1240 1270 1281 1299 fa-

214 1319 291 1341 ciatis

256 1333 351 1388 Qi’iod
371 1358 473 1380 omnes
487 1349 520 1380 &
535 1348 643 1387 singuli
653 1346 796 1378 Homines
808 1347 844 1378 ad
864 1346 953 1378 Arma
966 1349 1000 1379 &
1014 1347 1168 1386 Sagittarii,
1186 1348 1219 1378 ὃς
1233 1356 1282 1385 ge-

215 1383 343 1419 neraliter
361 1398 463 1418 omnes
486 1388 602 1425 Anglici
621 1387 839 1425 (cujuscumque
854 1385 949 1417 Statfis
963 1395 1011 1417 aut
1024 1386 1206 1416 Conditionis
1221 1387 1282 1415 fue-

215 1428 289 1465 rint)
308 1427 416 1465 versus,
434 1426 610 1457 cariffimum
622 1425 874 1463 Consanguineum
889 1424 1017 1456 nostrum
1027 1424 1178 1463 ,Thomam
1194 1428 1281 1466 Cavii—

213 1471 268 1496 tem
291 1469 388 1496 Sarum
402 1489 411 1504 ,
437 1466 701 1496 Locumtenentem
724 1462 855 1494 Ducatfis
878 1462 966 1493 nostri
990 1463 1186 1493 Normanniae
1201 1486 1209 1501 ,
1234 1466 1280 1493 ieri

211 1513 352 1542 magnum
372 1504 561 1535 Senescallum
581 1503 704 1542 ejusdem
726 1501 859 1534 Ducatiis
875 1502 965 1532 nostri
982 1525 991 1540 ‚
1014 1510 1060 1532 aut
1081 1501 1149 1545 alios
1169 1502 1281 1541 Capita-

210 1553 296 1580 neos,
315 1543 345 1574 in
367 1552 470 1573 eorum
495 1540 661 1579 Comitiva,
676 1540 722 1571 vel
742 1541 777 1571 ad
794 1540 941 1571 Garnefias
953 1539 1077 1576 nostras,
1093 1544 1165 1571 intra
1181 1539 1282 1570 Duca-

210 1589 274 1612 tum
294 1581 426 1612 nostrum
446 1581 634 1620 praedictum,
651 1579 696 1610 seu
717 1579 782 1617 alias
795 1587 886 1618 partes
899 1578 983 1608 nobis
994 1578 1144 1616 fiabjeetas,
1163 1579 1280 1609 existen-

210 1628 270 1658 τετε,
289 1620 324 1650 ad
347 1619 447 1650 Finem
467 1619 547 1659 quod
564 1618 615 1656 ipfi
630 1627 698 1648 cum
710 1615 814 1655 eisdem
829 1617 864 1647 ad
877 1615 966 1646 Vadia
981 1617 1074 1647 nostra
1089 1617 1223 1657 capienda
1239 1627 1281 1647 re-

211 1660 293 1689 tineri
315 1658 435 1697 possint,
457 1658 559 1696 absque
581 1657 715 1686 dilatione
735 1653 842 1696 aliqua,
867 1655 894 1684 se
914 1655 1039 1694 trahant,
1058 1665 1227 1694 properent,
1244 1658 1278 1687 ὃς

209 1697 359 1736 festinent,
377 1696 428 1727 sub
442 1696 535 1731 Poena
548 1693 716 1732 Amiffionis
730 1688 808 1734 Vitae
821 1703 922 1738 eorum
931 1717 940 1731 ,
982 1733 987 1738 ¹
1123 1733 1128 1738 .
1259 1733 1263 1739 Ι

245 1735 283 1767 Et
324 1735 380 1771 uod
394 1735 485 1765 nullus
498 1741 597 1768 eorum
612 1731 647 1771 ali
670 1742 703 1771 ua
718 1731 875 1772 Victualia,
894 1732 939 1762 seu
953 1732 1004 1763 alia
1021 1732 1163 1770 Deveria,
1179 1733 1216 1763 ab
1230 1733 1279 1764 ali-

206 1775 310 1813 quibus
332 1773 431 1812 Ligeis
443 1772 490 1804 seu
504 1771 628 1808 Subditis
653 1804 655 1806 ,
679 1767 776 1810 ᾳςαῑῇς
791 1772 825 1809 ὃς
839 1769 967 1801 Partium
982 1771 1195 1810 piaedic‘tarum,
1217 1771 1276 1803 abs-

207 1816 264 1850 que
283 1806 416 1852 prompt&
437 1809 587 1848 Solutione
608 1811 637 1846 in
653 1815 738 1848 manu
746 1812 758 1848 ‚J
774 1810 820 1840 vel
834 1809 910 1839 aliter
926 1819 1010 1848 prout
1024 1819 1092 1840 curn
1107 1809 1211 1840 eisdem
1227 1820 1279 1850 po-

207 1853 270 1884 terit
281 1849 467 1887 concordari,
485 1849 576 1887 capiat
590 1848 635 1885 seu
649 1849 711 1886 capi
727 1848 809 1884 faciat
824 1847 874 1878 sub
890 1847 983 1886 Poena
995 1847 1171 1887 supradiehi,

212 1888 217 1892 ⁴
243 1889 282 1921 Et
303 1888 437 1925 ulteritIs,
453 1889 484 1923 in
505 1887 575 1919 locis
595 1885 775 1932 supradietis,
793 1886 925 1931 publice,
949 1896 983 1926 eit
1006 1895 1082 1926 parte
1102 1886 1218 1926 nostrai,
1243 1888 1278 1918 de

206 1934 286 1957 novo
306 1926 475 1960 proclamari
498 1921 602 1956 faciatis
622 1925 752 1964 quasdam
770 1925 877 1963 Literas
897 1924 1004 1963 nostras
1026 1924 1156 1956 Parentes
1169 1949 1178 1964 ,
1203 1927 1277 1966 apud

205 1961 421 2004 Rouaozsssagum,
439 1964 579 2002 vicesimo
599 1971 699 2007 quarto
720 1959 764 2002 die
783 1963 908 2002 Januarii
928 1963 1031 2000 ultimo
1055 1965 1216 2005 praeterito,
1235 1965 1277 1996 fa-

206 2004 281 2041 etas,
299 2004 333 2035 &
347 2004 430 2036 vobis
445 2013 535 2041 nuper
548 2003 730 2041 tranlmiilas,

207 2039 213 2043 ’
239 2042 423 2073 Mentionem
432 2038 564 2073 facientes
573 2042 652 2079 quod
661 2040 865 2079 nullusJanitor
872 2041 928 2072 five
935 2040 1041 2081 Custos
1050 2040 1200 2082 Portarum
1209 2053 1278 2082 qua-

204 2091 341 2115 rumcum
364 2092 398 2112 ue
406 2081 430 2113 V
434 2081 544 2115 illarum
557 2079 606 2116 seu
619 2079 852 2119 Forraliciorum,
871 2081 901 2110 iri
914 2079 1087 2119 obedientia
1098 2080 1195 2112 nostra
1208 2091 1281 2121 prae-

206 2119 286 2156 dieta
299 2114 355 2156 exii
366 2120 475 2156 *entium
486 2142 495 2159 ‚
508 2119 598 2158 aliqua
613 2117 745 2160 Proficua
758 2128 775 2149 a
786 2118 881 2159 Ligeis
894 2119 939 2157 seu
954 2117 1078 2187 SdeifssiS
1091 2119 1193 2158 nostris
1207 2130 1279 2159 prae-

205 2158 414 2205 fliffisquovis
435 2158 527 2197 modo
549 2158 655 2197 Capiat,
675 2163 729 2194 nec
750 2159 831 2196 quod
849 2157 941 2196 nullus
954 2156 1175 2199 <cuiue-umque
1190 2157 1278 2196 status

204 2196 304 2233 fuerit)
328 2196 441 2236 Eqnos,
465 2196 616 2236 Jumenta,
643 2196 690 2227 seu
713 2192 768 2234 alias
785 2193 904 2235 BestiaS,
929 2196 974 2227 vel
994 2196 1154 2237 Animalia,
1174 2198 1275 2238 absque

202 2235 357 2274 yoluntate
372 2235 464 2268 Partis.
477 2236 567 2274 capiat
583 2235 629 2266 seu
644 2236 707 2274 capi
721 2234 805 2276 faciat
818 2236 918 2276 quovis
930 2235 1020 2274 modo
1030 2259 1039 2272 ‚
1048 2236 1098 2273 sub
1113 2236 1192 2275 certi*
1204 2237 1277 2267 1?oe-

204 2274 241 2305 nz'i
264 2274 418 2304 in'eisdem
441 2272 656 2304 Literis'nostris
677 2270 812 2305 contenta
827 2278 837 2313 ,¹
861 2284 896 2304 ac
913 2274 1051 2305 decenis
1065 2273 1121 2304 aliis
1135 2272 1271 2314 Punffis,

204 2312 357 2352 Articulis,
375 2313 408 2344 ὃς
428 2312 673 2351 Circumstantiis,
697 2314 727 2343 in
748 2312 830 2344 dietis
849 2312 950 2345 Literis
970 2312 1071 2344 nostris
1092 2310 1270 2354 specificatiS,

205 2360 292 2390 prout
308 2352 337 2382 in
352 2351 455 2383 eisdem
472 2351 573 2385 Literis
586 2351 696 2390 plenius
708 2353 889 2392 continetur,

245 2390 284 2421 Et
297 2399 329 2421 ea
342 2392 439 2422 omnia
452 2392 485 2422 δί
499 2391 618 2437 singula,
636 2392 664 2422 in
679 2390 783 2423 eisdem
797 2399 950 2431 contenta,
967 2390 1084 2423 firmiter
1097 2392 1130 2424 ὃς
1145 2391 1271 2424 districte

206 2428 344 2460 custodiri
358 2430 391 2461 &
403 2430 543 2462 observari
558 2431 682 2469 faciatis,
781 2433 783 2437 ”
879 2448 881 2451 v
898 2448 900 2450 ·

245 2466 285 2498 Et
301 2469 382 2507 quod
399 2479 449 2501 vos
465 2479 514 2507 per
528 2477 621 2500 totum
634 2469 798 2510 Balliagium
811 2469 936 2500 vestrum
950 2468 1103 2507 Equitatis,
1116 2471 1150 2501 ad
1166 2471 1273 2502 Trans-

206 2507 342 2546 greffores
365 2509 397 2539 &
416 2508 484 2539 alios
506 2508 719 2548 quoscumque,
737 2517 839 2547 contra
856 2508 960 2540 Pacem
975 2508 1108 2540 facientes
1121 2511 1154 2540 ὃς
1172 2510 1272 2542 Delin-

205 2554 341 2585 quentes,
359 2547 463 2584 absque
477 2548 572 2578 favore
587 2547 700 2587 aliquo,
718 2558 786 2579 cum
799 2547 904 2579 effectu
914 2569 924 2586 ,
942 2547 1000 2577 fine
1013 2548 1163 2587 dilatione,
1181 2548 1274 2579 Casti-

206 2584 331 2623 gaudum
349 2586 383 2620 &
403 2585 603 2624 Puniendutn,

242 2622 280 2653 Et
301 2625 400 2654 omnia
422 2625 472 2655 alia
494 2625 528 2656 ὃς
549 2624 652 2664 singula
668 2623 819 2662 supradidta
833 2623 929 2655 debite
944 2623 1170 2663 Exequendum,
1189 2634 1273 2665 prout

204 2669 323 2699 gravem
337 2661 399 2693 Indi
421 2664 566 2698 nationem
579 2662 705 2699 nostram
722 2664 843 2701 evitare,
861 2663 895 2694 &
913 2662 951 2694 de
965 2661 1118 2693 Praemisfis
1131 2665 1216 2695 nobis
1232 2675 1274 2695 re-

206 2700 342 2739 spondere
364 2711 402 2732 vo
412 2702 524 2739 ueritis,
542 2701 698 2734 nullatenus
711 2703 856 2740 omittatis.

245 2737 316 2770 Dat.
329 2741 403 2778 apud
416 2740 540 2780 castrum
553 2740 669 2781 nostrum
683 2736 859 2779 Rothomagi,
876 2739 982 2770 octavo
994 2739 1040 2770 die
1054 2739 1167 2778 Aprilis.

322 2814 492 2848 Consimilia
507 2816 607 2849 Brevia
619 2817 783 2857 diriguntur
795 2817 967 2857 subscriptis3
985 2815 1134 2857 videlicet,

261 2891 377 2923 Ballivo
394 2892 482 2933 nostro
497 2894 530 2923 de
548 2897 636 2931 Caux,

260 2930 377 2961 Ballivo
394 2931 482 2971 nostro
499 2932 653 2963 d'Eureux.

261 2969 378 3003 Ballivo
395 2970 481 3010 nostro
499 2972 530 3001 de
547 2969 684 3007 Aleae-on.

261 3008 376 3039 Ballivo
395 3008 481 3048 nostro
498 3009 529 3038 de
548 3012 585 3038 Gi
597 3020 648 3039 ors.

263 3048 379 3081 Ricardo
395 3046 540 3087 Wrgestre
587 3049 715 3086 apitaneo
736 3046 820 3079 Villae
836 3046 925 3087 Regis
937 3047 973 3079 de
985 3048 1101 3090 Bernay.

261 3084 377 3118 Ballivo
394 3084 481 3125 nostro
499 3086 531 3119 de
546 3090 627 3123 Cam.
1117 3097 1120 3101 ’

263 3122 380 3154 Ballivo
397 3124 485 3164 nostre
503 3126 535 3160 de
552 3123 724 3166 constantin.

330 3252 390 3283 Pro
418 3252 532 3283 comite
557 3249 594 3283 de
610 3252 747 3298 Douglas
762 3255 798 3290 &⁴
809 3262 865 3299 pro
885 3255 998 3286 Comite
1016 3251 1154 3287 Atholiae.

187 3307 359 3393 (REX,
382 3334 515 3367 univerfis
537 3335 571 3366 &
591 3334 706 3373 singulis
720 3336 915 3369 Marchia'rum
931 3337 1030 3376 Regni
1050 3338 1140 3369 nostri
1163 3339 1273 3380 Angliae

293 3372 386 3406 versus
408 3373 534 3404 Scoziam
556 3372 750 3413 Custodum,
767 3385 800 3407 ac
822 3374 999 3416 Admirallis,
1017 3376 1195 3418 CapitaneiS,
1213 3379 1273 3410 δίς.

211 3411 246 3443 ad
258 3421 344 3451 quos,
362 3414 424 3445 &o
438 3411 573 3443 Salutem.

254 3451 352 3482 Sciatis
375 3451 454 3489 quod
465 3450 637 3489 >suscepimus
657 3451 687 3481 in
705 3450 810 3482 salvum
829 3452 862 3483 &
877 3452 1006 3484 securum
1019 3453 1208 3487 Conductum
1222 3466 1276 3486 no-

169 3509 175 3517 .
216 3489 323 3528 strum,
337 3499 370 3521 ac
391 3490 420 3520 in
442 3488 673 3528 Proteffionern,
690 3489 878 3528 Tuitionem,
893 3491 927 3521 &
950 3491 1153 3524 Defenfionem
1169 3494 1276 3532 nostras

214 3529 360 3568 speciales,
376 3526 424 3558 Co
433 3523 435 3529 ’
445 3527 621 3568 sanguineum
635 3527 764 3559 nostrum
773 3551 782 3564 ,
796 3528 999 3560 Archibaldum
1015 3534 1142 3562 Comitem
1155 3534 1186 3563 de
1199 3536 1276 3563 Dou-

209 3568 288 3608 glas,
307 3577 376 3598 cum
398 3567 417 3598 S
436 3568 543 3606 xaginta
560 3566 688 3597 Personis
709 3568 739 3597 in
761 3567 911 3598 Comitiva
931 3569 993 3607 sui,
1012 3570 1057 3599 vel
1080 3570 1150 3600 infra
1168 3575 1175 3608 (
1186 3573 1276 3609 cujus-

212 3616 335 3646 cumque
351 3604 459 3645 StatfiS,
478 3604 861 3645 Gradus,Praeeminentiae‚
880 3606 1047 3646 Dignitatis,
1064 3609 1108 3638 vel
1122 3608 1277 3640 Conditio-

211 3647 254 3675 nis
271 3645 405 3683 existant)
424 3655 492 3675 cum
514 3644 618 3683 Equis,
638 3643 753 3683 Rebus,
772 3645 873 3684 Bonis,
888 3647 922 3678 δεῖ
937 3646 1080 3677 Herneiiis
1094 3647 1146 3677 suis
1160 3648 1275 3687 quibus-

191 3710 197 3716 ,
211 3692 350 3727 cumque,
366 3685 395 3714 in
408 3683 544 3724 Regnum
559 3683 689 3713 nostrum
706 3683 835 3721 Angliae,
854 3686 870 3701 ³*
886 3685 1086 3724 conjunfflm,
1099 3687 1131 3716 ὃς
1143 3685 1273 3725 divifim,

210 3723 366 3761 veniendo,
383 3722 491 3753 ibidem
507 3722 644 3753 morando
659 3722 692 3752 &
706 3722 954 3761 perhendinandO,
972 3734 1004 3754 ac
1016 3725 1272 3764 exinde,quotiens

211 3760 246 3790 δι’.
266 3760 378 3799 quando
399 3763 437 3792 eis
456 3762 605 3801 placuerit,
621 3759 655 3791 ad
668 3769 756 3800 partes
768 3760 891 3800 Scotiae,
908 3762 964 3792 fine
980 3762 1185 3801 impedimento
1201 3774 1272 3803 quo-

212 3807 357 3836 cumque,
375 3799 535 3838 redeundo,

247 3835 283 3866 N
285 3836 390 3866 olentes
405 3838 484 3875 quod
497 3839 588 3868 didius
601 3836 728 3875 Comes,
745 3847 799 3867 nec
813 3837 910 3877 aliquis
923 3838 1018 3869 secum
1034 3841 1168 3879 veniens,
1186 3842 1269 3880 ratio-

210 3885 247 3905 ne
259 3873 450 3914 Contractus,
461 3875 632 3915 Juratnenti,
650 3876 849 3914 Conditionis,
867 3877 911 3907 seu
927 3877 1133 3918 obligationis,
1149 3889 1212 3909 anre
1227 3881 1269 3920 ip-

208 3912 302 3943 sorum
322 3911 448 3943 Comitis
469 3915 502 3945 &
521 3915 616 3946 secum
637 3915 813 3946 venientium
835 3917 932 3954 vigore
952 3918 1090 3954 praesentis
1105 3918 1193 3948 nostri
1207 3920 1269 3949 salvi

209 3950 403 3989 conductus,
417 3952 446 3981 in
461 3951 493 3981 R
528 3964 597 3984 rium
613 3954 739 3984 nostrum
755 3953 867 3983 Primos
880 3953 1041 3991 Ingreisum
1056 3957 1089 3987 ὃς
1102 3957 1267 3988 Adventum

210 3990 346 4020 initorum
395 3989 450 4019 five
471 3990 515 4020 fae
528 4001 612 4023 orum
626 4016 637 4031 ,
662 3991 853 4031 praestitorum
868 4015 878 4030 ,
903 4000 950 4022 aut
970 3995 1198 4031 contrac'torum,
1224 3997 1267 4026 vel

207 4037 323 4067 propter
337 4012 507 4068 nimquam,
524 4028 782 4070 Contromarquam
792 4053 801 4068 ,
816 4038 864 4060 aut
878 4030 1015 4069 Priialias,
1033 4032 1077 4063 seu
1093 4032 1270 4073 Reprisalias,

211 4068 285 4097 inter
306 4066 445 4104 Regnum
469 4066 590 4103 Scodae,
607 4067 651 4099 stu
665 4068 759 4100 Partes
774 4069 927 4108 Flandriae,
942 4079 989 4100 aut
1003 4071 1193 4110 quascumque
1207 4075 1270 4104 alias

210 4103 307 4137 Partes
320 4128 331 4144 ,
354 4113 419 4136 ante
440 4103 520 4136 diem
537 4105 682 4137 dictorum
704 4107 845 4148 Ingressfis
861 4109 895 4139 &
920 4108 1088 4148 Adventus,
1110 4113 1270 4151 concessas,

2339 230 2387 256 21

1315 286 1359 317 scu
1386 299 1501 337 propter
1521 293 1712 332 quascumque
1734 295 1798 327 alias
1819 296 1936 334 Causas,
1954 295 2044 328 Diem
2060 299 2181 338 ipsorum
2198 300 2333 339 ingr-esses
2348 301 2381 331 δε
2401 300 2476 332 Anii.
2490 301 2530 335 D.

1319 326 1483 369 Adventus,
1501 330 1536 360 de
1553 342 1610 369 quo
1626 333 1787 372 praefertur,
1803 336 2008 374 praecedentes,
2027 347 2209 377 qudcumque
2222 340 2313 370 niodo
2329 349 2383 368 no-
2422 349 2505 378 1421.

1318 368 1478 406 minandas,
1497 368 1636 407 Operibus
1658 373 1701 401 vel
1719 371 1820 404 Verbis
1836 374 2058 414 implacitentur,
2074 377 2237 416 acusentur,
2255 378 2382 408 occanu-
2400 385 2464 407 ΗΜ.
2482 390 2510 414 5.

1319 412 1436 443 nentur,
1456 406 1639 438 molestentur
1663 410 1691 438 in
1709 410 1822 449 aliquo,
1841 412 1885 442 seu
1898 422 2065 452 graventur,
2081 415 2257 454 injudicio,
2276 417 2320 446 vel
2333 425 2381 446 ex-

1318 449 1378 486 tra,
1392 454 1440 488 pei·
1455 445 1541 483 Nos,
1559 446 1603 476 seu
1618 446 1720 485 Ligeos
1732 449 1764 478 &
1781 449 1915 481 Subditos
1930 451 2040 482 nostros
2056 455 2269 493 quoscumquer,

1356 480 1394 511 Et
1413 483 1484 527 ideo·
1500 485 1580 514 vobis
1596 485 1765 517 Mandamus
1778 489 1857 525 quod
1872 489 1962 528 ipsum
1977 490 2129 521 Comitem
2139 516 2147 530 ,
2166 504 2232 524 cum
2248 494 2382 531 Sexagin-

1318 525 1352 564 m,
1369 518 1498 552 Perlonis
1512 523 1541 566 iri
1556 522 1706 554 Comitiva
1720 525 1784 563 sua,
1801 527 1846 557 vel
1859 527 1930 558 infra
1947 528 2166 568 (cujuicumque
2180 531 2290 569 Status,
2308 533 2381 562 Gra-

1318 557 1392 602 duS,
1408 559 1654 600 Praeeminentiie,
1680 561 1849 604 Dignitatis‚
1874 567 1917 595 vel
1942 566 2126 598 Conditionis
2150 571 2287 607 existant)
2313 581 2381 601 cuni

1320 594 1424 636 Equis,
1445 597 1558 637 Rebus,
1578 602 1611 631 &
1629 600 1771 632 Herneliis
1788 603 1840 632 suis
1861 605 2101 645 quibuscumque,
2120 609 2146 638 in
2169 610 2309 646 Regnum
2323 620 2378 639 no-

1319 633 1407 665 strum
1436 637 1563 676 Angliae,
1583 640 1782 678 conjundfim,
1798 642 1831 671 &
1855 642 1984 680 divisim,
2002 645 2157 684 veniendo,
2180 648 2288 678 ibidem
2313 658 2377 678 mo·
2411 679 2414 682 Α

1320 674 1407 703 rando
1429 677 1462 706 ὃς
1486 677 1733 716 perhendinando,
1751 689 1784 709 ac
1807 680 1926 716 exinde,
1945 684 2073 718 quotiens
2095 685 2127 714 ὃς
2143 688 2256 723 quando
2268 688 2306 717 eis
2320 687 2379 726 pla-

1320 714 1426 749 cuerit,
1444 714 1479 744 ad
1499 724 1588 754 partes
1608 716 1731 754 Scotiae,
1749 718 1806 748 sine
1821 718 2029 756 impedimento
2045 732 2243 763 quocumque,
2262 730 2379 755 redeun-

1320 751 1376 787 dO,
1395 754 1614 792 manuteneatis,
1632 757 1797 794 protegatis,
1815 758 1846 787 ὅ(
1867 757 2037 796 defendatis,

1353 789 1438 833 ‘Non
1451 791 1598 822 inferentes
1615 795 1672 831 eis,
1696 794 1740 824 seu
1756 804 1856 825 eorum
1871 797 1955 826 alicui
1970 821 1979 833 ,
1999 807 2052 827 nec
2073 798 2183 834 abaliis
2201 801 2296 831 inferri
2320 812 2382 839 per-

1319 836 1460 867 mittentes
1475 852 1485 867 ,
1509 829 1643 868 Injuriani
1658 855 1668 869 ,
1695 832 1877 871 Molestiam,
1898 834 2082 873 Dampnuni,
2103 836 2292 877 Violentiam,
2311 842 2383 872 Are-

1320 864 1664 906 stum,Impedimeiitum
1677 871 1865 908 aliqviod,seu
1880 872 2175 910 Gravamen,ratione
2190 876 2383 917 ContraCtiis,

1315 903 1489 947 juramenti,
1508 906 1707 946 Conditionis,
1723 911 1768 940 seu
1794 909 1999 950 obligationis,
2020 922 2084 942 ante
2109 914 2232 950 ipsorum
2259 915 2395 948 Comitis’

1320 942 1353 973 ὃς
1373 946 1469 975 secum
1484 947 1656 977 venientium
1666 970 1675 984 ,
1695 949 1793 986 vigore
1807 950 1947 988 praesentis
1963 950 2052 980 nostri
2063 951 2128 982 {alvi
2143 952 2336 993 Conduetns,
2351 958 2379 986 in

1319 981 1457 1022 Regnum
1479 984 1608 1015 nostrum
1629 987 1734 1024 primos
1755 987 1909 1027 ingressum
1931 989 1964 1019 δε
1985 988 2139 1020 adventum
2152 992 2307 1032 initorum,
2326 994 2381 1025 live

1318 1020 1475 1060 factorum,
1493 1023 1701 1063 praestitorum,
1718 1035 1764 1056 aut
1778 1027 2013 1065 contratfborum,
2031 1028 2074 1058 vel
2088 1037 2202 1067 propter
2216 1030 2381 1070 Marquam,

1318 1057 1582 1101 Contromarquam
1597 1086 1606 1101 ,
1630 1071 1679 1094 aut
1702 1063 1844 1103 Priialias,
1870 1066 1914 1096 {en
1939 1065 2104 1103 Reprisalias
2118 1090 2127 1105 ,
2152 1069 2223 1100 inter
2246 1070 2384 1107 Regnum

1316 1099 1448 1131 nostrum
1478 1100 1591 1140 Angliae
1611 1101 1645 1132 &
1666 1100 1803 1142 Regnum
1826 1105 1932 1135 Scotia:
1947 1128 1956 1142 ,
1982 1105 2026 1136 seu
2048 1115 2136 1143 partes
2155 1107 2293 1138 Flandriae
2307 1132 2317 1146 ,
2337 1118 2383 1140 aur

1315 1139 1507 1177 quascumque
1527 1140 1590 1182 alias
1609 1149 1715 1179 pai-tm,
1732 1151 1796 1173 ante
1808 1142 1884 1173 diem
1898 1143 2043 1174 dierorum
2057 1144 2199 1181 Ingressus
2213 1147 2246 1177 &
2265 1148 2381 1179 Adven-

1317 1175 1378 1214 tus,
1399 1178 1557 1220 concesfizs,
1572 1182 1617 1208 ieu
1640 1189 1755 1218 propter
1774 1181 1964 1221 quascumque
1987 1184 2049 1212 alias
2071 1182 2190 1223 Causas,
2208 1186 2285 1216 diem
2309 1187 2381 1225 ipso-

1315 1225 1379 1244 rum
1393 1214 1534 1253 Ingreissis
1548 1217 1580 1246 ὃς
1596 1216 1758 1257 Adventus,
1781 1220 1816 1249 de
1830 1230 1887 1259 quo
1903 1221 2064 1259 praefertur,
2084 1226 2290 1263 praecedentes,
2304 1235 2378 1263 quo-

1318 1263 1442 1292 cumque
1459 1255 1548 1285 modo
1564 1257 1765 1296 nominandas,
1785 1260 1918 1295 operibus
1934 1260 1977 1290 vel
1989 1262 2097 1297 verbis,

1354 1290 1410 1329 Et,
1426 1293 1444 1322 fi
1459 1293 1528 1323 dieti
1546 1292 1655 1323 Comes
1668 1294 1712 1325 seu
1726 1296 1821 1326 secum
1838 1299 1993 1336 venientes,
2011 1308 2059 1330 aut
2074 1309 2175 1331 eorum
2187 1301 2297 1339 aliquis,
2311 1312 2384 1332 con-

1316 1338 1357 1360 tra
1379 1329 1560 1369 Praesentium
1578 1331 1730 1362 Tenorem
1745 1357 1754 1372 ,
1776 1335 1804 1363 in
1826 1336 1921 1374 aliquo
1943 1337 2152 1375 iinplacitentur
2167 1362 2176 1377 ,
2202 1341 2385 1378 accusentur,

1317 1368 1548 1407 occaiioiientur,
1566 1370 1737 1409 arestentur,
1753 1373 1797 1402 vel
1819 1373 1912 1411 aliquo
1933 1377 2039 1413 modo,
2062 1378 2191 1416 operibus
2213 1380 2255 1408 vel
2276 1380 2386 1416 verbis,

1317 1416 1481 1446 graventur,
1501 1409 1708 1447 implacitetur,
1725 1411 1936 1449 occafionetur,
1955 1413 2105 1452 arestetur,
2124 1417 2167 1446 vel
2184 1417 2279 1454 aliquo
2296 1418 2385 1448 modo

1316 1455 1446 1487 gravetur
1460 1446 1584 1485 ipsorum
1597 1448 1706 1487 aliquis,
1726 1449 1790 1488 ipfis
1804 1450 1848 1480 vei
1863 1450 1919 1488 illi,
1940 1452 1975 1481 fic
1991 1452 2074 1490 kens,
2094 1462 2141 1484 aut
2158 1455 2238 1492 laeso,
2256 1457 2386 1493 gravatis,

1317 1493 1363 1514 aut
1384 1485 1734 1524 gravato,'competentes
1756 1488 1788 1518 &
1810 1488 1985 1519 rationabiles
2006 1490 2147 1522 Eme-udas
2163 1494 2196 1523 &
2211 1493 2384 1525 Satissactio-

1318 1533 1385 1553 nem
1402 1533 1558 1563 congruam
1577 1524 1636 1554 fieri
1656 1525 1749 1556 facere
1763 1529 1958 1562 promittentes
1970 1537 2017 1567 per
2032 1529 2189 1561 Praesentes.

1356 1560 1388 1591 In
1412 1564 1506 1601 cujus,
1523 1563 1584 1594 &c.
1611 1564 1697 1602 usque
1714 1564 1848 1595 ultimum
1862 1565 1938 1596 diem
1955 1566 2028 1597 Maii
2044 1570 2176 1604 proximo
2190 1570 2317 1602 futurum
2331 1571 2384 1603 du-

1318 1608 1428 1631 raturaS.

1355 1637 1446 1670 Teste
1460 1639 1542 1679 Rege
1559 1639 1633 1679 apud
1658 1622 1807 1680 Ho‘ueden,
1824 1641 1982 1674 undecimo
1997 1643 2043 1674 die
2059 1644 2181 1684 Apriliis.

1986 1723 2040 1751 Per
2055 1721 2137 1761 ipfimt
2150 1726 2255 1761 Regem.

1355 1791 1526 1825 Confimiles
1552 1794 1660 1827 Literas
1688 1795 1776 1835 Regis
1805 1796 1840 1827 de
1862 1797 1936 1827 salvo
1959 1796 2116 1829 condutta
2139 1799 2222 1831 habet
2245 1801 2385 1832 Wlterus

1316 1832 1452 1870 Styward
1465 1836 1554 1865 Comes
1570 1833 1698 1870 Apheliae
1715 1836 1749 1866 ὃς
1764 1834 1963 1874 Cathenenfis,
1982 1836 2033 1868 sub
2048 1837 2144 1870 eadem
2159 1838 2244 1870 Data.

1957 1906 2012 1943 Per
2025 1913 2107 1952 ipsum
2122 1917 2228 1952 Regem.

1676 2042 1737 2073 Pro
1759 2042 1845 2073 Duce
1862 2038 2023 2075 Burboniae.

1378 2122 1442 2154 EX
1458 2146 1468 2162 ,
1494 2134 1545 2163 per
1578 2124 1685 2156 Literas
1709 2125 1766 2155 suas
1791 2125 1939 2165 Parentes,
1964 2127 2050 2166 usque
2074 2127 2252 2160 Vicesimum
2274 2128 2382 2161 sextum
2401 2129 2479 2162 Ann.
2488 2130 2532 2162 D.

1415 2162 1507 2194 Diem
1531 2163 1604 2205 Maii
1628 2165 1764 2204 proximo
1785 2165 1911 2206 futurum
1927 2166 2087 2206 duraturaS,
2104 2168 2221 2206 suscepit
2235 2170 2263 2198 in
2278 2169 2383 2200 salvum
2427 2179 2515 2210 1421.

1312 2199 1346 2230 &
1365 2201 1494 2233 securum
1516 2201 1725 2241 Conductum,
1743 2204 1803 2234 &a
1828 2203 1945 2236 Decem
1972 2206 2120 2244 Personas,
2140 2207 2183 2237 vel
2206 2207 2294 2245 infra,
2319 2208 2383 2238 Ser·
2401 2213 2454 2237 An.
2470 2219 2497 2244 9.

1311 2239 1418 2271 vientes
1432 2263 1442 2279 ,
1476 2241 1608 2274 carissimi
1632 2241 1841 2283 Cousanguinei
1863 2244 1926 2283 sui,
1947 2244 2092 2283 Jolmnms
2112 2249 2198 2276 Ducis
2217 2248 2381 2286 Burbonise,
2398 2253 2434 2276 Η.
2450 2257 2479 2283 5.

1311 2277 1455 2317 Armatas,
1471 2282 1515 2310 vel
1537 2290 1597 2310 non
1620 2280 1766 2319 Armatas,
1783 2292 1816 2312 ac
1838 2283 1961 2315 totidem
1984 2283 2080 2322 Equos
2099 2285 2179 2324 suos,
2195 2295 2249 2323 pro
2270 2286 2380 2317 condu-
2398 2291 2488 2314 Norm.
2504 2296 2533 2322 9.

1309 2317 1406 2348 cendo
1418 2317 1572 2350 Parcellam
1588 2319 1732 2359 Financiae
1748 2321 1926 2360 ipsiusDucis
1941 2321 2025 2361 usque
2039 2322 2194 2354 Civitatem
2209 2323 2301 2362 Regis
2309 2321 2376 2361 But·
2404 2330 2439 2353 H.
2450 2334 2479 2361 5.

1308 2355 1441 2395 degaliae,
1461 2358 1518 2388 tam
1532 2368 1580 2397 per
1595 2357 1737 2397 Terram,
1754 2359 1839 2397 quam
1852 2370 1902 2397 per
1918 2361 2048 2399 Aquam,
2064 2363 2251 2402 transeundo,
2271 2364 2378 2402 ibidem
2397 2374 2433 2393 m.
2448 2373 2495 2399 4¹„

1310 2397 1466 2435 morando,
1484 2397 1516 2428 &
1531 2398 1631 2428 exinde
1647 2399 1680 2429 ad
1697 2399 1808 2437 propria
1822 2399 1985 2438 redeundo,
2002 2410 2121 2439 necnon
2136 2401 2231 2441 Bona,
2248 2401 2326 2442 Res,
2344 2398 2378 2435 ὃς

1309 2434 1446 2466 Hernefia
1468 2435 1512 2466 sua
1526 2446 1736 2476 quaecumque,

1345 2474 1384 2504 Et
1400 2475 1485 2511 ideo,
1505 2476 1565 2506 &o

1347 2512 1468 2580 froviso
1479 2513 1588 2583 ίὲῐὲζρετ
1603 2514 1685 2551 quud
1701 2513 1832 2546 Persona:
1847 2515 1989 2553 praedietae
2005 2517 2157 2556 quicquam
2167 2542 2176 2557 ,
2196 2518 2257 2551 &c.

1365 2562 1382 2580 ΓΙ
1401 2561 1435 2583 CU
1449 2562 1479 2584 US
1551 2562 1579 2582 C.

1349 2588 1419 2621 Dat.
1435 2562 1507 2628 ipu'd
1521 2590 1645 2631 Castrum
1673 2602 1735 2620 uum
1750 2592 1926 2632 Rothomagi,
1943 2592 2057 2625 decimo
2072 2603 2171 2634 quarto
2187 2597 2231 2626 die
2247 2595 2361 2634 Aprilis.

1520 2670 1574 2697 Per
1586 2668 1668 2708 tpfiem
1684 2672 1780 2707 Regem
1798 2671 1836 2700 ad
1852 2670 2022 2701 Relationem
2037 2675 2138 2710 Magni
2153 2672 2271 2703 Concilii.

1467 2793 1552 2827 *De
1577 2796 1684 2826 Prima
1710 2795 1834 2826 Decima
1864 2795 2028 2842 colligenda
2050 2808 2106 2843 pro
2135 2801 2222 2845 Rege.
2397 2809 2532 2849 ᾑΧ-ῐοῐὲ

1309 2878 1448 2937 REX,
1467 2879 1628 2909 Venerabili
1651 2880 1679 2909 in
1700 2878 1816 2909 Christo
1838 2879 1931 2918 Patri,
1958 2881 2134 2921 Pandulpho,
2152 2883 2251 2914 eidem
2274 2885 2375 2924 gratia,
2396 2884 2524 2916 Ann.D.

1384 2918 1508 2958 Episcopo
1530 2917 1741 2958 c'onst‘antie74fi,
1761 2918 1804 2949 seu
1821 2921 1877 2957 ejus
1891 2918 2008 2950 Vicariis
2022 2922 2050 2950 in
2068 2922 2278 2962 Spiritualibus,
2297 2925 2375 2956 Salu-
2416 2932 2503 2961 1421.

1311 2964 1379 2987 tem.
2393 2965 2449 2990 An.
2464 2972 2491 2995 9.

1349 2994 1426 3024 Inter
1450 3003 1564 3025 caeteras
1576 2994 1686 3033 regalis,
1704 2996 1788 3026 nobis
1804 2995 1917 3026 coelitus
1932 2997 2091 3036 commisii,
2111 2997 2272 3038 Regiminis
2287 3000 2376 3032 Cnras
2396 3005 2428 3029 H.
2448 3009 2477 3035 5·

1309 3032 1343 3062 &
1357 3032 1569 3069 Solicirudines,
1587 3034 1683 3072 Regiis
1704 3034 1824 3065 humeris
1839 3035 2052 3073 incumbentes,
2070 3039 2142 3067 von-³
2158 3039 2258 3068 nostris
2271 3049 2377 3070 occur-
2394 3042 2453 3066 Pat.

1311 3072 1346 3110 rit
1390 3072 1544 3109 raecipuum
1559 3095 1568 3109 7
1595 3081 1641 3109 ea,
1666 3071 1768 3102 nostris
1788 3074 1977 3112 temporibus,
2001 3075 2106 3113 ubique
2123 3077 2254 3107 locorum
2279 3078 2377 3114 Nobis
2394 3083 2482 3105 Norm.
2498 3080 2528 3114 9ss

1306 3109 1366 3140 Sub
1389 3111 1511 3148 itorum,
1536 3109 1671 3148 stabilire,
1690 3111 1836 3149 prosequi,
1855 3113 1888 3142 ὃ(
1912 3113 2073 3151 complere,
2092 3125 2156 3153 quae
2177 3115 2279 3145 nosti-is
2299 3116 2374 3147 Sub·
2393 3121 2427 3144 H.
2445 3125 2473 3151 5.

1306 3148 1369 3180 ditis
1382 3147 1487 3179 Pacem
1502 3148 1754 3188 pareant,Justitiae
1769 3151 1895 3181 fructum
1907 3150 2024 3183 afferant
2039 3154 2189 3193 unicuique
2203 3153 2280 3193 quod
2291 3155 2373 3186 suum
2389 3165 2424 3182 m.
2444 3164 2490 3191 39·
2506 3164 2509 3167 ·

1306 3186 1356 3217 est.
2388 3194 2452 3230 dorf-

1346 3224 1388 3255 Ea
1402 3233 1534 3264 propter,

1344 3264 1464 3294 Nostrae
1482 3264 1709 3296 considerationis
1721 3266 1813 3296 aciem
1828 3266 1979 3304 dirigentes
1995 3267 2146 3306 specialiter
2161 3268 2197 3298 ad
2212 3269 2300 3309 ipsum
2316 3281 2372 3302 no-

1308 3301 1397 3333 strum
1414 3302 1609 3334 Normanniae
1624 3303 1790 3343 Ducatum,
1806 3305 1838 3335 &
1855 3305 1916 3336 alias
1930 3305 2023 3336 Partes
2038 3307 2204 3344 supradiftas
2221 3318 2271 3346 per
2286 3310 2375 3349 Nos,

1309 3341 1460 3375 Salvatoris
1478 3341 1576 3381 Pacis,
1589 3342 1712 3382 Jtistitiae
1733 3343 1767 3373 &
1791 3343 1944 3382 AEquitatis
1965 3345 2140 3383 Direfforis,
2158 3355 2292 3384 operante
2332 3359 2373 3379 ra-

1309 3379 1347 3411 tiri⁴
1360 3403 1370 3418 ,
1392 3379 1573 3420 conquestos
1588 3404 1597 3419 ,
1618 3382 1798 3420 ipsorumque
1825 3382 1956 3414 Ducatsis
1984 3385 2016 3414 ὃς
2038 3383 2162 3414 Partium
2190 3387 2308 3424 tranquil
2322 3397 2373 3418 um

1310 3417 1472 3458 Regimen,
1487 3421 1520 3452 δε
1540 3419 1643 3462 Populi
1663 3420 1768 3451 ibidem
1788 3420 1912 3459 degentis
1932 3421 2121 3461 Tuitionem,
2138 3432 2168 3453 ut
2182 3424 2262 3455 Pacis
2277 3422 2373 3464 &Ju-

1310 3456 1393 3488 stitiae
1408 3458 1531 3489 fruantur
1544 3458 1900 3496 dulcedine,defendantur
1913 3470 1928 3489 a
1942 3460 2042 3490 nostris
2056 3462 2089 3492 ὃς
2106 3472 2207 3493 eorum
2222 3463 2372 3502 Hostibus,

1330 3496 1510 3527 raeserventur
1530 3507 1545 3528 a
1563 3497 1670 3536 noxiis,
1689 3498 1718 3527 in
1737 3497 1842 3536 suisque
1863 3498 1951 3529 securi
1966 3499 2163 3530 conversentur
2180 3501 2323 3540 Domibus
2336 3503 2370 3534 ὃς

1310 3506 1550 3575 ἒοὶῖείῑῖοηίὒυε,
1567 3538 1625 3567 t-Eim
1648 3535 1717 3567 infra
1737 3538 1820 3575 quam
1845 3547 1920 3567 exn‘a
1933 3536 2069 3568 Villarum
2086 3539 2119 3569 ὃς
2135 3538 2301 3570 Castrorum
2316 3551 2374 3571 no-

1311 3573 1434 3604 strorum
1456 3574 1570 3605 Moenia
1593 3574 1770 3613 constitutis,
1795 3574 1953 3613 ‘serrasque
1972 3576 2045 3614 suas,
2070 3578 2178 3617 Agros,
2196 3579 2228 3609 ὃς
2253 3579 2372 3618 Vineas,

1309 3612 1426 3651 aliasque
1450 3613 1637 3644 Poffeffiones
1661 3614 1694 3642 ad
1719 3613 1843 3644 debitam
1871 3613 2018 3645 Culturam
2038 3616 2169 3646 reducere
2188 3618 2294 3648 valeant
2313 3618 2371 3649 fine

1310 3660 1387 3681 metu
1402 3674 1412 3689 ,
1437 3651 1534 3689 optata
1557 3652 1700 3682 Libertate
1721 3653 1862 3692 potiantur
1883 3655 1916 3684 δε
1936 3653 2088 3692 gaudeant,
2110 3655 2289 3693 vitenturque
2306 3656 2368 3695 jam

1307 3689 1413 3719 ibidem
1428 3698 1539 3726 experta
1554 3689 1679 3720 Pericula
1692 3691 1723 3721 &
1738 3690 1862 3731 Populus
1875 3691 1999 3722 Partium
2012 3693 2188 3730 earumdem,
2207 3693 2243 3723 ab
2257 3693 2367 3733 Oppri-

1307 3728 1446 3758 mentium
1457 3727 1603 3758 protectus
1612 3727 1878 3767 Incurnbus,sedeat
1892 3754 1901 3768 ,
1911 3730 2031 3761 sedendo
2045 3732 2167 3768 quiescat
2176 3733 2203 3760 in
2233 3733 2370 3768 ulchritu-

1304 3766 1370 3796 dine
1379 3765 1456 3796 Pacis
1464 3768 1496 3796 δε
1508 3767 1708 3797 Tabernacul'is
1718 3767 1846 3806 Justitiae,
1856 3768 2125 3808 Praemifforumque
2132 3770 2226 3800 laetitia
2233 3772 2367 3808 gaudiosi}

1306 3805 1424 3836 nutritus
1439 3806 1540 3842 optatis
1554 3807 1661 3842 semper
1675 3806 1802 3844 proficiat
1817 3808 2012 3846 incrementis,

1346 3842 1388 3872 Ex
1404 3842 1498 3873 nostra
1514 3844 1589 3874 certa
1605 3844 1732 3882 scientia,
1751 3847 1783 3876 ὃς
1798 3846 1833 3876 de
1847 3847 2019 3875 avisamento
2037 3845 2162 3875 Concilii
2177 3846 2365 3886 nostri,Tres

1307 3881 1397 3912 Status
1410 3882 1572 3912 nostrorum
1589 3883 1719 3913 Ducatfis
1734 3885 1766 3915 ὃς
1782 3884 1881 3914 Patria:
1896 3885 2095 3923 praedieiorum
2116 3884 2281 3924 (videlicet,
2298 3887 2370 3919 Cle-

1305 3921 1346 3957 ri,
1365 3920 1536 3958 Nobilium,
1562 3921 1595 3951 &
1620 3922 1737 3951 Civium
1760 3922 1920 3951 nostrorum
1941 3925 2130 3958 caeterorum)
2149 3924 2214 3953 serie
2233 3924 2364 3958 Brevium

1304 3959 1378 3995 apud
1397 3958 1498 3989 Villam
1520 3959 1646 3990 nostram
1661 3960 1922 3998 Rotliomagenseni
1936 3971 2032 3991 corani
2051 3961 2147 3991 Nobis
2161 3962 2280 3994 fecimus
2296 3975 2366 3996 evo-

1305 4006 1358 4026 cari

1343 4019 1459 4073 Qubus
1471 4036 1619 4075 Statubus,
1638 4045 1705 4066 tunc
1720 4036 1899 4076 praesentibus
1913 4046 2010 4067 coram
2027 4037 2140 4076 Nobis,
2153 4039 2243 4078 palam
2259 4044 2365 4080 exponi

1307 4073 1426 4103 fecimus
1449 4075 1636 4105 intentionem
1656 4075 1777 4104 nostram
1793 4076 1820 4104 in
1840 4073 1990 4106 Praerniii‘is
2005 4077 2037 4106 &
2052 4077 2108 4106 aliis
2120 4080 2277 4117 nonnullis,
2294 4091 2366 4110 con-

1309 4113 1488 4144 cernentibus
1508 4113 1604 4144 sanum
1614 4135 1624 4152 ,
1640 4113 1766 4144 securum
1776 4136 1785 4151 ,
1804 4122 1837 4142 ac
1853 4112 1989 4145 salubrem
2004 4115 2116 4146 Statum
2133 4117 2165 4147 ὅ(
2180 4117 2293 4149 Bonum
2308 4121 2369 4149 uni-

1814 4150 1843 4182 C
1863 4159 1878 4189 3
2271 4157 2373 4188 versale
