2562 4274
721 145 833 186 ET
919 144 1188 184 ACTA

0 232 76 264 Ann.
93 232 134 263 D.
190 232 281 264 Teste
294 231 378 270 Rege
392 230 467 271 apud
482 228 635 270 Porchestre
650 230 787 261 vicesimo
801 238 901 268 quarto
914 229 961 260 die
970 229 1047 268 Julii.
1066 209 1072 217 ¹

21 280 104 310 1417.

0 316 62 339 ΗΜ.
80 320 108 346 5.

1 444 18 462 ⁰
38 444 92 473 IX.

822 308 876 336 Per
889 306 971 345 ipsum
984 308 1089 343 Regem.

202 434 230 462 ἓξ
256 436 303 469 De
321 431 477 480 Poffeffione
488 460 499 476 ‚
517 433 615 478 juxta
633 431 728 465 distas
742 432 969 474 conventiones,
996 428 1173 476 recipoenda.

1 491 79 549 grin.
95 519 137 549 D.
159 517 296 576 REX,
315 518 426 550 dileitae
442 518 509 556 fibi,
524 517 665 548 Dominae
682 517 825 555 Johannae
847 519 1026 554 Armeniaci,
1043 518 1168 546 Dominae
1187 513 1220 543 de

24 566 111 597 1417.

4 601 55 624 An.
72 607 101 631 5.

1 640 36 662 H.
57 644 84 669 5·

1 673 106 700 Ibidem.

2 3426 33 3442 ⁴
49 3426 103 3454 IX.

16 3472 82 3502 475·

239 557 376 597 Leſjmrra
393 556 430 591 ὠ
446 557 478 586 de
491 554 611 595 Rofim,
629 556 764 586 Salutem.

193 594 274 625 Cum
297 606 403 633 nuper,
418 596 492 624 inter
510 605 562 625 vos
582 604 616 624 ex
635 603 710 632 parte
732 604 804 631 una,
823 594 871 630 &,
895 593 1033 623 <inedium
1052 593 1085 623 ὃς
1107 590 1219 620 fidelem

157 633 302 671 nostrum,
323 632 498 663 Wak'ielmum
520 631 634 670 Clzffiira'
652 632 792 669 Militem,
820 631 1068 662 Constabularium
1087 629 1219 659 nostrum

157 671 341 710 Burdegalae,
361 681 415 709 pro
431 670 574 702 Nobis&
591 670 726 701 Nomine
747 669 865 708 nostro,
883 680 960 708 parte
982 678 1016 699 ex
1035 669 1131 705 altera,
1146 667 1221 697 Tra-

156 711 264 741 (statum
288 711 336 748 sit,
362 708 599 748 Concordatum,
624 710 657 740 &
678 708 857 739 Conclusum
879 708 960 747 quod
981 717 1033 738 vos
1047 730 1056 744 ,
1081 706 1116 736 ad
1139 705 1219 735 usum

155 748 288 779 nostrum
304 756 490 786 perpetuum,
508 747 623 778 Cedetis
638 749 670 778 ὃς
685 747 858 784 Dimittetis,
874 748 906 777 &
921 748 949 776 in
966 745 1034 776 Nos
1047 747 1080 776 δε
1102 745 1129 773 in
1150 743 1220 786 Per-

155 787 252 816 sonam
268 785 394 816 nostram
408 786 612 824 Transferetis,
629 796 716 816 omne
732 785 799 824 Jus,
814 785 945 816 Titulum
955 808 964 821 ,
982 783 1155 825 Dominium
1175 781 1220 811 di-

155 825 269 855 reetum
285 826 318 856 &
335 824 416 862 utile,
432 835 465 855 ac
477 835 597 855 omnem
614 824 837 861 Poffeffionern,
856 822 1008 853 naturalem
1032 823 1066 852 &
1087 820 1220 856 Civilem,

155 862 393 902 omnimodasque
407 863 561 900 Adiiones,
580 863 663 893 reales
679 863 712 893 &
724 861 894 900 personales,
913 859 1081 897 temporales
1100 860 1133 902 ὃς
1156 867 1220 895 per-

155 910 269 939 petuaS,
294 901 329 932 ad
350 911 402 931 vos
424 901 703 939 quomodocumque
723 902 753 929 in
776 898 864 937 Villa,
891 898 1011 935 Castro,
1032 897 1165 940 Baronia,
1185 897 1219 927 &

156 939 324 970 Castellania
337 939 373 970 de
391 940 523 977 Lesparra
536 941 568 970 &
582 939 618 969 de
634 938 856 980 Lesparroisffic
871 937 905 968 ad
927 947 976 975 ea,
995 946 1064 967 cum
1084 935 1220 966 omnibus

154 978 208 1009 suis
221 978 400 1009 Pertinentiis
410 1001 419 1016 ,
433 979 582 1016 spediantia
597 977 654 1008 five
673 977 854 1014 pertinentia,
1203 1012 1208 1018 .

193 1016 233 1047 Et
251 1017 435 1047 conlimiliter
457 1016 538 1053 quod
559 1025 612 1045 vos
638 1015 771 1052 FacietiS,
790 1013 971 1051 Cedetisque,
989 1013 1023 1044 δε
1036 1013 1222 1044 Transferetis

155 1055 186 1085 in
198 1054 285 1093 Nos,
306 1055 339 1086 δε
353 1054 505 1085 Personam
519 1053 661 1091 nostram,
676 1063 709 1083 ac
721 1052 755 1082 ad
770 1052 849 1083 usum
863 1053 993 1083 nostrum
1009 1054 1148 1090 perpetuo
1163 1050 1221 1081 Di-

154 1093 272 1124 mittetis
291 1094 389 1124 omnia
407 1091 476 1130 jus,
500 1092 649 1129 Titulum,
673 1094 705 1122 ὃς
729 1091 902 1121 Dominium
922 1090 988 1121 utile
1010 1092 1043 1121 ὃς
1063 1090 1220 1127 directum,

155 1141 223 1169 quae
245 1131 521 1169 quomodocumque
539 1131 646 1160 habetis
665 1130 708 1160 vel
730 1130 833 1160 habere
849 1130 974 1168 poteritis
989 1130 1017 1159 in
1031 1129 1133 1168 Loco,
1152 1128 1221 1158 Do-

153 1169 266 1207 minio,
282 1171 315 1201 &
335 1168 477 1199 Potestate
496 1169 533 1198 de
554 1168 637 1199 Brulh
659 1170 691 1199 ὅτ.
713 1167 749 1198 de
769 1167 931 1206 Carpuans,
951 1167 988 1198 de
1010 1166 1114 1198 Roisan
1135 1168 1169 1198 δε
1183 1166 1220 1196 de

155 1206 281 1245 Pinons,
302 1208 449 1246 Qancon
464 1208 497 1237 ὃς
513 1206 639 1245 Belizzik,
657 1208 690 1238 &
709 1207 743 1236 ad
757 1217 805 1244 ea,
822 1217 890 1237 cum
907 1207 1042 1237 omnibus
1055 1205 1107 1235 suis
1129 1205 1221 1235 Perti-

155 1246 272 1284 nentiis;
290 1255 343 1284 pro
357 1247 458 1284 quibus
474 1247 489 1275 Ξι
505 1245 603 1275 Nobis
618 1245 753 1283 recipietis
768 1254 855 1275 certas
878 1243 1068 1274 Pecuniarum
1088 1244 1220 1274 Summas

156 1285 188 1314 in
208 1284 355 1314 Terminis
373 1284 407 1315 ad
429 1284 485 1314 hoc
507 1284 646 1322 limitans,
665 1291 748 1321 prout
769 1283 833 1313 haec
859 1283 953 1313 &alia
976 1284 1005 1312 in
1020 1281 1139 1320 quadam
1160 1281 1222 1311 IN-

159 1331 181 1352 D
191 1331 210 1353 E
220 1331 243 1353 N
254 1331 277 1352 Τ
288 1332 310 1353 υ
322 1332 344 1353 R
354 1332 375 1352 A
391 1345 401 1360 ,
435 1323 507 1352 inter
530 1332 581 1352 vos
603 1323 636 1353 δε
660 1321 808 1359 praefatum
829 1320 1005 1350 lellielmum
1026 1321 1092 1350 inde
1115 1318 1172 1349 Co
1185 1328 1221 1349 Ν-

157 1369 309 1400 FECTA,
327 1361 482 1399 Sigilloque
497 1360 592 1391 vestro
607 1371 640 1390 ac
656 1361 746 1399 Signo
767 1361 801 1389 ὃς
825 1359 1038 1396 subscriptione
1059 1360 1136 1387 Petri
1159 1361 1222 1387 Ar-

156 1398 236 1429 naldi
261 1399 292 1429 de
314 1400 426 1429 Perdias
441 1399 560 1430 Notarii
572 1398 684 1430 Publici
697 1398 725 1429 C
734 1407 753 1427 o
764 1406 786 1427 N
798 1407 809 1427 s
819 1407 830 1428 1
839 1407 861 1427 G
872 1405 894 1427 Ν
905 1407 926 1427 A
934 1405 956 1426 T
967 1407 986 1427 A
997 1420 1007 1436 ,
1026 1397 1133 1435 plenius
1149 1406 1222 1427 con—

158 1439 298 1476 tinentur,

194 1476 243 1507 Ac
257 1477 343 1515 Nos,

195 1515 246 1546 De
267 1514 472 1553 circumspecta
493 1514 641 1554 prudentia
661 1513 744 1553 ipfius
767 1513 911 1544 {Villielmi
923 1514 956 1545 δε
969 1513 1098 1544 fidelitate
1118 1512 1223 1543 sincera

159 1552 270 1591 plenius
282 1552 475 1592 confidentes,

193 1590 287 1628 Ipsum
307 1590 485 1621 Willielmum
497 1615 507 1628 ,
533 1601 585 1629 per
606 1590 712 1620 Literas
733 1590 841 1620 nostras
863 1590 992 1621 Patentes
1008 1613 1017 1628 ,
1044 1590 1222 1627 Fecerhnus,

156 1629 410 1667 ordinaverimus,
432 1631 465 1660 δε
482 1629 722 1660 Constituerimus
735 1629 865 1659 nostrum
882 1628 1131 1667 Commissarium,
1151 1628 1225 1659 Pro-

156 1677 333 1705 curatorem,
352 1667 552 1707 Negotiorum
565 1666 739 1704 Gestorem,
756 1668 790 1697 &
805 1667 959 1697 Nuncium
973 1668 1121 1705 specialem
1131 1692 1140 1705 ,

194 1706 302 1738 Dantes
317 1708 351 1738 &
365 1705 567 1737 Concedentes
577 1706 668 1736 eidem
683 1704 849 1743 Willielnzo,
868 1716 920 1743 pro
936 1705 1035 1736 Nobis
1048 1707 1081 1737 ὃς
1103 1707 1222 1736 nomine

157 1744 275 1783 nostro,
290 1744 449 1784 generalem
468 1744 660 1782 Potestatem,
685 1744 719 1774 &
744 1743 914 1774 Mandatum
934 1745 1064 1782 speciale,
1088 1745 1222 1781 praedicta

157 1783 282 1822 Villam,
300 1782 451 1819 Castrum,
470 1782 636 1820 Baroniam,
656 1784 689 1814 &
705 1781 900 1812 Castellaniam
915 1782 952 1812 de
977 1783 1107 1821 Lesparre
1128 1785 1161 1814 &
1183 1784 1220 1814 de

157 1820 336 1859 Lesparrois,
355 1830 473 1852 necnon
486 1821 602 1851 Locum
616 1822 652 1851 de
665 1820 750 1850 Brulh
765 1822 798 1851 ὅτ.
817 1820 852 1851 de
871 1820 1034 1859 Carquans,
1053 1820 1088 1851 de
1112 1821 1220 1852 Roisan

157 1859 194 1890 &
214 1859 250 1890 de
270 1859 395 1896 Pinons,
413 1859 449 1888 de
474 1859 620 1897 Qancon
639 1859 673 1889 &
687 1858 723 1889 de
739 1858 868 1896 Balizak,
884 1869 952 1890 cum
967 1860 1101 1890 omnibus
1116 1860 1149 1890 ὃς
1167 1861 1221 1890 iin-

180 1897 349 1965 υ]ἰε.εςοῐιὲζῐι
370 1897 563 1935 Pertinentiis,
580 1899 596 1928 ὲ.
615 1897 696 1929 vobis
719 1897 765 1928 vel
784 1897 799 1927 a
822 1897 917 1929 vestro
937 1897 972 1929 ad
991 1898 1049 1928 hoc
1072 1897 1220 1936 Deputato

193 1945 238 1966 eci
259 1946 302 1966 ren
324 1946 332 1966 ι

156 1946 366 2044 ΟοΕοῖυωςὲς
386 1983 507 2006 omnem
529 1973 735 2005 Poffeffionem
750 1973 946 2014 Ingrediendi,
962 1973 1170 2014 Nanciscendi,
1188 1976 1222 2007 &

210 2021 326 2044 ntinuan
347 2023 356 2042 ι

159 2089 188 2121 d·
197 2051 235 2082 Et
258 2036 445 2082 Pecuni’arum
467 2051 615 2089 Summas,
642 2050 777 2083 Nomine
799 2051 900 2083 nostro
917 2051 1082 2091 promissas,
1100 2051 1222 2084 Solven-

181 2100 188 2121 1

195 2113 233 2159 ἐι
248 2128 456 2169 Aequietantias
471 2128 508 2160 de
522 2128 627 2160 Solutis
642 2128 828 2167 Accipiendi‚

193 2167 360 2206 Omniaque
374 2169 408 2199 &
428 2168 548 2206 singula,
566 2167 595 2197 in
617 2168 729 2205 praefata
747 2167 792 2198 ΙΝ
802 2177 823 2198 D
832 2177 850 2198 E
862 2176 885 2198 N
895 2175 950 2199 ’ru
960 2176 984 2198 R
994 2177 1014 2198 A
1037 2168 1171 2208 promiffa
1188 2169 1222 2200 &

155 2207 332 2275 {ciniscrith
357 2214 493 2244 quatenus
516 2206 584 2236 Nos
605 2215 800 2245 concernunt,
819 2206 996 2245 Complendi
1015 2207 1049 2238 ὃ(
1068 2206 1223 2238 Perficien-

194 2268 250 2322 E’Zt,
265 2292 401 2322 quatenus
424 2282 553 2322 expedire
573 2282 691 2322 viderit,
715 2284 871 2322 supradista
888 2285 985 2315 omnia
1006 2284 1040 2315 &
1063 2283 1165 2324 singula
1186 2284 1222 2315 de

156 2331 238 2353 novo
250 2321 463 2359 Contrahendi,
482 2321 639 2359 Firmandi,
659 2323 692 2353 &
707 2321 926 2361 Concludendi,

197 2360 243 2391 Ac
257 2359 388 2398 quaedam
401 2360 468 2398 alia,
487 2360 515 2389 in
528 2360 608 2390 dietis
624 2361 725 2391 Literis
745 2361 846 2392 nostris
863 2368 1014 2399 contenta,
1035 2360 1168 2392 Faciendi
1186 2362 1221 2394 &

157 2398 352 2437 Complendi,
371 2407 455 2436 prout
468 2399 497 2428 in
512 2398 615 2429 eisdem
630 2399 732 2429 Literis
746 2400 855 2438 plenius
869 2401 1048 2437 continetur,

193 2436 232 2467 Et
246 2436 313 2467 ideo
329 2447 380 2467 vos
405 2437 606 2476 Requirimus,
621 2437 771 2475 specialiter
790 2437 961 2476 Exorantes,
979 2439 1107 2476 quatinus
1126 2438 1221 2469 eidem

158 2474 307 2504 Willielmo
327 2475 451 2512 Villam,
477 2474 627 2513 Castrum,
652 2476 818 2514 Batoniam,
841 2476 1054 2514 Castellaniam,
1072 2476 1168 2515 Loca,
1187 2478 1222 2508 ὃς

157 2512 302 2544 Dominia
322 2513 372 2543 alia
391 2513 544 2552 iupradieta
563 2514 683 2544 nomine
700 2515 800 2545 nostro
815 2515 951 2553 liberetis,
968 2515 1013 2545 seu
1026 2525 1075 2552 per
1092 2515 1222 2553 Deputa-

157 2559 204 2582 tos
228 2551 337 2582 vestros
354 2553 385 2581 in
404 2551 459 2582 hac
481 2561 558 2589 parte
578 2552 686 2583 liberari
703 2553 824 2592 faciatis,
844 2554 922 2591 juxta
941 2554 1004 2584 vim
1026 2555 1059 2584 ὃς
1082 2553 1221 2584 effestum

156 2588 324 2628 Traeiatfis,
344 2589 536 2627 Concordiae,
555 2591 589 2620 &
610 2589 810 2622 Conclusionis
832 2591 1051 2630 praediciorum,
1075 2593 1224 2630 ipsamque

158 2628 338 2666 corporalem
360 2627 568 2659 Poffeffionem
587 2630 616 2658 in
634 2629 740 2660 eisdem
752 2654 762 2668 ‚
787 2630 922 2660 Nomine
943 2629 1041 2660 nostro
1061 2630 1200 2668 praedieto
1214 2656 1223 2669 ,

159 2667 279 2705 pacifice
292 2667 395 2697 habere
408 2667 589 2704 permittatis,

200 2705 379 2742 Recipiendo
391 2704 428 2735 de
441 2705 557 2743 praefato
574 2704 721 2736 Willielmo
737 2706 887 2745 Summas,
903 2708 932 2737 in
945 2706 1087 2745 praediffls
1100 2707 1225 2739 INDEN-

161 2750 210 2773 TU
216 2752 268 2773 ms
284 2744 368 2774 vobis
381 2743 537 2781 promissas.

198 2780 288 2813 Teste
302 2780 384 2822 Rege
395 2781 469 2819 apud
481 2780 632 2822 Porchestre
647 2782 785 2815 vicesimo
799 2791 899 2823 quarto
911 2783 956 2814 die
966 2783 1042 2823 Julii.

819 2862 874 2891 Per
884 2859 966 2900 ipsam
979 2863 1084 2899 Regem.

221 2935 252 2966 T
269 2935 442 2966 Mandatum
459 2935 500 2966 est
512 2934 661 2966 Gailhara'o
678 2935 709 2965 de
724 2935 896 2974 Marraben,
916 2936 1079 2968 Castellano
1095 2937 1179 2968 Villae
1190 2938 1224 2969 &

243 2974 376 3018 Domini}
390 2974 427 3005 de
442 2974 574 3012 Lesparra
589 2976 623 3005 ὃς
635 2974 670 3004 de
686 2974 861 3013 Lesparrois,
880 2975 960 3013 quod
969 2999 979 3013 ,

199 3009 355 3053 Postquam
367 3012 442 3042 idern
460 3012 622 3043 Willielmus
643 3012 850 3043 Poffeffionem
871 3013 906 3043 de
927 3013 1017 3052 Villa,
1035 3013 1156 3053 Castro,
1175 3014 1226 3044 Ba-

165 3049 314 3116 ronia,R&
329 3048 513 3095 Castellania,
523 3061 556 3082 ac
574 3051 676 3090 Locis,
695 3052 729 3082 &
744 3051 893 3082 Dominiis
904 3052 960 3082 aliis
974 3052 1228 3091 supradieiisfflo-

165 3095 485 3169 missedenegilsffilrlssleffij
485 3099 643 3172 :¹{21’nquam
661 3127 887 3173 Commiffario,
907 3128 1106 3173 Rrocuratori,
1122 3129 1228 3173 Nego-

164 3161 429 3207 tiorum·Ges{cor1,
443 3174 476 3194 ac
498 3164 622 3196 Nuncio
641 3166 740 3197 nostro
760 3177 790 3196 m
810 3167 961 3198 Praemissis
975 3169 1100 3206 speciali,
1118 3178 1151 3198 ac
1171 3178 1228 3205 ejus

166 3200 374 3231 Commiffams
386 3201 419 3232 ὃς
434 3201 720 3241 Procuratoribus,in
734 3206 886 3244 omnibus,
902 3216 966 3243 quae
981 3206 1016 3237 ad
1030 3206 1148 3245 Regem
1163 3216 1227 3244 per-

165 3240 274 3277 tinent,
293 3241 321 3270 in
336 3239 388 3269 hac
402 3248 496 3279 parte,
514 3249 605 3279 pareat
619 3243 652 3273 ὃς
669 3243 795 3275 intendat
808 3253 877 3276 cum
889 3243 1005 3275 effectu.

202 3277 293 3308 Teste
306 3285 336 3309 ut
352 3279 440 3316 supra.

829 3351 882 3379 Per
893 3348 976 3389 ipsicm
990 3353 1095 3388 Regem.

168 3424 189 3445 ’Ψ
209 3422 300 3485 ET
317 3421 489 3453 Mandatum
504 3423 546 3454 est
560 3424 707 3455 Willielmo
722 3427 783 3464 Ays
797 3425 829 3455 de
843 3428 929 3456 Bonoc
944 3426 1118 3466 Armigero,
1135 3427 1226 3465 Capi-

287 3470 370 3493 taneo
385 3460 478 3492 Castri
491 3461 527 3493 de
542 3463 691 3502 Lesparra,
709 3463 805 3503 quod,

204 3498 380 3538 Postquam,
397 3498 458 3535 &c.
476 3507 507 3530 ut
514 3500 608 3541 fiaepra.

241 3537 330 3569 Teste
342 3547 372 3570 ut
385 3538 474 3577 supra.

167 3613 257 3675 ET
270 3614 439 3660 Mandatum
455 3615 496 3661 est
508 3620 641 3653 Amanyn
651 3617 683 3646 de
696 3615 771 3647 Puch
785 3616 934 3658 Armigero
942 3641 953 3657 ,
965 3618 999 3650 &
1013 3617 1174 3657 Capitaneis
1188 3618 1225 3649 de

244 3653 352 3684 R01san
367 3655 400 3686 ὅτ
413 3655 450 3685 de
461 3654 587 3694 Pinons,
606 3655 684 3695 quod
693 3680 702 3694 ‚

203 3690 378 3731 Postquam,
393 3692 453 3727 &a
471 3701 504 3724 ut
509 3692 607 3734 fhpra.

240 3729 330 3767 Teste
344 3739 374 3762 ut
387 3731 474 3770 supra.

859 3773 913 3802 Per
923 3771 1005 3811 ipfiem
1016 3774 1120 3811 Regem.

165 3842 256 3904 ET
277 3843 445 3889 Mandatum
465 3848 507 3879 est
528 3848 659 3880 universis
681 3848 714 3880 ὅτ.
736 3847 848 3887 singulis
867 3847 1041 3887 Abbatibus,
1063 3848 1226 3886 Prioribus,

243 3880 395 3927 Baronibus
408 3908 418 3922 ,
443 3884 599 3926 Militibus,
623 3888 656 3919 &
679 3887 735 3917 aliis
754 3887 896 3918 Fidelibus
914 3889 948 3919 ὅ(
971 3886 1094 3919 Subditis
1116 3886 1226 3925 Regis,

164 3926 223 3965 tam
238 3918 476 3960 Clericis,xquam
491 3925 585 3956 Laicis
598 3926 635 3956 de
657 3926 750 3964 Villa,
768 3924 891 3964 Castro,
909 3924 1045 3963 Batonia,
1062 3927 1096 3957 &
1116 3925 1227 3956 Castel-

164 3957 236 3989 lama
251 3958 288 3989 de
303 3959 434 3997 Lesparra
447 3963 481 3992 &
496 3963 533 3994 de
546 3964 723 4004 Lesparrois,
740 3973 773 3994 ac
787 3964 873 3994 Loco
882 3988 892 4002 ‚
909 3963 1070 4002 Dominio,
1092 3964 1126 3994 ὃ(
1139 3964 1226 3994 Pote-

165 3995 235 4027 state
247 3996 284 4026 de
296 3996 379 4041 Brulh
394 3998 429 4028 &
442 3999 479 4029 de
493 4000 653 4042 Carquans,
669 4002 706 4034 de
719 4002 828 4035 Roisan
843 4002 877 4034 &
892 4001 1018 4041 Pinons,
1035 4002 1072 4035 de
1079 4002 1225 4042 Quancon

168 4036 203 4068 &
217 4034 253 4066 de
268 4034 393 4073 Balizak,
412 4037 508 4075 quod,

249 4075 320 4105 rom.
338 4076 387 4115 IV·
405 4076 438 4105 P.
456 4077 513 4107 ιιι.

1273 145 1304 185 Ρ
1343 146 1387 185 U
1430 145 1460 184 Β
1501 147 1534 185 L
1574 146 1591 185 1
1630 146 1668 186 C
1708 150 1754 185 Α,
2295 160 2324 197 9

1299 229 1474 267 Postquam,
1493 228 1554 265 &a
1574 237 1603 258 ut
1612 231 1705 268 snpra,
2346 230 2422 262 Ann.
2434 229 2476 261 D,

1333 268 1420 298 Teste
1433 278 1462 299 ut
1480 267 1565 305 supra.
2372 276 2459 305 1417.

1945 310 1997 335 ser
2011 306 2092 345 ipsam
2106 310 2209 344 Regem
2349 312 2410 334 Hm.
2432 316 2459 339 ς.

1297 431 1391 475 Super
1412 429 1448 461 V
1447 430 1524 474 iagio
1545 430 1652 473 Regis,
1674 427 1709 459 de
1733 430 1958 461 Loctaemtenente
1980 430 2098 476 Angliae
2113 427 2275 471 constituto.

1263 510 1381 566 REX
1395 512 1557 559 Omnibus,
1575 511 1608 543 ad
1623 521 1712 550 quos,
1728 512 1787 542 &c
1805 511 1938 543 Salutem.
2345 502 2475 556 Annp„

1359 554 1455 581 beratis
1470 551 1567 589 quod,
2369 551 2437 578 ¹41:
2452 564 2456 569 .

1297 587 1396 626 Cum,
1416 588 1475 618 Dei
1494 588 1649 627 adjutorio,
1667 588 1760 618 versus
1785 595 1871 624 partes
1884 588 2027 626 Franciae,
2044 598 2096 627 pro
2112 591 2318 630 Recuperatio-
2340 583 2391 607 An.
2409 591 2435 613 5-

1258 634 1294 655 ne
1315 627 1348 658 δε
1367 628 1529 664 Adeptione
1550 627 1754 657 Haeredltatum
1774 625 1928 663 &Jurium
1943 626 2071 657 Corone
2085 629 2206 667 nostrae,
2224 631 2239 658 a
2253 629 2318 666 diu,
2341 623 2376 646 H.
2398 627 2425 651 5·

1258 672 1288 731 ἓξ
1311 666 1420 709 cunctis
1442 666 1548 704 liquet,
1567 666 1701 703 injuriose
1720 665 1920 702 detentorum,
1940 665 2023 695 limus
2035 667 2062 694 in
2080 670 2213 703 proximo
2225 667 2319 707 profe·
2341 660 2399 720 ΖΜ·
2414 667 2467 721 'zm

1292 714 1331 733 url
2374 717 2378 721 ¹
2396 711 2406 729 )
2417 718 2423 722 ’
2474 714 2479 721 ³

1297 726 1463 771 Et’infideat
1478 742 1579 771 intime
1593 740 1672 771 cordi
1688 739 1788 770 nostro
1802 740 1882 778 quod
1898 739 1956 771 Pax
1970 741 2079 779 nostra,
2101 742 2169 773 infra
2184 743 2322 782 Regnum
2353 742 2395 759 ²²·

1258 778 1388 809 nostrum
1409 778 1538 816 Angliae,
1558 781 1706 817 praesertim
1730 779 1800 809 dum
1820 779 1943 809 absentes
1958 780 2108 818 fuerimus,
2127 782 2323 812 inviolabiliter

1257 818 1437 855 observetur,
1454 818 1487 848 ὃς
1502 818 1582 855 quOd
1596 818 1713 856 Agenda
1729 817 1797 847 dicti
1814 816 1911 854 Regni
1926 818 2013 848 nostri
2026 818 2146 857 provide
2161 819 2322 858 dirigantur,

1258 866 1290 886 ac
1308 856 1416 895 singulis
1426 855 1546 893 Justitia:
1559 856 1687 887 debitum
1701 855 1876 892 impendatur
1887 878 1896 893 ,

1297 894 1426 925 Necnon
1447 895 1483 924 de
1505 894 1634 925 fidelitate
1655 896 1687 924 δε
1709 893 1858 931 industria,
1878 893 2010 924 carissimi
2034 894 2132 926 Fratris
2146 895 2252 934 nostri,
2268 895 2323 933 Joq

1259 931 1358 962 hannis
1372 936 1455 962 Ducis
1469 932 1624 972 Bedfordz'ae
1639 934 1739 963 intime
1752 932 1926 962 confidentes
1934 955 1943 970 ,

1297 971 1506 1002 Constituimus
1521 972 1610 1009 ipsum
1627 975 1728 1001 Ducem
1746 970 1908 1001 Custodem
1924 971 1994 1001 diCti
2008 971 2102 1011 Regni
2119 972 2207 1002 nostri
2221 981 2253 1002 ac
2264 971 2324 1003 Lo-

1258 1019 1327 1040 cum
1342 1010 1473 1040 nostrum
1490 1018 1633 1040 tenentem
1651 1012 1680 1040 in
1697 1009 1799 1040 eodem
1814 1008 1938 1048 Regno,
1957 1009 2026 1040 dum
2040 1020 2114 1040 extra
2129 1011 2222 1041 eidem
2242 1011 2321 1048 Reg-

1259 1058 1329 1079 num
1346 1048 1476 1079 nostrum
1494 1059 1606 1079 moram
1623 1049 1792 1086 fecerimus,
1811 1048 1855 1079 vel
1871 1048 1964 1079 donec
1982 1049 2056 1079 aliud
2073 1049 2138 1079 inde
2162 1050 2324 1080 duxerimus

1260 1086 1480 1124 Ordinandum,

1299 1125 1412 1156 Damus
1435 1135 1529 1155 autem
1555 1126 1686 1156 universis
1710 1125 1744 1157 ὃς
1769 1124 1878 1164 singulis
1896 1124 2139 1164 Archiepiscopis,
2159 1125 2325 1164 Episcopis,

1262 1162 1439 1201 Abbatibus,
1466 1163 1628 1202 Prioribus,
1656 1163 1804 1201 Ducibus,
1824 1163 2007 1202 Comitibus,
2028 1164 2200 1203 Baronibus,
2222 1165 2324 1195 Militi-

1262 1202 1332 1240 bus,
1348 1202 1598 1240 Comunitatibus,
1617 1202 1844 1232 Vicecomitibus
1856 1225 1866 1240 ,
1886 1202 1996 1232 Liberis
2021 1202 2214 1240 Hominibus,
2242 1203 2323 1233 Balli-

1261 1241 1321 1279 vis,
1348 1239 1508 1277 MinistriS,
1535 1240 1567 1270 ὅ(
1594 1242 1727 1269 omnibus
1753 1240 1894 1270 Fidelibus
1919 1240 2038 1279 nostris,
2057 1242 2175 1272 Tenore
2200 1242 2324 1271 Praesen—

1262 1280 1350 1317 tium,
1368 1278 1486 1308 firmiter
1503 1279 1530 1307 in
1550 1277 1691 1308 Mandatis
1710 1278 1788 1316 quod
1807 1280 1922 1316 praefato
1940 1282 2028 1317 Duci,
2043 1289 2175 1318 tanquam
2198 1279 2324 1310 Custodi

1262 1317 1331 1347 dieti
1356 1317 1452 1355 Regni
1478 1315 1565 1346 nostri
1587 1318 1619 1348 ὅ(
1638 1317 1754 1346 Locum
1772 1317 1903 1346 nostrum
1920 1320 2025 1347 tenenti
2043 1320 2070 1348 in
2088 1319 2210 1357 eodem,
2230 1318 2325 1349 [nten-

1260 1355 1358 1386 dentes
1375 1355 1446 1393 sint,
1466 1354 1701 1393 Respondentes,
1720 1365 1752 1384 ac
1769 1354 1974 1392 Consulentes,
1991 1357 2024 1386 &
2042 1357 2220 1388 Auxiliantes.

1300 1394 1333 1425 ln
1351 1394 1446 1431 cujus,
1465 1395 1525 1423 δῖε.

1338 1431 1428 1463 Teste
1446 1431 1531 1470 Rege
1547 1431 1622 1470 apud
1639 1430 1791 1471 Porchestre
1807 1431 1943 1463 vicesimo
1961 1432 2061 1469 quinto
2076 1433 2121 1463 die
2134 1434 2210 1472 Julii.

1925 1510 1978 1537 Per
1994 1508 2075 1548 ipftzm
2092 1511 2194 1548 Regem.

1416 1636 1464 1668 De
1482 1632 1623 1677 Potcstnte
1637 1633 1772 1680 praedic‘lo
1794 1636 2019 1668 Locnmtenenti
2038 1633 2171 1679 conceffiz.

1265 1718 1384 1776 REX
1401 1719 1567 1758 Omnibus,
1583 1718 1617 1750 ad
1635 1729 1724 1757 quos,
1744 1718 1805 1749 &c.
1824 1718 1958 1750 Salutem.
2351 1715 2478 1747 ArinD„

1363 1758 1463 1789 Sciatis
1480 1758 1559 1796 quod
1570 1781 1580 1796 ‚
2377 1763 2462 1792 1417-

1297 1795 1379 1828 Cum
1388 1820 1398 1835 ,
1414 1795 1472 1832 ὥς.
1492 1803 1523 1825 ut
1531 1794 1616 1836 fitpra
1628 1793 1708 1836 uffiue
1722 1795 1778 1834 ibi,
1796 1795 1957 1826 duxerimus
1975 1794 2177 1827 ordinandum
2187 1821 2196 1835 ,
2215 1794 2252 1832 ὠ
2262 1804 2326 1827 tunc
2345 1798 2400 1858 231¹-
2419 1803 2444 1827 5-

1270 1847 1292 1865 1c
2374 1852 2379 1858 .
2403 1842 2429 1865 5.

1258 1835 1282 1875 f
1298 1858 1387 1913 I’Nfos²
2345 1872 2451 1906 Ibidem,

1298 1912 1434 1943 Volentes
1458 1914 1545 1957 quieti
1568 1912 1771 1949 Praelatorum,
1791 1911 1977 1950 Magnarum,
1994 1912 2028 1942 &
2052 1911 2169 1942 aliorum
2187 1912 2327 1943 Fidelium

1263 1951 1427 2020 gostrorum
1452 1952 1519 1982 dicti
1545 1951 1641 1990 Regni
1666 1951 1773 1989 nostri,
1792 1950 1863 1980 dum
1888 1950 2023 1981 Absentes
2048 1950 2202 1988 fuerimus,
2229 1952 2327 1989 provi-

1284 2000 1331 2020 ere

1301 2013 1405 2058 Eidem
1423 2027 1546 2058 Custodi
1563 2028 1632 2058 dieii
1650 2026 1745 2066 Regni
1765 2027 1853 2058 nostri
1871 2027 1916 2058 An
1937 2026 1982 2057 liae
1998 2027 2031 2058 &
2054 2027 2170 2057 Locum
2196 2027 2328 2058 nostrum

1263 2068 1370 2098 tenenti
1394 2068 1423 2096 in
1448 2067 1551 2097 eodem
1577 2067 1688 2106 plenam
1713 2035 2100 2096 Conceffimusgpotcstatem
2117 2067 2149 2096 ὃς
2167 2066 2329 2096 Auctorita-

1263 2114 1323 2137 tem
1348 2105 1514 2145 specialem,
1532 2114 1590 2136 tam
1617 2105 1820 2143 Parliamenta,
1839 2105 1925 2143 qu'am
1951 2103 2103 2143 Concilia,
2123 2104 2193 2134 insta
2216 2104 2330 2136 dictum

1264 2144 1312 2175 Re
1331 2154 1402 2175 num
1419 2144 1568 2181 nostrum,
1587 2144 1719 2174 Tenendi
1729 2167 1738 2182 ,

1325 2192 1335 2214 t
1359 2183 1511 2221 Praelatos,
1540 2182 1707 2221 Magnates,
1733 2183 1766 2214 ὃς
1791 2180 1927 2212 Proceres
1942 2204 1952 2220 ,
1978 2191 2011 2212 ac
2038 2180 2236 2212 Comunitates
2259 2180 2329 2212 dieti

1263 2221 1361 2260 Regni
1385 2221 1493 2259 nostri,
1516 2231 1583 2252 cum
1608 2230 1720 2258 tempus
1745 2221 1869 2257 exegerit
1886 2220 1932 2250 vel
1948 2219 2060 2250 necesse
2076 2220 2178 2259 fuerit,
2205 2219 2328 2250 Convo-

1263 2261 1345 2291 candi
1362 2260 1395 2291 &
1413 2259 1642 2298 Summonendi,
1661 2260 1693 2290 &
1712 2268 1779 2289 cum
1796 2259 1857 2295 ipsis
1874 2258 2067 2297 Consulendi,

1300 2298 1338 2329 Et
1363 2308 1412 2335 ea,
1432 2308 1496 2337 quae
1520 2297 1621 2328 Nobis
1645 2298 1678 2328 ὃς
1704 2297 1810 2339 Regno
1827 2296 1927 2326 nostro
1944 2297 2081 2334 praediffito
2098 2296 2248 2327 necessaria
2265 2297 2325 2327 fue-

1262 2338 1318 2367 rint
1342 2337 1387 2367 vel
1411 2345 1570 2375 oportuna,
1595 2335 1631 2365 de
1655 2335 1760 2366 assensu
1786 2335 2039 2365 Parliamentorum
2064 2337 2097 2367 ὃς
2123 2335 2324 2366 Conciliorum

1261 2374 1441 2413 hujusmodi,
1461 2374 1610 2412 Faciendi,
1627 2373 1805 2412 Ordinandi,
1824 2375 1857 2405 ὃς
1874 2372 2071 2413 Disponendi,

1298 2414 1335 2445 Et
1360 2424 1408 2451 ea,
1427 2424 1491 2452 quae
1515 2413 1551 2444 de
1567 2413 1673 2443 aflensu
1690 2412 1944 2443 Parliamentorum
1961 2413 1993 2443 &
2011 2411 2214 2443 Conciliorum
2231 2412 2325 2449 hujus-

1262 2453 1341 2483 modi
1366 2452 1521 2489 Ordinata,
1543 2452 1694 2488 Trac'tata,
1719 2451 1763 2481 vel
1789 2450 1972 2482 Concordata
1997 2451 2126 2489 fuerint,
2152 2451 2325 2482 Executioni

1261 2491 1357 2522 debite
1373 2492 1439 2521 vice
1455 2491 1548 2520 nostra
1564 2489 1724 2520 demandari
1744 2489 1893 2528 Faciendi,

1300 2531 1318 2549 '¹‘
1339 2529 1468 2560 Necnon
1484 2528 1621 2566 Capitulis
1637 2527 1826 2558 Ecclesiamm
1844 2527 2055 2558 Cathedralium
2080 2528 2114 2559 &
2139 2527 2325 2559 Conventua-
2345 2534 2360 2549 ’⁴
2378 2534 2429 2564 IX,

1263 2569 1353 2607 lium,
1370 2578 1419 2606 per
1445 2567 1595 2606 Mortem,
1615 2566 1801 2605 Cessionem,
1820 2566 1865 2597 seu
1888 2568 1990 2604 quovis
2015 2566 2070 2596 alio
2095 2567 2187 2596 modo
2213 2567 2325 2597 Vacan-
2345 2574 2413 2607 476,

1263 2609 1354 2645 tium,
1370 2616 1438 2636 cum
1454 2605 1612 2646 hujusmodi
1631 2606 1799 2636 Vacationes
1816 2605 1955 2643 praediero
1973 2604 2098 2634 Custodi
2115 2615 2161 2642 per
2178 2605 2253 2635 dir-‘ta
2270 2605 2328 2636 Ca-

1264 2646 1349 2683 pitula
1367 2645 1536 2683 praesentatae
1558 2645 1678 2681 fuerint,
1697 2643 1888 2673 Concedendi
1914 2643 2074 2674 Licentiam
2099 2643 2233 2681 Eligendi
2258 2644 2328 2674 Per-

1263 2685 1341 2715 sonas
1364 2684 1476 2714 idoneas
1499 2685 1527 2713 in
1552 2683 1680 2714 Pastores
1704 2683 1737 2714 &
1757 2682 1938 2713 Praesidentes
1963 2681 2153 2712 Ecclefiarum
2182 2683 2328 2720 praediCta-

1266 2733 1330 2753 rum

1300 2746 1450 2800 Et’cum,
1467 2760 1503 2791 de
1527 2760 1657 2790 Licentia
1680 2759 1831 2798 praedista,
1850 2758 2010 2789 Eleffiones
2036 2759 2064 2787 in
2089 2757 2170 2789 dicitis
2196 2757 2329 2790 Ecclesiis

1264 2800 1365 2831 fuerint
1382 2800 1547 2837 celebratae,
1563 2799 1596 2829 &
1613 2798 1745 2828 Perionae
1763 2798 1888 2835 Electffe,
1904 2808 1952 2834 per
1971 2797 2073 2826 Literas
2098 2797 2243 2828 dststorum
2270 2797 2328 2828 Ca-

1265 2839 1438 2876 pitulorum,
1455 2837 1555 2868 Nobis
1572 2837 1615 2867 vel
1634 2837 1684 2866 sibi
1702 2836 1799 2867 nostro
1816 2836 1952 2866 Nomine
1969 2835 2156 2875 praesentatae,
2177 2835 2328 2867 Assensum

1265 2879 1299 2909 &
1324 2877 1464 2909 Favorem
1488 2875 1621 2913 Regium
1645 2875 1758 2911 lingulis
1783 2873 1939 2912 hujusmodi
1957 2873 2152 2904 Electionibus
2165 2875 2227 2912 (nisi
2244 2878 2329 2905 ratio-

1265 2916 1363 2946 nabilis
1381 2915 1470 2946 Causa
1486 2915 1619 2945 subfuerit
1635 2923 1720 2951 quare
1736 2914 1816 2944 distis
1833 2912 2027 2943 Elee‘lionibus
2043 2912 2202 2951 hujusmodi
2226 2913 2327 2943 Assen-

1265 2955 1306 2985 sus
1320 2954 1449 2993 denegari
1465 2953 1576 2990 debeat)
1596 2951 1766 2989 adhibendi,

1301 2992 1339 3023 Et
1364 2993 1494 3029 ulterius,
1518 3001 1569 3029 pro
1595 2989 1824 3020 Confirmatione
1848 2989 2034 3027 Electorum,
2082 2989 2162 3020 uibus
2188 2989 2226 3020 fic
2251 2990 2330 3021 adhi-

1266 3031 1348 3100 lgetur
1372 3031 1520 3068 Affensus,
1539 3029 1610 3067 illis,
1629 3028 1663 3059 ad
1687 3038 1758 3067 quos
1781 3030 1917 3066 pertinet,
1936 3037 2018 3058 more
2038 2998 2121 3059 so‘lito
2144 3029 2329 3060 transcriben-

1287 3080 1295 3099 ι

1305 3092 1368 3146 Ᾰο,
1386 3117 1455 3138 curn
1478 3105 1641 3137 electiones
1657 3104 1815 3143 hujusmodi
1832 3103 2008 3135 confirmatae
2024 3104 2145 3143 fuerint,
2163 3105 2196 3136 δε
2211 3104 2247 3135 de
2271 3105 2329 3136 hoc

1266 3155 1316 3183 per
1342 3147 1448 3177 Literas
1471 3144 1710 3175 Dicecesanorum
1736 3143 1884 3174 Locorum
1907 3144 2110 3180 praedit‘ymrum
2134 3143 2251 3180 praefato
2267 3143 2328 3174 Cu-

1267 3184 1341 3215 stodi
1357 3183 1532 3221 constiterit,
1549 3182 1722 3220 Fidelitates‚
1740 3181 1838 3212 Nobis
1853 3181 1887 3211 de
1903 3180 2066 3212 Minoribus
2084 3181 2206 3212 Praelatis
2223 3183 2253 3212 in
2274 3181 2328 3213 hac

1266 3232 1343 3261 parte
1358 3222 1483 3259 debitas,
1502 3222 1575 3252 Reci
1598 3220 1691 3259 iendi,
1709 3231 1742 3251 ac
1759 3220 1943 3257 Temporalia
1957 3221 2000 3250 sua
2018 3219 2212 3258 Restituendi,

1302 3261 1343 3292 Ita
1369 3261 1449 3300 quod
1473 3260 1550 3291 idem
1604 3259 1680 3290 ustos
1699 3260 1715 3289 a
1739 3258 1898 3297 Majoribus
1916 3259 2057 3296 Praelatis,
2075 3258 2113 3288 fic
2130 3257 2250 3296 Electis,
2268 3268 2328 3290 non

1219 3294 1223 3297 ⁴
1266 3301 1382 3338 recipiat
1405 3299 1562 3330 Fidelitates
1577 3322 1586 3337 ,
1611 3308 1666 3328 nec
1689 3297 1873 3335 Temporalia
1897 3297 2087 3327 Ecclefiarum
2104 3319 2114 3335 ,
2146 3296 2180 3327 ad
2205 3307 2327 3335 quarum

1266 3338 1409 3379 Regimen
1433 3337 1572 3376 eliguntur
1592 3337 1636 3367 seu
1660 3335 1850 3374 postulantur,
1870 3335 1984 3366 Liberet
2001 3335 2046 3365 seu
2065 3334 2205 3366 Restituat
2222 3340 2327 3374 quous-

1265 3388 1321 3416 que
1338 3377 1406 3407 Nos
1421 3377 1500 3414 super
1515 3377 1573 3406 hoc
1589 3375 1698 3406 duxerit
1715 3374 1921 3412 consulendos,
1938 3382 1984 3404 aut
2005 3373 2078 3404 aliud
2101 3374 2117 3403 a
2140 3374 2238 3404 Nobis
2261 3374 2327 3405 inde

1265 3416 1392 3447 habuerit
1407 3416 1436 3445 in
1454 3415 1595 3446 Mandatis
1605 3437 1615 3452 ,

1302 3453 1339 3484 Et
1364 3454 1553 3492 quascumque
1577 3454 1662 3483 etiam
1686 3451 1859 3489 Fidelitates‚
1885 3460 1938 3488 pro
1962 3450 2187 3489 quibuscumque
2211 3451 2326 3489 Terris,

1262 3493 1465 3530 Tenementis,
1482 3493 1528 3523 seu
1543 3491 1761 3521 Haereditatibus
1778 3490 1876 3520 Nobis
1890 3489 1995 3520 debitas
2005 3512 2014 3527 ,
2027 3489 2215 3527 Recipiendi,

1301 3531 1347 3561 Ac
1368 3531 1488 3568 Terras,
1510 3530 1710 3565 Tenementa,
1736 3529 1769 3558 &
1794 3528 1982 3558 Haereditates
2004 3527 2164 3565 hujusmodi
2189 3528 2258 3564 illis,
2287 3526 2324 3558 ad

1264 3580 1336 3609 quos
1350 3570 1507 3609 pertinent,
1526 3576 1608 3606 prout
1620 3566 1727 3605 justum
1743 3567 1841 3604 fuerit,
1859 3565 2009 3596 Liberandi
2024 3566 2056 3597 &
2071 3565 2249 3596 Restituendi
2259 3587 2268 3603 ,

1302 3608 1472 3646 Homagiis,
1488 3606 1589 3636 Nobis
1606 3616 1660 3644 pro
1682 3605 1763 3635 dietis
1785 3605 1901 3643 Terris,
1918 3605 2120 3640 Tenementis,
2137 3605 2170 3634 δε
2194 3601 2325 3633 Haeredi-

1263 3648 1363 3677 tatibus
1383 3646 1502 3683 debitis,
1528 3644 1683 3681 reservatis,
1702 3653 1766 3682 quie
1789 3644 1874 3681 usque
1899 3642 2037 3673 Reditum
2060 3642 2188 3672 nostrum
2210 3642 2238 3670 in
2262 3641 2325 3671 An-

1263 3686 1347 3725 gliam
1371 3684 1522 3720 volumus,
1546 3693 1598 3721 pro
1621 3682 1691 3713 Fine
1713 3682 1888 3720 rationabili,
1912 3683 1942 3711 in
1968 3679 2141 3711 Cancellaria
2164 3679 2259 3709 nostra
2284 3679 2328 3710 fa-

1263 3723 1385 3760 ciendo,
1404 3722 1604 3760 Respestuari,
2088 3757 2093 3761 .
2302 3757 2306 3761 ¹

1304 3761 1442 3792 Volumus
1464 3762 1541 3791 enim
1564 3759 1643 3798 quod
1668 3759 1744 3789 idem
1761 3758 1866 3789 Custos
1881 3759 1978 3788 omnia
1992 3755 2152 3793 Praemrffa,
2169 3765 2203 3786 ac
2225 3765 2324 3787 omnia

1263 3800 1316 3832 alia
1330 3800 1363 3831 &
1381 3799 1485 3837 singula
1501 3798 1748 3829 Gubernationem
1766 3798 1842 3827 suam
1856 3797 1995 3834 tangentia
2011 3796 2043 3825 δε
2058 3795 2275 3837 concernentia,
2287 3795 2325 3825 de

1264 3837 1384 3870 Assensu
1400 3837 1434 3868 ὃ(
1452 3837 1668 3869 Deliberatione
1685 3836 1812 3867 Concilii
1828 3833 1934 3871 nostri,
1951 3834 1985 3863 δε
2002 3842 2061 3862 non
2080 3832 2156 3862 aliter
2166 3854 2176 3869 ,
2194 3832 2275 3864 faciat
2291 3833 2325 3864 &

1265 3885 1424 3915 exequatur.

1301 3916 1336 3947 In
1352 3915 1446 3952 cujus,
1463 3914 1525 3945 &c.

1335 3953 1425 3984 Teste
1441 3960 1472 3983 ut
1487 3953 1574 3991 supra.
1929 3987 1979 4015 Per
1993 3984 2075 4024 ἕψω
2090 3987 2195 4023 Regem.
