2562 4274
696 186 809 228 ET
890 185 1161 226 ACTA
1244 182 1723 227 PUBLICA.

0 268 77 300 Arm·
93 265 126 297 D
152 272 309 305 Mulierem
325 272 422 312 Regni
437 270 567 311 Angliae,
586 271 788 309 Respondeant
804 271 1020 302 Ambaffiatores
1033 271 1105 301 dieti
1121 273 1218 312 Draus-

22 313 109 346 1423.
153 315 182 342 ni
204 312 286 351 nostri
307 315 385 349 Regix
399 313 479 350 quod
491 311 582 341 didius
595 313 655 340 Rex
670 313 805 340 Scotorum
821 312 893 342 bene
912 311 994 340 novit
1012 311 1102 347 plures
1116 309 1173 339 No
1188 320 1220 337 ›i-

2 349 72 373 Hffl·
89 344 117 372 ⁶·
152 351 192 381 lec
207 351 358 387 Mulieres,
376 351 459 379 etiam
474 349 509 379 de
527 349 608 387 regali
625 349 771 387 Piofapia:

186 388 240 427 Et,
259 389 278 419 fi
294 388 374 419 dieto
391 386 470 425 Regi
490 389 519 417 in
534 386 685 417 Praemiffis
697 386 831 424 placuerit
846 385 922 416 suam
938 386 1111 416 voluntatem
1125 385 1219 416 decla-

152 437 228 463 rare,
246 425 463 457 Ambaffiatores
485 425 610 456 Domini
633 425 719 455 nostri
733 424 821 462 Regis
834 434 901 454 cum
916 425 998 454 dieto
1014 424 1094 463 Rege
1109 427 1151 454 vel
1170 424 1220 454 suis·

152 464 317 532 Deputatkis,
334 473 419 502 prout
442 473 552 502 tempus
566 465 598 495 &
616 463 731 502 qualitas
743 464 851 500 negotii
866 463 1005 500 patiuntur
1015 485 1025 500 ,
1043 463 1123 493 latius
1136 472 1219 492 corn-

154 513 269 533 munica
291 511 341 533 unt
364 512 370 531 :

194 540 224 571 Si
241 543 313 572 vero
330 540 548 571 AmbaffiatOres
566 535 670 570 Scotiae
688 538 723 569 de
737 539 876 578 praemissa
892 539 1040 578 Alligantia
1055 549 1104 579 per
1119 537 1223 569 Matri-⁷

156 580 290 610 monium
313 589 375 609 non
399 579 518 609 fecerint
542 578 740 614 mentionem,
757 588 817 607 non
840 578 979 608 videbitur
995 577 1115 608 multum
1130 578 1221 607 hone-⁷

156 617 230 648 stum
255 617 336 656 quod
361 616 576 647 Ambaffiatores
593 615 716 646 Domini
731 616 822 645 nostri
838 615 925 655 Regis
940 617 1016 646 circa
1033 616 1176 646 Praemiffa
1192 616 1218 645 se

154 657 300 695 ingerant,
320 656 395 687 ctim'
413 654 546 685 Mulieres
567 652 661 691 Regni
687 654 815 692 Anvliae,
830 654 925 684 saltem
940 653 1082 692 Nobiles,
1098 664 1157 684 non
1172 654 1217 684 so-

156 694 230 725 leant
245 695 320 724 ultro
339 696 465 725 virorum
481 691 642 722 Connubiis
655 691 682 722 se
696 703 715 722 0
742 703 809 723 erre.

194 731 269 763 Iri:
280 741 327 770 M,
353 732 371 762 si
388 739 482 769 agatur
501 731 535 762 de
562 729 748 768 Reparatione
771 731 1013 770 Attemptatorum
1030 753 1040 768 ,
1065 730 1219 768 procedant

157 769 371 801 Ambaffiatores
390 771 501 798 Domini
522 768 601 808 nostri
615 771 692 806 Regis
707 769 782 808 quta
800 779 901 799 eorum
918 769 1115 807 discretiones,
1133 779 1217 809 prout

161 810 199 839 eis
209 808 352 840 videbitur
366 807 427 837 fore
441 808 609 838 faciendum.

198 846 212 876 I
221 855 271 876 TE
281 854 328 883 M,
348 845 479 876 habeatur
499 845 648 876 auctoritas
668 848 780 876 Domini
793 845 872 885 nostri
884 848 979 884 Regis,
997 846 1030 876 ad
1046 845 1221 876 Conceden-

162 884 233 915 dum
255 883 360 915 Literas
379 885 443 914 salvi
465 883 638 914 Condudffis
649 884 711 921 ipiis
725 884 761 914 de
776 883 872 914 Scotia
888 885 1102 924 (cujuscumque
1119 883 1220 922 status,

162 921 282 962 gradus,
297 930 343 953 aut
359 922 533 953 conditionis
553 921 679 960 existant)
698 922 730 952 ὅτ.
748 922 782 952 ad
796 922 926 959 Tempus
940 923 973 953 ὃς
988 922 1159 953 Numerum
1174 933 1218 953 ar-

161 962 296 992 bitrarias.

199 998 234 1030 In
254 1001 334 1038 cujus
345 999 385 1029 rei
398 999 631 1036 Testimonium,
648 997 684 1028 de
702 998 870 1029 avisamento
885 997 1012 1029 Concilii
1027 998 1149 1029 Domini
1163 1009 1219 1029 no-

162 1037 211 1068 stri
221 1038 335 1106 sRegu,
351 1037 479 1077 Sigillum
495 1036 638 1076 Magnum
650 1036 717 1066 diali
728 1036 811 1076 nostri
824 1040 902 1075 Regis
918 1036 1103 1069 Praesentibus
1117 1038 1158 1068 est
1171 1048 1222 1076 apa

186 1087 219 1107 en
232 1086 289 1106 um.

164 1085 185 1117 p
202 1114 270 1146 Dat.
285 1113 362 1146 sexto
374 1113 421 1145 die
432 1113 499 1153 Julii
507 1135 518 1153 ,
537 1112 625 1144 Anno
639 1111 738 1152 Regni
753 1112 840 1153 Regis
854 1113 973 1145 Henrici
987 1113 1063 1145 Sexti
1077 1114 1186 1145 Primo.

854 1190 941 1228 sigillo
959 1191 1066 1231 avulsi'z.

20 1327 150 1363 ⁵X.296.
307 1316 334 1344 *ἲ
357 1319 406 1350 De
427 1315 614 1350 Providendo
632 1326 687 1363 pro
712 1316 850 1363 Expetfis
871 1317 959 1362 Regis
980 1318 1088 1349 Scotiaei

18 1414 97 1446 Arm.
111 1412 152 1444 D,
170 1393 680 1470 REX’·d³¹e&9ds¹lssii’sWl²⁷-ielm⁰
687 1399 792 1470 {Vedii
802 1400 963 1469 Bsaluoenii
984 1439 990 1468 l
1109 1439 1162 1470 ΡΤ

19 1461 135 1520 „124213
169 1440 473 1517 Οαροηὲεἳηέἷὲἱῗίὲεε,
494 1449 736 1515 Ριυξῖῗέζηᾞιιῖεεεῗ
750 1449 782 1508 ΞΕ
803 1448 1224 1516 εἷενῗῖόέυαῗίεξοὲιῗέεέυῑῐὲἓὲἰζ

19 1534 54 1558 Η,
70 1531 97 1557 ὅε
167 1518 317 1561 necessaria
342 1527 395 1555 pro
418 1516 552 1554 Expensis
569 1501 691 1553 H’ospitii
705 1519 781 1553 Regis
795 1519 948 1560 Scotorrmr,
964 1516 1079 1546 durante
1095 1517 1223 1553 praesenti

15 1570 76 1597 pat,
95 1576 120 1594 χ,
166 1555 267 1586 Itinere
279 1556 329 1586 suo
344 1555 436 1586 versus
449 1555 572 1586 Pontem
584 1554 723 1597 fratrum,
741 1557 774 1585 ὃς
790 1564 842 1593 pro
857 1554 967 1597 Reditu.
975 1555 1024 1585 suo
1038 1554 1124 1592 usque
1140 1555 1223 1585 Lon-

18 1609 54 1634 fl,
70 1603 100 1633 6·
166 1594 301 1632 doniam,
319 1603 352 1625 ac
375 1592 535 1633 Cariagium
557 1592 695 1624 sufficiens
715 1602 767 1631 pro
784 1592 904 1629 eisdem,
921 1592 1096 1635 ubicumque
1106 1593 1224 1622 inveniri

35 1665 42 1672 ,
92 1664 99 1671 ,
167 1641 316 1672 poterunt,
332 1633 390 1663 tam
405 1633 476 1662 infra
491 1631 662 1670 Libertates,
679 1633 762 1668 quarn
775 1639 850 1661 extra
865 1631 977 1668 (Feodo
990 1630 1124 1661 Ecclelne
1135 1630 1221 1661 dum-

14 1650 54 1711 ζη,
65 1651 108 1717 147.
166 1678 240 1702 taxat
259 1670 391 1710 excepto)
414 1680 467 1710 pro
492 1669 622 1699 Denariis
646 1669 760 1706 nostris,
778 1669 806 1698 in
825 1669 875 1698 hac
891 1677 967 1708 parte
984 1670 1117 1706 prompte
1132 1670 1165 1700 &
1181 1678 1223 1699 ra-

163 1710 333 1740 tionabiliter
346 1708 502 1746 solvendis,
517 1706 697 1744 Capiendu'm
710 1707 742 1737 &
759 1706 992 1743 providendum,

199 1747 238 1778 Et
259 1748 325 1778 ideo
345 1747 416 1777 Tibi
428 1746 612 1783 Praecipimus
626 1745 706 1783 quod
719 1746 792 1775 circa
808 1744 953 1775 Praemilsa
965 1745 1116 1783 diligenter
1132 1746 1224 1781 intem,

161 1785 209 1816 das
242 1786 275 1816 &
291 1795 323 1816 ea
335 1785 417 1815 facias
431 1786 464 1816 &
480 1785 619 1821 exequaris
632 1785 662 1812 in
678 1783 771 1813 forma
784 1783 935 1820 praedidia:

199 1807 311 1855 fiamus
331 1832 425 1854 autem
442 1822 574 1852 universis
591 1822 625 1853 ὃς
647 1821 774 1860 singulis,
794 1821 1034 1859 vicecomitibus,
1051 1821 1225 1861 Maioribus,

161 1855 290 1900 Ballivis‚
309 1860 543 1897 Constabulariis,
567 1869 600 1889 ac
622 1859 677 1889 aliis
693 1859 860 1898 Officiariis,
880 1859 1032 1898 Ministris,
1058 1861 1171 1900 Ligeis,
1189 1862 1224 1892 &

162 1901 276 1931 subditis
296 1898 397 1929 nostris
419 1898 658 1936 quibuscumque,
678 1902 738 1927 tam
752 1898 821 1927 infra
837 1898 1005 1935 Libertates‚
1025 1900 1109 1936 quam
1127 1908 1222 1938 eXtra,

164 1937 500 1974 TenorelPraesentium,
517 1935 631 1966 firmiter
650 1937 680 1965 in
702 1935 860 1974 Mandatis,
879 1937 958 1974 qubd
973 1937 1061 1974 Tibi,
1080 1938 1110 1967 in
1125 1947 1227 1969 execu-

166 1977 246 2008 tione
267 1975 500 2012 Praemiffomm,
519 1975 669 2005 intendant
689 1976 722 2006 &
738 1975 900 2006 subveniant
916 1976 945 2005 in
959 1976 1093 2006 omnibus
1107 1976 1227 2014 diligen-

165 2023 217 2047 ter.

165 2092 185 2123 d
204 2052 237 2083 In
260 2053 356 2092 cujus,
371 2053 433 2084 &c.
456 2051 539 2090 usciue
561 2050 703 2083 Reditum
722 2051 803 2091 ipsius
826 2050 915 2092 Regis
934 2052 1020 2091 usque
1041 2052 1228 2085 Londoniam

187 2100 315 2123 uraturas.

204 2129 292 2162 Teste
305 2129 388 2169 Rege
402 2128 475 2169 apud
495 2127 771 2169 Wstmonasterium,
788 2128 834 2166 viij
850 2128 895 2159 die
902 2127 979 2167 Julii.

375 2207 430 2236 Per
447 2204 552 2236 Billam
566 2204 744 2245 Thesaurarii
760 2204 882 2244 Hospitii
895 2204 972 2245 ipfius
983 2206 1070 2244 Regis,

319 2334 368 2366 De
381 2324 550 2365 Tiafbando
575 2343 642 2363 cum
666 2328 935 2374 Ambaffiatoribus
961 2333 1072 2364 Scotiae.

18 2379 95 2461 ΑῙῈ
106 2381 150 2413 D
167 2417 248 2476 RE
258 2417 455 2465 X,.universis
469 2416 503 2447 &
519 2416 649 2455 singulis,
667 2417 728 2448 &c.
745 2413 780 2447 ad
796 2425 885 2455 quos,
904 2416 966 2448 &c-
985 2415 1119 2447 Salutem.

18 2464 114 2528 find
202 2457 372 2538 Οὐηῑὸἳὲῗέζ
383 2458 488 2533 3³35:
505 2493 539 2538 de
550 2494 722 2538 avisamento
736 2492 839 2532 Magni
853 2492 979 2537 Concilii
991 2493 1094 2538 nostri,
1111 2502 1158 2530 per
1176 2491 1228 2523 Li-

21 2542 88 2566 Scot.
108 2546 129 2565 i.
165 2541 235 2565 teras
258 2533 387 2573 Patentes
402 2557 411 2570 ‚
442 2532 676 2563 Ordinaverimus
689 2554 700 2570 ‚
733 2530 910 2562 Venerabiles
931 2533 960 2561 in
979 2531 1096 2562 Christo
1117 2531 1229 2570 Patres,

19 2579 54 2604 Η.
73 2575 102 2604 6.
165 2571 297 2618 Τξᾱυηιαηι
316 2569 469 2639 Εέᾔξοριιηι
490 2569 711 2614 Dunelmensbfn,
727 2570 760 2600 &
787 2569 937 2608 Philippum
951 2569 1106 2623 Epifiopurtt
1119 2571 1228 2616 ῥῆξον-

23 2623 62 2642 '”‘
79 2622 111 2650 ⁹·
167 2607 878 2679 ssmssbfflffgffidgffffiffl„3333
888 2609 1229 2685 acssiissssmza‘izissizss

169 2690 298 2718 comitem
321 2685 568 2730 Wffmerland'iae,
584 2686 617 2716 &
639 2684 802 2729 Riclqardum
823 2684 936 2715 Neville
954 2670 1114 2716 Cust'odem
1130 2685 1229 2716 West-

170 2725 306 2756 marchiae
324 2728 415 2754 verius
435 2725 578 2762 Scotiam,
601 2733 654 2762 ac,
679 2723 794 2754 dilectos
815 2724 848 2754 ὃς
870 2723 962 2753 fideles
979 2723 1109 2761 nostros,
1127 2723 1231 2753 Radul-

165 2763 250 2803 phum
270 2762 430 2801 cromwell,
447 2764 480 2794 &
502 2763 630 2792 Thomam
651 2760 819 2800 chaworth,
840 2761 962 2800 Milites,
982 2761 1153 2800 Magistrum
1174 2762 1230 2801 Jo-

170 2801 289 2831 hannem
306 2800 437 2830 Wodham
452 2800 697 2832 Archidiaconurn
711 2799 894 2837 Estrithingi‚
913 2801 946 2830 &
961 2800 1105 2830 Robertum
1122 2802 1231 2830 Water-

171 2847 220 2870 ton
241 2839 439 2877 Armigerum,
458 2838 675 2870 Commiffarios
695 2839 728 2869 ὃς
745 2838 904 2876 Deputatos
918 2838 1046 2877 nostros,
1064 2839 1098 2869 ad
1115 2838 1232 2869 Interes-

168 2878 286 2909 sendum
298 2901 307 2914 ,
325 2876 628 2915 Communicandum‚
645 2878 678 2908 δι’.
698 2877 896 2907 Traetandum
919 2887 988 2907 cum
1007 2877 1233 2916 quibuscumque

171 2914 423 2948 Ambassiatoribus
444 2914 541 2955 Regni
561 2914 685 2951 Scotiae,
703 2914 889 2945 sufficientem
910 2914 1082 2946 Potestatem
1106 2916 1232 2946 habenti-

172 2955 226 2985 bus
245 2953 279 2984 ad
300 2953 496 2984 Trachandum
515 2952 549 2983 de
572 2952 781 2983 Deliberatione
801 2953 903 2991 Jacobi
926 2957 1004 2990 Regis
1023 2957 1133 2992 Scotiae,
1151 2964 1184 2984 ac
1199 2954 1231 2984 ad

171 2992 370 3024 Traetandum
390 2991 425 3022 de
451 2990 555 3021 Pacis
581 2998 651 3021 ΠΝ
663 2999 733 3020 ALI
751 2990 806 3020 five
826 2991 916 3029 longis
936 2991 1059 3030 Treugis
1073 2993 1145 3022 inter
1160 2992 1232 3022 Duo

173 3030 275 3074 Regna
291 3030 402 3070 Angliae
419 3031 452 3061 &
470 3030 590 3068 Scotiae,
608 3037 692 3068 prout
711 3029 741 3058 in
758 3027 858 3059 Literis
875 3028 1016 3066 praedietis
1033 3030 1141 3069 plenius
1159 3039 1231 3061 con-

174 3078 278 3100 tinetur

210 3091 443 3142 Nos³(volentes
468 3106 639 3137 TraClatum
665 3104 847 3136 Materiarum
879 3105 1076 3143 praedictarum
1102 3106 1231 3138 debitum·

173 3145 260 3176 sortiri
287 3144 441 3180 effectum)
463 3145 628 3182 suscepimus
655 3145 683 3173 in
710 3144 812 3174 salvum
839 3145 871 3174 ὃς
896 3143 1022 3175 securum
1042 3143 1231 3177 Conductum

173 3183 321 3220 nostrum,
338 3192 371 3213 ac
385 3183 469 3214 etiam
481 3183 509 3212 in
525 3183 739 3213 protectionem
749 3205 757 3219 ‚
777 3182 946 3213 Tuitionem
956 3206 965 3220 ,
981 3183 1013 3213 δὲ
1028 3181 1232 3216 Defensionem

174 3221 282 3253 nostras
310 3221 437 3260 speciales
451 3243 460 3259 ,
484 3219 653 3259 Magistrum
675 3220 853 3250 Willielmum
873 3222 904 3250 de
928 3220 1027 3250 Fowlis
1045 3221 1232 3253 Secretarium

176 3259 319 3291 Carissimi
337 3259 550 3294 consanguinei
570 3257 657 3287 nostri
678 3259 842 3288 Archibaldi
863 3262 971 3289 Comitis
991 3259 1023 3288 de
1047 3259 1183 3299 Douglas,
1198 3262 1231 3291 &

175 3298 231 3329 Sex
246 3297 380 3328 Personas
395 3298 423 3326 in
438 3296 583 3326 Comitiva
596 3297 666 3325 dieti
680 3296 821 3327 Secretarii
836 3297 966 3336 Equites,
979 3299 1008 3327 in
1026 3297 1163 3335 Regnum
1179 3309 1233 3328 no·-

178 3336 267 3367 strum
282 3336 393 3373 Angliae
408 3345 492 3371 penes
505 3334 614 3364 dicium
630 3333 797 3365 Concilium
810 3335 955 3374 nostrum,
972 3335 1017 3367 seu
1032 3336 1124 3367 diei-os
1140 3335 1234 3367 Com-

179 3374 314 3405 miffarios
335 3373 461 3410 nostrOS,
479 3382 512 3402 ex
531 3373 616 3402 causis
633 3372 773 3409 praedietis
788 3374 941 3412 veniendo,
961 3375 1065 3404 ibidem
1080 3376 1234 3414 morando,

175 3414 212 3482 ἐς
225 3411 322 3481 εκέηάε
334 3412 369 3442 ad
382 3421 472 3449 partes
487 3412 627 3449 propriaS,
645 3410 746 3448 absque
758 3413 964 3450 perturbatione
978 3423 1171 3453 quacumque,
1189 3424 1233 3445 re-

197 3461 250 3482 eun
270 3461 306 3480 οΞ

213 3489 250 3520 Et
268 3474 333 3520 ῑάἒὸ
352 3488 433 3519 vobis
452 3486 636 3525 MandamuS‚
654 3487 715 3518 sce.

211 3528 286 3559 Non
306 3527 472 3564 inferentes,
488 3527 548 3557 ἃς.

212 3566 266 3604 Et,
287 3566 303 3596 si
323 3566 406 3604 quid,
424 3566 485 3596 &c.

213 3604 332 3636 Proviso
349 3605 454 3642 semper
466 3601 546 3640 quod
561 3601 630 3640 ipsi,
647 3602 681 3632 ad
696 3601 845 3632 Introitum
860 3601 940 3634 suum
954 3603 1099 3641 cujuslibet
1114 3599 1232 3637 Castro-

177 3651 258 3681 rum,
277 3643 484 3673 Fortalitiorum
501 3664 510 3677 ,
537 3641 568 3670 ἃ
592 3641 727 3671 Villarum
749 3640 917 3671 firmatarum
935 3666 944 3680 ,
969 3643 1111 3680 praesentes
1131 3644 1234 3675 Literas

178 3680 284 3711 nostras
298 3682 333 3712 de
347 3682 430 3712 Salvo
446 3679 601 3711 Conduc‘iu
617 3678 795 3716 Capitaneis,
813 3679 987 3719 Majoribus,
1002 3681 1046 3711 vel
1059 3681 1233 3713 Custodibus

179 3719 344 3749 eorumdem
358 3718 570 3755 demonstrent,

217 3756 255 3787 Et
277 3758 356 3794 quod
375 3758 543 3796 Dampnum
566 3755 646 3786 nobis
664 3763 711 3785 aut
726 3755 819 3793 Ligeis
833 3755 946 3795 nostris,
966 3757 1036 3788 infra
1048 3757 1158 3788 dictum
1174 3758 1235 3789 Rea·

179 3804 270 3835 gnum
285 3794 414 3826 nostrum
427 3796 558 3833 Angliae,
576 3805 635 3824 non
649 3793 751 3824 faciant
767 3796 866 3831 quovis
883 3796 980 3826 modo.

177 3870 196 3902 d
217 3832 250 3863 In
267 3833 362 3871 cujus,
380 3835 440 3864 &c.
454 3834 540 3873 usque
556 3832 669 3863 festum
686 3832 781 3863 SanCti
796 3831 940 3863 Michaelis
956 3835 1090 3873 proximo
1107 3835 1232 3867 futurum

198 3880 326 3902 uraturas.

231 3908 320 3940 Teste
334 3908 419 3946 Rege
430 3910 502 3947 apud
518 3908 788 3952 Wstmonasterium,
806 3918 834 3952 x.
845 3908 890 3939 die
898 3908 973 3947 Julii.

226 4116 298 4146 Tam.
317 4116 372 4147 IV.
389 4116 423 4146 P.
440 4115 489 4151 IV,

2267 205 2322 245 97

2332 272 2407 303 Ann.
2423 272 2464 306 D.

2318 331 2322 348 :
2360 320 2447 351 1423·

1566 354 1592 381 ἒξ
1609 357 1658 388 De
1683 356 1786 388 Salvis
1810 355 2017 392 Conduflibus.
2331 354 2467 423 {fg-237⁷

1325 438 1349 468 E
1362 437 1410 478 X,
1429 444 1478 477 p‘er
1500 438 1604 469 Literas
1618 440 1676 470 suas
1691 439 1839 478 Patentes,
1857 452 1907 479 per
1921 443 2069 474 dimidium
2086 445 2206 476 Annum
2222 448 2314 487 proxi-
2335 428 2411 491 {314}

1342 480 1392 507 mo
1415 479 1540 507 futurum
1560 479 1719 515 duraturas,
1738 480 1851 517 suscepit
1874 482 1902 510 in
1923 481 2027 512 salvum
2042 484 2074 513 &
2087 487 2213 515 securum
2235 490 2318 516 aion·
2338 505 2354 511 ·-

1261 514 1381 556 duotum
1403 515 1500 558 suum,
1519 526 1550 545 ac
1567 517 1595 545 in
1610 516 1840 554 protectionem,
1860 518 2044 558 Tuitionem,
2061 522 2095 551 &
2113 522 2317 554 Defensionaeni
2336 511 2420 565 ⁶:³⁰2
2441 511 2468 530 ι’

1262 556 1318 582 iuas
1341 555 1482 597 speciales,
1500 553 1647 597 Floriqnont
1668 555 1700 583 de
1716 555 1803 595 Soully
1819 556 2022 597 Prilonarium,
2041 570 2128 597 nuper
2143 563 2172 591 in
2187 548 2348 594 Merena*
2367 562 2372 566 ⁴
2415 561 2420 566 ’

1261 592 1296 621 de
1314 590 1426 622 Mewes
1442 602 1469 621 m
1487 591 1602 622 Francra
1618 602 1730 630 captum
1740 616 1749 629 ,
2339 588 2375 606 Μ
2388 587 2397 604 ¹
2407 586 2431 605 ²³

1297 629 1395 667 Quem
1411 629 1475 660 Rex
1489 630 1631 669 assignavit
1649 632 1681 661 δε
1695 632 1853 662 deliberavit
1863 632 1977 663 Roberto
1991 637 2067 673 scot,
2084 636 2118 666 ad
2130 638 2220 675 ipsum
2232 637 2319 668 Flori-

1260 675 1334 697 mont
1349 668 1384 698 ad
1399 668 1562 698 Financiam
1581 669 1658 698 suam
1675 670 1857 708 ponendum,

1298 706 1384 736 Extra
1398 705 1532 744 Regnum
1547 706 1636 746 Regis
1651 708 1759 746 Angliae
1775 708 1803 736 in
1816 709 1931 746 patriam
1947 709 2078 747 suam,ad
2096 711 2203 744 dietam
2218 715 2319 746 Finan-

1260 745 1335 774 ciam
1352 745 1428 775 suam
1444 746 1549 774 ibidem
1561 746 1760 784 quaerendam,
1775 746 1998 784 transeundo,&
2013 750 2043 779 in
2056 749 2165 780 dietum
2182 752 2318 791 Regnum

1262 782 1369 820 Regis,
1386 792 1454 812 cum
1479 783 1609 814 Financia
1629 783 1674 814 sua
1689 785 1839 822 praedieta,
1856 786 1956 825 absque
1971 788 2179 824 perturbatione
2193 791 2249 821 sive
2263 793 2320 822 im-

1262 822 1426 860 pedimento
1440 831 1638 859 quocumque,
1657 823 1819 860 redeundo,

1301 859 1418 889 Proviso
1436 861 1545 897 {emper
1558 860 1634 898 quod
1649 860 1724 890 idem
1741 860 1903 891 Florimont
1916 862 1989 892 bene
2003 863 2037 893 &z
2049 862 2166 894 honeste
2183 866 2209 895 se
2223 867 2322 899 habeat

1263 898 1296 929 &
1314 906 1391 934 gerat
1404 906 1467 935 erga
1481 897 1594 934 Regem
1612 899 1645 928 &
1660 898 1803 935 Populum
1816 899 1915 936 suum,

1298 934 1335 965 Et
1359 936 1528 974 quicquam,
1547 938 1625 975 quod
1646 938 1674 966 in
1696 936 1784 975 Regis
1803 937 1850 967 seu
1873 937 1974 977 Populi
1995 938 2034 968 sui
2057 940 2252 978 praejudicium
2276 943 2321 974 vel

1264 973 1434 1015 Darnpnum
1449 976 1549 1005 cedere
1563 975 1666 1013 valeat,
1685 984 1743 1004 non
1757 984 1920 1013 attemptet,
1935 985 1980 1007 aut
1994 977 2084 1007 facere
2101 978 2143 1008 vel
2157 989 2322 1019 attemptare

1264 1016 1411 1051 praesumat
1427 1014 1527 1050 quovis
1541 1013 1647 1051 modo,

1299 1050 1338 1081 Et
1358 1051 1437 1090 quod
1465 1051 1520 1091 ipse
1541 1051 1652 1090 aliquod
1676 1050 1860 1088 Castrorum,
1881 1051 2104 1092 Fortalitiorum,
2124 1063 2171 1085 aut
2185 1054 2323 1087 Villarum

1263 1088 1353 1128 Regis
1376 1089 1579 1127 Firmatarum,
1599 1090 1716 1120 minime
1738 1091 1924 1129 ingrediatur,
1939 1091 2040 1130 abique
2053 1103 2089 1122 eo
2106 1094 2184 1130 quod
2201 1095 2255 1133 ipse
2271 1095 2324 1125 Li-

1266 1136 1336 1157 teras
1357 1127 1443 1165 Regis
1456 1127 1491 1158 de
1505 1128 1592 1158 Salvo
1607 1126 1764 1158 conductu
1781 1129 1956 1168 CapitaneiS,
1970 1130 2164 1170 Custodibus,
2183 1133 2239 1163 sive
2255 1133 2322 1163 Gu-

1266 1167 1459 1196 bernatoribus
1473 1166 1639 1196 eorumdem
1654 1168 1782 1203 primitus
1797 1167 1978 1197 demonstret.

1305 1203 1394 1235 Teste
1406 1203 1491 1242 Rege
1502 1204 1574 1242 apud
1590 1204 1859 1244 W’stmonasterium,
1877 1206 1922 1242 xiij
1940 1207 1985 1236 die
1995 1205 2069 1243 julii.

1740 1283 1793 1312 Per
1810 1285 1903 1313 Breve
1921 1282 1953 1312 de
1972 1284 2090 1313 Privato
2107 1285 2205 1322 Szgillo.

1269 1356 1441 1390 Consimiles
1463 1357 1569 1391 Literas
1591 1356 1679 1397 Regis
1700 1358 1737 1388 de
1762 1358 1847 1389 Salvo
1868 1358 2024 1391 Condueiu
2045 1360 2148 1393 habent
2168 1361 2327 1402 subscripti,

1576 1397 1625 1427 sub
1646 1394 1745 1427 eadem
1760 1396 1857 1435 Data-3,
1871 1397 2015 1435 videlicet,

1304 1473 1468 1503 Guillielmus
1486 1473 1518 1503 de
1537 1472 1742 1504 Themericourt.

1305 1512 1469 1542 Guillielmus
1484 1512 1516 1542 de
1536 1510 1624 1551 Buffy.

1303 1551 1443 1588 Johannes
1460 1552 1492 1580 de
1509 1550 1601 1590 Buffyi

1304 1591 1420 1628 Hemery
1439 1592 1550 1628 Bouyer.

1304 1626 1403 1664 Johan
1422 1630 1535 1667 Bouyer.

1304 1665 1471 1695 Guillielmus
1485 1668 1660 1705 Lempe‘rour,
1677 1675 1745 1698 cum
1762 1666 1857 1699 multis
1871 1667 1925 1698 aliis
1939 1667 2102 1707 subscriptis.

1574 1812 1632 1843 Pro
1655 1811 1767 1843 comite
1789 1808 1825 1843 de
1851 1808 2019 1855 Wndosme.

1271 1893 1416 1953 REX,
1432 1904 1480 1935 per
1501 1885 1607 1939 Literas
1622 1895 1678 1939 suas
1696 1893 1839 1933 Parentes,
1856 1905 1903 1939 per
1922 1895 2059 1939 Quinque
2080 1895 2211 1937 Menses,
2228 1899 2324 1935 proxi-
2338 1882 2414 1914 Ann·
2431 1881 2474 1914 D’

1347 1935 1400 1965 mo
1413 1933 1479 1972 post
1494 1932 1622 1964 Primum
1638 1933 1724 1964 Diem
1740 1933 1891 1970 Oetobris,
1909 1937 2041 1972 proximo
2056 1935 2199 1974 futurum,
2214 1937 2324 1968 duratu-
2364 1931 2451 1961 ¹423·

1268 1980 1327 2009 ras,
1341 1972 1378 2002 de
1398 1973 1570 2003 avisamento
1590 1974 1623 2004 δε
1645 1971 1751 2003 assensu
1772 1971 1896 2002 Concilii
1917 1971 1973 2010 sui,
1989 1973 2104 2010 suscepit
2120 1974 2147 2004 in
2163 1975 2269 2005 salvum
2288 1976 2322 2006 &
2341 1965 2392 2008 5⁴7¹·
2412 1970 2437 1987 ¹·

1269 2010 1400 2041 securum
1419 2009 1608 2042 Conduetum
1624 2010 1723 2048 suurn,
1742 2012 1817 2040 acin
1830 2010 2067 2049 Protetflionem,
2085 2011 2270 2051 Tuitionem,
2288 2015 2323 2044 ὃς
2340 2003 2375 2026 A,
2392 2000 2438 2064 ⁶2⁹,

1270 2047 1476 2080 Defenfionem
1489 2050 1545 2080 suas
1558 2049 1684 2089 speciales
1699 2051 1828 2078 Comitem
1845 2048 1877 2077 de
1892 2048 2091 2088 Vendofine,&
2106 2050 2241 2082 sexdecim
2258 2053 2324 2082 Per·
2381 2037 2417 2064 Μ’
2438 2058 2445 2063 “

1270 2087 1349 2121 sonas
1372 2088 1400 2117 in
1420 2087 1569 2118 Comitiva
1586 2087 1633 2118 sua
1653 2087 1869 2125 (cujuscumque
1888 2085 1981 2118 Status
1996 2088 2117 2125 fuerint)
2133 2091 2165 2121 ,δε
2183 2091 2326 2127 quandam
2346 2085 2382 2103 '⁷¹'
2397 2083 2424 2103 ²⁰

1270 2124 1391 2156 Navem
1404 2127 1460 2156 una
1475 2135 1544 2156 cum
1562 2124 1720 2156 Marinariis
1737 2124 1934 2156 sufficientibus
1948 2126 1977 2155 in
1992 2126 2089 2156 eadem
2106 2126 2203 2166 Navi,
2222 2130 2249 2158 in
2265 2128 2326 2159 Re-

1270 2173 1360 2204 gnum
1383 2162 1473 2204 Regis
1496 2163 1605 2203 Angliae
1626 2164 1808 2201 conjunCtim
1824 2164 1979 2202 veniendo,
1997 2164 2103 2194 ibidem
2120 2167 2274 2204 morando,
2292 2168 2327 2198 ὃ(

1270 2202 1371 2232 exinde
1392 2202 1577 2240 transeundo,
1597 2212 1650 2240 pro
1664 2200 1797 2233 Financia
1809 2201 1854 2232 sua
1871 2202 2038 2240 quaerenda,
2059 2203 2092 2233 &
2107 2205 2205 2234 eadem
2222 2206 2326 2235 Finan-

1270 2240 1317 2271 cia
1335 2241 1530 2280 persolvenda,
1548 2241 1575 2270 in
1590 2241 1699 2270 dictum
1713 2240 1850 2278 Regnum
1868 2239 1954 2279 Regis
1966 2241 2081 2278 Angliae
2099 2243 2254 2281 veniendo,
2271 2244 2327 2274 ibi-

1270 2278 1337 2348 de5n
1358 2279 1515 2347 ndomndo'
1529 2278 1563 2309 &
1583 2278 1687 2310 abinde
1702 2279 1793 2310 versus
1805 2277 1995 2318 quascumque
2010 2288 2099 2319 partes
2113 2282 2162 2311 libi
2177 2282 2327 2322 placuerit,

1270 2326 1300 2348 re
1319 2327 1373 2347 eun
1394 2327 1430 2355 ος
1679 2348 1682 2350 ,

1271 2388 1273 2390 ,
1306 2355 1426 2386 Proviso
1447 2355 1555 2395 semper
1575 2355 1654 2394 quod
1674 2354 1803 2386 Personae
1817 2355 1960 2394 praedictae
1973 2356 1999 2386 se
2013 2356 2085 2386 bene
2100 2358 2134 2388 &
2148 2358 2264 2389 honeste
2279 2359 2329 2390 ha-

1269 2394 1354 2425 beant
1374 2395 1407 2426 &
1427 2402 1523 2432 gerant
1546 2404 1613 2432 erga
1634 2394 1746 2432 Regem
1760 2393 1896 2425 &fideles
1908 2395 1988 2432 suos,
2006 2395 2109 2433 absque
2124 2396 2231 2435 aliquo,
2250 2399 2329 2436 quod

1270 2433 1300 2462 in
1319 2432 1516 2471 Praejudicium
1538 2434 1572 2464 &
1594 2431 1762 2470 Dampnum
1780 2432 1885 2470 Regis,
1900 2434 1933 2464 &
1950 2433 2086 2464 Fidelium
2102 2434 2254 2473 Ligeorum
2267 2437 2330 2467 suo-

1271 2480 1335 2501 rum
1356 2472 1457 2502 cedere
1481 2471 1585 2508 valeat,
1602 2471 1732 2501 faciendo
1751 2471 1796 2501 vel
1819 2471 2026 2510 attemptando,
2042 2481 2089 2502 aut
2107 2473 2199 2503 facere
2223 2475 2266 2505 vel
2287 2484 2328 2506 at-:

1271 2518 1409 2548 temptare
1429 2509 1643 2548 praesumendo,
1660 2510 1693 2540 &
1732 2508 1790 2539 uod
1810 2509 1939 2539 Personae
1953 2510 2096 2548 praedietae
2113 2512 2140 2540 in
2154 2512 2250 2551 Villis,
2268 2513 2327 2544 Ca-

1272 2547 1351 2585 stris,
1369 2549 1401 2579 &
1424 2548 1510 2578 Locis
1526 2547 1611 2586 Regis
1626 2548 1697 2578 infra
1743 2557 1851 2584 egnum
1864 2548 1942 2578 iiiurn
1958 2548 1981 2577 F
1983 2549 2083 2578 ranciae
2097 2549 2242 2581 existentes
2256 2552 2328 2582 obe·-

1270 2585 1408 2617 dientibus
1422 2609 1431 2624 ,
1456 2596 1504 2624 per
1523 2587 1550 2616 se
1571 2586 1613 2616 vel
1638 2596 1687 2624 per
1706 2586 1773 2616 alios
1793 2586 1895 2624 aliquid
1911 2609 1920 2624 ,
1944 2587 2020 2624 quod
2042 2596 2140 2617 conxra
2160 2589 2329 2625 Tradtatum

1272 2624 1296 2654 P
1306 2635 1349 2655 Ac
1363 2635 1375 2655 1
1386 2634 1398 2655 s
1431 2633 1449 2654 F
1463 2634 1475 2655 1
1487 2633 1509 2654 N
1519 2634 1539 2655 A
1549 2633 1569 2654 L
1583 2634 1596 2654 1
1608 2633 1619 2654 s
1649 2626 1719 2654 inter
1748 2623 1847 2664 Regna
1871 2624 1996 2654 Franciae
2022 2625 2054 2654 δε
2083 2626 2195 2664 Angliae
2219 2627 2331 2667 existit,

1271 2663 1345 2693 clam
1362 2664 1406 2694 vel
1423 2663 1513 2701 palam
1528 2663 1647 2692 minime
1662 2662 1785 2701 Dicant,
1802 2663 1950 2701 Scribant,
1966 2663 2011 2693 vel
2026 2661 2198 2703 procurent,
2325 2687 2328 2689 -

1310 2701 1348 2732 Et
1368 2702 1447 2741 quod
1463 2701 1512 2740 ipsi
1526 2701 1642 2739 aliquod
1658 2700 1825 2733 Castrorum
1840 2701 1944 2741 Regis,
1962 2701 1986 2731 F
1987 2701 2173 2733 ortalitiorum
2183 2724 2193 2741 ,
2211 2704 2255 2735 vel
2271 2705 2332 2735 Vil-

1269 2740 1359 2770 lamm
1381 2740 1571 2777 firmatarum,
1592 2746 1652 2770 non
1676 2740 1883 2776 ingrediantur,
1900 2739 2001 2777 absque
2021 2739 2078 2770 hoc
2098 2741 2176 2779 quod
2192 2742 2242 2779 ipfi
2259 2752 2332 2780 praec·

1272 2779 1358 2808 sentes
1380 2778 1486 2808 Litcras
1511 2777 1600 2817 Regis
1613 2777 1648 2808 de
1661 2777 1746 2808 Salvo
1761 2777 1935 2816 Conductu,
1955 2778 2128 2817 Capitaneis,
2145 2779 2331 2819 Gubernat03

1274 2817 1365 2855 ribus,
1382 2817 1428 2848 vel
1442 2815 1615 2847 Custodibus
1629 2816 1797 2847 eorumdem
1811 2816 1938 2856 primitus
1950 2814 2144 2847 demonstrent
2155 2840 2164 2856 ,

1311 2855 1380 2885 Nec
1400 2854 1480 2894 quod
1499 2855 1565 2893 ipsi,
1583 2854 1646 2892 post
1658 2853 1810 2886 introitum
1826 2855 1947 2885 suumin
1961 2854 2071 2884 dietum
2088 2855 2225 2890 Regnum
2243 2852 2331 2897 Regis

1273 2893 1417 2930 Franciae,
1435 2895 1465 2923 in
1479 2893 1576 2931 aliquo
1590 2892 1763 2931 Civitatum,
1782 2892 1966 2930 Castrorum,
1982 2892 2118 2923 Villarum
2133 2893 2155 2923 F
2157 2896 2330 2935 irmatarum,

1270 2933 1317 2962 vel
1338 2932 1548 2962 Fortalitiorum
1570 2931 1672 2970 Regis,
1690 2931 1740 2961 nisi
1763 2941 1812 2969 per
1833 2940 1919 2961 unam
1942 2930 2076 2961 Noctem
2090 2931 2250 2971 dumtaxat,
2266 2944 2331 2964 mo-

1271 2980 1444 3046 relgilrdubd
1458 3005 1593 3075 gaefatus
1612 3010 1704 3050 §omes
1726 3006 1890 3050 Financiam
1908 3006 1985 3037 suam
2003 3006 2167 3046 praedkstam
2186 3011 2213 3039 in
2233 3009 2328 3048 aliquo

1272 3046 1374 3084 Loco,
1391 3046 1442 3076 sub
1497 3046 1636 3076 bedientia
1653 3044 1741 3084 Regis
1755 3044 1904 3084 existente,
1921 3054 1981 3076 non
1995 3046 2120 3084 adquirat
2133 3057 2186 3079 nec
2202 3047 2330 3087 adquire—

1272 3095 1302 3115 re
1315 3084 1398 3114 faciat
1434 3085 1513 3114 uovis
1530 3083 1629 3113 modo.

1307 3123 1395 3154 Teste
1444 3131 1493 3161 ege
1510 3122 1584 3160 apud
1604 3120 1879 3163 Wstmonasterium,
1894 3131 1930 3152 xv
1945 3121 1989 3152 die
1999 3120 2078 3160 Julii.

1733 3203 1787 3232 Per
1805 3203 1898 3232 Breve
1915 3201 1948 3231 de
1961 3203 2080 3233 Privato
2097 3203 2195 3241 Sigillo.

1509 3339 1537 3366 ’Χῖ
1564 3340 1621 3371 Pro
1644 3334 1867 3383 Archiepiscopo
1894 3334 2091 3383 Burdegalen,
2348 3360 2478 3398 ,px-293·

1273 3423 1418 3486 REX,
1435 3423 1653 3455 Constabulario
1671 3419 1859 3460 Burdegaliae,
1884 3420 2138 3453 Contrarotulato'ri
2160 3423 2258 3455 nostro
2271 3426 2325 3456 ibi-
2341 3437 2405 3467 An„
2431 3436 2464 3468 D

1352 3464 1438 3501 dem,
1455 3464 1487 3493 &
1507 3471 1606 3493 eorum
1627 3460 1865 3492 Locatenentibus
1878 3483 1888 3498 ,
1913 3470 1946 3490 ac
1965 3461 2099 3491 omnibus
2119 3460 2269 3493 Officiariis
2292 3466 2324 3495 &
2365 3460 2435 3514 ¹453
2466 3459 2475 3468 ⁰

1275 3501 1417 3533 Ministris
1434 3500 1536 3531 nostris
1554 3500 1677 3537 ibidem,
1694 3498 1743 3538 qui
1755 3499 1832 3530 nunc
1846 3498 1923 3536 sunt,
1940 3498 1986 3529 vel
2000 3500 2047 3537 qui
2059 3509 2111 3539 pro
2126 3506 2253 3540 tempore
2266 3502 2325 3532 fue-
2342 3518 2383 3540 Aa
2401 3499 2447 3542 'h‘

1272 3542 1346 3578 rint,
1365 3541 1496 3571 Salutem.
2340 3556 2375 3580 H.
2392 3555 2418 3580 5·

1310 3578 1408 3610 Sciatis
1421 3578 1499 3617 quod
1510 3600 1520 3616 ,
1838 3613 1844 3619 ·
2344 3591 2407 3627 Vasc.
2428 3598 2439 3618 ¹

1309 3616 1391 3647 Cum
1414 3626 1446 3646 ex
1468 3625 1562 3653 parte,
1576 3614 1749 3645 Venerabilis
1770 3613 1858 3645 Patris
1892 3613 1996 3644 David
2011 3615 2208 3655 Archiepifc'opi
2220 3616 2325 3646 Burde-
2338 3633 2366 3656 H
2387 3631 2405 3655 5
2445 3614 2453 3621 “”

1266 3653 1366 3692 galiae,
1387 3655 1413 3684 iri
1426 3655 1566 3695 audientia
1579 3652 1702 3683 Concilii
1717 3651 1824 3689 nostri,
1843 3636 1939 3682 hlobis
1952 3653 1983 3682 sit
1997 3652 2140 3683 ostensum
2156 3655 2287 3692 qualiter,
2368 3650 2373 3657 “
2408 3651 2413 3656 ’

1306 3687 1370 3723 Ubi
1394 3693 1604 3729 Archiepilcopi
1627 3691 1747 3729 ibidem,
1772 3690 1989 3721 Ptaedecessores
2006 3691 2061 3729 sui,
2079 3703 2094 3722 a
2115 3702 2243 3729 tempore
2265 3703 2325 3730 quo

1271 3741 1328 3761 non
1349 3739 1423 3762 exrat
1446 3730 1597 3767 memoria,
1612 3730 1685 3765 iuxta
1708 3730 1863 3760 Libertates
1881 3730 1914 3759 &
1930 3728 2075 3767 Privilegia
2090 3730 2148 3767 sua,
2166 3731 2277 3761 fuerunt
2291 3733 2322 3761 in

1272 3768 1386 3809 pacifica
1406 3768 1524 3805 Seisina,
1541 3767 1729 3805 Poffeffione‚
1755 3767 1933 3805 Franchesia,
1958 3768 1991 3798 &
2011 3767 2152 3797 Libertate
2174 3768 2323 3799 Canonica'i

1271 3808 1305 3838 ad
1328 3805 1356 3837 V
1358 3807 1519 3838 endendum
1539 3807 1571 3836 &
1590 3805 1754 3836 Venditioni
1775 3807 1974 3843 exponendum
1996 3805 2068 3835 Vina
2082 3805 2124 3834 sua
2138 3808 2268 3843 propria,
2283 3807 2322 3837 de

1272 3846 1386 3881 Terris,
1406 3844 1588 3880 Redditibus,
1606 3846 1640 3876 &
1654 3843 1782 3874 Decimis
1795 3845 1862 3880 suis,
1881 3843 1912 3873 ad
1924 3843 2031 3873 dietam
2044 3843 2200 3874 Eccleliam
2219 3845 2321 3875 Burde-

1271 3884 1409 3924 galensem
1431 3884 1627 3919 pertinentibus
1641 3905 1650 3920 ,
1673 3883 1879 3922 provenientia,
1902 3881 1988 3910 libere
2008 3882 2041 3911 St
2061 3881 2161 3919 absque
2181 3881 2323 3915 Custumai

1272 3925 1316 3954 seu
1342 3921 1522 3960 Impositione
1535 3920 1626 3958 aliqua
1640 3931 1692 3958 pro
1707 3921 1808 3951 eisdem
1823 3919 1973 3956 solvendis,
1990 3927 2074 3956 prout
2087 3929 2135 3957 per
2149 3920 2240 3958 plures
2249 3923 2323 3953 anti-

1273 3971 1340 4001 quas
1357 3959 1514 3990 Evidentias
1528 3959 1630 3989 clarius
1643 3961 1743 3998 poterit
1759 3967 1904 3997 apparere,

1311 3998 1387 4029 Idem
1411 3996 1639 4036 Archiepifiopus‚
1657 3999 1710 4034 jam
1733 3997 1768 4027 de
1789 4005 1867 4026 novo
1887 4004 1935 4033 per
1946 3994 2062 4024 diversas
2076 3994 2275 4028 Ordinationes
2288 3999 2322 4029 &

1272 4037 1467 4075 Impositiones
1485 4035 1641 4073 Seculares,
1658 4035 1731 4072 apud
1747 4034 1952 4072 Burgedaliam,
1971 4042 2019 4070 per
2035 4032 2197 4065 Officiarios
2210 4035 2324 4067 nostros

1273 4076 1396 4114 ibidem,
1411 4084 1444 4106 ac
1466 4076 1550 4106 etiam
1570 4083 1619 4113 per
1638 4074 1698 4104 illos
1717 4071 1802 4103 Villae
1823 4071 1929 4141 nlofstrae
1951 4070 2122 4111 Burgedaliae
2133 4072 2234 4114 saetas,
2251 4084 2323 4106 con-

2285 4123 2329 4146 tra

2337 3676 2372 3694 m.
2393 3676 2433 3704 ¹3*-
