2562 4274
245 106 298 145 68
726 89 1983 147 ooNvENTtoNES‚L1TERAE‚

98 192 174 224 Arm.
188 189 230 221 D.
246 188 318 221 fimo
331 191 478 231 Principe,
495 190 625 230 Johanne
636 193 706 226 Rege
723 187 846 228 Castellae
863 187 901 223 ὠ·
917 191 1056 226 Legionis,
1071 194 1116 218 aut
1135 185 1250 223 praefato
1260 186 1310 222 Jo-
1345 180 1402 224 liis?
1426 181 1577 212 0003ίῖ0ΰέ
1596 180 1790 218 cautionum,
1810 179 2056 225 ?rqmiffionum,
2073 178 2312 222 obligationum,
2329 183 2412 217 Ven-
2426 186 2503 219 Ann.
2519 188 2562 222 D.·

124 238 211 269 1414,
244 227 334 272 hqnne
351 232 486 267 Roderici,
502 230 573 266 2150,
594 230 647 259 five
659 229 736 273 3153,
752 237 801 265 per
815 227 905 265 ipsum
921 226 1115 271 Dessutandss,
1130 224 1309 265 superTfeu-
1346 219 1510 257 ditionum,
1528 229 1582 250 nec
1601 220 1651 264 sub
1670 221 1767 251 colore
1788 220 1903 257 alicujus
1926 218 2148 258 praediCtorum,
2166 229 2220 250 nec
2235 221 2286 264 alia
2301 222 2361 262 via,
2378 223 2413 254 fi·
2445 235 2533 267 1414·

101 274 164 299 Hen.
181 278 210 305 5,
245 276 289 303 gl,
311 270 406 301 fiendis
423 271 492 298 jmer
514 269 574 296 No,
597 269 630 297 ὃς
653 265 736 306 ,pftm
755 268 850 303 Regem
865 289 876 304 ‚
901 264 1152 305 Comangumfflm
1177 263 1308 293 nostrum
1346 267 1383 288 ve
1397 257 1505 296 modo,
1522 266 1569 288 aut
1583 258 1640 290 alio
1654 260 1751 290 colore
1765 267 1959 298 quocunque,
1978 265 2109 296 tempore
2121 259 2299 297 praesentium
2314 260 2410 293 Treu-
2426 269 2489 296 Heu.
2510 276 2538 303 5-

77 2178 95 2195 ¹⁶
113 2181 168 2220 ix,

80 2223 138 2255 107.

247 305 445 344 Cariffimum,
464 305 633 342 nostrosque
646 304 780 335 Subditos
795 306 828 336 ὅ(
842 305 919 341 suOS,
939 312 995 334 tarn
1012 314 1061 344 per
1076 303 1308 340 Terram,quam

247 353 297 388 p'er
314 346 412 383 Mare,
431 344 465 374 ad
480 352 590 375 tantum
607 345 640 375 &
655 353 702 381 per
717 352 827 373 tantum
842 352 971 381 tempus,
989 352 1072 382 prout
1086 343 1157 372 inter
1167 340 1308 379 ipsosfue-

247 390 283 412 rit
296 384 501 415 concordatum
508 405 517 420 ‚

286 423 415 454 Necnon
428 421 463 451 ad
477 419 725 451 Concordandum
737 420 818 458 super
836 421 918 451 certis
931 420 990 450 Die
1013 420 1046 451 ὃς
1066 419 1169 455 Loco,
1183 416 1218 447 ad
1238 426 1309 456 quos

243 457 404 500 solempnes
421 459 636 490 Ambasfiatores
649 459 737 490 nostri
755 460 943 497 conveniant,
962 459 990 488 in
1007 457 1178 488 Confinibus
1191 455 1310 495 Regno-

245 512 309 533 rum
322 499 502 536 nostrorum,
519 507 589 528 cum
608 497 748 530 Potestate
764 497 913 529 sufficienti
934 497 967 526 ad
980 496 1219 532 Procedendum,
1237 503 1306 524 curn

245 538 500 572 Ambaffiatoribus
513 537 581 567 dieti
598 536 770 567 illustriffimi
790 536 929 573 Principis
950 535 1039 574 Regis
1053 533 1183 564 Castellae
1201 534 1234 563 &
1252 532 1308 562 Le-

247 578 338 618 gionis
358 575 570 615 Consanguinei
590 575 678 605 nostri
700 574 859 611 Carissimi,
875 574 953 613 super
968 573 1156 612 Reparatione
1175 571 1308 608 Attemp-

244 625 385 653 tatorum,
402 623 500 645 contra
513 614 640 653 Treugas
655 614 688 644 &
703 615 780 643 aliter
797 613 969 649 Fadiorum,
987 611 1139 642 secundum
1155 609 1233 650 quod
1253 609 1307 640 fuit

244 654 464 686 Concordatum
487 654 520 683 &
538 652 773 690 Appunctuatum
795 652 824 681 in
843 652 974 688 captione
996 651 1028 681 ὃς
1042 650 1154 680 datione
1173 648 1307 685 Treuga*

244 703 325 731 rum,
348 701 396 732 per
430 691 535 722 inclitae
558 692 706 720 memoriae
721 713 731 728 ,
756 692 903 719 Henricum
922 688 1082 727 Qartum,
1105 698 1142 718 nu
1180 697 1192 717 r
1210 690 1307 725 Regem

244 731 360 770 Angliae
380 714 418 766 (ζ’
441 732 579 767 Franciae,
600 728 820 766 Progenitorem
841 727 990 766 nostrum,
1005 727 1073 758 dieti
1096 725 1138 766 Jo
1159 729 1239 756 annis
1254 728 1308 755 Re-

242 775 284 810 gis
302 769 503 806 Avunculum,
521 769 584 798 alias
596 767 732 798 faCtarutn
745 768 778 798 &
790 765 996 796 concessarum.

284 808 352 839 Dat-
368 809 398 837 in
414 806 525 836 Palatio
540 804 625 847 nostro
641 805 747 846 Wesim.
769 805 853 836 tertio
870 804 916 835 die
938 804 1046 835 Mensis
1056 803 1198 843 Januarii,
1216 801 1306 835 Anno

245 846 348 886 Regni
362 845 450 877 nostri
466 844 575 876 Primo.

974 883 1018 911 W
1028 883 1064 911 A
1080 883 1108 910 K
1125 881 1152 909 E
1168 882 1204 909 R.

281 966 406 1005 Ipsarum
426 964 586 995 Literarum
609 963 725 1002 vigore,
743 972 775 993 ac
786 963 863 1000 juxta
886 962 919 993 ὃς
937 960 1092 991 secundum
1114 959 1252 990 Formam
1270 960 1304 991 &

245 1006 396 1036 Tenorem
411 1003 593 1039 earumdem,
609 1011 665 1038 ego
672 999 960 1039 JohannesRoderici,
980 998 1305 1030 Ambaffiator&Nun-

243 1045 303 1074 cius
322 1041 505 1080 supradictus,
524 1049 610 1077 cum,
629 1040 747 1077 praefato
764 1038 924 1070 Venerabili
938 1037 1025 1076 Viro,
1044 1037 1176 1067 Domino
1191 1037 1301 1077 Johan-

241 1093 294 1120 ne,
315 1081 425 1120 Legum
444 1079 593 1115 Docstore,
611 1077 680 1107 dieii
700 1075 875 1107 Illustriffimi
889 1076 1044 1114 Principis,
1064 1075 1187 1107 Domini
1201 1079 1305 1107 Henri-

240 1124 276 1148 cis
297 1123 374 1156 Regis
386 1117 499 1155 Angliae
522 1115 730 1146 Ambaffiatore
751 1116 785 1147 &
801 1114 941 1154 Nuncio,
962 1115 1115 1145 nonnullos
1136 1114 1303 1152 Trad‘tatus,

239 1158 486 1194 Consultationes,
505 1156 539 1186 &
559 1153 847 1185 communicationes
869 1153 967 1190 habui,
988 1153 1060 1190 feci,
1079 1154 1112 1184 &
1132 1154 1303 1192 interposui,

238 1198 331 1227 varios
351 1198 384 1227 &
397 1195 533 1232 diversoS,
550 1193 586 1223 de
600 1193 633 1224 &
648 1193 728 1231 super
749 1191 875 1224 Materiis
892 1194 925 1224 &
941 1191 1077 1231 Negotiis
1092 1193 1182 1223 michi
1204 1195 1237 1224 ἃ
1253 1193 1302 1223 libi

240 1233 398 1267 commiffis
408 1257 417 1272 ,
435 1242 465 1264 ut
479 1233 642 1272 praefertur,

403 1282 448 1302 em

279 1272 673 1342 ffiuiissdCorifiderationibus
687 1307 895 1339 rationabilibus
906 1317 941 1338 ex
955 1316 1071 1352 utraque
1078 1307 1161 1339 Parte
1174 1308 1300 1339 circum-

238 1350 355 1390 spetstis,
373 1349 585 1380 Deliberatione
596 1348 674 1386 super
687 1347 738 1376 hiis
753 1346 903 1386 praehabita
918 1347 1057 1385 diligenti,

274 1389 323 1420 Ad
337 1388 492 1420 Honorem
508 1387 584 1424 Dei,
603 1387 714 1424 ejusque
727 1385 862 1416 Eccleiiae
875 1385 1064 1415 Sacrosaneiae
1079 1384 1230 1416 Unitatem
1239 1408 1249 1424 ,

275 1428 321 1459 Ac
334 1428 368 1458 ad
384 1425 549 1458 evitandum
562 1426 707 1464 Sanguinis
721 1423 848 1454 Humani
865 1422 1035 1453 effusionem
1046 1446 1055 1461 ,

274 1467 409 1497 Necnon
423 1476 475 1503 pro
496 1466 576 1494 bono
595 1464 756 1494 Communi
771 1464 803 1493 &
819 1462 951 1492 Utilitate
969 1461 1025 1492 Rei
1043 1461 1164 1499 publieae
1177 1461 1298 1502 Regno-

237 1515 300 1536 rum
315 1506 348 1536 ὃς
361 1504 571 1534 Dominiorum
588 1501 728 1540 utriusque
740 1499 988 1531 Serenisfimorum
1004 1500 1135 1539 Regum,
1151 1511 1183 1531 ac
1192 1501 1296 1532 Subdi-

235 1553 331 1574 torum
346 1544 378 1575 ὃς
394 1542 579 1573 Vaffallorum
590 1541 765 1577 eorundem,
782 1540 815 1570 δε
829 1547 858 1569 ut
873 1549 953 1569 verus
970 1540 1002 1569 δε
1020 1539 1112 1569 bonus
1121 1540 1214 1569 Amor
1231 1550 1295 1571 mu-

236 1592 315 1620 tuuS,
334 1584 367 1613 ὃς
387 1582 538 1617 Amicitia,
558 1589 640 1617 atque
662 1587 739 1613 grata
761 1576 947 1607 Conversatio
971 1578 1087 1616 nutriri,
1105 1580 1296 1618 augmentari,

236 1621 357 1659 firmari,
376 1622 409 1651 6:
429 1619 587 1650 continuari
605 1616 726 1654 possint,
745 1617 816 1647 inter
831 1615 901 1653 ipsos
914 1615 1110 1647 Sereniffimos
1125 1616 1237 1656 Reges,
1253 1619 1296 1656 ip-

236 1660 387 1698 sorumque
400 1658 536 1688 Subditos
549 1657 583 1686 ὅσ
597 1655 749 1692 Vaffallos,

271 1699 404 1729 Necnon
422 1705 450 1726 ut
465 1694 652 1726 Mercandisae
665 1695 744 1725 suum
760 1692 866 1733 poss‘int
878 1700 972 1724 tenere
986 1691 1111 1724 Cursum
1123 1692 1253 1725 securum
1261 1704 1296 1726 ex

241 1737 357 1775 utraque
377 1735 504 1766 Patrium
521 1758 530 1772 ,
556 1743 613 1764 tarn
635 1743 684 1773 per
703 1732 844 1771 Terram,
867 1733 952 1771 quarn
979 1741 1029 1770 per
1055 1731 1154 1771 Mare,
1169 1740 1299 1774 ternpore

236 1776 412 1807 Guerrarum
427 1773 560 1810 durante,

268 1814 318 1845 De
345 1814 497 1844 communi
510 1811 699 1848 avisamento,
717 1818 820 1842 mutuo
840 1809 946 1841 affensu
966 1810 1068 1849 pariter
1089 1810 1123 1841 &
1142 1811 1294 1853 consensu,

229 1855 287 1885 mei
308 1852 448 1891 Johannis
462 1851 600 1889 Roderici,
616 1849 829 1881 Ambaffiatoris
842 1848 899 1879 five
913 1847 1026 1879 Nuncii
1047 1849 1132 1888 dieti,
1151 1849 1296 1883 Sereniffi-

230 1893 272 1923 mi
295 1891 451 1928 Principis,
470 1889 595 1920 Domini
612 1889 688 1928 mei,
706 1891 785 1926 Regis
801 1886 924 1928 Castellae
943 1885 980 1922 ό·
1000 1889 1144 1926 Legionis,
1161 1899 1296 1930 necnon,

226 1931 298 1962 dieti
315 1929 489 1960 Venerabilis
500 1928 581 1966 Viri,
598 1927 724 1958 Domini
738 1925 898 1966 Johannis,
918 1925 1030 1965 Legum
1043 1926 1201 1967 Dmstoris,
1219 1929 1296 1960 Am-

228 1969 380 2036 baffizlitoris
398 1968 455 1999 five
469 1966 601 2006 Nuncii,
619 1966 688 1997 dieti
711 1963 882 1998 Sereniffimi
899 1964 1055 2005 Principis,
1075 1964 1201 1998 Domini
1215 1971 1293 2008 Regis

227 2012 282 2039 An
309 2011 343 2037 iae

266 2019 332 2087 Eggo
346 2029 493 2085 Johannes
506 2045 646 2083 Roderici,
664 2043 854 2075 Ambaffiator
868 2043 925 2075 five
936 2042 1073 2075 Nuncius
1087 2044 1234 2085 praefatus,
1252 2046 1292 2078 fe-

229 2086 276 2126 ci,
293 2085 446 2116 accordavi
459 2108 470 2124 ,
488 2085 521 2116 &
536 2085 601 2122 inii,
618 2093 668 2122 ac,
687 2082 874 2114 Praesentium
888 2082 1024 2121 Tenore,
1042 2083 1134 2122 facio,
1149 2085 1292 2124 accordo‚

229 2126 264 2157 &
287 2125 374 2162 ineo,
391 2123 464 2154 Vice
488 2125 521 2155 &
542 2122 694 2159 Nomine,
719 2122 788 2153 dieti
807 2120 981 2152 Sereniffimi
994 2120 1150 2161 Principis,
1169 2122 1293 2155 Domini

227 2165 304 2202 mei,
324 2163 343 2183 '¹‘
359 2161 501 2201 Johannis
515 2164 591 2200 Regis
605 2160 728 2202 castellae
743 2159 782 2195 ὠ·
796 2163 936 2200 Legionis,
955 2160 989 2190 &
1005 2170 1058 2199 pro
1076 2161 1151 2201 ipso,
1169 2172 1203 2194 ac
1225 2173 1291 2194 om-

223 2203 306 2234 nibus
319 2202 353 2234 &
369 2201 480 2241 lingulis
486 2201 592 2240 Regnis
600 2199 731 2230 Castellae
743 2199 776 2230 &
785 2199 924 2237 Legionis
933 2222 943 2238 ‚
956 2197 1055 2230 Terris
1066 2223 1076 2238 ,
1096 2199 1208 2240 Patriis,
1216 2201 1292 2234 Ter-

225 2241 346 2279 ritoriis,
373 2239 558 2276 Civitatibus,
584 2237 683 2276 Villis,
708 2237 832 2277 Castris,
855 2237 1018 2276 Fortalitiis,
1045 2238 1167 2279 Opidis,
1192 2242 1226 2272 &
1241 2252 1293 2273 eo-

224 2290 289 2311 rum
309 2279 474 2317 Suburbiis,
489 2279 517 2308 in
531 2277 776 2316 jurisdictionibus
791 2285 837 2308 aut
858 2275 1060 2315 Distrietibus,
1078 2277 1146 2309 dicti
1170 2278 1292 2312 Serenis-

225 2320 287 2351 simi
299 2318 453 2356 Principis,
472 2317 595 2347 Domini
611 2316 684 2354 mei,
703 2314 845 2353 Johannis
869 2317 947 2352 Regis
966 2318 1005 2345 Ca
1029 2315 1088 2346 ellae
1110 2316 1149 2352 ῤ’
1167 2320 1292 2356 Legionis

223 2357 403 2395 constitutis,
427 2355 532 2395 suisque
552 2354 677 2385 Vaffallis
699 2355 733 2384 &
755 2353 878 2384 Subditis
912 2353 983 2384 Boni
996 2364 1050 2392 que
1069 2356 1103 2386 δε
1120 2355 1220 2388 Rebus
1242 2358 1291 2389 suis

226 2395 439 2435 quibuscunque
455 2419 464 2432 ,
489 2394 545 2424 una
570 2403 656 2430 cum,
674 2392 837 2423 Venerabili
860 2377 952 2431 Viro,
978 2392 1114 2425 Domino
1137 2394 1288 2436 Johanne,

227 2437 341 2472 Legum
357 2434 507 2470 Doctore,
525 2431 730 2462 Ambaffiatore
743 2431 776 2462 &
790 2431 912 2461 Nuncio
928 2431 1061 2470 praefato,

264 2473 325 2511 Qii
337 2474 422 2503 etiam
437 2481 570 2508 mecum,
589 2470 707 2501 Vice&
728 2469 878 2507 Nomine,
895 2469 964 2500 dieti
986 2469 1157 2501 Sereniffimi
1178 2472 1290 2504 Princi-

251 2512 287 2549 is,
305 2511 430 2540 Domini
450 2513 560 2540 Heiirici
574 2512 651 2546 Regis
664 2507 793 2545 Angli'ae,
811 2518 863 2547 pro
879 2508 957 2546 ipso,
973 2518 1006 2537 ac
1030 2508 1137 2548 Regno
1161 2512 1289 2551 Angliae,

228 2520 346 2580 Lucam
362 2549 576 2585 Acqtiitanniae,
591 2547 707 2584 Terris,
726 2545 842 2584 Patriis,
859 2545 1040 2583 Territoriis,
1054 2546 1214 2587 Dominiis,
1236 2550 1290 2581 Ci-

228 2589 377 2622 vitatibus,
397 2586 493 2624 Villis,
512 2585 616 2616 Castris
651 2585 814 2623 Fortalitiis,
829 2584 947 2623 Opidis,
965 2585 997 2614 ὅτ,
1015 2594 1117 2616 eorum
1131 2587 1288 2627 Suburbiis,

228 2628 258 2657 in
278 2625 522 2664 Jurisdiffionibus
543 2633 590 2654 aut
612 2608 824 2664 bistric‘tibus,
839 2622 909 2653 dieti
935 2622 1108 2653 Serenissimi
1131 2623 1288 2665 Principis,

229 2667 340 2695 Domini
354 2666 430 2700 Regis
449 2661 561 2699 Angliae
575 2661 751 2699 constitutis,
768 2662 873 2697 iuiique
890 2660 1017 2691 Vassallis
1031 2661 1210 2702 &Subditis,
1231 2664 1286 2695 Bo-

227 2703 324 2740 nisque
338 2703 370 2732 &
388 2702 485 2731 Rebus
499 2700 551 2731 suis
566 2699 777 2739 quibuscunque
790 2722 799 2737 ,
818 2699 886 2730 fecit
897 2722 906 2736 ,
923 2699 1101 2738 accordavit,
1120 2703 1154 2733 &
1170 2703 1251 2741 iniit,

265 2741 372 2778 Bonas,
391 2739 482 2770 firmas
497 2739 530 2769 &
551 2738 724 2769 inviolabiles
741 2738 868 2777 Treugas
890 2737 1043 2775 generales,
1060 2738 1234 2771 Sufrentiam
1252 2742 1286 2773 &

227 2779 347 2811 Guerrae
365 2778 569 2809 Abstinentiatn
604 2785 660 2807 tarn
676 2776 865 2814 perTerram,
884 2777 970 2814 quam
984 2785 1033 2815 per
1044 2775 1142 2816 Mare,
1161 2789 1213 2816 pro
1227 2790 1286 2810 uno

227 2819 333 2853 Anno,
351 2818 504 2854 incipiente
518 2817 553 2845 ab
565 2800 641 2846 ὀΐω
657 2814 746 2853 Solis,
763 2814 830 2844 Diei
852 2814 1056 2845 Purificationis
1074 2816 1162 2847 beatae
1185 2817 1287 2849 Mariae

227 2857 351 2896 Virginis
365 2857 498 2894 proximo
515 2855 599 2885 futuri
635 2853 718 2892 usque
733 2853 767 2883 ad
781 2852 925 2883 Occasum
940 2853 1012 2884 Solis
1027 2853 1093 2885 Diei
1109 2854 1285 2887 Purificatio-

228 2897 271 2926 nis
284 2896 369 2925 dietae
384 2897 471 2925 beata:
487 2893 588 2923 Mariae
634 2894 656 2922 ir
679 2894 729 2922 inis
744 2892 829 2922 Anno
840 2892 989 2929 revoluto,
1008 2894 1056 2930 qui
1078 2894 1128 2923 etit
1148 2897 1182 2924 de
1199 2896 1286 2926 Anno

229 2936 263 2966 &
284 2933 442 2964 Nativitate
463 2931 586 2962 Domini
609 2902 781 2969 Miiiefimo,
800 2929 1104 2970 Qadringenteiimo,
1125 2932 1288 2971 Qartode-

229 2975 328 3010 ciino,
343 2972 499 3007 duraturas,

266 3011 341 3041 ΙΤΕ
353 3019 392 3047 Μ,
413 3009 511 3048 quod,
534 3008 698 3039 durantibus
716 3007 797 3050 distis
812 3007 952 3047 Treugis,
975 3007 1112 3040 Sufrentia
1131 3009 1165 3040 &
1189 3010 1288 3041 Absti-

229 3049 326 3081 nentia
349 3048 488 3085 Guerrae,
512 3047 619 3077 ccii'ent
638 3048 670 3077 &
691 3047 852 3083 celiabunt,
891 3056 919 3075 er
940 3046 1049 3077 dietum
1072 3047 1286 3080 Sereniffimum

227 3089 408 3128 Principem,
430 3086 592 3116 Dominum
606 3088 700 3123 Regem
715 3083 836 3125 Castellae
855 3056 894 3119 g»
916 3087 1058 3123 Legionis,
1075 3086 1142 3116 suos
1156 3098 1191 3118 ue
1210 3087 1285 3119 Sub-

228 3128 303 3158 ditos
318 3129 350 3157 ὅς
367 3126 391 3155 V
395 3125 517 3162 assallos,
536 3133 639 3153 omnes
656 3124 690 3154 ὅσ
710 3123 825 3161 fingulae
844 3122 949 3161 Prisae,
966 3123 1134 3163 Captiones,
1178 3126 1285 3157 ersona-

227 3176 306 3204 rum,
332 3164 543 3202 Navigiorum,
565 3161 823 3198 Mercandisarum,
838 3171 870 3191 ac
893 3163 1025 3192 omnium
1045 3163 1165 3193 aliorum
1187 3164 1286 3194 Bono-

227 3214 292 3234 rum
313 3207 569 3241 quorumeunque,
587 3199 656 3230 dieti
679 3199 850 3230 Sereniffimi
879 3199 1037 3239 Principis,
1062 3201 1185 3231 Domini
1204 3207 1282 3242 Regis

229 3241 360 3279 Angliae,
377 3241 421 3271 seu
437 3240 621 3271 Subditorum
636 3240 669 3268 &
688 3238 873 3268 Vasiallorum
892 3237 1022 3276 suorum,
1039 3249 1155 3270 necnon
1175 3239 1286 3273 Civita-

226 3289 307 3316 tum,
325 3279 508 3316 Castrorum,
527 3278 755 3313 Fortalitiorum,
775 3276 928 3315 Villarum,
946 3277 979 3307 &
1000 3278 1119 3307 aliorum
1134 3278 1283 3311 Locorum

250 3327 483 3355 uorumcunque,
500 3316 568 3346 dieti
582 3314 750 3346 Sereniffimi
766 3314 860 3345 Princi
883 3316 920 3352 is,
938 3314 1060 3345 Domini
1074 3320 1149 3353 Regis
1164 3318 1287 3358 Angliae,

228 3356 414 3388 bubditorum
437 3357 470 3386 &
495 3353 682 3384 Vaflallorum
704 3353 833 3391 suorum,
894 3353 1072 3384 emolitiones
1097 3353 1287 3396 Domorum,

229 3395 404 3431 Murorum,
423 3393 456 3423 ὃ(
475 3391 655 3430 Camporum
673 3391 911 3429 Combustiones,

266 3434 334 3464 Nec
349 3441 430 3461 erunt
445 3431 533 3469 aliqua
557 3429 671 3467 Castra,
690 3429 790 3467 Villae,
807 3440 860 3460 nec
874 3431 961 3469 aliqua
978 3430 1137 3469 Fortalitia,
1156 3433 1201 3463 seu
1225 3433 1287 3464 Lo-

229 3483 278 3504 cus
305 3472 372 3501 alius
396 3470 573 3507 quicunque,
595 3468 665 3499 disti
690 3468 859 3498 Serenissimi
888 3468 1045 3507 Principis,
1064 3469 1187 3501 Domini
1209 3474 1286 3509 Regis

227 3510 361 3548 Angliae,
385 3508 570 3538 Subditorum
593 3516 639 3538 aut
660 3506 845 3537 Vassallorum
863 3508 994 3545 suorum,
1019 3507 1152 3546 Obsessa,
1179 3510 1290 3540 Affalli—

233 3559 275 3588 ta,
300 3547 463 3585 Debellata,
488 3547 677 3583 necpublice
694 3545 739 3575 seu
759 3545 930 3576 clandestine
954 3546 1093 3585 Escalata,
1119 3557 1166 3579 aut
1182 3549 1287 3579 furtive

229 3589 320 3626 Capta
331 3610 340 3625 ,

267 3626 398 3656 Necnon
411 3632 511 3654 omnes
524 3622 583 3651 alim
597 3622 713 3651 Pillariae
723 3644 732 3659 ,
748 3621 902 3660 Roberiae,
919 3623 975 3652 five
990 3621 1236 3662 Depraedationes,
1255 3625 1289 3655 &

229 3666 329 3695 omnia
349 3664 402 3694 alia
415 3662 502 3692 Facta
517 3659 653 3698 Guerrae,
668 3669 726 3689 tam
746 3660 775 3689 in
789 3660 896 3697 Terra,
911 3661 998 3698 quam
1018 3663 1048 3691 in
1065 3661 1158 3700 Mari,
1177 3664 1211 3694 &
1231 3672 1288 3693 tarn

231 3705 260 3732 in
274 3704 381 3740 Portu,
398 3701 485 3739 quam
499 3707 573 3728 extra
586 3698 705 3729 Portum
715 3719 724 3735 ‚
742 3699 908 3729 ceffimtibus
924 3699 1059 3729 omnibus
1071 3700 1168 3731 fraude
1183 3702 1216 3733 δί
1232 3711 1291 3732 ma-

234 3742 264 3771 lo
284 3743 312 3771 in
337 3742 410 3770 enio.

267 3752 340 3809 Iria
350 3787 394 3815 M,
412 3776 510 3816 quod,
528 3784 656 3813 tempore
667 3774 805 3804 dietarum
823 3775 1002 3813 Treugarum
1021 3775 1151 3815 durante,
1169 3787 1228 3808 non
1243 3788 1292 3809 ca-

230 3819 337 3854 piantur
351 3826 416 3854 pet,
434 3816 546 3846 dicium
563 3813 774 3844 Serenillimum
791 3812 973 3852 Principem,
990 3813 1154 3845 Dominum
1172 3826 1290 3855 meum,

228 3858 324 3892 Regem
341 3854 460 3894 Castellae
479 3853 517 3889 ὠ
536 3855 662 3890 Legionis
679 3875 688 3890 ,
710 3861 757 3882 aut
776 3851 908 3881 Subditos
925 3852 958 3882 &
975 3851 1110 3883 Vassallos
1128 3853 1206 3892 suos,
1239 3855 1287 3885 ali-

227 3903 284 3930 qua
303 3893 443 3930 Navigia,
462 3891 608 3929 Personae,
629 3889 835 3928 Mercandisae,
860 3897 906 3919 aut
925 3890 974 3920 alia
995 3889 1072 3921 Bona
1095 3901 1288 3931 quaecunque,

231 3932 299 3960 dieti
318 3930 486 3960 Screniffimi
505 3930 642 3967 Principis
655 3952 664 3967 ,
691 3928 815 3959 Domini
833 3931 908 3965 Regis
927 3928 1055 3967 Angliae,
1078 3938 1124 3960 aut
1149 3931 1286 3961 Subdito-

231 3978 297 3998 rum
320 3969 353 3998 ὃς
378 3967 563 3998 Vasllillorum
590 3969 722 4006 suorum,
748 3969 776 3996 in
795 3966 905 4004 Teraa,
933 3976 987 3996 nec
1006 3968 1035 3996 in
1054 3966 1154 4008 Mari,
1181 3979 1235 4000 nec
1259 3971 1289 4000 in

234 4006 343 4050 Portu,
357 4014 411 4036 nec
423 4013 499 4036 extra
510 4006 648 4044 Portum,
671 4015 725 4044 pro
746 4004 886 4044 Marcha,
904 4003 1142 4044 Contramarcha,
1160 4007 1290 4046 Reprisa-

1366 305 1447 325 arum
1461 296 1586 326 durante.

1346 304 1453 378 g‘ITi:
1464 343 1512 378 M,
1528 335 1608 378 qued
1625 345 1727 367 omnes
1743 336 1777 367 δε
1796 334 1894 374 finguli
1914 333 2027 364 Subditi
2040 334 2074 365 &
2087 333 2220 375 vairam,
2240 335 2312 368 dieti
2328 337 2412 369 Sere-

1341 371 1446 402 niffirni
1465 373 1602 411 Principis
1615 396 1625 412 ,
1652 374 1776 404 Domini
1800 376 1877 411 Regis
1900 371 2031 410 Angliae,
2053 381 2184 412 tempore
2206 375 2409 415 praediCiarum

1343 410 1478 449 durante,
1503 412 1608 448 poffint
1626 414 1665 442 ire
1680 423 1713 443 ac
1734 413 1861 450 tranfire,
1881 412 1972 442 facere
1998 411 2032 442 &
2058 411 2129 442 stare
2152 414 2182 443 in
2200 415 2281 445 dietis
2299 414 2408 456 Regnis

1345 447 1476 492 Cast-ellae
1499 451 1532 480 δε
1555 451 1707 489 Legionis,
1721 450 1836 489 Patriis,
1854 450 1970 487 Terris,
1989 450 2169 489 Territoriis,
2187 452 2221 482 &
2245 452 2408 494 Dominiis,

1344 486 1414 516 dieti
1427 487 1600 530 Sereniffimi
1615 488 1771 528 Principis,
1791 488 1914 520 Domini
1929 489 2001 524 mei,
2018 490 2097 526 Regis
2115 489 2238 530 Castellae
2251 490 2290 527 ὀ·
2305 495 2406 532 Legio-

1343 527 1402 563 nis,
1420 525 1579 569 supradiffis
1597 527 1828 566 quibuscunque,
1846 536 1906 558 tam
1921 529 1951 557 in
1967 526 2073 566 Terra,
2090 531 2175 566 quam
2188 529 2219 559 in
2236 528 2333 569 Mari,

1379 564 1417 594 Et
1431 565 1467 594 de
1479 564 1583 595 eisdem
1595 568 1624 595 se
1634 567 1776 596 abrentare
1790 567 1823 597 &
1837 567 1927 596 redire
1949 567 2052 596 totiens
2069 567 2198 604 quotiens
2217 568 2355 609 placebis,

1380 601 1512 633 Necnon
1528 602 1717 634 Mercandisas
1732 605 1820 634 licitas
1833 605 1866 634 δε
1881 614 1941 634 non
1954 604 2107 644 prohibitas
2121 605 2229 646 facere,

1382 641 1523 683 Vistualia
1530 664 1541 680 ,
1558 642 1688 680 quotiens
1700 652 1772 682 opus
1783 643 1854 680 erit,
1869 652 1963 673 emere
1978 643 2037 673 five
2050 652 2217 683 comparare
2230 644 2307 676 salvo
2319 645 2354 678 &
2364 646 2406 679 se·

1341 680 1426 718 cure,
1443 681 1544 722 abique
1557 680 1664 711 offensa
1679 679 1818 718 Corporis
1836 680 1882 710 vel
1900 680 2066 719 Bonorum,
2081 681 2218 714 solvendo
2230 683 2337 716 Debita
2344 684 2407 716 Re-

1342 718 1429 761 galia,
1448 722 1493 787 {5⁰
1507 728 1684 758 quaecunque
1698 719 1750 750 alia
1760 718 1883 764 Deveria
1897 719 2025 758 antiqua,
2041 720 2075 751 &
2087 720 2152 752 alias
2165 720 2337 762 Custumas,
2351 724 2406 755 sol-

1343 766 1372 786 vi
1388 766 1445 787 con
1459 765 1522 788 ueta

1380 794 1435 834 Et,
1454 781 1617 834 geneialiter
1643 798 1677 829 &
1696 795 1912 835 particulariter,
1929 795 2017 826 nichil
2040 795 2106 836 fiet,
2124 798 2156 828 in
2173 798 2281 839 Terra,
2303 802 2404 832 necin

1345 832 1438 873 Mari,
1455 844 1504 874 per
1537 836 1648 867 difitum
1665 834 1878 867 Sereniffimum
1898 833 2083 873 Principem,
2101 835 2266 869 Dominum
2283 848 2384 871 meum

1342 875 1438 917 Regem
1457 858 1578 914 Castellae
1596 873 1634 910 ό·
1652 877 1797 912 Legionis,
1822 882 1877 904 nec
1897 881 1948 915 per
1967 872 2100 904 Subditos
2120 875 2154 906 δε
2173 875 2308 908 Vaffallos
2325 861 2406 918 suos:

1340 909 1387 941 seu
1406 913 1529 949 ipsorum
1542 914 1678 950 alterum,
1695 922 1812 949 contra,
1828 911 1998 950 praedistum
2007 910 2222 944 Sereniffimum
2230 913 2408 956 Principem,

1341 947 1508 992 Dominum
1525 954 1621 988 Regem
1634 951 1765 989 Angliae,
1782 959 1830 982 aut
1845 958 1947 981 contra
1961 950 2083 990 aliquem
2098 950 2251 982 Subditum
2264 953 2312 984 seu
2327 955 2404 987 Sub-

1340 985 1415 1019 ditos
1431 991 1512 1027 iuos,
1530 989 1576 1019 seu
1593 989 1717 1028 ipsorum
1741 990 1819 1021 Bona
1836 999 2016 1029 quaecunque
2029 1013 2040 1027 ,
2065 989 2237 1028 quacunque
2257 991 2341 1023 causa
2358 994 2404 1025 seu

1340 1026 1508 1070 occasione,
1528 1028 1605 1066 quod
1624 1027 1655 1059 fit
1676 1029 1705 1058 in
1725 1029 1901 1059 contrarium
1924 1028 2104 1066 praesentium
2123 1028 2321 1068 Treugarutn,
2338 1030 2405 1062 Suf-

1340 1064 1465 1108 ferentrae
1484 1068 1517 1098 &
1532 1066 1721 1097 Abstinentiae
1733 1066 1875 1104 Guerrae,
1894 1075 2026 1104 tempore
2040 1066 2163 1104 ipfiirum
2178 1068 2312 1108 durante,

1376 1103 1412 1134 Et
1428 1107 1446 1134 ίι
1466 1105 1556 1143 (quod
1571 1106 1651 1142 abiit)
1671 1114 1798 1142 tempore
1811 1104 1932 1141 ipsarum
1952 1105 2133 1144 Treugarum
2147 1106 2265 1138 durante
2277 1130 2288 1146 ,
2313 1108 2405 1147 aliqua

1338 1140 1485 1181 Personae,
1501 1143 1642 1183 Navigia,
1662 1142 1865 1179 Mercandifae,
1887 1151 1934 1173 aut
1951 1143 2040 1182 aliqua
2057 1144 2107 1174 alia
2126 1143 2224 1184 Bona,
2242 1145 2300 1176 five
2320 1147 2402 1179 Loca

1337 1190 1515 1220 quaecunque
1530 1181 1632 1214 fuerint
1646 1181 1738 1220 Capta
1757 1182 1812 1212 sive
1825 1180 1944 1220 Captae,
1961 1181 2007 1212 seu
2022 1181 2126 1220 aliquid
2143 1183 2220 1215 aliud
2237 1185 2400 1224 Attempta-

1336 1227 1416 1257 tum,
1432 1230 1480 1258 per
1494 1219 1625 1251 Subditos
1639 1222 1672 1252 &
1689 1220 1836 1258 VaffaHOS,
1852 1219 1922 1250 dieti
1937 1219 2107 1250 Sereniffimi
2115 1220 2254 1261 Principis
2287 1224 2398 1256 Domi-

1336 1259 1365 1287 ni
1382 1262 1455 1297 mei,
1473 1259 1561 1304 Regis
1581 1259 1712 1290 Castellae
1726 1260 1766 1303 .&
1782 1258 1937 1296 Legionis,
1952 1266 2050 1289 contra
2069 1257 2200 1298 dietum,
2216 1262 2235 1280 '¹‘
2251 1246 2396 1294 {ereniffi-
2413 1253 2431 1271 ἦ
2450 1255 2504 1282 lx·

1335 1306 1418 1327 mum
1434 1298 1620 1336 Pnncrpem,
1639 1297 1804 1329 Dominum
1816 1300 1911 1335 Regem
1928 1297 2064 1335 Anghae,
2080 1297 2196 1338 suosque
2213 1298 2348 1332 Subditos
2361 1303 2395 1334 &
2417 1292 2479 1320 ¹08·

1336 1333 1487 1377 Vaffallos,
1507 1338 1556 1381 seu.
1572 1338 1696 1376 ipsorum
1711 1337 1855 1375 aliquem,
1869 1344 1970 1367 contra
1989 1335 2136 1373 praedistas
2155 1338 2234 1368 Treu
2254 1348 2299 1378 as,
2317 1340 2400 1379 quod

1333 1373 1413 1418 ldem
1429 1375 1622 1406 Serenissimus
1636 1375 1788 1415 Princeps,
1807 1375 1953 1405 Dominus
1967 1384 2064 1412 meuS,
2080 1378 2141 1405 Rex
2151 1347 2273 1415 easteffae
2286 1376 2326 1413 &0
2343 1381 2400 1409 Lo-

1329 1417 1432 1451 gionis,
1457 1424 1505 1453 per
1526 1414 1579 1451 Se,
1602 1424 1649 1445 aut
1670 1414 1828 1453 Deputatos
1849 1413 1894 1444 seu
1914 1413 2119 1452 Deputandos‚
2138 1413 2303 1447 officiarios
2318 1419 2399 1457 suos,

1333 1451 1379 1494 illa
1394 1452 1476 1482 faciat
1491 1453 1576 1492 plene
1593 1453 1713 1484 Restitui
1728 1455 1762 1484 &
1785 1453 1956 1491 Repparari,
1975 1454 2028 1483 una
2047 1462 2115 1482 cum
2137 1452 2293 1491 Dampnis‚
2315 1455 2402 1487 Sum-

1333 1490 1445 1534 ptibus,
1461 1492 1494 1522 &
1514 1491 1666 1530 Expenfis,
1685 1502 1719 1522 ac
1741 1491 1958 1530 Malefaetores‚
1996 1501 2027 1522 er
2040 1491 2133 1528 ipsum
2145 1501 2192 1523 aut
2212 1494 2305 1524 dietos
2319 1494 2399 1526 Offi-

1331 1537 1432 1572 ciatios
1445 1529 1523 1567 suos,
1542 1530 1698 1561 Puniantur
1715 1531 1747 1562 &
1762 1528 1949 1569 Corrigantur
1977 1529 2123 1561 ecundum
2142 1531 2317 1568 exigentiam
2335 1532 2397 1565 Ca-

1332 1577 1394 1606 sus,
1406 1568 1579 1611 ‘cessantibus
1591 1570 1621 1599 in
1637 1570 1773 1599 omnibus
1793 1568 1949 1608 praediCtis,
1968 1569 2003 1599 &
2025 1568 2150 1608 ipsorum
2171 1570 2316 1611 quolibet,
2334 1573 2397 1605 tota

1333 1605 1512 1646 duplicitate,
1532 1607 1645 1644 iraude,
1663 1608 1696 1638 &
1713 1608 1790 1638 malo
1802 1608 1929 1645 ingenio.

1369 1644 1441 1675 tri:
1451 1654 1496 1683 M,
1513 1646 1611 1689 quod,
1628 1654 1744 1684 propter
1758 1646 1849 1684 aliqua
1864 1644 2036 1684 Forisfaeta,
2055 1644 2230 1686 Captiones‚
2248 1647 2398 1690 Roberias,

1332 1681 1387 1713 five
1402 1683 1650 1722 Depraedationes,
1665 1693 1711 1715 aut
1726 1684 1905 1732 quascunque
1916 1683 1980 1728 alias
1992 1684 2234 1725 Attemptationes
2242 1709 2257 1731 ,,
2270 1696 2320 1726 per
2330 1688 2398 1720 Ma-

1330 1722 2400 1806 iiiii?iizssigssssssaffigidafssff335¹3‘25ifi532s2fl1‘35320235tss532·

1331 1806 1417 1838 trata,
1434 1800 1453 1830 fi
1467 1809 1532 1839 quae
1546 1801 1746 1831 intervenerint
1761 1799 1854 1844 (quod
1867 1799 1947 1844 absit)
1966 1808 2066 1831 contra
2081 1802 2227 1838 praedictas
2244 1787 2378 1842 '1³reugas
2394 1801 2399 1804 ’

1329 1837 1501 1869 Sufrentiam
1521 1840 1576 1870 five
1597 1838 1719 1869 Guerrae
1740 1837 1952 1870 Abstinentiam
1969 1860 1979 1877 ,
2005 1838 2131 1877 Treugae
2152 1840 2314 1879 hujusmodi
2333 1828 2397 1875 noi}

1333 1876 1486 1909 habeantur
1499 1888 1553 1909 nec
1567 1887 1744 1918 reputentur,
1760 1878 1791 1908 in
1805 1885 1916 1915 totum,
1933 1886 1987 1907 nec
2007 1877 2038 1906 in
2055 1877 2090 1908 ali
2111 1887 2146 1909 ua
2168 1879 2207 1909 sui
2228 1887 2323 1919 parte,
2344 1891 2399 1920 pro

1332 1915 1444 1955 fraffls,
1471 1918 1572 1955 ruptis,
1592 1917 1650 1947 five
1669 1917 1795 1954 violatis,
1813 1926 1867 1947 nec
1886 1924 2001 1956 propter
2020 1915 2079 1946 hoc
2118 1924 2146 1947 et
2158 1917 2270 1949 Guerra
2290 1919 2327 1950 ab
2343 1929 2401 1953 una

1330 1954 1412 1986 Parte
1424 1964 1522 1986 contra
1535 1956 1636 1994 aliam,
1652 1955 1710 1994 set,
1727 1955 1790 1995 ipsis
1809 1955 1930 1993 Treugis
1952 1954 1986 1986 &
2005 1953 2145 1987 Sufrentia
2158 1955 2282 1988 Guerrae
2295 1959 2324 1988 in
2344 1958 2399 1990 suo

1331 1994 1436 2025 robore
1448 1995 1599 2033 duraturis,
1617 2002 1676 2025 tem
1697 2003 1748 2025 ore
1761 1992 1881 2032 ipsarum
1896 1993 2016 2023 durante
2027 2017 2037 2031 ,
2053 1995 2153 2024 omnia
2171 1995 2205 2026 &
2219 1996 2323 2037 singula
2339 1996 2400 2028 Fo-

1331 2033 1456 2077 risfadta‚
1483 2033 1654 2073 Captiones,
1705 2033 1827 2072 oberiae,
1847 2032 2094 2071 Depraedationes,
2114 2031 2161 2064 seu
2175 2043 2399 2076 quaecunquea-

1327 2071 1373 2103 11ae
1390 2073 1640 2111 Attemptationes,
1659 2082 1708 2110 per
1722 2071 1814 2103 diffitos
1827 2071 1963 2103 Subditos
1975 2071 2009 2102 &
2024 2069 2174 2111 Vaffallos,
2189 2073 2259 2104 dieti
2273 2074 2396 2106 serenis-

1329 2110 1390 2141 fimi
1409 2111 1565 2150 Principis,
1583 2111 1708 2142 Domini
1723 2112 1805 2149 mei,
1825 2113 1903 2148 Regis
1921 2108 2044 2149 Castellae
2067 2108 2106 2146 ώ-
2126 2113 2251 2149 Legionis
2265 2136 2275 2153 ,
2297 2122 2398 2153 perpe.

1328 2155 1428 2190 tratae,²
1450 2160 1518 2190 per,
1539 2150 1631 2191 ipsum
1647 2149 1860 2181 Sereniffimum
1881 2149 2062 2188 Principem,
2089 2148 2257 2181 Dominum
2279 2161 2397 2195 meum²

1329 2191 1426 2228 Regem
1445 2189 1568 2229 Cast-ellae
1582 2188 1621 2226 ὀ·
1634 2191 1776 2227 Legionis,
1794 2190 1840 2220 seu
1854 2187 2021 2219 Officiarios
2033 2188 2094 2219 suos
2128 2188 2277 2221 existentes
2291 2191 2323 2221 in
2331 2191 2396 2222 Lo-

1327 2238 1381 2268 c0,
1398 2230 1428 2259 in
1449 2238 1508 2268 quo
1529 2229 1690 2267 hujusmodi
1719 2227 1890 2266 Forisfaeta,
1907 2226 2081 2266 Captiones,
2097 2211 2254 2267 koberiae,
2272 2228 2397 2268 Deprae..

1329 2268 1469 2307 dationes,
1486 2268 1531 2299 seu
1543 2276 1723 2307 quaecunque
1737 2267 1800 2298 aliae
1821 2266 2062 2305 Attemptationes
2075 2266 2159 2297 5¹2&ae
2171 2267 2218 2298 seu
2233 2277 2396 2309 perpetratae

1332 2307 1451 2346 fuerint,
1471 2308 1518 2338 vel
1540 2308 1574 2338 ad
1593 2316 1678 2346 quem
1694 2316 1708 2336 a
1730 2306 1895 2344 plicuerint,
1910 2313 2093 2346 repparentur
2112 2306 2146 2336 &
2167 2305 2342 2339 deducantur
2357 2308 2395 2339 ad

1329 2346 1479 2384 pristinum
1495 2346 1624 2385 Statum,
1639 2346 1672 2377 &
1727 2345 1902 2384 alefaetoree,
1920 2354 1971 2382 per
1984 2344 2074 2384 iplum
2091 2342 2395 2377 SereniffimumPrin-

1333 2387 1447 2425 cipetn,
1464 2385 1630 2416 Dominum
1645 2393 1761 2422 meum,
1779 2386 1893 2421 Regem,
1907 2392 1954 2414 aut
1961 2382 2124 2414 Officiarios
2135 2383 2212 2422 suos,
2228 2384 2342 2424 debite,
2353 2385 2397 2417 ie·

1328 2424 1459 2456 cundum
1475 2425 1643 2464 exigentiam
1659 2421 1772 2460 CassJS,
1787 2423 1963 2462 corrigantur
1977 2422 2011 2453 &
2027 2422 2184 2461 puniantur.

1367 2463 1413 2494 Ιτ
1424 2473 1441 2494 E
1453 2471 1496 2502 M,
1517 2466 1537 2494 fi
1551 2463 1697 2502 contingat
1714 2460 1806 2500 (quod
1820 2462 1901 2499 abiit)
1920 2461 2002 2499 quod
2017 2461 2115 2498 aliquis
2128 2460 2174 2491 seu
2187 2461 2271 2499 aliqui
2287 2461 2392 2493 Subdi-

1331 2505 1352 2533 ti
1371 2512 1418 2533 aut
1439 2502 1552 2533 Vaffalli
1568 2526 1578 2540 ,
1605 2502 1675 2532 dieti
1705 2500 1873 2532 Sereniffimi
1897 2499 2052 2538 Principis,
2071 2497 2196 2529 Domini
2221 2500 2294 2537 mei,
2316 2503 2395 2539 Regis

1329 2541 1453 2582 Castellae
1466 2540 1505 2576 ὅ),
1520 2543 1662 2578 Legionis,
1671 2548 1800 2579 tempore
1813 2539 1954 2568 dictarum
1968 2538 2145 2575 Treugamm
2165 2537 2284 2569 durante
2307 2549 2393 2578 cepe-

1328 2583 1384 2610 rint
1397 2581 1442 2611 seu
1456 2580 1682 2617 depraedaverint
1695 2579 1784 2615 aliqua
1799 2576 1896 2614 Bona,
1915 2575 2086 2606 Serenisfimi
2102 2574 2261 2615 Principis,
2313 2579 2390 2608 omi-

1329 2620 1358 2648 ni
1373 2621 1449 2656 Regis
1464 2617 1594 2655 Angliae,
1608 2617 1653 2647 seu
1670 2616 1856 2647 Subditorum
1872 2616 1906 2645 &
1921 2613 2109 2645 vassallorum
2121 2614 2221 2653 ipfius,
2237 2615 2318 2653 quod
2332 2616 2391 2647 Ca-

1327 2656 1728 2725 {iffiffiisssffifieizffdffiissss
1740 2651 2072 2728 ξὲὶἓῃῗᾶᾞῑρῧὲἶέἓῖἒῖε
2086 2651 2327 2723 &effi-&33¹¹
2337 2665 2393 2723 {33²

1323 2739 1364 2771 gis
1378 2732 1499 2774 Castellae
1513 2731 1551 2766 ὠ·
1561 2704 1708 2769 gLegi'onis,
1728 2730 1874 2761 existentes
1890 2730 1921 2759 in
1941 2730 2009 2760 loco
2022 2731 2051 2760 in
2067 2713 2127 2768 q'uo
2143 2731 2218 2761 dicta
2234 2716 2319 2762 Bona,
2329 2732 2391 2763 fue-

1327 2775 1398 2809 rint,
1416 2773 1459 2802 ieu
1476 2771 1509 2800 ad
1524 2780 1612 2810 quem
1626 2770 1828 2809 applicuerint,
1846 2777 1876 2799 ut
1892 2767 1939 2798 fiat
1949 2767 2060 2807 Justitia
2081 2769 2117 2798 de
2130 2767 2314 2806 Capientibus
2333 2770 2390 2802 five

1329 2810 1584 2855 Depraedantibus,
1601 2809 1634 2839 ὃς
1650 2808 1685 2838 de
1699 2808 1782 2838 Bonis
1796 2807 1864 2845 suis,
1880 2807 2036 2838 secundum
2056 2808 2230 2844 exigentiam
2246 2806 2353 2847 Casfis3

1365 2850 1403 2880 Izt
1424 2849 1517 2884 Bona,
1535 2848 1572 2878 sic
1593 2856 1672 2886 capta
1697 2847 1752 2878 five
1770 2845 1946 2885 depraedata,
1966 2855 1996 2876 ut
2019 2846 2215 2885 praemittitur,
2234 2842 2391 2884 Capiantur

1328 2899 1377 2927 per
1391 2888 1482 2918 dietos
1495 2886 1659 2917 Officiarios
1670 2887 1760 2925 regios
1769 2908 1778 2924 ,
1791 2888 1825 2916 &
1843 2893 1983 2923 ponantur
1996 2884 2033 2915 de
2048 2882 2197 2913 manifesto
2209 2884 2239 2913 in
2257 2884 2333 2916 bona
2355 2888 2390 2918 δε

1327 2928 1421 2958 secura
1438 2924 1593 2963 Custodia,
1611 2925 1639 2954 in
1657 2924 1792 2955 Manibus
1810 2923 1969 2962 aliquorum
1989 2921 2148 2959 proborum
2164 2922 2301 2953 Virorum
2319 2924 2389 2957 dieti

1331 2966 1407 2996 Loci
1421 2966 1584 3002 ubicunque
1599 2964 1674 2994 dreia
1691 2963 1771 2994 Bona
1787 2963 1907 3000 fuerint,
1925 2961 1968 2991 vel
1982 2960 2016 2990 ad
2038 2969 2122 2998 quem
2137 2961 2340 3001 applicuerint,
2357 2965 2391 2995 fit

1328 3015 1389 3042 pars
1410 3003 1626 3043 dampnificata,
1645 3002 1755 3040 absens,
1781 3002 1836 3032 five
1860 2999 1993 3038 praesens,
2019 2999 2071 3036 &,
2096 2999 2116 3029 fi
2137 2999 2175 3029 de
2195 2998 2336 3040 Captione
2353 3004 2389 3034 δε

1332 3042 1433 3074 Praeda
1445 3041 1568 3073 veridice
1581 3041 1703 3080 constet,
1716 3040 1810 3071 eidem
1823 3037 1898 3068 Parti
1916 3036 2121 3074 dampnificatae
2136 3038 2243 3069 realiter
2252 3039 2286 3071 &
2301 3041 2337 3072 de
2348 3041 2389 3073 fa.

1329 3083 1380 3113 6ὶο
1401 3081 1578 3112 restituantur
1601 3081 1635 3111 &
1654 3080 1824 3114 liberentur,
1841 3076 1897 3107 five
1909 3077 1965 3114 ejus
1981 3075 2163 3107 Procuratori
2178 3077 2212 3107 ad
2225 3077 2284 3109 hoc
2299 3079 2390 3120 legiti-

1327 3122 1376 3151 me
1391 3120 1566 3156 constituto,
1582 3118 1638 3148 una
1656 3126 1725 3147 cum
1741 3115 1898 3154 Dampnis,
1915 3115 2098 3153 Sumptibus,
2115 3117 2149 3148 ὃς·
2170 3115 2320 3158 Expenfis,
2338 3117 2393 3151 so}-

1327 3159 1425 3192 vendis
1438 3159 1473 3190 de
1490 3157 1573 3188 Bonis
1588 3155 1787 3193 Capientium:

1364 3198 1421 3235 Et,
1436 3206 1466 3227 ut
1483 3195 1627 3234 praedietae
1643 3194 1767 3236 Treugae
1790 3192 1894 3235 melitis
1909 3193 1941 3223 ὃς
1954 3191 2048 3223 utilius
2062 3202 2095 3223 ex
2113 3200 2230 3231 utraque
2250 3203 2328 3233 parte
2349 3203 2392 3229 te-

1326 3245 1458 3272 neantur,
1478 3234 1685 3270 custodiantur,
1703 3236 1759 3263 five
1773 3234 1989 3269 conterventur,
2006 3231 2042 3262 ad
2064 3231 2225 3263 tollendum
2238 3235 2326 3265 multa
2339 3234 2390 3266 In.

1331 3274 1529 3306 convenientia
1544 3273 1577 3303 &
1595 3270 1691 3308 Mala,
1711 3280 1776 3309 quae
1794 3279 1828 3300 ex
1845 3270 1978 3309 Navigiis
1999 3270 2125 3301 Armatis
2143 3280 2194 3308 per
2205 3271 2340 3304 Subditos
2353 3273 2390 3304 &

1329 3312 1465 3344 Vaffallos
1479 3312 1560 3342 unius
1580 3309 1625 3340 vel
1643 3309 1751 3340 alterius
1769 3307 1859 3339 Partis
1880 3310 2043 3340 oriebantur
2055 3309 2088 3340 &
2099 3309 2335 3348 interveniebant,
2352 3319 2388 3342 ac

1329 3351 1519 3421 ffl‘sssiffssffi}
1529 3349 1597 3419 ‘332³
1608 3345 2389 3424 5535,ng{Qgiffigefflssggcffig,Rfiff'v'ggffigfig

1329 3430 1410 3466 viro,
1429 3425 1710 3470 DominOQJo'hanne
1724 3425 1876 3464 Do&ore,
1894 3409 2098 3468 A'mbaffiatore
2113 3423 2169 3454 five
2176 3408 2306 3467 „bfuncio
2334 3435 2387 3458 rae-

1328 3467 1427 3504 dicto,
1443 3466 1542 3506 quod,
1559 3468 1579 3495 ii
1592 3465 1689 3502 aliquis
1703 3465 1750 3495 vel
1771 3464 1856 3503 aliqui
1878 3463 1989 3495 Subdiu
2009 3462 2054 3492 vel
2071 3460 2199 3500 Vaffaui,
2217 3460 2285 3494 disti
2327 3473 2389 3495 ere-

1329 3505 1434 3536 niffimi
1450 3505 1606 3543 Principis,
1623 3503 1746 3533 Domini
1760 3504 1832 3539 mei,
1850 3505 1926 3539 Regis
1940 3499 2060 3540 Castellae
2075 3497 2113 3543 ό]
2125 3502 2268 3539 Legionis,
2287 3501 2389 3534 volue-

1329 3545 1386 3574 rint
1400 3544 1518 3574 Armare
1531 3542 1642 3581 aliquod
1657 3541 1692 3572 N
1694 3543 1820 3579 avigium
1832 3541 1878 3571 seu
1894 3538 2132 3578 aliquaNavigia,
2148 3547 2321 3579 quocunque
2334 3551 2389 3573 no-

1333 3584 1409 3612 mine
1424 3589 1640 3619 nuncupentur,
1658 3581 1686 3610 in
1701 3580 1789 3618 aliqua
1804 3578 1948 3616 Civitate‚
1963 3576 2056 3619 Vina,
2071 3575 2191 3614 Castro,
2206 3585 2252 3608 aut
2266 3579 2296 3608 in
2312 3580 2389 3618 ipso-

1333 3631 1398 3651 rum
1413 3619 1521 3658 Portu,
1537 3620 1582 3651 seu
1605 3619 1660 3650 alio
1682 3619 1766 3650 Loco
1780 3626 1966 3657 quocunque,
1984 3616 2014 3659 in
2028 3613 2238 3658 dictis-,Regnis
2259 3614 2390 3650 Castellae

1333 3660 1365 3690 &
1389 3659 1537 3698 Legionis,
1551 3659 1585 3690 δε
1598 3658 1721 3697 ipsorum
1737 3655 1902 3692 Dominiis,
1917 3653 2032 3696 Terris,
2051 3652 2163 3695 Patrits,
2179 3653 2240 3686 ,five
2256 3654 2388 3688 Tei-rito-

1332 3699 1377 3728 riis
1390 3696 1565 3735 constitutis,
1583 3695 1663 3734 quod
1683 3695 1828 3726 Officiales
1850 3691 2075 3735 Regii,'ib1dem
2097 3690 2243 3722 existentes
2275 3694 2320 3726 vel
2342 3696 2387 3736 ip-

1331 3737 1426 3767 sorum
1446 3735 1668 3772 Locatenentes,
1682 3733 1761 3765 nullo
1776 3731 1866 3764 modo
1879 3737 2039 3769 permittant
2050 3729 2209 3768 hujusmodi
2223 3714 2390 3773 Navigium

1333 3775 1377 3805 seu
1393 3773 1516 3818 Navigia
1533 3774 1661 3811 Armati,
1935 3807 1939 3812 ι

1371 3813 1447 3850 Aut,
1463 3815 1483 3843 11
1497 3813 1651 3842 Armatum
1671 3810 1717 3842 vel
1737 3809 1851 3840 Armata
1870 3806 1991 3843 fuerint,
2010 3813 2084 3836 extra
2106 3806 2227 3839 Portum
2249 3811 2323 3841 exite
2340 3810 2387 3842 scu

1331 3852 1478 3889 navigare,
1498 3850 1547 3880 nifi
1561 3850 1696 3880 Armator
1711 3848 1759 3878 seu
1775 3847 1936 3888 Armatores
1955 3844 2113 3888 hujusmodi
2133 3845 2250 3887 Navigii
2263 3849 2308 3879 seu
2322 3847 2390 3880 Na-

1333 3890 1474 3927 vigiorum
1488 3890 1581 3927 primo
1597 3889 1630 3919 &
1641 3895 1704 3919 ante
1721 3886 1818 3916 omnia
1835 3883 1959 3914 dederint
1994 3884 2100 3914 realiter
2119 3884 2154 3916 δε
2172 3886 2208 3916 de
2223 3886 2320 3926 facto,
2334 3887 2390 3917 bo·

1333 3938 1396 3965 nas,
1415 3927 1524 3965 firmas,
1541 3927 1664 3963 securas,
1680 3925 1847 3961 legittimas,
1865 3922 1897 3952 &
1910 3905 2076 3965 sufficientes
2098 3922 2292 3961 Fidejufforias
2310 3924 2389 3956 Cau-

1332 3967 1436 4002 tiones,
1455 3965 1486 3994 in
1500 3965 1627 3994 manibus
1641 3963 1785 3994 dierorum
1807 3958 2040 4003 Officiariorum,
2055 3962 2100 3992 vei
2114 3962 2238 4001 ipsorum
2257 3964 2390 3994 Locum.

1333 4004 1510 4041 tenentium,
1526 4002 1563 4034 de
1577 4011 1639 4033 non
1659 3998 1876 4040 Depraedando‚
1893 3997 2050 4037 capiendO,
2068 4007 2116 4033 aut
2130 3999 2261 4035 faciendo
2273 4000 2391 4072 Maltsim

2349 4050 2393 4073 ive
