2562 4274
187 59 267 102 134

40 129 116 160 Arin.
131 129 172 161 D.
226 131 333 163 Literas
355 132 439 163 etiam
463 130 606 170 figuratas,
623 131 837 171 obligationes,
856 134 889 164 &
911 134 1021 165 alterius
1040 134 1245 173 cujuscumque

61 177 147 207 1419.
189 171 296 208 generis
309 170 476 201 Securitates
491 171 525 200 δε
539 169 710 208 cautiones,
725 172 754 200 in
775 171 826 201 hac
847 180 923 209 parte
943 181 1099 204 conventas
1119 173 1164 203 seu
1177 183 1248 204 con-

40 211 103 235 Hm.
123 217 151 244 5·
187 208 334 246 cordatas,
351 219 403 246 pro
427 208 524 239 Nobis
546 209 579 238 &
600 208 735 238 Nomine
757 209 856 240 nostro
878 209 1016 241 Dandum
1031 234 1040 248 ,
1057 211 1247 250 Faciendum,

187 247 220 277 &
234 247 535 285 Exponendum‚quas
551 256 646 283 parem
661 248 694 277 δε
711 247 834 278 eundem
851 245 991 279 effectum
1009 250 1043 280 &
1059 250 1190 286 vigorem
1199 250 1248 280 ha-

188 284 254 315 bere
270 285 418 322 volumus,
436 295 468 314 ac
485 284 503 314 ii
519 283 587 314 Nos
600 286 629 314 in
646 284 768 316 Persona
782 285 878 317 nostrai
900 297 946 318 eas
967 287 1124 325 Daremus,
1141 289 1246 319 facere-

187 332 269 360 mus,
287 324 320 354 &
335 332 554 360 exponeremus,

226 360 264 391 Et
284 360 436 391 consimilia
451 360 650 398 juramentum
661 384 670 400 ,
692 361 812 399 Literas,
829 361 1045 402 Obligationes,
1064 363 1247 402 SecuritateS,

187 399 222 429 ὃ(
238 399 391 429 Cautiones
403 399 464 427 alias
479 397 660 437 sufficientes,
679 401 711 430 ὅ(
733 401 761 430 in
782 399 833 431 hac
847 411 928 441 ¹parte
948 401 1047 432 Nobis
1070 403 1248 441 neceffarias,

209 447 240 467 ro
259 437 356 467 Nobis
372 437 404 466 &
421 436 554 466 Nomine
567 437 684 476 nostro,
702 449 716 468 a
735 439 849 475 praefato
875 439 1072 479 Consanguineo
1091 440 1194 479 nostro,
1211 451 1245 472 ac

213 475 329 513 Iagistro
345 474 506 513 Eustachio,
524 479 648 506 civitate
662 476 820 518 Parssenfi,
836 477 911 507 Clero
933 476 971 512 ό·
996 482 1194 508 Communitate
1216 490 1245 508 e-

183 514 283 553 wulm
297 537 307 550 ,
324 514 415 543 aliisve
441 514 611 545 Civitatibus
628 538 637 552 ,
653 514 736 545 Villis
750 538 759 553 ,
774 517 819 547 seu
843 515 947 554 Locis,
965 525 998 546 ac
1020 516 1246 548 Communitati-

186 553 253 590 bus,
271 552 304 588 ὃς
321 551 534 582 Habitatoribus
549 553 716 589 eorumdem
726 576 735 591 ,
754 563 892 584 eorumve
907 563 953 585 aut
969 555 1117 592 cujussibet
1132 565 1244 586 eorum-

184 594 253 659 gem·
264 614 273 627 ,
290 589 440 659 Ddeputatis
458 590 503 621 seu
531 590 706 629 Deputandis
721 614 731 631 ,
750 591 907 622 Petendum
920 616 929 631 ,
949 592 1164 632 Recipiendum
1180 617 1190 633 ,
1208 595 1243 626 δε

237 638 312 658 tinen
334 638 383 658 um

217 639 266 698 ἷζε
289 651 486 706 quoscu’mque
507 667 678 705 TraCtatus,
710 678 758 708 per
778 668 870 699 dietos
891 668 1112 701 Commiffiirios
1131 671 1245 702 nostros

183 704 315 744 Septem,
333 706 404 743 Sex,
424 707 469 736 vel
481 707 620 745 Quinque
633 717 752 745 eorum,
769 716 865 744 captos
878 708 934 738 sive
950 709 1076 746 habitos,
1095 718 1179 746 prout
1194 711 1246 740 cis-

184 744 251 775 dem
265 745 397 783 Septem,
417 744 487 782 Sex,
506 755 552 776 aut
575 746 713 785 Qiinque
730 756 829 776 eorum
847 747 977 784 expedire
1000 747 1155 786 videbitur,
1174 747 1246 779 Pro-

185 781 347 820 rogandum
357 806 365 820 ,
381 784 414 814 &
430 783 682 822 Continuandum,

222 821 260 852 Et
272 821 436 861 generaliter
458 824 555 852 omnia
575 823 625 852 alia
642 825 675 853 ὃ(
699 822 801 860 singula
818 822 1008 860 Faciendum,
1027 824 1245 862 Exercendum,

182 860 217 891 &
232 859 464 898 Expediendum,
483 871 547 899 quie
559 861 586 891 iri
601 860 749 891 Praemiffis
768 861 811 890 vel
827 862 902 891 circa
927 872 958 891 ea
973 863 1122 893 necessaria
1142 863 1246 893 fuerint

184 899 230 930 seu
248 899 466 936 quomodolibet
480 908 637 937 oportuna,
653 900 736 929 eti-im
753 898 772 928 si
788 898 823 929 de
836 899 862 929 se
880 899 1052 931 Mandatum
1067 902 1179 939 exigant
1187 910 1246 931 ma-

211 938 231 966 is
251 938 268 967 s
281 938 368 968 eciale

187 945 209 975 g
226 947 495 1012 EtpPromi’ttimus,
513 974 592 1005 bonci
605 973 678 1012 fide,
701 975 733 1005 ὃς
751 975 841 1005 verbo
852 975 964 1014 Regio,
982 986 1015 1007 ae
1030 976 1080 1007 sub
1093 976 1248 1016 Ypotheca

185 1011 221 1047 ὃς
235 1013 419 1052 Obligatione
430 1015 564 1044 omnium
580 1013 727 1043 Bonorum
744 1013 906 1043 nostrorum
923 1015 1098 1053 praesentium
1115 1017 1149 1047 &
1169 1016 1247 1047 futu-

185 1062 301 1089 rorum,
321 1051 388 1082 Nos
398 1051 506 1081 Rarum
516 1074 526 1090 ,
543 1052 685 1088 Gratum,
703 1052 736 1081 &
752 1051 880 1082 Firmum
895 1056 1032 1090 perpetuo
1047 1054 1188 1086 habituros
1201 1065 1248 1086 to-

185 1099 248 1122 tum
263 1091 296 1120 &
319 1090 454 1128 quicquid
476 1100 524 1127 per
545 1090 639 1120 diffitos
659 1089 769 1119 nostros
788 1089 1006 1122 Commissarios
1022 1092 1136 1130 Septem
1148 1118 1156 1130 ,
1176 1093 1249 1131 Sex,

185 1129 231 1158 vel
248 1128 388 1166 Qiinque
401 1138 519 1166 eorum,
539 1129 648 1158 Adtum
659 1152 668 1165 ,
683 1128 828 1167 Gestum,
845 1129 890 1160 seu
907 1129 1096 1162 Procuratum
1113 1131 1195 1163 fuerit
1217 1133 1247 1163 in

185 1166 356 1204 Praemiffis,
374 1168 407 1198 &
424 1166 534 1206 lingulis
549 1167 772 1197 Praemifforum.

226 1202 261 1236 In
278 1206 374 1244 cujus,
392 1206 453 1236 δίε.

222 1242 314 1313 Τὲῌτε
336 1243 418 1283 Rege
441 1243 516 1282 apud
537 1242 662 1284 Castrum
681 1244 713 1274 de
729 1242 822 1284 Gissm
840 1245 978 1277 vicesimo
996 1254 1097 1285 quarto
1117 1246 1164 1278 die
1178 1247 1251 1287 Sep-

188 1291 247 1314 tem
270 1293 315 1313 ris.

872 1362 926 1391 Per
947 1359 1031 1400 ipsium
1041 1363 1145 1400 Regem.

348 1505 559 1541 Ordinationes
575 1508 667 1555 fitper
691 1511 821 1544 Moneta
841 1512 874 1542 in
894 1511 1097 1544 Narmannia.

46 1591 122 1622 Ann.
132 1588 174 1620 D.
194 1593 362 1655 HEnry,
380 1593 441 1625 &c.
453 1602 469 1623 a
483 1601 572 1630 touz,
590 1592 651 1623 &e
668 1594 753 1625 Salut.

66 1639 151 1668 1419.
306 1634 403 1663 Come
417 1654 426 1670 ,
443 1641 519 1668 apres
539 1631 634 1662 nostre
649 1632 761 1671 Joieuse
783 1632 950 1672 Conqueste
972 1635 1006 1665 &
1025 1633 1114 1666 Entre
1130 1634 1196 1665 faite
1216 1642 1252 1665 en

44 1673 97 1697 An.
115 1679 142 1703 7·
194 1672 290 1703 nostre
304 1671 378 1701 Ville
390 1671 425 1700 de
441 1669 563 1707 Rouen,
579 1680 650 1700 nous
663 1670 783 1701 euffions
796 1671 937 1702 Ordonne
952 1673 985 1703 &
999 1671 1184 1703 Commande
1197 1683 1252 1711 que

44 1713 79 1736 H·
102 1717 119 1740 5
193 1711 247 1741 l'en
263 1710 307 1740 fist
325 1710 392 1740 faire
408 1708 503 1739 nostre
518 1709 651 1748 Monoye
664 1719 678 1739 a
694 1709 798 1740 Rouen
810 1710 857 1740 Or
870 1711 904 1742 &
915 1711 1044 1750 Argent,
1063 1711 1195 1751 Monoye
1216 1721 1252 1740 eri

44 1750 104 1774 Par.
196 1749 269 1779 Petis
282 1746 426 1778 Moutons
440 1748 472 1779 &
484 1758 520 1778 en
532 1747 634 1786 Groz,
653 1757 710 1779 tant
744 1759 772 1779 ar
785 1749 809 1779 la
825 1749 940 1780 fourme
955 1751 989 1781 δε
1005 1760 1135 1789 manere,
1155 1760 1209 1788 que
1221 1750 1252 1779 ils

46 1789 134 1811 Norm.
150 1793 175 1818 7-
192 1787 320 1827 estoyent
333 1797 348 1816 a
362 1786 466 1817 devant
483 1787 520 1817 de
534 1785 629 1818 nostre
651 1787 691 1818 dit
745 1797 784 1817 on
808 1787 902 1826 ueste,
921 1789 954 1819 &
978 1789 1050 1819 entir
1066 1796 1124 1820 tant
1139 1798 1174 1819 eri
1192 1788 1252 1828 Lay

47 1827 172 1859 11.,-.p.i.
192 1837 248 1865 que
261 1836 297 1857 eri
316 1825 407 1864 Poys,
423 1825 481 1855 sans
497 1825 697 1863 Diminution,
715 1836 752 1856 ne
766 1836 781 1856 a
821 1826 981 1864 spiffement
1001 1827 1066 1858 faite
1082 1827 1125 1858 sur
1147 1837 1200 1864 ce,
1219 1827 1253 1857 &

45 1873 81 1892 m.
103 1873 142 1897 ¹9-
152 1864 176 1891 d.
190 1864 421 1896 semblablement
434 1864 490 1893 sans
507 1864 652 1894 Ameniser
666 1864 692 1894 le
708 1863 793 1894 Droit
809 1865 845 1895 de
860 1865 956 1896 nostre
972 1865 1124 1904 Seigneur,
1142 1865 1202 1896 sauf
1214 1865 1253 1896 les

189 1903 371 1935 Differences
389 1904 436 1940 qui
454 1913 502 1938 par
517 1902 604 1932 Nous
618 1902 728 1932 feurent
743 1902 799 1932 lors
810 1903 937 1936 ordonee
955 1913 971 1942 y
983 1905 1097 1942 mittet,

227 1942 326 1972 Savoir
340 1941 439 1971 saisons
456 1951 528 1978 que,
545 1951 595 1977 pur
611 1943 728 1971 certains
747 1939 864 1978 Causes,
883 1942 916 1971 ad
938 1952 973 1972 ce
994 1942 1082 1973 Nous
1097 1952 1253 1981 mouvans,

190 1990 237 2018 par
252 1979 346 2010 l'advis
361 1980 393 2009 δε
410 1979 589 2009 deliberation
606 1979 641 2009 de
657 1979 752 2009 nostre
769 1978 902 2017 Conseil,
919 1980 1006 2010 Nous
1028 1990 1118 2011 avons
1135 1981 1254 2012 Ordon—

190 2029 245 2057 ne,
263 2020 297 2050 &
318 2027 367 2056 par
387 2018 410 2047 la
430 2018 547 2048 Teneur
568 2018 604 2047 de
622 2028 668 2048 ces
688 2017 823 2057 presentes
841 2017 992 2049 Vouillons
1006 2019 1039 2050 &
1055 2018 1252 2058 Ordonnons,

191 2067 248 2095 que
263 2067 298 2085 en
315 2064 404 2086 toutes
421 2065 479 2085 iioz
493 2056 655 2095 Monoyes,
671 2066 726 2094 que
741 2056 794 2085 l‘en
811 2056 868 2086 fera
884 2067 957 2095 pour
976 2058 1002 2086 le
1017 2066 1109 2095 temps
1122 2057 1250 2096 advenit,

191 2105 256 2126 tous
281 2095 423 2125 Moutons
442 2094 534 2132 d'Or,
552 2094 653 2133 Groz,
672 2097 708 2124 de
734 2094 832 2135 Demy
853 2094 939 2125 Groz
953 2117 963 2132 ,
981 2096 1075 2134 Qiars
1094 2096 1130 2126 dc
1152 2095 1255 2135 Groz,

190 2134 346 2172 d’Argent,
365 2133 514 2172 Maiisoys,
532 2134 564 2163 ὅ(
589 2134 671 2174 Petyt
696 2132 834 2171 Deniers,
855 2144 910 2171 que
932 2143 967 2163 en
990 2134 1090 2173 yceulx
1112 2134 1163 2164 soit
1184 2136 1254 2173 mis,

190 2171 305 2203 dcdeiiis
329 2172 354 2201 le
374 2180 454 2211 grant
477 2170 584 2209 Croiz,
599 2182 638 2202 ou
663 2170 762 2201 Milleu
781 2171 908 2210 d'icelle,
928 2181 984 2201 une
1000 2172 1041 2201 H.
1059 2182 1093 2202 au
1108 2173 1169 2210 plus
1183 2172 1255 2210 juste

191 2221 248 2249 que
263 2211 330 2241 faire
344 2210 370 2240 se
386 2220 503 2248 pourra,
522 2220 654 2249 ovecque
669 2210 706 2240 les
718 2209 885 2241 differences
904 2211 953 2248 qui
969 2220 1016 2249 par
1031 2220 1103 2242 nous
1118 2211 1256 2243 auterfoiz

194 2259 247 2280 ont
264 2249 322 2279 este
335 2249 477 2279 ordonncs
491 2249 566 2278 faire.

235 2287 280 2318 Ιτ
293 2297 311 2317 E
323 2295 348 2317 M
358 2311 366 2325 ‚
385 2297 440 2324 que
464 2287 516 2317 l'en
542 2287 604 2317 face
625 2286 836 2318 d‘oresenavant
856 2287 888 2325 Q
898 2296 920 2318 υ
933 2296 953 2318 Α
964 2296 987 2319 R
998 2297 1011 2318 s
1040 2297 1087 2319 Di:
1115 2288 1146 2320 G
1157 2297 1180 2321 R
1190 2299 1254 2328 oz,

195 2335 252 2363 que
272 2335 352 2357 aront
374 2326 468 2356 Cours
491 2335 563 2363 pour
585 2323 661 2363 Cinq
690 2324 810 2356 Deniers
824 2326 971 2356 Tournois
995 2327 1018 2357 la
1042 2326 1128 2359 Piece
1142 2351 1151 2366 ,
1178 2339 1192 2358 a
1207 2330 1253 2359 iid.

195 2365 252 2394 xvi.
268 2365 376 2395 Graine
393 2365 500 2402 Argent
513 2387 522 2402 ,
538 2365 572 2394 ὃ(
587 2364 623 2394 de
639 2365 684 2394 xiii
698 2375 719 2393 s.
733 2365 789 2394 ivd.
805 2364 840 2395 de
856 2364 922 2394 Pois
943 2375 975 2395 au
994 2364 1096 2402 Marc,
1117 2368 1166 2404 qui
1185 2368 1225 2397 est
1241 2379 1256 2398 a

196 2403 377 2442 l'equipolent
395 2403 430 2432 de
449 2402 535 2432 Groz
551 2403 588 2432 de
606 2402 665 2432 ΗΕ
677 2411 698 2432 N
711 2411 734 2433 R
746 2412 813 2433 reu
825 2412 854 2440 s,
873 2403 906 2433 &
931 2413 994 2433 aura
1014 2404 1134 2435 dedeinz
1155 2407 1256 2445 yceulz

198 2441 292 2476 Quars
303 2442 339 2471 de
355 2441 458 2479 Groz,
480 2451 515 2471 en
532 2441 556 2471 la
570 2441 656 2479 Pille‚
673 2451 727 2471 une
744 2441 816 2472 Escu
834 2451 849 2472 a
864 2442 902 2472 iii.
918 2441 1014 2472 Fleurs
1031 2443 1066 2474 de
1079 2443 1145 2482 Lis,
1161 2445 1256 2475 &aux

197 2477 299 2508 Demis
318 2478 403 2509 Groz
418 2480 529 2509 semble.

236 2517 253 2534 ἵ
275 2516 363 2546 ITEM
375 2539 385 2554 ,
403 2527 458 2554 que
473 2518 525 2547 l’en
543 2517 604 2547 face
618 2516 794 2554 Dovnmzs,
813 2528 946 2550 nommes
962 2517 1117 2559 Mancoiz,
1136 2521 1185 2558 qui
1210 2531 1257 2551 au-

198 2562 264 2585 10111
285 2555 380 2583 Coiirs
401 2565 471 2592 pour
496 2555 546 2584 iid.
571 2556 719 2586 Tournois
743 2557 767 2585 la
792 2557 915 2594 Pieche,
938 2567 952 2586 a
974 2568 1026 2588 uns
1049 2558 1158 2589 Denier
1182 2560 1257 2590 Huit

198 2593 312 2623 Grainz
328 2593 434 2631 Argent
450 2593 474 2622 le
493 2594 543 2623 Ro
569 2617 578 2630 ,
596 2594 628 2623 &
642 2594 678 2624 de
697 2595 774 2624 xvix,
793 2596 840 2624 viii
850 2595 876 2624 d.
893 2597 929 2626 de
949 2595 1015 2626 Pois
1036 2607 1071 2627 au
1095 2596 1198 2636 Marc,
1216 2608 1255 2629 ou

200 2632 218 2661 il
233 2641 296 2660 aura
310 2631 404 2660 Troiz
421 2630 515 2660 Fleurs
551 2641 567 2660 e
584 2631 636 2660 Liz
651 2642 686 2661 eri
703 2633 727 2662 la
744 2632 819 2662 Pille‚

236 2668 308 2699 Ιτε
320 2677 362 2705 Μ,
381 2678 436 2706 que
458 2669 511 2699 l'en
532 2669 593 2699 face
616 2669 698 2700 Petiz
714 2670 817 2700 Denirs
838 2672 885 2710 qui
899 2681 999 2702 auront
1014 2671 1109 2704 Cours
1122 2683 1195 2711 pour
1217 2683 1256 2704 uti

200 2707 310 2737 Denier
324 2707 471 2737 Tournois
484 2708 508 2737 la
542 2708 618 2744 iece,
635 2718 651 2738 a
668 2718 718 2738 uns
734 2708 841 2738 Denier
856 2710 892 2739 de
910 2710 968 2746 Lay
988 2711 1098 2748 Argent
1119 2712 1144 2741 le
1169 2711 1237 2751 Roy
1248 2735 1258 2750 ,

199 2748 236 2814 {t
259 2753 311 2776 xxv
321 2756 343 2775 s.
362 2745 429 2777 Pois
442 2755 476 2777 au
493 2746 514 2776 ΙΝ
531 2755 597 2784 arc,
611 2756 639 2776 es
652 2746 735 2784 quelx
749 2756 811 2778 aura
827 2757 862 2778 en
876 2747 900 2778 la
915 2748 984 2778 Pille
1000 2748 1086 2780 Deux
1111 2750 1207 2781 Fleurs
1222 2750 1258 2781 de

230 2794 260 2814 is.

237 2823 284 2853 1-1-
296 2831 314 2853 Ε
324 2830 367 2861 M,
385 2832 440 2861 que
455 2823 493 2854 les
504 2823 539 2854 N
548 2833 568 2854 o
579 2832 596 2854 Β
604 2832 624 2854 L
634 2832 653 2855 Ε
661 2833 674 2854 s
694 2823 890 2862 d'Angleterre
906 2826 978 2856 aient
992 2824 1087 2855 Cours
1095 2849 1106 2865 ,
1122 2826 1155 2858 &
1170 2826 1260 2857 soient

199 2862 275 2899 prins
301 2871 374 2899 pour
399 2862 541 2900 Qaranxe
563 2862 637 2894 Huit
661 2862 763 2901 Groz,
783 2863 820 2893 de
837 2862 932 2894 nostre
955 2863 1087 2902 Monoye
1112 2866 1152 2901 (es
1174 2865 1258 2932 Ἒ16111

200 2899 286 2929 Groz
299 2910 314 2930 a
328 2900 427 2937 escript
439 2904 569 2930 Henricus
589 2910 624 2931 en
639 2900 664 2930 la
686 2900 773 2940 Pille‚
792 2902 825 2932 &
845 2902 944 2933 devers
964 2902 990 2933 la
1009 2901 1102 2933 Croiz
1121 2913 1159 2934 un
1209 2912 1259 2934 eo-

201 2939 273 2975 part)
292 2940 340 2976 qui
353 2939 447 2970 valent
460 2939 515 2969 ivl.
534 2940 690 2969 Tournois.

239 2975 286 3006 IT
299 2986 317 3006 E
329 2985 372 3014 M,
388 2987 444 3015 que
461 2977 497 3007 les
512 2977 612 3007 Pss'ris
629 2977 694 3007 Mo
706 2987 728 3008 υ
739 2986 762 3007 τ
772 2988 791 3007 o
803 2987 826 3008 N
836 2987 866 3015 s,
884 2980 932 3017 qui
949 2987 1000 3009 ont
1016 2978 1109 3010 Cours
1121 2990 1136 3010 a
1153 2980 1260 3018 present

201 3024 274 3052 pour
289 3016 334 3044 xii.
354 3014 456 3052 GrOZ,
475 3016 549 3045 aient
566 3014 679 3054 Cours,
698 3017 730 3047 &
744 3017 831 3047 soient
844 3018 918 3054 prins
932 3028 1004 3056 pour
1019 3019 1094 3049 xviii.
1114 3018 1200 3049 Groz
1222 3019 1259 3049 de

201 3052 300 3083 nostre
323 3053 456 3093 Monoye
474 3053 638 3093 deffusdite,
656 3055 705 3092 qui
727 3055 828 3085 vallent
848 3064 928 3085 xxxx.
947 3056 1112 3094 Tournois3
1131 3058 1164 3089 &
1186 3057 1260 3088 don-

201 3101 306 3122 nerons
319 3103 335 3122 a
349 3092 470 3122 chescun
486 3091 660 3128 Changeour
676 3094 709 3124 ὅ(
724 3093 894 3132 Marcium,
910 3094 1098 3132 frequentant·
1108 3105 1167 3126 noz
1189 3095 1260 3126 Mo-

202 3138 286 3167 noyS,
301 3139 373 3166 pour
386 3129 508 3160 chescun
524 3139 602 3160 marc
625 3129 699 3160 d'Or
711 3130 748 3160 firi
763 3133 791 3161 vi
807 3141 850 3161 xx.
863 3133 930 3162 xviii
941 3132 959 3162 l.
978 3133 1138 3164 Tournois:
1158 3132 1195 3164 Et
1209 3134 1259 3164 de-

204 3176 355 3198 mourront
376 3168 415 3199 les
428 3167 568 3198 Moutons
591 3168 690 3199 deffuz
708 3168 755 3199 diz
774 3170 810 3200 de
834 3179 904 3208 poys
924 3171 1014 3209 &lay
1038 3181 1075 3202 en
1099 3171 1123 3201 la
1147 3172 1260 3203 fourme

202 3205 237 3235 ὅτ
259 3207 381 3236 maniere
401 3206 479 3245 qu'ils
499 3206 561 3237 sont
579 3205 616 3236 de
638 3207 745 3245 present
779 3208 817 3238 les
838 3209 930 3246 quielx
956 3209 1017 3239 sont
1035 3219 1051 3240 a
1074 3210 1138 3240 xxii.
1154 3220 1261 3250 carras,

201 3243 238 3273 &
259 3242 296 3273 de
319 3244 347 3274 iv
366 3253 411 3273 xx.
429 3245 462 3275 δε
484 3244 565 3276 Saize
586 3255 620 3275 au
638 3255 716 3276 marc
740 3230 776 3276 <ie
798 3246 899 3286 Troy,
916 3256 968 3277 aux
986 3247 1113 3278 remedes
1133 3249 1261 3279 accustu-

203 3289 272 3311 mes.

240 3318 330 3349 ITEM
339 3342 348 3358 ,
368 3328 423 3357 que
434 3320 473 3351 les
487 3320 603 3352 Nobles
616 3320 743 3352 deffudiz
758 3331 858 3354 auront
874 3332 956 3354 cours
969 3323 1005 3353 lx.
1024 3322 1109 3354 Groz
1121 3323 1157 3355 de
1169 3326 1262 3355 Karo-

204 3355 265 3396 lus,
283 3358 331 3394 qui
345 3357 448 3389 vallent
463 3359 540 3390 Cent
552 3360 641 3391 soubz
654 3360 810 3391 Tournois.

242 3395 288 3426 Ιτ
299 3405 316 3425 Ε
326 3404 371 3433 M,
387 3396 475 3427 Nous
488 3398 657 3429 deffendons
670 3408 685 3428 a
697 3407 758 3428 tous
774 3399 821 3434 (de
837 3398 958 3438 quelque
971 3398 1049 3430 Estat
1064 3399 1142 3437 quilz
1156 3399 1264 3440 soyent)

205 3434 285 3471 quilz
298 3443 333 3463 ne
345 3434 548 3473 transportem,
565 3447 605 3467 ou
622 3437 714 3467 facerit
730 3437 912 3475 transportet,
929 3438 976 3468 nul
993 3437 1084 3469 Billon
1094 3462 1102 3475 ,
1117 3446 1175 3468 tant
1191 3439 1263 3477 d’or,

204 3482 260 3510 que
285 3471 425 3512 d’argent,
443 3483 480 3504 ne
494 3483 588 3513 argent
610 3484 712 3512 rompu
725 3499 733 3512 ,
757 3476 820 3505 hors
839 3476 886 3506 des
909 3476 1015 3507 Mettes
1033 3476 1068 3506 de
1088 3476 1184 3507 nostre
1198 3476 1263 3507 Du-

205 3511 270 3541 chie
288 3510 325 3541 de
347 3510 530 3542 Normendie
543 3535 552 3550 ,
580 3513 623 3543 sur
646 3522 735 3553 peyne
755 3514 790 3544 de
812 3514 837 3543 le
862 3514 973 3553 perdre,
992 3517 1026 3547 ὅ(
1041 3515 1066 3545 16
1088 3524 1171 3552 corps
1189 3525 1262 3545 con-

207 3550 323 3588 fiffeque
337 3560 350 3579 a
364 3550 461 3581 nostre
475 3551 616 3588 vollente3
635 3551 672 3582 Et
686 3552 762 3590 aussy
777 3551 856 3587 qu'ils
869 3562 903 3582 ne
924 3553 1108 3591 transportent
1131 3552 1262 3584 Vaisselle

206 3588 345 3627 d’argent,
360 3589 418 3619 sans
431 3590 509 3619 avoir
525 3590 628 3625 congie
642 3589 676 3619 de
692 3589 799 3619 Bailliff
808 3600 846 3620 ou
860 3591 960 3621 Baillifs
975 3601 1013 3622 ou
1030 3592 1054 3621 la
1068 3592 1124 3622 dite
1140 3590 1262 3622 Vesselle

205 3637 267 3657 aura
286 3627 342 3657 este
355 3628 483 3665 achatee,
501 3626 545 3657 sur
563 3636 651 3665 payne
664 3627 699 3656 de
714 3628 739 3657 le
755 3627 860 3665 perdre.

242 3664 288 3694 Ιτ
301 3675 318 3695 E
331 3673 372 3703 M,
389 3666 476 3697 Nous
497 3664 664 3696 deffendons
687 3674 702 3694 a
719 3673 789 3695 touz
805 3665 1008 3704 Changeours‚
1025 3667 1162 3704 Orfeurs,
1181 3667 1261 3698 Mer-

206 3703 292 3739 ciers,
310 3703 461 3742 Espiciers‚
479 3704 512 3734 &
526 3713 613 3734 autres
627 3712 695 3742 gens
713 3703 760 3740 (de
774 3703 893 3742 quelque
909 3704 987 3735 Estat
1000 3706 1059 3742 q'ils
1073 3706 1181 3744 soyent)
1205 3716 1259 3744 que

207 3740 243 3770 Ils
260 3751 294 3771 ne
310 3741 400 3774 facerit
414 3744 464 3775 fair
478 3742 513 3773 de
527 3742 662 3780 Change,
676 3742 703 3772 se
719 3741 758 3771 ilz
772 3742 852 3773 n’ont
867 3750 924 3772 noz
939 3742 1064 3783 Lettres‚
1084 3744 1212 3774 veriffiez
1226 3744 1262 3775 de

206 3787 265 3845 11οέ
279 3781 425 3817 generaulx
444 3780 574 3812 Maistres
591 3781 626 3811 de
640 3789 699 3810 noz
713 3779 874 3819 Monoyes,
893 3791 933 3811 ou
947 3781 994 3811 des
1008 3781 1117 3812 Gardes
1130 3782 1262 3821 d'icelles,

207 3825 223 3845 a
267 3828 350 3847 Oilei]-

245 3853 280 3883 Et
300 3856 374 3895 auffy
399 3867 454 3894 que
469 3857 506 3887 ilz
521 3867 556 3887 ne
570 3857 751 3896 Tiengnent,
769 3855 914 3894 Gardent,
933 3866 969 3886 ne
982 3867 1018 3887 ne
1035 3857 1164 3888 Fondent
1185 3858 1262 3889 nullz

206 3890 327 3930 Billons,
345 3903 402 3925 tant
415 3895 508 3933 d’Or,
526 3906 581 3933 que
602 3896 762 3933 d’Argent3
781 3896 855 3924 maiz
879 3895 904 3924 le
924 3904 1070 3932 apportent
1084 3906 1098 3925 a
1114 3896 1212 3927 l‘Ostel
1225 3896 1261 3927 de

208 3929 303 3960 nostre
325 3940 467 3971 monoye,
485 3944 557 3971 pour
577 3933 646 3966 Illec
670 3933 741 3966 estre
760 3932 879 3965 Fondeu
898 3942 914 3964 a
931 3943 1020 3965 ouvre
1039 3943 1074 3964 au
1088 3935 1204 3974 ptouffit
1223 3935 1260 3966 de

651 46 1454 99 CONVENTIONES,
1509 50 1895 106 LITERAE,

1286 134 1374 166 Nous
1390 137 1423 167 δε
1436 136 1473 167 de
1484 137 1581 168 nostre
1590 137 1713 177 Peuple,
1729 137 1844 169 dedeins
1854 138 1880 170 le
1892 147 1985 178 temps
1997 140 2046 178 qui
2060 139 2101 170 est
2113 139 2156 171 sur
2170 149 2206 172 ce
2216 139 2349 173 ordonne
2368 141 2444 175 Ann.
2455 141 2499 174 D.

1287 183 1335 214 par
1349 174 1385 204 les
1399 174 1601 215 Instruffions,
1619 177 1652 208 &
1671 177 1714 208 sur
1729 179 1763 209 &
1776 187 1812 208 en
1827 188 1860 215 pa
1900 188 1916 209 e
1927 178 1963 208 de
1975 178 2014 208 les
2048 178 2135 210 erdre.
2387 192 2475 222 1419.

1324 212 1362 252 Sy
1382 213 1516 244 donnons
1540 224 1575 244 en
1597 216 1780 246 mandement
1799 226 1834 246 au
1861 187 1968 247 {gilliff
1984 217 2021 247 de
2066 227 2158 256 ouen,
2173 226 2225 248 aux
2237 216 2348 248 Gardes
2368 226 2433 251 Hen.
2451 224 2481 250 6.

1287 250 1323 280 de
1337 260 1397 281 noz
1413 252 1460 281 diz
1473 251 1620 291 Monoyes
1632 264 1666 284 au
1684 255 1725 284 dit
1740 254 1812 292 lieu,
1831 255 1865 286 ὃς
1881 264 1897 284 a
1916 263 1987 286 touz
2011 264 2070 285 noz
2093 265 2185 286 autres
2202 255 2347 294 Justiciers

1286 290 1320 320 &
1339 289 1480 328 Officers,
1500 300 1539 320 ou
1552 290 1622 321 leurs
1637 291 1851 330 Lieuxtenants,
1869 294 1902 325 &
1922 304 1938 324 a
1959 293 2078 324 chascun
2100 294 2191 325 d’eulz
2215 294 2234 324 fi
2256 304 2345 325 corne

1285 337 1301 357 a
1319 327 1346 357 lu
1380 328 1589 366 appartiendra,
1608 339 1645 359 en
1670 339 1874 369 commettant,
1892 332 1918 361 se
1942 331 2055 362 mestier
2074 331 2134 371 est,
2151 341 2207 370 que
2227 342 2280 362 nos
2298 332 2347 364 diz

1286 364 1329 394 Or
1351 375 1494 397 onnances
1503 367 1536 398 &
1547 363 1690 398 deffences
1705 368 1797 400 facerit
1811 371 1883 400 tenir
1892 370 1926 400 &
1943 370 2042 405 garder
2054 369 2089 400 de
2105 371 2185 407 point
2199 379 2233 400 en
2249 372 2348 410 point,

1285 403 1342 433 flans
1351 405 1525 444 enfraindre,
1540 405 1574 435 &
1589 415 1637 435 ces
1649 406 1787 443 presentes
1800 417 1879 447 cryer
1889 409 1922 440 &
1933 408 2056 447 Publyer
2066 418 2115 446 par
2132 416 2211 446 tout,
2220 418 2259 440 ou
2276 410 2295 441 il
2301 420 2351 448 ap-

1285 442 1449 481 partendra,
1466 443 1526 482 Et,
1541 453 1577 473 en
1591 452 1649 474 tant
1663 453 1719 483 que
1734 445 1846 476 mestiei·
1857 458 1892 478 en
1908 448 1991 485 faire,
2009 458 2045 478 eri
2070 446 2164 478 faisant
2183 456 2287 479 mettre
2308 449 2348 480 les

1286 480 1454 511 forfaittures
1469 481 1525 512 dez
1536 481 1595 512 ditz
1620 480 1712 512 Billon
1723 505 1733 520 ,
1747 483 1809 522 Or,
1825 485 1932 525 Argent
1951 497 1991 517 ou
2011 485 2133 518 vaiss'elle
2149 495 2179 516 es
2201 486 2290 516 mains
2308 488 2347 518 de

1285 526 1344 548 noz
1360 519 1400 549 dis
1417 519 1543 558 Gardes,
1561 530 1610 557 par
1622 518 1684 551 bon
1698 521 1732 552 δε
1747 521 1819 560 loyal
1834 523 2014 564 Inventoire,
2032 525 2080 564 qui
2094 523 2131 555 de
2149 533 2184 555 ce
2207 524 2344 557 rendront

1285 566 1420 596 compte,
1436 567 1523 596 quant
1539 559 1573 590 &
1587 568 1626 589 ou
1642 559 1662 589 il
1676 561 1883 599 appartiendra,

1321 595 1359 626 Et
1375 606 1389 625 a
1405 596 1507 636 yceulx
1524 596 1695 641 prestent&
1708 598 1836 630 donnent
1849 599 1983 640 Conseil‚
2003 600 2146 640 conffoit,
2165 601 2199 632 &
2216 600 2295 640 aide,
2315 601 2344 633 se

1283 644 1332 672 par
1350 633 1413 664 eulx
1429 645 1464 665 en
1479 634 1541 665 sont
1555 644 1660 673 requis-

1320 671 1377 702 Car
1396 672 1469 713 ainsy
1491 673 1579 704 Nous
1592 659 1671 718 plaist
1684 673 1720 711 il,
1738 675 1772 706 &
1788 675 1921 707 voullons
1935 675 2007 707 estre
2020 676 2084 716 fait,
2099 686 2148 715 par
2160 687 2207 709 ees
2221 677 2341 709 mefinea

1283 712 1437 749 presentes,
1456 713 1512 742 sans
1526 712 1699 751 enfraindre,

1322 748 1360 780 Et
1375 760 1408 779 au
1425 750 1581 781 aniMus
1596 751 1632 781 de
1643 762 1690 782 ces
1704 751 1841 789 presentes
1855 750 1927 783 estre
1942 751 2042 792 playne
2056 752 2105 792 foy
2119 752 2277 794 adjoustee,
2291 765 2344 787 co-

1285 797 1332 818 rne
1346 798 1361 818 a
1378 788 1612 819 l'OmoiNALL.

1323 825 1366 856 En
1386 827 1543 867 Tesmoing
1567 828 1603 858 de
1615 838 1650 858 ce
1665 827 1753 859 Nous
1766 838 1856 859 avons
1870 828 1918 860 fait
1933 828 2000 859 faire
2015 838 2062 859 ces
2083 837 2143 859 noz
2165 828 2272 861 Lettres
2291 831 2345 862 Pa-

1286 873 1374 932 ἱξῐὲιοε
1386 864 1494 896 Donne
1509 876 1524 897 a
1541 866 1637 898 nostre
1653 865 1778 898 Chasteu
1790 867 1826 898 de
1840 866 1940 899 Gisors
1955 867 1982 898 le
1993 875 2058 899 xxv.
2072 868 2140 905 jour
2157 866 2194 899 de
2213 867 2344 907 Septem-

1307 913 1320 932 Γ
1340 925 1346 932 .

1454 1028 1503 1062 De
1521 1029 1756 1076 Respeffuasione
1768 1041 1824 1077 pro
1843 1030 2012 1076 Refidentiis
2019 1030 2184 1077 faciendis.

1291 1111 1427 1168 REX,
1445 1114 1607 1145 Venerabili
1621 1115 1649 1145 iri
1666 1114 1785 1146 Christo
1804 1114 1896 1154 Patri,
1912 1118 1949 1146 L.
1969 1115 2069 1146 eadem
2090 1114 2207 1155 Gratia,
2226 1116 2347 1147 Archie-
2363 1124 2440 1156 Arm·
2454 1124 2498 1159 D„,·

1368 1150 1464 1190 piscopo
1478 1153 1681 1195 Rothomagenfi
1687 1177 1696 1191 ,
1710 1154 1755 1184 vel
1770 1154 1826 1192 ejus
1841 1154 1957 1185 Vicario
1969 1155 1997 1184 in
2012 1155 2191 1192 spiritualibus
2200 1156 2277 1193 ‚ipso
2291 1155 2346 1186 Ar-
2386 1173 2472 1203 1419,

1288 1188 1470 1229 chiepiscopo
1487 1193 1514 1222 in
1531 1191 1663 1223 Remotis
1679 1201 1794 1232 agente,
1811 1202 1844 1223 ac
1863 1192 1986 1224 Decano
1999 1194 2033 1225 δε
2054 1192 2188 1232 Capitulo
2208 1193 2344 1225 Ecclesiae
2364 1207 2416 1231 Aa.
2433 1213 2461 1239 7.

1289 1227 1546 1269 Rethomageniis,
1563 1230 1695 1262 Salutem.
2367 1246 2402 1270 Η,
2417 1251 2445 1278 5,

1327 1266 1409 1298 Licet
1431 1278 1520 1307 nuper
1544 1268 1632 1299 Vobis
1653 1267 1884 1300 Mandaverimus
1907 1270 2035 1307 quatinus
2056 1279 2157 1300 omnes
2180 1269 2213 1301 δε
2233 1270 2349 1309 singulas
2368 1285 2426 1308 pa„

1290 1301 1424 1335 Personas
1445 1306 1669 1345 Ecclesiasticas‚
1688 1307 1724 1337 de
1744 1307 1867 1338 Civitate
1889 1309 1922 1338 δέ
1946 1308 2080 1338 Dioecese
2102 1308 2349 1348 Rothomagenfi,
2368 1323 2448 1347 Nm„
2473 1323 2501 1356 7,-

1292 1352 1367 1374 extra
1381 1344 1504 1375 nostram
1520 1346 1724 1377 Obedientiam
1738 1346 1841 1376 adtunc
1855 1346 2001 1378 existentes
2012 1370 2022 1386 ,
2035 1347 2069 1378 ad
2086 1346 2278 1378 Refidendum
2304 1347 2349 1378 su-
2367 1361 2403 1385 H.
2428 1367 2456 1394 5,
2473 1364 2501 1395 p,

1292 1391 1342 1418 per
1363 1382 1508 1414 Beneficiis
1527 1385 1595 1423 suis,
1610 1386 1687 1423 juxta
1710 1384 1844 1415 Canones
1859 1386 1889 1414 iri
1912 1385 1964 1416 hac
1979 1394 2055 1423 parte
2071 1387 2176 1424 factos,
2196 1385 2348 1418 moneretis
2371 1405 2439 1427 Lm,
2455 1405 2502 1426 20,

1292 1420 1325 1451 δε
1343 1423 1437 1452 venire
1450 1423 1673 1461 compelleretis,

1328 1459 1366 1490 Et
1389 1471 1489 1492 contra
1509 1461 1579 1499 ipsos
1600 1463 1633 1493 ὃς
1648 1470 1743 1492 earum
1760 1462 1933 1500 quemlibet,
1951 1462 2009 1492 hoc
2024 1462 2116 1493 facere
2130 1471 2295 1503 renuentes,
2309 1462 2350 1494 se-

1292 1498 1420 1529 cundum
1431 1498 1505 1538 Juris
1518 1501 1703 1538 exigentiam,
1721 1500 1845 1536 legitime
1859 1501 2062 1538 procederetis,

1332 1537 1461 1568 Necnon
1485 1538 1522 1568 de
1542 1538 1626 1569 Bonis
1645 1532 1824 1577 spiritualibus
1845 1540 1985 1577 ipsorum,
2010 1541 2043 1571 &
2063 1539 2183 1570 aliorum
2209 1548 2348 1578 quorum-

1292 1584 1434 1643 gumque,
1452 1576 1615 1608 ordinaretis
1627 1578 1660 1608 &
1675 1577 1870 1616 disponeretis,
1889 1587 1972 1615 prout
1986 1577 2022 1608 de
2033 1579 2095 1616 jure
2109 1579 2232 1610 videritis
2243 1577 2348 1610 facien-

1314 1624 1362 1643 um
1371 1638 1380 1652 ,

1329 1652 1367 1682 Et
1382 1652 1480 1683 Nobis
1494 1653 1660 1690 respondere
1672 1653 1778 1685 velletis
1792 1654 1822 1683 in
1839 1654 1982 1692 futurum,

1328 1691 1346 1709 ³¹¹
1368 1691 1436 1722 Nos
1456 1701 1568 1730 tamen,
1587 1692 1753 1730 quibusdam
1772 1693 1854 1722 certis
1877 1693 1910 1723 &
1931 1691 2101 1723 notabilibus
2114 1690 2151 1724 de
2167 1692 2279 1733 Caufis,
2297 1703 2350 1725 nos
2370 1702 2390 1722 t
2405 1703 2459 1734 lx,

1291 1729 1443 1765 specialiter
1460 1731 1656 1769 moventibus,
1673 1731 1705 1761 &
1721 1730 1755 1760 ad
1777 1730 2014 1768 Supplicarionem
2034 1730 2262 1769 supponendum
2283 1732 2350 1764 Na-
2368 1741 2434 1770 800,

1292 1769 1375 1798 tionis
1390 1768 1601 1808 Normanriiae,
1617 1771 1645 1799 in
1665 1769 1768 1799 celebri
1792 1769 1965 1799 universitate
1989 1768 2129 1798 Parisiensi
2149 1768 2351 1809 Studentium,

1292 1806 1364 1843 ipsos
1377 1830 1386 1843 ,
1410 1807 1456 1837 vel
1478 1807 1547 1838 alios
1570 1808 1763 1846 quoscumque
1785 1806 1983 1843 Beneficiatos,
2008 1806 2044 1836 de
2064 1808 2190 1845 praesenti
2208 1808 2351 1848 absentes,

1292 1845 1325 1874 ad
1345 1844 1535 1876 Residendum
1552 1846 1631 1884 super
1648 1845 1792 1876 Beneficiis
1806 1846 1871 1883 suis,
1887 1845 1957 1875 infra
1971 1844 2117 1875 Ducatum
2131 1845 2262 1876 nostrum
2277 1856 2351 1884 prae-

1292 1882 1403 1914 dietum
1414 1908 1423 1922 ,
1441 1894 1488 1916 aut
1501 1885 1551 1914 alia
1568 1884 1649 1915 Loca
1663 1885 1745 1915 nobis
1763 1884 1889 1921 subdita,
1908 1883 1942 1914 us
1958 1894 1992 1914 ue
2012 1883 2124 1914 Festum
2138 1885 2270 1914 omnium
2282 1884 2354 1915 San-

1293 1922 1409 1952 storum
1425 1924 1559 1961 proximo
1579 1923 1704 1954 futurum
1714 1946 1723 1963 ,
1739 1923 1775 1954 de
1790 1922 1890 1954 Gratia
1903 1924 1954 1952 noi
1970 1932 1997 1952 ra
2016 1922 2144 1961 speciali,
2161 1921 2356 1962 RespecJuavfi-

1294 1971 1367 1997 mus,

1331 1998 1422 2029 Vobis
1435 1999 1604 2030 Mandantes
1618 2008 1752 2038 quatenus
1765 1999 1802 2030 de
1816 1998 2011 2036 Proceffibus,
2033 2006 2134 2029 contra
2151 2009 2215 2037 eos,
2234 2007 2281 2031 aut
2302 2009 2353 2031 eo-

1294 2047 1358 2067 rum
1376 2038 1516 2076 aliquem,
1534 2047 1587 2075 pro
1605 2038 1766 2069 Residentia
1787 2038 1866 2076 super
1888 2037 2033 2069 Beneficiis
2054 2037 2107 2067 suis
2131 2038 2290 2077 hujusmodi
2312 2039 2354 2069 fa-

1293 2075 1393 2120 cienda
1407 2101 1416 2115 ,
1440 2076 1521 2107 saitis
1541 2077 1575 2107 &
1596 2077 1758 2115 inchoatis,
1786 2079 1872 2114 uique
1893 2075 2009 2107 Festum
2030 2076 2199 2114 praedictum
2221 2077 2354 2115 Superse-

1293 2114 1379 2183 (1631Ξῖδ
1387 2137 1536 2184 1310εεῦ113
1550 2152 1629 2192 illos,
1647 2154 1675 2183 in
1693 2151 1762 2183 statu
1778 2163 1838 2190 quo
1849 2152 2123 2222 nuncffsunt2usque
2135 2153 2211 2184 idem
2232 2152 2350 2198 Festum

1295 2192 1465 2222 continueris
1480 2193 1513 2222 &
1528 2193 1702 2231 prorogetis,
1723 2190 1863 2223 Mandato
1879 2201 1919 2223 no
1945 2201 1997 2230 ro,
2013 2195 2051 2222 iic
2065 2193 2193 2231 primitiis
2211 2192 2294 2223 vobis
2307 2192 2352 2223 di-

1295 2230 1393 2267 recto,
1410 2240 1468 2260 non
1483 2229 1620 2261 obstante.

1331 2268 1420 2299 Teste
1435 2268 1517 2308 Rege
1533 2268 1606 2308 apud
1622 2268 1743 2309 Castrum
1751 2267 1833 2308 ficum
1845 2268 1878 2299 de
1890 2268 2000 2309 Gisiir5‚
2016 2277 2079 2299 xxv.
2098 2267 2144 2299 die
2157 2267 2339 2308 Septembris.

2370 1435 2429 1465 dor.

1953 2346 2006 2376 Per
2020 2344 2102 2385 ipfitm
2115 2348 2222 2383 Regem.

1337 2422 1505 2456 consimilia
1528 2421 1626 2456 Brevia
1649 2421 1804 2492 diriguntuJ
1819 2421 2000 2492 lsubtscriptis‚
2020 2422 2070 2453 sub
2091 2421 2190 2453 eadem
2211 2419 2307 2459 Data;

1753 2473 1781 2493 vi
1802 2471 1872 2492 eice
1891 2483 1901 2499 ‚

1294 2581 1299 2586 ι
1325 2543 1442 2585 *Det-ano
1463 2539 1502 2575 &
1522 2538 1647 2578 capitulo
1669 2537 1803 2570 Ecclesiae
1829 2536 2000 2568 Cathedralis
2023 2534 2261 2584 Constantienfis‚
2276 2532 2350 2566 Sede

1293 2579 1647 2654 lbxgeeznzacgssapitulo
1654 2613 1802 2649 Ccclefiae
1823 2612 1997 2645 Cathedralis
2011 2612 2141 2652 Bajocen.
2155 2610 2229 2643 Sede
2242 2611 2350 2642 ibidem

1294 2656 1536 2725 νεξῗὲῐξὲιῖαξὶῖξίη
1552 2690 1670 2721 Christo
1685 2689 1758 2733 Patri
1775 2689 1898 2759 Egfiopo
1911 2689 2036 2730 Sagiensi.
2086 2729 2092 2734 ·

1332 2737 1442 2764 Decano
1460 2729 1498 2764 &⁴
1514 2728 1635 2767 eapitulo
1647 2728 1780 2759 Eccleiiae
1823 2728 1966 2773 athedralis
1985 2728 2138 2772 Lvtoyien.
2157 2725 2246 2766 Sede,
2261 2727 2323 2758 &c.

1332 2775 1441 2801 Decano
1455 2768 1492 2804 ᾤ’
1506 2767 1628 2807 Capitulo
1641 2767 1776 2798 Ecclesiae
1789 2766 1964 2798 Cathedralis
1982 2766 2134 2797 Ebroicen.
2151 2766 2212 2809 &e
2265 2803 2270 2809 ·
2321 2801 2328 2808 ·

1335 2807 1493 2841 Venerabili
1514 2809 1543 2837 in
1565 2805 1682 2836 Christo
1703 2805 1777 2836 Patri
1797 2804 1920 2844 Episcopo
1937 2805 2086 2835 Abrincen.
2105 2802 2152 2836 vel
2165 2811 2222 2841 eius
2235 2801 2350 2834 vicario

1296 2847 1448 2887 Generali,
1462 2846 1520 2884 ipso
1537 2844 1678 2883 Episcopo
1696 2845 1726 2874 in
1742 2843 1877 2875 Remotis
1891 2853 2009 2883 agente,
2027 2844 2088 2874 &c-

1648 2988 1706 3020 Pro
1729 2987 1815 3019 Duce
1835 2981 1993 3018 Barbaniae.

1351 3075 1426 3113 EX,
1444 3083 1493 3112 per
1508 3073 1614 3104 Literas
1629 3074 1686 3104 suas
1700 3070 1844 3112 Parentes,
1859 3078 1909 3107 per
1924 3067 2008 3100 Duos
2022 3067 2136 3100 Menses
2149 3068 2286 3106 proximo
2305 3068 2352 3114 fii·
2369 3078 2446 3112 Anu·
2455 3079 2500 3112 D:

1296 3080 1351 3135 R
1369 3123 1447 3146 turos
1462 3113 1617 3149 duraturas,
1633 3110 1748 3146 suscepit
1763 3109 1790 3137 in
1804 3109 1909 3152 ialvum
1919 3130 1929 3146 ,
1945 3108 2006 3138 ὅτε.
2019 3105 2178 3145 Johannem
2191 3110 2305 3153 ὁζεεὲφιιὶἸ
2320 3117 2350 3138 111
2389 3127 2476 3158 1419·

1297 3153 1435 3190 Regnum
1452 3151 1538 3189 Regis
1553 3150 1662 3188 Angliae
1698 3147 1733 3177 ad
1748 3145 1925 3177 Praesentiam
1937 3148 2020 3176 Ducis
2032 3145 2065 3176 de
2084 3144 2241 3184 Bur-boma,
2258 3145 2352 3176 Priso-
2369 3161 2423 3186 An,
2442 3167 2470 3194 7·

1296 3193 1364 3222 narii
1380 3190 1484 3228 Regis,
1501 3197 1568 3218 cum
1579 3197 1639 3218 uno
1684 3185 1769 3217 aletto
1783 3186 1812 3215 in
1828 3184 1973 3215 Comitiva
1987 3185 2046 3222 sua,
2061 3194 2094 3215 ac
2105 3183 2190 3214 Bonis
2204 3185 2239 3216 &
2252 3183 2352 3215 Rebus
2369 3200 2405 3224 H.
2424 3205 2455 3232 5,

1297 3231 1367 3267 suis,
1382 3226 1565 3294 transeugdo,
1583 3225 1688 3256 ibidem
1701 3224 1857 3261 morand0,
1872 3223 1906 3254 &
1921 3222 2024 3254 abinde
2036 3222 2072 3254 ad
2092 3222 2188 3254 Partes
2206 3223 2265 3254 suas
2285 3231 2353 3263 pro-
2368 3234 2432 3262 thid.
2446 3242 2484 3262 m,

1321 3269 1371 3297 rias
1385 3266 1487 3296 redeun
1509 3275 1546 3301 ος
2167 3299 2172 3304 .
2373 3272 2416 3301 ,3,

1299 3278 1319 3306 p
1336 3303 1455 3335 Proviso
1467 3303 1576 3339 semper
1588 3302 1669 3342 quod
1685 3301 1743 3340 ipse
1759 3302 1926 3340 quicquain,
1943 3298 2007 3331 &c.
2022 3299 2056 3331 &
2071 3298 2152 3337 quod
2165 3297 2221 3337 ipse
2241 3298 2351 3330 nullum

1298 3342 1484 3379 Castrorum,
1500 3342 1562 3372 &c-

1334 3379 1368 3411 In
1383 3381 1477 3418 cujus,
1492 3379 1552 3410 &c.

1334 3455 1423 3488 Teste
1436 3454 1523 3493 Rege
1537 3454 1611 3494 apud
1625 3453 1747 3494 Castrum
1755 3453 1835 3494 situm
1848 3453 1879 3483 de
1893 3451 1985 3492 Gisors
1999 3452 2071 3482 xxix.
2089 3450 2135 3482 die
2153 3450 2331 3488 Septembris.

1985 3530 2038 3558 Per
2049 3525 2129 3566 ipsum
2143 3527 2246 3565 Regem.

1537 3662 1597 3693 Pro
1622 3664 1786 3694 Secretario
1811 3661 1906 3692 Ducis
1930 3654 2116 3704 Burgundiae.

1303 3743 1437 3801 REX,
1455 3753 1503 3782 per
1518 3744 1622 3776 Literas
1636 3746 1692 3776 suas
1708 3743 1836 3775 Parentes
1844 3766 1856 3786 ,Ι
1865 3752 1914 3786 per
1930 3740 2157 3778 Quatuordecim
2168 3739 2352 3787 Dies-proxi-
2367 3739 2444 3772 Ann.
2457 3739 2503 3774 D:

1380 3784 1432 3812 mo
1455 3783 1561 3813 futuros
1582 3783 1741 3820 duraturas,
1757 3782 1871 3818 suscepit
1889 3790 1918 3810 in
1939 3780 2043 3810 salvum
2054 3802 2063 3817 ,
2080 3779 2140 3810 &c.
2159 3781 2304 3809 Henrrcum
2316 3779 2349 3809 de
2395 3787 2482 3818 1419.

1300 3819 1463 3859 Chauffiiur,
1482 3821 1683 3860 Armigerum,
1702 3823 1735 3852 &
1756 3818 1925 3858 Magistrum
1937 3839 1946 3855 ,
1965 3819 2101 3861 Georgium
2119 3817 2280 3862 dJOstende,
2298 3817 2350 3848 Se·
2366 3822 2419 3846 An.
2435 3827 2463 3854 7.

1299 3860 1447 3888 cretarium
1456 3881 1465 3896 ,
1484 3861 1566 3889 Ducis
1581 3859 1743 3897 Burgundiae
1753 3880 1763 3896 ,
1777 3857 1862 3894 usque
1873 3854 2052 3899 Praeseritiam
2065 3855 2172 3895 Regis,
2187 3865 2256 3900 cum
2264 3855 2351 3900 Duq-
2367 3860 2405 3900 Η..
2420 3864 2449 3891 5.

1298 3895 1393 3926 decim
1408 3896 1553 3936 Personis,
1571 3898 1694 3928 Armatis
1709 3897 1754 3927 vel
1778 3904 1837 3925 non
1861 3894 1998 3931 Armans,
2015 3904 2048 3924 ac
2071 3893 2238 3925 Duodecim
2260 3894 2286 3925 E
2307 3904 2351 3925 tus
2366 3893 2433 3922 thid.

1299 3934 1329 3967 in
1345 3933 1492 3969 comitiva
1509 3936 1569 3973 sua,
1586 3936 1642 3967 una
1658 3944 1726 3967 curn
1741 3933 1850 3970 Libris,
1866 3932 1982 3970 Literis,
2001 3931 2152 3972 Mantieis,
2168 3931 2275 3971 Bonis,
2285 3941 2352 4001 bu}-
2368 3941 2404 3962 m.
2424 3939 2466 3967 ¹7·

2344 3990 2354 4008 1
