2562 4274
5 252 82 285 Arm.
96 252 135 282 D.

34 300 120 330 1427.

5 335 69 359 Heri.
88 334 114 361 6.

1 880 74 909 ‘X-

4 1508 78 1540 Aim.
93 1508 134 1540 D.

5 1549 115 1615 affl}

3 1649 90 1699 Chius..
110 1665 137 1694 6,

5 1707 39 1731 H.
48 1704 73 1729 6.
84 1713 117 1730 m.

9 1750 50 1777 ¹3·
69 1742 98 1769 d.

155 178 231 218 132

609 142 1414 197 coNvENTioNES,
1469 139 1871 193 LITERAE,

154 249 250 288 Regiis
264 245 409 279 Promissis
429 255 462 275 ac
473 242 643 283 juramentis
655 241 775 277 repetitis
788 236 901 277 vallata,
920 235 1081 275 quantique
1107 233 1214 263 Litera-
1249 230 1399 261 Dominus
1420 228 1486 259 Rex
1511 228 1625 266 sumpsit
1639 229 1769 260 manibus
1782 227 1903 268 propriis
1916 226 1952 257 de
1965 226 2026 265 ipso
2045 225 2186 266 Comite,
2201 228 2236 261 &
2251 226 2315 260 De-
2332 228 2410 260 Ann.
2424 226 2466 261 D.

156 298 218 318 rum
240 288 273 317 δε
293 286 481 316 Nunciorum
504 281 630 312 instantia
650 280 753 310 crebro
777 278 812 309 ad
826 278 885 308 hoc
901 275 1023 308 vestram
1037 272 1214 312 Magnitudi-

157 336 224 357 nem
240 325 484 361 interpellavimus.
793 356 798 361 .
879 332 883 337 ·
1033 351 1038 356 .

195 365 230 394 Et
251 372 425 401 quamquam
445 357 568 397 rigorosa
588 355 747 394 praecepsve
771 353 910 385 didiarum
932 351 1122 397 Pecuniai-um
1140 347 1215 378 Exa-

154 403 232 440 έὶίο,
251 401 344 431 nostrii
359 409 391 430 ex
408 408 499 437 parte,
518 400 637 426 vetis-im
651 394 837 425 Serenitatem
851 392 885 423 ad
900 392 1015 429 ipsarum
1026 390 1214 434 ¹„solutionem

152 442 286 472 haetenus
300 448 358 468 non
376 437 536 476 pulsaverit,
556 444 591 464 eo
606 443 702 465 tamen
717 431 883 471 peramplius
901 439 994 468 eoque
1014 429 1146 471 libentius
1167 436 1215 470 ac-

152 480 270 510 celerare
283 478 367 507 debet
382 477 415 506 ad
432 475 598 506 solvendum
612 472 734 511 ejusdem
744 470 845 501 vestrae
860 469 1016 500 Serenitatis
1026 465 1130 505 Regi-ie
1143 464 1215 495 Ani-

151 527 213 548 mus
225 516 381 555 generosus.
1013 545 1018 550 .

189 555 307 594 Vestram
322 553 540 590 Magnitudinem
557 550 605 579 diii
622 550 654 580 ὃς
670 548 788 578 feliciter
801 546 947 577 conservet
963 542 1128 574 Altiffimus.

188 593 292 632 Script.
313 593 376 631 xviij
392 592 440 622 die
452 589 639 626 Decembris,
658 587 762 626 Anno,
781 587 842 618 &c.
861 585 957 616 Sexto.

184 669 293 738 gigig-in
308 711 363 738 Die
376 705 542 743 Decembris,
561 706 648 735 Anno
661 704 743 734 Sexto
762 700 836 740 apud
855 695 1130 739 Wstmonasterium,
1148 704 1210 742 eqn-

148 749 285 777 cnrdatum
298 745 358 787 fuit
380 746 455 787 quud
477 747 629 782 dirigantur
652 745 777 779 Literae,
788 737 842 781 fieb
862 741 982 784 Prizfato
1003 734 1095 782 Sigillo
1112 739 1208 774 Regis,

148 785 304 817 SCOtorurn
319 785 408 826 Regi,
420 783 541 824 formam
556 781 594 819 5:57·
609 789 727 811 tenorem
744 781 907 809 continentes
920 774 1113 815 infrafiriptos.

561 860 580 880 *
600 857 792 898 Praeseztibus,

150 941 306 980 Dominis,
699 933 793 976 Hui—it.

150 980 260 1011 Glouc.
700 972 780 1003 Stair.

150 1019 285 1050 Canttiar.
699 1010 809 1041 Sarum.

151 1057 303 1094 Eborum,
674 1062 678 1069 ·
700 1045 871 1092 Cromxvell.

149 1095 307 1127 cancellar.
699 1087 814 1124 Tiptot.

153 1134 289 1167 London⁴
699 1126 771 1156 Hun
793 1122 895 1154 erford.

151 1171 286 1203 Lincoln.
700 1164 767 1194 The
779 1163 892 1193 aurario.

151 1210 243 1243 Elien.
701 1201 738 1234 Et
754 1200 884 1233 Custode
897 1199 1002 1230 Privati
1015 1197 1115 1237 Sigilli.

147 1249 268 1282 Batnon.

149 1375 243 1422 Supcr
259 1371 453 1420 Juramenti's
470 1371 507 1408 ὠ
522 1369 673 1414 Homagio
690 1367 787 1399 Ducis
804 1365 962 1396 Britanniae
978 1360 1015 1395 de
1034 1361 1210 1395 Proclama-

553 1420 631 1449 tione
642 1413 800 1461 facienda.

155 1508 290 1567 REX,
306 1506 334 1536 V
336 1505 480 1537 icecomiti
492 1502 655 1538 Devoniae,
670 1499 803 1530 Salutem.
1142 1535 1146 1540 .

249 1547 333 1578 'Cum
342 1567 352 1583 ,
369 1543 533 1575 Gariffimus
547 1538 712 1572 Avunculus
724 1536 816 1566 noster
825 1557 835 1574 ,
852 1533 998 1574 Johannes
1010 1535 1080 1563 Dux
1094 1534 1213 1562 Britan-

151 1590 218 1625 m'ae,
234 1597 287 1625 pro
310 1584 393 1615 Bono
418 1582 512 1618 Pacis,
527 1582 560 1611 &
581 1579 614 1610 ad
638 1576 807 1607 morandum
831 1575 861 1604 in
882 1572 1080 1617 benevolentia
1093 1572 1127 1602 &
1141 1571 1212 1601 obe-

152 1625 254 1656 dientia
273 1622 372 1654 nostris
387 1624 462 1659 Regis
475 1622 596 1650 Franciae
612 1615 650 1650 ὠ
666 1614 794 1654 Angliae,
815 1613 950 1657 omnibus
975 1611 1020 1642 All
1063 1619 1146 1655 ntus,
1165 1619 1212 1651 per

153 1664 243 1700 ipsum
258 1663 287 1693 in
302 1662 389 1692 nostri
402 1658 595 1697 praejudicium
614 1655 708 1693 fastis,
728 1656 746 1685 ii
760 1662 824 1693 quas
838 1652 953 1690 fecerit,
971 1659 1019 1688 per
1061 1657 1141 1680 iteras
1155 1652 1213 1678 luas

155 1701 284 1733 Patentes
299 1698 519 1734 renunciaverit,
724 1733 726 1735 Ι

190 1742 235 1772 Ac
247 1740 376 1779 juraverit
390 1737 423 1768 &
441 1733 619 1771 promiserit,
634 1742 684 1770 per
698 1730 797 1762 Fidem
812 1731 845 1762 ὃς
861 1728 1081 1772 Sacramentum*
1095 1724 1214 1769 Corpo—

152 1780 187 1809 ris
202 1780 255 1816 sui,
271 1788 304 1809 ac
320 1779 348 1807 in
367 1777 456 1806 verbo
471 1774 630 1810 Principis,
648 1781 702 1809 pro
720 1769 756 1800 Se
767 1793 776 1808 ,
793 1769 826 1800 &
850 1767 1022 1798 Haeredibus
1043 1763 1113 1802 suis,
1131 1763 1213 1802 quod

151 1818 417 1857 Appunctuamenta
439 1814 472 1844 ὃς
495 1812 664 1842 Tractatum
687 1810 763 1838 Pacis
777 1805 879 1848 Finasis
892 1806 1018 1849 duorum
1035 1802 1212 1847 Regnorum

151 1857 174 1886 F
177 1857 277 1886 ranciae
289 1856 322 1886 ὃς
338 1854 465 1891 Angliae,
483 1851 587 1888 absque
602 1848 716 1885 fraude,
731 1847 821 1885 dolo,
839 1848 885 1876 seu
910 1843 986 1875 malo
1007 1851 1144 1886 ingenio,
1162 1851 1214 1871 cu-

150 1894 270 1933 stodiet,
287 1903 320 1923 ac
335 1891 471 1923 custodiri
483 1890 566 1920 faciet
581 1889 614 1918 δε
628 1887 787 1924 observari,
804 1884 907 1923 absque
929 1891 1054 1921 unquam
1076 1880 1215 1918 imposte-

150 1935 216 1965 rum
233 1936 261 1963 in
277 1931 447 1962 contrarium
460 1927 619 1964 veniendo,
1062 1959 1067 1964 1

189 1972 234 2003 Ac
260 1971 339 2009 quod
361 1969 478 2006 Nobis,
493 1970 558 2004 Regi
583 1963 696 2003 Angliae
720 1961 758 1999 ὠ·
785 1964 922 1999 Franciae,
940 1961 973 1992 &
1002 1956 1154 2002 Catisiimo
1173 1955 1216 2002 A'.

152 2010 278 2040 vunculo
294 2008 391 2039 nostro
408 2007 537 2046 Johanm'
553 2004 678 2041 Regenti
689 2001 827 2041 Regnum
845 2000 976 2031 nostrum
991 1997 1119 2042 Franciae
1142 1997 1214 2025 Daci

149 2048 325 2087 Bedfordiae,
343 2047 460 2077 durante
491 2045 628 2083 Regentia
649 2042 711 2079 sua,
728 2042 756 2070 in
778 2041 860 2070 rebus
885 2037 1062 2081 tangentibus
1088 2036 1129 2078 &⁵
1142 2043 1215 2064 con-

148 2087 329 2118 cernentibus
356 2085 474 2115 FaCium
493 2084 527 2114 ὅ(
549 2081 795 2112 Gubernationem
820 2077 890 2108 dieti
911 2076 1007 2119 Regni
1032 2075 1158 2118 Franciae
1181 2072 1214 2102 &

151 2126 230 2157 Rem
249 2125 399 2156 Publicam
414 2122 536 2161 ejusdem
546 2143 556 2158 ‚
572 2119 686 2150 obediet
698 2142 707 2157 ,
722 2118 810 2148 Salvis
827 2119 855 2146 in
871 2117 928 2146 hoc
940 2114 1072 2154 juribus,
1087 2112 1215 2143 Liberta-

150 2166 225 2198 tibus
235 2189 243 2202 ,
258 2166 290 2196 &
305 2163 468 2194 Nobilitate
483 2160 606 2198 ejusdem
619 2162 703 2188 Ducis
716 2159 890 2200 Brnamqiae,

187 2203 224 2235 Se
238 2204 390 2234 eiititurum
407 2202 439 2232 ὃς
458 2198 536 2238 quod
551 2198 603 2230 erit
619 2198 651 2229 &
666 2195 849 2226 Permanebit
875 2199 1082 2230 imperpetuum
1109 2189 1215 2233 Homo

150 2242 246 2274 noster
269 2241 303 2272 &
325 2239 481 2271 Haeredum
502 2237 663 2268 nostrorum
687 2234 804 2273 Regum
823 2233 951 2263 Franciae
966 2253 976 2268 ,
1002 2231 1035 2261 &
1056 2229 1094 2274 Se
1117 2228 1203 2272 Nobi

151 2280 335 2318 Homagium
355 2279 496 2310 facturum
523 2276 593 2306 cum
618 2276 647 2304 in
665 2273 800 2311 Regnum
818 2270 946 2301 nostrum
964 2269 1089 2300 Franciae
1104 2276 1217 2312 veneri—

153 2329 216 2350 mus
230 2321 263 2350 ὅς
283 2318 392 2349 ibidem
407 2317 558 2352 fuerimus,
575 2322 623 2344 aut
637 2312 850 2343 Successoribus
870 2308 970 2339 nostris
986 2308 1113 2351 Regibus
1130 2307 1216 2336 kran-

153 2360 222 2396 ciae,
241 2357 311 2389 infra
325 2357 400 2389 Tres
416 2354 530 2386 Menses
545 2352 697 2392 postquam
711 2350 787 2380 idem
807 2352 875 2392 qu
892 2349 1049 2377 Britanniae
1067 2345 1132 2376 inde
1151 2345 1216 2388 ¹fue—

153 2399 189 2428 rit
206 2397 365 2435 requisitus,
384 2394 488 2425 eodem
501 2392 592 2423 modo
607 2401 667 2429 quo
682 2389 904 2432 Praedecessores
919 2387 978 2430 sui,
996 2385 1096 2416 Duces
1110 2384 1217 2427 Britan-

154 2437 208 2466 niae
246 2435 356 2473 Regibus
373 2436 496 2463 Franriae
511 2432 603 2463 facere
620 2429 765 2465 solebant,
782 2430 839 2457 line
858 2425 1054 2464 oppositione,
1073 2423 1218 2455 contradi-

154 2459 266 2512 ctione,
282 2483 328 2505 aut
345 2472 509 2504 difficultate
523 2477 721 2511 quacumque,

193 2512 230 2543 Et
255 2512 333 2550 quod
359 2519 505 2549 nunquam
527 2508 609 2539 alicui
632 2507 725 2543 alteri,
744 2512 774 2535 ut
796 2502 871 2542 Regi
886 2502 1028 2546 Franciae,
1046 2500 1098 2546 nis}
1119 2499 1219 2544 Nobis

157 2549 232 2589 Regi
253 2551 376 2581 Franciae
388 2551 420 2582 δι
437 2548 563 2588 Angliae,
581 2547 614 2577 ὃς
628 2544 798 2576 Haeredibus
812 2541 915 2572 nostris
927 2541 1056 2580 Regibus
1070 2538 1200 2569 I-ranciae
1208 2561 1219 2578 ‚

161 2589 277 2619 obediet

197 2612 294 2657 Prout'
306 2627 335 2655 in
358 2625 441 2655 literis
460 2623 562 2655 nostris
581 2622 764 2657 Patentibus,
787 2620 837 2650 sub
859 2617 960 2662 Sigillo
982 2627 1042 2656 quo
1064 2617 1170 2648 utimur
1191 2617 1218 2646 in

160 2664 241 2696 dieto
265 2664 371 2702 Regno
394 2662 492 2693 nostro
519 2663 645 2692 Franciae
668 2662 732 2690 inde
748 2657 907 2696 confeesss,
921 2657 1072 2700 Tenorem
1087 2656 1120 2687 &
1140 2655 1221 2685 Vidi-

162 2714 217 2733 mus
234 2703 390 2732 Literaium
406 2701 564 2731 Patentium
579 2699 658 2736 ipsius
675 2702 757 2728 Ducis
776 2699 950 2732 Britanniae,
969 2695 1071 2732 Sigillo
1093 2694 1127 2725 &
1146 2693 1221 2724 Sub—

164 2742 314 2779 scriptione
328 2740 377 2770 suis
391 2739 634 2777 consignatamm,
653 2746 736 2774 penes
752 2736 898 2772 praefatum
914 2733 1098 2764 Carissimum
1119 2732 1220 2763 Avun-

163 2780 261 2811 culum
277 2778 404 2810 nostrum
420 2777 582 2817 Regentem
598 2776 822 2811 remanentium,
840 2772 1070 2809 continentibus,
1087 2771 1170 2801 nobis
1191 2772 1222 2800 in

163 2819 298 2856 Angliam
314 2815 487 2853 [ransmiffis,
507 2814 614 2854 plenius
630 2821 808 2849 continetur,
909 2850 913 2854 ι

202 2857 285 2894 Nos,
312 2855 449 2894 praemisia
472 2853 507 2886 ad
527 2854 657 2884 notitiam
676 2850 858 2890 Singulorum
881 2848 1035 2887 Ligeorum
1059 2846 1224 2877 nostrorum

165 2894 260 2934 Regni
273 2893 361 2924 nostri
375 2894 486 2933 Angiiae
500 2892 604 2923 deduci
617 2890 743 2921 volentes
760 2889 793 2919 &
818 2886 954 2930 notificari
965 2911 974 2923 ,
992 2887 1065 2917 Tibi
1086 2885 1224 2923 Praecipi-

167 2943 247 2970 mus,
273 2932 385 2963 firmiter
408 2933 608 2969 injungentes,
635 2928 714 2967 quud
739 2928 849 2963 statim,
873 2928 936 2957 vilis
956 2925 1164 2962 Praesentibus,
1192 2934 1225 2954 ea

167 2973 264 3002 omnia
281 2973 313 3003 &
330 2971 432 3010 singula
445 2973 472 3000 in
486 2970 594 3009 singulis
610 2968 750 2998 Portubus
764 2976 798 2996 ac
815 2965 870 2995 aliis
894 2964 982 2994 Locis
1002 2964 1073 2994 infra
1093 2962 1225 2994 Comita-

169 3019 231 3042 tum
248 3009 434 3047 praedffltum,
451 3009 498 3038 ubi
513 3009 598 3047 magis
610 3005 757 3044 expediens
783 3005 865 3034 fuerit
888 3004 921 3034 ὅ(
943 3003 1073 3041 necesse,
1092 3011 1126 3032 ex
1149 3011 1226 3040 parte

169 3048 279 3086 nostra,
299 3049 411 3086 publice
426 3047 595 3077 Proclamari
610 3046 693 3076 facias
709 3045 741 3075 &
759 3041 931 3080 Notificari,

207 3086 244 3117 Et
257 3088 335 3124 quoti
352 3086 480 3125 praedieti
496 3086 577 3123 Ligei
591 3084 699 3120 nostri,
718 3084 751 3112 ὅ(
768 3091 870 3112 eorum
891 3081 1022 3118 quilibet,
1040 3079 1151 3109 firmam
1172 3078 1228 3110 Pa-

171 3135 235 3156 cem
250 3125 394 3164 nostram,
412 3134 476 3163 erga
491 3124 637 3162 praefatum
655 3124 755 3152 Ducem
768 3122 941 3157 Britanuiae,
957 3119 990 3150 &
1013 3118 1148 3149 Subditos
1167 3119 1228 3149 suos

171 3164 381 3203 quoscumque,
399 3164 434 3194 de
452 3172 574 3200 caetero,
590 3160 748 3192 custodiant
765 3160 799 3190 &
812 3159 979 3196 observent,
997 3166 1060 3188 eam
1072 3157 1229 3188 nuliatenus

172 3202 305 3233 violando
323 3204 367 3233 seu
389 3202 575 3240 infringenda

210 3240 298 3271 Teste
313 3242 393 3281 Rege
405 3241 479 3279 apud
494 3237 748 3279 W'estmonasteri'um
758 3259 768 3274 ,
787 3236 869 3274 xxviij
884 3234 930 3264 die
941 3234 1072 3273 Januarii.

613 3315 667 3343 Per
682 3311 764 3352 i'pficm
779 3313 874 3349 Regem
891 3309 929 3346 ὠ·
947 3310 1098 3341 Concilium.

172 3390 340 3423 Consimilia
354 3391 452 3423 Brevia
466 3391 624 3431 diriguntur
640 3388 868 3420 Vicecomitibus
884 3386 1058 3424 subscriptis,
1069 3384 1120 3417 sub
1133 3383 1231 3416 eadem

573 3429 666 3467 Data,
684 3427 835 3465 videlicet,

176 3516 375 3545 Vicecomiribus
388 3516 500 3545 London
507 3538 516 3554 ,
534 3514 593 3549 &a

176 3556 204 3582 V
206 3557 328 3584 icecomiti
345 3554 458 3583 Cornub.

178 3594 332 3622 vicecomiti
347 3592 463 3632 Someis
477 3590 515 3628 ό
531 3590 612 3632 Dors.

178 3632 330 3661 Vicecomiti
343 3631 432 3660 Sutht.

178 3670 207 3697 V
206 3672 329 3698 icecomiti'
345 3672 470 3700 Kantiae.

178 3709 206 3735 V
206 3710 329 3738 icecomiti
341 3708 442 3747 Suffex.

721 3515 749 3542 V
747 3514 872 3541 icecomiti
883 3509 976 3548 Effix.

722 3553 874 3579 Viceram¹ti
891 3548 985 3588 Norff
998 3547 1037 3583 &⁹
1049 3547 1117 3587 Suffs

716 3586 876 3618 ·Vicecon1iti
893 3586 1016 3617 Lincoln.

722 3630 749 3656 V
751 3630 874 3656 iceconiiti
892 3625 1022 3656 Eborum.

722 3668 750 3695 V
752 3668 877 3694 irecomiti
894 3664 1074 3695 Northumbr.

1252 270 1293 301 dit
1307 269 1420 300 cuidam
1434 265 1543 306 Jacobo
1561 267 1595 297 de
1611 265 1769 298 Balalanez
1786 266 1821 297 de
1835 265 1942 304 Regno
1954 264 2088 298 Poloniae
2098 264 2198 298 Militi.

1256 347 1296 376 H.
1313 343 1470 382 Glaucestre.
1804 341 1842 381 J.
1860 340 1982 372 Bathon.

1255 386 1294 413 H.
1313 387 1447 412 Cantuar.
1805 384 1836 411 T.
1855 380 1999 420 Salisbury.

1254 422 1292 460 J.
1311 422 1396 451 Ebor.
1412 419 1599 451 Cancellario.
1805 422 1844 450 H.
1861 418 1992 459 Stafflrd.

1256 463 1289 490 P.
1309 459 1402 490 Elien.
1806 461 1837 488 T.
1856 457 2046 497 Huntingdon.

1262 511 2309 548 ffl-ssm

1491 587 1541 619 De
1558 587 1696 618 Licentia
1712 583 1905 618 Traducendi
1914 588 2093 633 peregrinos.

1254 670 1385 728 REX,
1399 670 1532 703 universis
1547 672 1581 702 &
1596 670 1707 710 singulis
1724 669 1903 708 Admirallis,
1920 671 1981 702 &c.
2000 671 2035 702 ad
2048 681 2137 711 quOS,
2155 672 2216 705 ὅτε.
2236 671 2315 704 Salu-

1327 719 1398 741 tem.

1287 747 1462 786 Supplicavit
1479 749 1562 779 nobis
1575 747 1690 778 Thomas
1704 748 1767 778 Buk
1779 747 1815 777 de
1831 746 2042 784 Deitemouth,
2057 756 2088 778 ut
2100 749 2127 779 ei
2148 748 2311 781 Licentiam

1252 787 1414 817 concedere
1429 787 1567 822 velimus,
1583 786 1663 825 quod
1678 786 1732 824 ipse
1748 786 1887 825 quandam
1905 795 2006 817 navem
2017 809 2026 824 ,
2043 795 2175 818 vocatam
2187 788 2211 818 la
2226 788 2312 820 Tho-

1252 833 1312 855 mas
1336 826 1371 857 de
1393 825 1605 864 Dertemoutb‚
1622 825 1748 862 Portagii
1770 824 1824 856 Sex
1860 825 1916 855 inta
1939 823 2114 862 Doliorum,
2138 832 2206 856 cum
2231 827 2313 867 Qa-

1251 862 1379 902 draginta
1392 863 1568 903 Peregrinis,
1586 864 1678 894 versus
1692 863 1829 894 Sanctum
1862 865 1987 895 acobum
2002 865 2033 894 in
2053 862 2180 895 Galliciis
2201 862 2314 898 Cat-iare

1253 902 1287 933 δε
1299 903 1464 934 Traducere
1478 903 1562 943 possit
1577 902 1652 933 licite
1663 904 1697 934 &
1713 904 1848 941 impune,

1291 941 1359 973 Nos
1372 941 1564 980 supplicationi
1578 942 1720 979 praedieiae
1733 941 1920 972 favorabiliter
1938 939 2082 979 inclinati,
2101 939 2261 973 Licentiam
2282 941 2316 973 il-

1253 978 1327 1017 lam,
1345 981 1466 1011 Tenore
1482 980 1676 1018 praesentium,
1693 979 1824 1010 duximus
1838 978 2071 1019 concedendam3

1291 1017 1331 1049 Et
1344 1018 1412 1049 ideo
1426 1019 1509 1049 vobis
1525 1018 1696 1049 Mandamus
1711 1018 1792 1056 quod
1814 1019 1906 1057 ipsum
1926 1017 2054 1048 rhomam
2075 1017 2194 1049 Navem
2218 1018 2320 1057 praedi-

1253 1055 1348 1095 ἂαῐη,
1363 1066 1432 1088 cum
1446 1056 1499 1087 Per
1536 1058 1602 1087 rinis
1615 1057 1773 1095 praedietis,
1791 1057 1883 1088 versus
1896 1057 2008 1088 didi-‚um
2024 1056 2161 1087 Sanctum
2172 1057 2319 1095 Jacobutn

1254 1093 1370 1140 Cariare
1390 1096 1424 1126 &
1444 1095 1506 1126 Tra
1527 1105 1611 1126 ucere
1630 1096 1808 1134 permittatis,
1826 1095 1929 1135 absque
1949 1094 2159 1133 impedimento
2181 1095 2230 1127 seu
2250 1097 2319 1129 Per-

1255 1135 1416 1165 turbatione
1433 1143 1630 1173 quacumque:

1293 1171 1412 1203 Proviso
1422 1173 1530 1212 semper
1545 1172 1626 1211 quod
1638 1171 1780 1212 Peregrini
1795 1171 1938 1210 praediffl,
1957 1179 2004 1202 aut
2020 1181 2121 1203 eorum
2137 1171 2255 1211 aliquis,
2269 1173 2319 1204 aii·-

1252 1220 1307 1280 ἓυα
1323 1211 1422 1242 Nobis
1435 1211 1479 1242 seu
1495 1211 1606 1249 Regno
1622 1211 1722 1242 nostro
1736 1211 1849 1251 Angliae
1863 1211 2059 1249 praejudicialia
2075 1210 2171 1242 secum
2187 1220 2248 1242 non
2268 1211 2320 1243 de-

1267 1260 1343 1281 erant
1359 1251 1459 1288 quovis
1470 1250 1577 1288 modo,

1293 1289 1443 1326 Quodque
1457 1288 1506 1327 ipsi
1523 1288 1605 1328 Ligei
1617 1288 1706 1319 nostri
1721 1288 1758 1319 de
1774 1288 1908 1319 Amicitia
1919 1286 2014 1318 nostra
2026 1286 2163 1328 existant,
2174 1291 2208 1322 &
2222 1289 2318 1321 fideles

1255 1327 1338 1364 Ligei
1351 1327 1438 1358 nostri
1455 1336 1647 1365 permaneant.

1291 1366 1326 1396 In
1342 1367 1437 1405 cujus,
1456 1367 1518 1397 &c-
2282 1382 2296 1398 ο

1289 1404 1379 1436 Teste
1395 1404 1474 1444 Rege
1486 1404 1559 1442 apud
1574 1403 1833 1444 Wstmonasterium
1842 1427 1852 1443 ‚
1869 1403 2033 1436 Tricefimo
2052 1403 2099 1436 die
2110 1404 2245 1445 Januarii.

1362 1480 1393 1512 X
1419 1480 1522 1512 eisdem
1537 1481 1674 1513 Salutem.

1259 1481 1456 1551 RESciatis
1479 1519 1558 1557 quod
1577 1518 1778 1551 Conceslimus
1797 1519 1831 1551 &
1854 1519 2014 1551 Licentiam
2035 1519 2178 1552 Dedimus
2190 1521 2318 1560 Johazm’

1255 1556 1365 1602 Filipp,
1391 1557 1535 1595 Magistro
1554 1557 1649 1589 Navis
1668 1567 1778 1600 vocatae
1804 1558 1829 1588 le
1852 1558 1988 1597 Holigost
2008 1558 2046 1589 de
2061 1559 2262 1599 Weymouth,
2287 1561 2318 1591 in

1257 1593 1407 1639 Comitatu
1421 1596 1581 1633 Dorsetiae,
1599 1597 1680 1634 quod
1697 1598 1753 1634 ipie
1767 1595 1895 1628 Centum
1913 1598 1946 1628 &
1964 1597 2116 1636 Viginti&
2134 1598 2218 1630 Duos
2236 1599 2318 1630 Pere-

1255 1641 1354 1672 grinos
1378 1636 1406 1665 in
1428 1635 1512 1665 Navi
1535 1636 1668 1671 praedicta
1685 1634 1845 1672 Recipere,
1863 1636 1896 1666 &
1910 1645 1960 1666 eos
1972 1636 2064 1666 versus
2077 1636 2214 1668 Sanctum
2230 1637 2320 1675 Jaco-

1258 1673 1329 1702 bum
1344 1672 1472 1718 Galeciae
1488 1673 1673 1718 inllspannia,
1689 1673 1724 1703 ad
1737 1682 1805 1704 vota
1820 1673 1863 1703 sua
1878 1674 1982 1718 ibidem
1998 1673 2166 1710 perficienda
2180 1698 2190 1714 ‚
2206 1675 2321 1721 Tradu-

1256 1720 1339 1779 {ZZ’
1350 1712 1392 1781 ἒξ
1405 1712 1551 1795 ῗιξᾞέἓέῗ
1565 1711 1710 1789 ᾗῗὲἓιῖἳε
1720 1710 1977 1788 ’ἓῗῐῗῖἒὲοέῗὲὲὲῗ
1987 1711 2036 1780 1¹3⁶
2031 1712 2320 1792 Stss'iffffassifissiffif‘a'ass}

1256 1788 1639 1864 ”Offissffi'iissiti'uiziegrini
1654 1825 1691 1856 iiii
1706 1826 1743 1856 de
1756 1825 1892 1856 Amicitia
1906 1826 1940 1856 δε
1954 1825 2128 1858 obedientia
2148 1825 2250 1858 nostris
2263 1828 2323 1859 exi-

1258 1865 1346 1904 stant,
1365 1866 1399 1897 &
1414 1866 1520 1897 Fideles
1537 1865 1622 1902 Liger
1636 1864 1724 1895 nostri
1740 1873 1940 1903 permaneant,

1294 1903 1333 1934 Et
1346 1904 1426 1942 quod
1442 1905 1555 1937 Aurum
1570 1904 1615 1935 vel
1631 1903 1792 1942 Argentum
1809 1927 1818 1939 ,
1843 1904 1873 1932 in
1891 1902 1984 1934 Maffa
2001 1903 2046 1934 vel
2063 1902 2204 1942 Moneta,
2221 1903 2323 1936 colore

1257 1942 1398 1980 praesentis
1414 1943 1553 1974 Licentiae
1566 1941 1690 1980 nostrae,
1709 1951 1769 1971 non
1784 1941 1930 1972 traducant
1945 1942 1990 1972 seu
2006 1942 2115 1973 traduci
2131 1942 2249 1980 faciant,

1296 1981 1330 2010 N
1333 1991 1367 2012 ec
1385 1983 1558 2020 quicquam,
1576 1980 1655 2019 quod
1674 1982 1703 2011 in
1721 1979 1828 2010 Nostri
1844 1980 1888 2010 seu
1899 1979 2002 2018 Populi
2018 1980 2107 2011 nostri
2124 1982 2323 2020 praejudicium

1258 2019 1358 2088 cedere
1373 2021 1555 2090 valmtgcgon
1571 2027 1739 2058 attemptent
1754 2019 1799 2049 seu
1813 2020 1970 2056 attemptari
1982 2019 2083 2050 faciant
2102 2021 2205 2058 quovis
2221 2021 2320 2051 modo.

1295 2068 1486 2137 fesikelzluR'ege
1501 2081 1575 2135 a'pud
1592 2095 1866 2136 Wstmonasteiium,
1885 2096 1986 2134 quinto
2000 2095 2045 2127 die
2057 2096 2211 2127 Februarii.

1259 2176 1313 2231 R
1322 2173 1348 2206 E
1357 2173 1389 2206 X
1416 2173 1520 2205 eisdem
1532 2196 1542 2212 ,
1558 2172 1690 2203 Salutem.

1351 2213 1450 2244 Sciatis
1466 2213 1548 2251 quod
1563 2210 1764 2242 Conceffimus
1780 2212 1814 2243 δε
1831 2210 1991 2242 Licentiam
2014 2209 2157 2242 Dedimus
2178 2210 2325 2242 Willielmo

1260 2249 1394 2289 Pollard,
1413 2250 1554 2291 Magistro
1570 2251 1626 2281 sive
1642 2249 1798 2280 Poffeffori
1813 2250 1956 2288 cujusdam
1979 2249 2072 2280 Navis
2087 2259 2199 2280 vocatae
2215 2251 2241 2281 le
2257 2250 2323 2281 Ma-

1259 2290 1307 2319 riae
1322 2290 1358 2321 de
1374 2290 1546 2330 Plymouth,
1563 2290 1644 2327 quod
1661 2289 1717 2327 ipse
1729 2289 1921 2328 Quadraginta
1935 2288 2104 2328 Peregrinos
2116 2290 2146 2319 in
2160 2287 2242 2321 Navi
2251 2299 2325 2328 prae—

1259 2327 1334 2359 dieta
1349 2328 1508 2367 Recipere,
1527 2327 1587 2364 &a
1607 2335 1638 2357 ut
1642 2327 1738 2367 fiapra.

1298 2367 1388 2399 Teste
1403 2367 1486 2408 Rege
1498 2367 1574 2406 apud
1590 2366 1848 2408 Wellmonasterium
1856 2388 1867 2405 ,
1883 2365 1988 2397 Tertio
2002 2365 2049 2396 die
2066 2365 2220 2396 Februarii.

1461 2507 1488 2534 *Ρ
1515 2508 1562 2541 De
1577 2509 1711 2550 Strenis,
1738 2504 1872 2539 liberatis
1886 2509 1924 2545 (ῥ’
1944 2507 2078 2552 expensis.

1330 2592 1411 2624 Etix
1438 2601 1578 2625 soun'r
1607 2601 1681 2624 Les
1706 2591 1965 2624 PARcELLns
1978 2614 1988 2630 ,
2020 2601 2077 2630 que
2098 2589 2182 2621 sount
2197 2588 2271 2621 duez
2291 2600 2325 2621 au

1340 2632 1439 2670 Johan
1454 2631 1575 2672 Merston
1583 2654 1592 2670 ,
1611 2633 1649 2675 les
1667 2632 1770 2670 quelles
1790 2632 1870 2662 sount
1886 2632 1966 2668 paiez
1975 2654 1985 2666 ,
2011 2641 2056 2668 par
2070 2628 2323 2660 commandement

2335 268 2448 336 ae}-

2334 677 2411 713 Ann.
2421 684 2463 716 D.

2361 723 2448 760 1428.

2327 763 2380 788 An.
2397 764 2427 790 6.

2329 804 2364 828 H.
2383 803 2411 828 6.

2327 843 2415 867 Franc.
2435 840 2464 868 6.

2328 880 2445 907 H.6.no.

2331 925 2375 955 13.

2355 2517 2436 2546 οΧ.

2342 2557 2406 2594 387-
2471 2597 2473 2600 Α

2341 2597 2416 2625 Arm.
2430 2592 2472 2624 D.

2367 2633 2454 2672 1428.

1263 2670 1300 2700 du
1316 2669 1376 2700 Roi
1391 2671 1489 2701 nostre
1512 2672 1668 2701 Souveram
1679 2670 1802 2714 'Seignur
1816 2691 1826 2707 ,
1843 2679 1891 2706 par
1906 2669 1994 2699 l'Avis
2009 2668 2063 2698 del'
2075 2671 2197 2706 Seigneur
2212 2669 2245 2697 de
2259 2671 2324 2706 Tip-
2338 2677 2394 2702 Aa,
2408 2674 2436 2701 6,

1265 2707 1322 2752 tqft
1334 2731 1344 2747 ,
1367 2708 1504 2739 Senescall
1523 2709 1559 2739 de
1576 2707 1721 2752 Houstiell
1737 2731 1747 2746 ,
1771 2708 1803 2738 ὃς
1822 2707 1850 2737 la
1870 2710 1958 2751 Damas
1972 2706 2126 2745 Boutiller,
2150 2715 2276 2744 parentre
2296 2709 2323 2736 le
2340 2716 2374 2739 H.
2391 2712 2419 2742 6,

1265 2746 1347 2776 feste
1372 2747 1408 2777 de
1435 2747 1527 2776 Noell
1542 2770 1552 2784 ,
1576 2747 1643 2776 l’An
1661 2746 1751 2776 Sisme
1767 2769 1776 2783 ,
1802 2755 1853 2776 ore
1871 2746 1979 2775 darrein
1996 2746 2071 2783 passe
2087 2768 2097 2783 ,
2117 2746 2151 2777 &
2168 2745 2195 2775 le
2214 2744 2323 2784 Quane
2338 2754 2409 2778 Penes

1262 2784 1336 2823 Jour
1353 2784 1390 2815 de
1406 2785 1528 2816 Feverer
1546 2784 1690 2822 adonquoe
1709 2785 1850 2823 ensuiant3
1866 2784 2004 2822 affavoir,

1303 2859 1327 2890 E
1338 2868 1360 2890 N
1388 2859 1412 2890 P
1425 2870 1448 2891 R
1460 2870 1469 2890 1
1480 2868 1507 2890 Μ
1518 2869 1536 2891 ε
1549 2871 1562 2892 s
1576 2884 1586 2898 ,
1610 2859 1721 2891 Donne
1738 2883 1748 2899 ,
1772 2869 1820 2898 par
1839 2859 2102 2891 Commandement
2120 2859 2156 2888 du
2175 2862 2227 2889 Roi
2242 2883 2252 2897 ,

1265 2899 1357 2929 l’Avis
1373 2898 1410 2929 du
1429 2900 1469 2930 dit
1487 2902 1611 2937 Seigneur
1628 2900 1661 2929 de
1678 2899 1783 2941 Tiptoft
1794 2922 1804 2938 ,
1824 2899 1857 2930 ὃ(
1875 2899 1899 2930 la
1915 2901 2005 2929 Darne
2022 2898 2053 2927 de
2071 2895 2222 2935 Reatina,
2240 2907 2255 2927 a
2269 2868 2328 2936 {31

1268 2937 1325 2967 han
1345 2937 1473 2967 salamon
1492 2938 1604 2968 Eicuier
1620 2960 1629 2976 ,
1654 2939 1808 2978 presentant
1834 2938 1929 2968 nostre
1945 2937 1986 2968 dit
2005 2939 2116 2973 seignur
2135 2934 2160 2964 le
2177 2937 2233 2973 Roy
2252 2945 2328 2967 ovec

1268 2987 1319 3006 une
1337 2980 1420 3015 Coupe
1439 2977 1476 3011 ὠ·
1495 2987 1545 3007 une
1560 2979 1634 3016 Eyer
1651 2977 1741 3014 d'Or,
1758 2976 1868 3007 Donne
1886 2986 1921 3006 au
1939 2974 2001 3005 Roi
2020 2972 2116 3004 nostre
2131 2974 2173 3003 dit
2191 2973 2266 3012 Sire,
2280 2984 2330 3013 par

1271 3015 1298 3045 la
1322 3014 1472 3045 Tressiault
1498 3017 1531 3046 &
1557 3015 1748 3053 Trespuissant
1774 3015 1916 3046 Princess'e
1932 3037 1943 3053 ,
1967 3012 1996 3042 la
2022 3014 2122 3051 Roigne
2145 3013 2282 3043 Katerine
2303 3012 2329 3045 sa

1272 3052 1389 3093 Miere‚
1404 3055 1430 3085 le
1448 3055 1552 3092 primer
1566 3055 1639 3094 Jour
1657 3054 1702 3084 del
1723 3055 1790 3093 An,
2100 3051 2188 3082 lxvis.
2206 3052 2293 3084 viiid.

1308 3130 1355 3161 1·r
1364 3139 1383 3160 E
1393 3138 1421 3161 M
1430 3154 1440 3170 ‚
1458 3133 1557 3160 Donne
1569 3141 1584 3161 a
1596 3129 1745 3162 Willielmo
1758 3131 1826 3167 Pope
1844 3127 1974 3166 Escuier‚
2015 3127 2149 3158 resentant
2173 3127 2269 3159 nostre
2288 3127 2332 3160 dit

1270 3171 1329 3199 Sire
1346 3168 1372 3198 le
1389 3173 1439 3199 Roi
1456 3179 1531 3200 ovec
1549 3173 1607 3199 Une
1625 3173 1707 3207 Coupe
1722 3175 1866 3197 conta-nant
1884 3167 1917 3197 de
1934 3137 2013 3206 JaJ1³
2010 3170 2032 3196 is
2049 3165 2087 3202 ό·
2107 3167 2178 3197 ιίὈν
2193 3190 2204 3205 ,
2226 3171 2329 3204 garm'z

1272 3208 1317 3236 des
1335 3208 1439 3245 Balei‘s,
1454 3208 1597 3247 Saphiers‚
1614 3206 1652 3241 <ly
1670 3206 1779 3243 Pedes,
1799 3205 1908 3236 Donne
1926 3216 1961 3236 au
2012 3206 2042 3236 oi
2061 3204 2155 3236 nostre
2173 3205 2329 3236 Souverain

1272 3246 1332 3276 sire
1349 3247 1473 3277 avantdit
1484 3269 1494 3284 ,
1520 3255 1568 3283 par
1584 3250 1609 3275 le
1625 3244 1792 3275 Tressiauite
1814 3246 1849 3276 &
1866 3244 2060 3283 Trespuiffant
2078 3243 2183 3275 Prince
2195 3266 2205 3283 ,
2225 3242 2250 3274 le
2268 3247 2331 3274 Duc

1272 3285 1305 3313 de
1324 3283 1487 3323 Glouccstre,
1500 3293 1517 3314 a
1533 3283 1637 3314 mesme
1654 3284 1680 3314 le
1694 3283 1785 3323 Jour,
2238 3282 2295 3313 xls.

1310 3358 1358 3390 Ιτ
1369 3368 1388 3390 Ε
1398 3367 1425 3390 Μ
1441 3382 1452 3398 ,
1478 3362 1575 3389 Donne
1600 3371 1615 3391 a
1643 3360 1726 3398 Hugh
1741 3360 1862 3399 Faukes,
1880 3359 2038 3398 presentant
2057 3358 2155 3390 nostre
2173 3358 2216 3389 dit
2232 3361 2290 3389 Sire
2302 3357 2331 3389 Ie

1273 3400 1324 3427 Καὶ
1348 3408 1423 3428 ovec
1439 3401 1497 3427 Une
1518 3399 1628 3428 Grande
1648 3401 1724 3428 Peire
1740 3423 1749 3438 ‚
1775 3400 1862 3429 Bedes
1880 3399 1912 3428 de
1929 3398 2023 3428 Corall
2036 3421 2045 3436 ,
2073 3397 2109 3427 les
2123 3397 2222 3436 gaudes
2237 3398 2307 3428 d'Or
2319 3418 2331 3435 ‚

1273 3446 1347 3467 ovec
1362 3438 1419 3465 Une
1439 3436 1541 3466 Broche
1559 3437 1629 3467 aFOr
1644 3461 1654 3476 ,
1677 3448 1733 3476 que
1746 3438 1814 3476 jadis
1831 3439 1881 3468 suit
1898 3448 1934 3467 au
1951 3440 2002 3467 Roi
2020 3436 2152 3466 Edward
2163 3459 2173 3475 ,
2190 3435 2300 3466 Donne
2313 3444 2330 3464 a

1273 3475 1337 3514 luy,
1353 3484 1402 3512 par
1420 3475 1558 3507 Meffieur
1576 3477 1691 3506 Thomas
1707 3476 1882 3517 Erpyngham
1899 3475 2049 3514 Chivaler,
2065 3485 2081 3506 a
2098 3475 2206 3505 mesine
2220 3473 2246 3504 le
2257 3473 2329 3511 Jour

2226 3519 2292 3542 XXI.

1300 3589 1324 3633 ΙΙ
1334 3598 1383 3619 ΤΕ
1393 3596 1421 3619 Μ
1436 3613 1446 3629 ‚
1464 3593 1562 3620 Donne
1581 3600 1597 3620 a
1611 3590 1637 3620 Ie
1654 3594 1720 3633 lj'itz
1736 3591 1769 3621 de
1788 3589 1917 3622 William
1933 3589 2041 3632 Kerby,
2059 3587 2215 3628 presentant
2231 3584 2329 3617 nostre

1276 3627 1505 3696 dithffireigedRoi
1521 3639 1596 3659 ovec
1613 3630 1637 3660 F
1638 3634 1728 3661 eiantz
1736 3652 1745 3668 ‚

1278 3689 1479 3781 Kffie},J⁰bn
1495 3703 1530 3735 de
1546 3705 1690 3736 Monmotb
1708 3706 1864 3746 presentant
1879 3716 1897 3738 a
1911 3704 2008 3737 nostre
2021 3703 2064 3735 dit
2076 3705 2135 3733 sire
2151 3698 2175 3730 le
2192 3703 2244 3731 Καὶ
2254 3710 2331 3733 ovec

34 3784 53 3803 ‘⁸
73 3785 111 3813 x.
181 3792 215 3797 “
1318 3780 1408 3825 >5⁶1⁸-
1427 3781 1456 3812 iv
2154 3816 2160 3822 .

34 3823 110 3891 Ξξῐῗῃ
126 3859 168 3890 Ι),
451 3850 478 3876 ³st
503 3852 550 3883 De
566 3846 698 3896 quodam
718 3845 828 3879 Milite
846 3844 976 3879 Polom‘ae.
1313 3818 1361 3849 bn
1377 3828 1441 3850 tout
2113 3823 2190 3848 ΠΗ·
2210 3815 2297 3848 vmd'

63 3900 148 3936 1428.
192 3934 195 3936 ‚
361 3927 365 3931 Δ
1316 3894 1387 3926 Ire
1397 3902 1425 3925 Μ
1439 3917 1451 3934 ,
1472 3896 1570 3925 Donne
1585 3919 1597 3933 ‚
1620 3905 1669 3934 par
1692 3894 1956 3927 Commandement
1977 3891 2014 3922 du
2038 3893 2089 3923 Roi
2105 3915 2116 3931 ,
2131 3902 2180 3932 par
2198 3892 2261 3923 lour
2275 3892 2335 3924 avis

32 3943 85 3964 Aa.
103 3940 129 3965 6.
245 3940 322 3971 Ertio
347 3942 405 3973 Die
430 3942 589 3978 Februarii,
607 3942 695 3972 Anno
717 3941 821 3976 Sexto,
837 3936 910 3978 apud
932 3936 1237 3975 westmonasterium,
1278 3933 1427 3964 desuisditz
1439 3955 1450 3972 ,
1473 3945 1492 3964 a
1516 3933 1555 3963 les
1578 3934 1713 3965 Heraldes
1736 3944 1791 3974 pur
1813 3934 1885 3964 leurs
1903 3931 2040 3971 Largeis,
2064 3941 2119 3970 pur
2137 3932 2177 3962 les
2194 3930 2277 3962 Feste
2295 3930 2333 3962 de

32 3979 67 4002 Η·
90 3978 119 4005 ⁶·
261 3978 477 4011 Concotdatum
498 3982 551 4011 fuit
570 3980 650 4018 quod
673 3978 718 4009 fiat
741 3978 912 4008 Warantum
928 3975 959 4005 T
962 3976 1114 4006 hesaurario
1128 3976 1162 4006 ὃς
1177 3974 1237 4006 Ca-
1279 3972 1382 4010 Noel,

32 4013 165 4043 Pemcler.
183 4020 303 4049 meratiis
324 4022 358 4048 de
378 4019 543 4056 Scaccario,
560 4019 594 4048 de
617 4017 753 4049 solvendo
771 4015 900 4055 Johanni
923 4017 1021 4043 comiti
1045 4016 1176 4051 Oxoniae,
1195 4015 1238 4044 vi-
1316 4010 1403 4040 Ceut.
1414 4008 1467 4049 fi'l·

31 4051 92 4078 Pell.

180 4058 250 4097 ginti
273 4055 402 4095 Marcas,
421 4067 471 4095 per
494 4059 569 4088 viam
588 4056 730 4095 Regardi,
748 4064 802 4093 pro
826 4063 886 4085 uno
911 4050 1009 4084 Colari
1025 4051 1140 4090 Aureo,
1158 4051 1238 4089 quod

1318 4048 1355 4082 Et
1371 4050 1435 4080 auxi
1450 4058 1468 4080 a
1484 4047 1521 4078 les
1539 4047 1713 4089 Mnistrellis
1730 4057 1784 4087 pur
1802 4045 1864 4078 leur
1882 4045 1996 4087 Regard
2005 4070 2018 4086 ‚
2259 4079 2337 4114 uvi

2341 2788 2408 2818 cler.
2414 2786 2473 2816 feu.
