2562 4274
14 265 90 298 Ann.
104 265 146 297 D.

37 313 120 344 ¹42¹·

15 349 77 372 Heu.

23 2001 152 2039 ·x.136.

693 179 803 220 ΕΤ
885 178 1148 221 ACTA
1207 177 1678 222 PUBLICA.

162 268 260 297 Maria
282 270 383 297 Ducem
403 264 552 295 Mediolani
565 264 754 303 modernum,
773 275 826 296 nec
839 275 897 295 non
911 269 1063 295 Civitatem
1077 262 1213 293 Mediola-

161 304 280 344 nenftm,
293 315 328 336 ac
342 313 459 335 caeteros
469 305 498 333 in
512 303 703 335 Instrumento
719 303 875 339 Dotali,de
891 314 949 341 quo
963 303 1074 334 inferius
1089 302 1120 331 fit
1135 311 1218 331 men-

98 351 126 380 5·
160 345 219 382 tio,
238 350 404 380 contentOS,
421 343 457 372 de
472 343 527 373 five
540 352 591 382 pro
605 342 658 373 Sex
679 340 806 372 Millibus
821 341 999 379 Marcarum,
1016 342 1053 372 de
1072 339 1218 371 tresdecim

159 381 279 413 Milibus
294 381 456 411 Marcarum
465 403 475 418 ,

202 420 298 458 Q1as,
317 420 402 448 bonae
422 420 570 449 memoriae
581 441 590 456 ,
605 417 751 448 Dominus
770 416 914 454 Jolsatmer
935 421 1048 456 Maria,
1066 417 1126 447 olim
1148 418 1217 458 Dux

164 457 315 488 Mediolani
328 458 385 495 (cui
401 457 585 488 universaliter
599 457 725 495 praefatus
739 455 883 486 Dominus
895 455 1029 495 Philippus
1042 458 1141 485 Maria
1155 456 1217 499 luq-

164 495 261 534 ceffit,
277 496 310 526 &
326 495 421 525 eidem
443 495 603 526 universalis
619 494 720 524 Haeres
744 493 857 531 exstitit)
875 496 960 533 mihi,
979 505 1030 532 pro
1045 494 1125 524 Dote
1143 502 1217 529 mea,

161 535 266 565 solenni
290 532 472 570 stipulatione
493 535 526 565 &
547 533 665 571 praefato
681 531 873 563 Instrumento
886 533 999 570 Dotali,
1015 531 1167 569 Promisit,
1184 531 1216 561 &

162 572 197 603 ad
212 582 277 610 quas
287 572 358 602 mihi
373 571 525 603 efficaciter
533 570 667 609 praefhtus
683 570 814 609 Philippus
829 572 965 602 modernus
980 575 1049 601 Dux
1059 593 1069 609 ,
1085 578 1216 606 tanquam

162 609 264 641 Haeres
274 609 344 641 dicti
355 610 496 649 Johannis
508 613 623 646 Maria,
643 609 796 648 obligatur,
1181 646 1186 650 ι

198 648 254 688 Et,
279 649 313 679 ad
334 648 471 679 effeetum
493 647 571 684 quod
594 648 702 683 exigere
722 648 827 677 valeam
846 647 1005 678 Residuum
1023 657 1094 678 meae
1114 646 1217 683 Dotis,

161 687 231 718 ultra
245 686 377 724 praedieta
397 687 451 717 Sex
471 684 563 716 Millia
585 684 745 716 Marcarum
763 687 807 721 (ad
822 686 898 724 quod
912 685 1080 725 exigendum
1095 686 1218 715 omnino

162 725 344 757 neceffarium
364 724 405 755 est
425 724 495 754 mihi
516 723 737 754 Instrumentum
759 723 865 754 Dotale
886 724 1071 761 praedictum)
1092 722 1170 754 Volo
1185 722 1218 752 &

161 764 284 795 Intendo
296 763 375 802 quod
388 770 434 792 aut
449 762 536 801 ipsum
550 761 770 793 Instrumentum
784 762 890 793 Dotale
904 764 975 793 mihi
992 763 1078 792 libere
1092 761 1219 792 restitua-

163 811 225 840 tur,
242 809 289 832 aut
308 801 394 831 saltim
417 800 572 840 deponatur
591 799 619 830 in
643 800 735 839 aliquo
757 801 842 831 Loco
861 809 939 839 tuto,
954 801 1002 831 ubi
1024 808 1139 837 utraque
1152 799 1219 830 Pars

163 840 253 871 valeat
274 838 307 869 ad
327 838 394 883 illud
412 839 513 870 habere
532 838 729 877 Concursum,
746 840 780 870 &
795 839 844 869 illo
859 840 899 870 uti
909 849 961 877 pro
976 839 1061 869 Loco
1076 838 1109 869 ὃς
1124 837 1218 868 Tem-

163 888 234 916 pore
247 885 410 916 oportunis,

199 915 289 954 Super
311 916 412 953 quibus
446 924 492 946 eto
507 915 576 945 mihi
592 914 648 945 fieri
663 914 816 945 Publicum
830 913 1054 945 Instrumentum
1067 924 1099 944 ac
1114 915 1220 945 Literas

162 953 283 993 Regias,
299 953 400 992 Regiae
466 953 597 984 lfitudinis
614 953 774 983 Decretum
786 954 819 983 ἃ
834 952 1127 991 Determinationem,
1144 953 1221 992 super

162 991 314 1024 Praemiffis
327 992 417 1030 facita,
433 992 489 1023 una
501 1001 569 1022 cum
585 992 691 1021 caeteris
705 991 1072 1029 praenarratis,continentia
1089 990 1133 1021 seu
1148 1002 1220 1021 con-

160 1032 296 1070 tinentes,
314 1031 385 1060 mihi
407 1030 484 1068 dari,
502 1031 552 1067 &,
578 1029 705 1067 ulterius,
731 1030 794 1059 haec
816 1031 913 1059 omnia
931 1031 961 1059 in
982 1029 1094 1060 Rotulo
1115 1029 1222 1060 Gesto-

164 1079 230 1101 rum
247 1066 424 1099 Parliamenti
440 1065 599 1106 Irrotulari,
616 1069 667 1106 &,
685 1068 719 1099 ad
735 1076 898 1106 perpetuam
912 1068 950 1099 rei
965 1068 1150 1107 memoriam,
1168 1069 1222 1100 ibi-

164 1109 232 1140 dem
250 1106 402 1137 Conscribi
419 1107 452 1137 &
465 1105 642 1145 Regestrari,

203 1146 241 1177 Et
261 1145 338 1176 Volo
352 1145 386 1175 &
398 1144 520 1175 Intendo
535 1144 614 1184 quod
627 1145 702 1175 ditsta
718 1155 780 1176 mea
795 1144 950 1176 Concessio
966 1154 1057 1176 teneat
1072 1147 1105 1177 &
1117 1146 1224 1184 valeat,

166 1185 186 1216 fi
197 1186 244 1253 Οέὲε
265 1184 294 1214 in
315 1191 451 1222 quantum
473 1182 536 1214 haec
559 1183 642 1222 fiant,
664 1185 698 1215 ὃς
717 1193 776 1214 non
798 1183 875 1223 alias,
898 1194 951 1215 nec
972 1184 1069 1222 aliter,
1095 1195 1150 1216 nec
1171 1185 1225 1215 alio

165 1233 196 1254 m
236 1233 264 1253 0.

200 1260 235 1291 In
256 1269 378 1300 quorum
401 1260 533 1291 omnium
555 1260 589 1292 &
611 1260 780 1300 singulorum
800 1260 1014 1291 Testimonium
1028 1269 1110 1301 atque
1123 1262 1225 1300 fidem,

164 1299 315 1338 praesentes
332 1298 454 1337 Literas,
472 1300 517 1329 seu
533 1298 648 1337 praesens
663 1299 815 1330 Publicum
831 1299 1075 1338 Instrumentum,
1095 1311 1142 1338 per
1158 1299 1224 1330 Ma-

167 1336 271 1374 gistros
292 1337 437 1367 Ricardum
457 1337 601 1367 Petworth
624 1338 656 1368 &
673 1337 850 1367 Willielmurn
863 1340 991 1375 Frenian,
1012 1338 1152 1368 Notarios
1167 1339 1226 1369 Pu-

166 1375 275 1413 blicos,
289 1375 344 1405 feci
362 1375 510 1414 subscribi,
528 1386 561 1407 ac
583 1376 634 1406 suis
657 1375 749 1416 Signis
769 1376 904 1407 consuetis
918 1376 1033 1415 fignari‚
1050 1387 1166 1407 necnon
1181 1377 1224 1408 Si-

166 1413 265 1453 gillum
282 1423 378 1444 meum
394 1415 507 1454 apposui
521 1414 623 1446 eidem.

206 1451 283 1482 Data
304 1453 337 1483 &
352 1452 426 1483 Aeta
439 1453 504 1488 sunt
514 1452 593 1490 haec,
611 1453 641 1483 in
658 1453 779 1492 Hospitio
793 1464 866 1491 meo,
883 1451 954 1483 infra
969 1450 1178 1484 Monasterium
1194 1453 1228 1484 s1-

168 1500 205 1520 ve
227 1490 378 1521 Abbatiam
394 1490 567 1522 Monialium
583 1491 693 1522 Sanetae
707 1492 801 1522 Clarae
814 1500 887 1521 extra
903 1491 1004 1521 Muros
1018 1492 1154 1522 London.
1170 1491 1228 1522 Die

168 1527 355 1559 Duodecimn
369 1529 475 1560 Mensis
484 1529 551 1568 Julii
566 1540 572 1559 :
592 1529 683 1560 Anno
699 1529 822 1560 Domini
838 1529 1012 1567 Millefimo,
1029 1531 1229 1569 Qadringen-

167 1567 286 1605 tefimo,
305 1567 451 1598 Vicesimo
470 1569 564 1606 primo
583 1578 589 1598 :
609 1568 769 1599 Indifflone
789 1567 914 1598 Decimii
935 1568 1031 1605 quarta
1049 1579 1056 1597 t
1076 1568 1231 1599 Pontifica-

169 1604 235 1643 tfis,
253 1605 422 1636 Sanfflffimi
443 1607 473 1636 in
487 1605 606 1637 Christo
620 1605 723 1644 Patris,
742 1605 868 1637 Domini
885 1605 989 1644 nostri,
1008 1606 1134 1638 Domini
1150 1607 1231 1637 Mar-

169 1644 237 1682 tini,
255 1643 364 1676 Divina
376 1644 564 1684 Providenta,
580 1644 664 1684 Papae
680 1644 797 1683 Qinti,
816 1644 905 1675 Anno
921 1644 1043 1683 Quarto.

500 1720 683 1752 Praesentibus
697 1728 766 1752 tunc
780 1721 902 1760 ibidem,

209 1796 332 1838 Egregio
355 1796 447 1836 Viro,
464 1800 567 1828 Simone
588 1799 620 1828 de
634 1800 745 1827 Teramo
762 1797 872 1837 Legum
885 1797 1036 1837 Doctore,
1055 1797 1133 1830 Sedis
1150 1798 1231 1838 Apo-

172 1834 280 1867 stolicae
293 1837 416 1871 Nuncio
428 1838 458 1866 in
473 1835 576 1875 Anglia
589 1837 623 1867 &
640 1835 822 1874 collectore,

207 1879 334 1905 Antonio
351 1873 486 1913 Francisci
505 1876 537 1905 de
556 1875 704 1912 Vulterris,

208 1913 350 1943 Bernardo
363 1913 489 1943 Dalzate
500 1936 510 1951 ,

208 1951 318 1981 Thema
336 1954 451 1990 Knyvet

204 1990 223 2009 ²*
240 1989 345 2028 Jacobo
364 1974 553 2028 Caumsrigge,

207 2027 246 2058 Et
262 2028 376 2058 Roberto
395 2028 539 2067 Sampson,

203 2066 324 2098 Civibus
343 2066 518 2106 Londoniae,

243 2144 379 2175 Testibus
396 2144 430 2175 ad
444 2141 590 2175 Praemifla
602 2143 709 2175 vocatis
719 2143 871 2182 specialiter
884 2145 917 2176 &
932 2143 1042 2185 rogatis.

207 2223 251 2251 Et
266 2223 324 2260 Ego
337 2221 477 2252 Ricardus
490 2219 682 2259 Petteworth,
700 2220 825 2251 Publicus
840 2222 1065 2252 Austoritatibus
1079 2219 1232 2261 Apostolica

170 2258 210 2294 ὠ
227 2260 364 2298 Imperiali
380 2263 533 2298 Notarius,
550 2257 713 2299 Cir-estrenfis
729 2258 868 2300 Dioecefis,
882 2260 1005 2297 praefatae
1021 2261 1160 2290 Dominae
1175 2260 1234 2289 Lu-

169 2299 223 2366 {iae
244 2298 280 2329 de
302 2298 544 2336 Vicecomitibus,
564 2297 722 2328 Comitiffae
744 2297 876 2336 Kantiae,
893 2299 927 2329 &
947 2298 1086 2330 Dominae
1108 2298 1144 2328 de
1158 2297 1234 2329 Wa-

192 2347 206 2366 e

210 2359 402 2414 1⁹³rotestationi
413 2398 424 2413 ,
447 2374 594 2417 Juriffiue,
608 2373 717 2413 Tituli,
744 2373 782 2409 &
810 2377 955 2413 Aetionis,
982 2376 1013 2405 de
1036 2378 1088 2405 Sex
1117 2374 1234 2405 Milibus

171 2416 334 2444 Marcarum
342 2413 602 2453 suprasiriptarum,
618 2416 784 2452 Donationi,
802 2414 972 2453 Conceffioni,
990 2413 1098 2453 Ceffioni
1107 2436 1116 2451 ,
1133 2417 1234 2443 Trans-

170 2451 288 2492 fufioni,
306 2459 389 2493 atque
412 2456 562 2487 Petitioni,
579 2452 690 2490 caeteris
698 2463 729 2482 ue
740 2474 750 2490 ‚
767 2453 830 2482 dum
847 2451 904 2492 fic,
922 2460 952 2482 ut
969 2456 1165 2490 praemittitur,
1184 2461 1234 2491 per

172 2491 284 2520 eandem
298 2490 463 2531 Comitiffam
477 2495 506 2521 in
520 2489 646 2530 Hospitio
652 2464 705 2530 Juqo
717 2491 865 2529 agebantur
881 2490 918 2526 ό
953 2491 1053 2538 ebant,
1064 2489 1117 2530 fiib
1133 2494 1231 2529 Anno,

174 2528 341 2567 Indictione,
360 2528 546 2568 Pontificatu,
564 2531 672 2568 Ilsense,
691 2527 728 2563 (ἦν
751 2531 805 2559 Die
824 2529 910 2567 praedi
939 2532 960 2557 is
971 2552 981 2567 ,
997 2540 1051 2558 una
1068 2540 1124 2558 cum
1139 2532 1235 2566 Magi-

170 2566 227 2606 stro
248 2567 408 2598 Wissielmo
423 2569 561 2606 Freman,
581 2568 623 2598 hic
631 2567 779 2608 fiibscripto
794 2569 912 2597 Notario
927 2567 1051 2605 Publito,
1069 2566 1235 2608 Ustibusque

170 2609 392 2644 praenomiuatis,
405 2607 524 2645 praesens
542 2606 719 2647 personaliter
739 2605 868 2647 interfui,
886 2617 966 2647 eaque
978 2609 1067 2636 omnia
1082 2606 1119 2641 ἔν
1128 2606 1235 2645 fingula

168 2643 208 2683 fic
215 2643 283 2684 fieri
296 2646 356 2674 vidi
371 2644 408 2679 ὠ·
424 2646 537 2681 audivi,

212 2683 275 2712 Ideo
293 2682 339 2712 hoc
352 2683 468 2722 praefi’ns
490 2682 627 2713 Publicum
642 2682 868 2723 lustramentum,
876 2682 942 2752 sive
968 2685 1100 2712 Patentes
1122 2685 1236 2712 Literas

177 2721 188 2756 (
199 2731 239 2749 me
258 2721 350 2750 arduis
369 2722 476 2752 aliunde
494 2729 614 2760 occupato
636 2723 778 2759 Negotiis)
794 2730 844 2760 per
857 2734 874 2752 a
886 2726 940 2752 ium
953 2720 1071 2759 fideliter
1086 2724 1217 2759 Scriptum
1227 2744 1237 2759 ,

170 2757 234 2797 five
258 2761 375 2797 Scriptas
389 2784 398 2798 ,
419 2759 457 2795 ὠν
473 2768 524 2799 per
545 2760 722 2799 Subscriptum
743 2761 843 2791 ditium
862 2760 1024 2800 offagistrum
1046 2759 1237 2790 XVillielmurn

175 2800 258 2826 etiam
278 2797 472 2836 Subscriptum,
483 2798 545 2840 five
569 2798 671 2837 Subscri
689 2807 751 2838 tas,
770 2811 801 2829 ac
810 2798 885 2838 figno
892 2798 943 2837 fico
958 2798 1074 2837 consueto
1097 2806 1237 2836 ignatum,

168 2836 218 2874 seu
231 2834 367 2874 fignatas,
386 2848 484 2866 necnon
498 2836 587 2874 sigillo
601 2837 666 2876 ejus
689 2850 715 2868 m
730 2837 872 2877 Comitiffae
879 2837 1046 2877 figillatum,
1080 2848 1125 2865 zve
1134 2835 1237 2876 figilla-

175 2873 322 2915 tas,xfigno
342 2884 396 2904 meo
407 2873 488 2913 solito
511 2875 549 2910 ὠ·
566 2874 684 2914 consueto
695 2876 825 2915 figuravi,
843 2879 934 2907 Manu
949 2875 1009 2905 mea
1021 2874 1130 2914 propr-id
1146 2877 1186 2904 hic
1198 2887 1238 2905 me

172 2911 222 2950 fieb
234 2913 354 2942 cribendo
364 2936 373 2951 ,
391 2920 499 2951 rogatus
509 2922 559 2952 per
574 2914 714 2951 praefatam
731 2914 927 2952 Comitiflam,
945 2913 1000 2944 und
1015 2925 1070 2943 cum
1087 2914 1157 2943 dieto
1169 2916 1237 2942 Ma-

174 2954 205 2988 gi
229 2960 257 2980 ro
278 2951 456 2988 Willielmo,
475 2949 512 2985 &
528 2950 682 2991 specialiter
704 2952 859 2993 requisitus,
877 2956 906 2983 in
910 2952 996 2994 fidem
1012 2952 1049 2987 &¹
1063 2951 1238 2991 testimonium

177 2992 293 3020 omnium
309 2988 347 3024 ῥ’
360 2989 520 3029 fingulorum
536 2989 737 3028 Praemifforum.

220 3068 261 3095 Et
277 3067 335 3103 Ego
351 3066 525 3098 Willielmus
545 3067 683 3104 Freman,
701 3065 772 3096 alitis
788 3067 874 3096 ditius
895 3065 1063 3098 Haselwode
1081 3070 1238 3098 Coveiitriae

179 3103 218 3138 ό
239 3104 378 3142 Licfeldiae
390 3105 513 3145 Dioecefis
522 3129 531 3142 ,
551 3105 674 3136 Publicus
691 3103 843 3144 Apostolica
858 3103 896 3139 (ἔγ
910 3105 1046 3143 Imperiali
1059 3107 1238 3136 Arctioritate

180 3144 332 3181 Notarius,
346 3142 475 3180 priefatae
495 3147 620 3175 Dominae
640 3144 739 3174 Luciae
761 3144 797 3174 de
816 3143 842 3173 V
845 3144 1055 3179 icecomitibus,
1077 3142 1238 3174 Comitiffae

180 3180 310 3218 Kantiae,
339 3182 372 3212 ὅτ,
394 3180 532 3211 Dominae
552 3184 587 3213 de
605 3183 717 3220 Wake,
738 3181 944 3219 Proteslationi,
961 3181 1109 3221 Jurisque,
1131 3182 1239 3221 Tituli,

180 3219 220 3255 ὠν
235 3220 379 3257 Αέῖἰοηὶς,
399 3219 430 3248 de
443 3222 497 3248 Sex
511 3220 622 3250 Milibus
637 3224 797 3250 Marcarum
803 3220 1060 3260 suprascriptarum,
1078 3223 1239 3259 Donationi,

180 3257 304 3298 Ceffioai,
321 3256 358 3291 (ῤ’
378 3256 579 3296 Transfufioni,
605 3265 687 3298 atque
705 3261 848 3296 Petitioni,
872 3258 1040 3300 caeterisffe,
1058 3258 1120 3287 dam
1132 3258 1189 3298 fic,
1206 3266 1238 3289 ut

175 3299 372 3334 praemittitur‚
384 3304 433 3334 per
447 3295 556 3325 eandem
572 3295 734 3334 Comitiffim
747 3300 775 3326 in
790 3299 913 3337 Hospitio
921 3297 969 3334 suo
979 3298 1126 3335 agebantur
1138 3297 1175 3332 &
1188 3297 1239 3337 fie-

180 3334 269 3372 bant,
278 3334 331 3373 fi‘b
343 3336 446 3372 Anno,
464 3334 629 3371 Indii‘tione,
649 3333 833 3374 Pontificatu,
848 3336 959 3374 Iliense,
975 3337 1012 3370 όν
1028 3337 1239 3375 Diepraedittis,

181 3372 237 3402 unax
253 3384 309 3401 cum
331 3372 463 3411 Magistro
479 3372 606 3402 Ricardo
620 3372 809 3411 Petteworth,
827 3376 946 3403 Notario
960 3374 1066 3404 Publico
1075 3373 1240 3415 suprascrip-

182 3418 228 3449 to,
246 3409 367 3450 Testibus
381 3422 411 3440 ue
427 3414 651 3449 praenominatis,
670 3409 788 3448 praefi’ns
800 3412 976 3450 personaliter
998 3413 1134 3454 interfui,
1157 3424 1239 3453 eaque

182 3453 273 3480 omnia
284 3423 386 3489 fingusa
394 3448 433 3490 fic
467 3453 506 3478 eri
520 3448 581 3478 vidi
597 3447 635 3483 (ῥ’
649 3449 763 3485 audivi,-

218 3488 281 3518 Ideo
304 3487 349 3517 hoo
365 3495 422 3526 prae
436 3498 482 3517 ens
503 3485 639 3516 Publicum
659 3485 886 3526 lustramentum,
898 3486 959 3527 five
980 3490 1112 3518 Potentes
1125 3493 1240 3521 Literas

184 3526 245 3564 (me
266 3527 359 3556 arduis
380 3525 487 3555 aliunde
505 3532 626 3563 occupato
648 3527 787 3562 Negotiis)
800 3534 850 3564 per
863 3525 946 3556 alium
981 3526 1075 3556 deliter
1089 3531 1238 3567 Scriptum,

175 3563 240 3604 five
254 3568 388 3602 Scriptus,
406 3563 444 3599 ὠ»
453 3573 501 3602 per
509 3564 667 3601 praedid't'um
681 3563 843 3602 Magistrum
856 3564 944 3595 Ricar
965 3575 1013 3595 um
1028 3569 1110 3595 etiam
1122 3567 1174 3596 Sub
1188 3571 1240 3597 cri-

179 3609 274 3642 ptum,
285 3603 347 3643 five
368 3601 546 3642 Subfiriptas,
566 3613 598 3631 ac
618 3605 646 3631 Si
663 3613 695 3631 no
710 3602 760 3641 fico
781 3601 899 3642 consueto
914 3568 1238 3672 fignatumffivelfigna-

184 3646 246 3680 tas,
263 3653 361 3672 necnon
379 3641 469 3680 sigillo
489 3641 608 3679 ejusdem
659 3640 792 3671 omitissae
814 3641 979 3681 sigillatum,
997 3642 1059 3682 five
1081 3646 1136 3680 Sigi
1147 3643 1239 3682 latas,

184 3680 264 3715 Signo
282 3691 338 3710 meo
349 3678 431 3720 solito
445 3677 483 3714 ό
501 3679 616 3718 consueto
624 3678 751 3718 fignavi,
766 3681 856 3709 Manu
871 3679 930 3710 med
940 3680 1051 3719 proprii
1066 3680 1109 3710 hic
1123 3693 1163 3711 me
1171 3681 1239 3721 fieb-

177 3714 334 3756 scribendo,
352 3727 459 3757 rogatus
474 3726 523 3756 per
540 3718 682 3756 praeFatam
703 3716 904 3757 Comitissam,
922 3718 978 3748 und
993 3731 1048 3749 cum
1062 3720 1132 3749 dieto
1147 3723 1240 3758 Magi-

179 3752 240 3794 stro
261 3754 389 3788 Ricardo
401 3780 411 3796 ,
435 3756 635 3796 &specialiter
654 3755 810 3796 requifitus,
835 3760 864 3788 in
885 3757 976 3789 Fidem
997 3758 1034 3794 όν
1057 3758 1239 3798 Testimonium

185 3795 300 3823 omnium
312 3794 350 3831 ὠ·
361 3795 519 3836 fingulorum
533 3792 734 3833 Praemiffiirum.

188 4072 481 4119 ,armarent

2256 196 2275 237 3
2289 196 2308 235 5

2318 267 2386 297 Ann
2409 264 2453 297 D.-

2338 314 2423 343 1421.

1249 344 1485 388 lustramentum
1513 351 1714 381 Matrimonii
1738 352 1774 387 (ῤ’
1803 351 1888 382 Fotis
1910 348 2047 396 praea'ic‘iae
2074 351 2222 397 Comitiffle
2232 376 2242 395 ,
2268 352 2305 385 de
2318 348 2379 373 Hen.
2396 353 2416 380 5
2419 364 2427 372 ·

1609 409 1666 443 quo
1681 407 1750 429 ante
1759 397 1801 441 fit
1817 403 1938 431 mentio.

1249 478 1323 539 IN
1350 479 1524 510 NOMINE
1554 489 1722 512 SANCTAE
1741 489 1792 512 ET
1818 491 2064 513 INDIVIDUAE
2080 483 2300 515 Tium-ra·
2319 488 2369 512 An.
2386 488 2416 520 9.‘

1299 519 1794 556 TISFELICITER,AMEN.
2319 528 2353 550 H.
2371 533 2400 559 5.

1272 554 1392 597 ¹Divinzi
1415 556 1591 595 inspiratione
1611 567 1800 596 cooperante,
1818 567 1870 597 pro
1883 558 1957 589 felici
1974 558 2165 591 Matrimonio
2178 561 2302 591 honora·
2321 561 2385 600 infr.

1249 592 1352 631 bilique
1362 596 1510 633 conjugio,
2325 602 2392 629 Bibl.

1287 631 1425 670 Iniendo,
1443 632 1628 671 Traetando,
1647 635 1746 671 pariter
1767 635 1800 664 ὃς
1813 633 1939 673 Fiendo,
1957 635 2002 665 seu
2018 635 2239 676 Contrahcndo,
2259 647 2308 677 per
2326 645 2384 668 Cot.
2405 639 2458 673 Via>

1249 669 1282 699 ὃ(
1297 672 1383 709 inter,
1393 670 1530 701 illustrem
1543 672 1576 702 δε
1592 671 1738 702 Excelsum
1754 672 1917 702 Dominum
1932 673 2102 703 Edmunclum
2116 675 2308 714 dignissimum
2326 679 2418 706 tellius.
2464 685 2467 687 ·

1251 711 1378 738 Comitem
1399 713 1505 739 Cantiae
1527 709 1565 744 ῤ’
1589 712 1734 740 Dominam
1753 710 1868 740 Valchiae
1882 733 1892 748 ,
1917 721 2016 741 carum
2038 711 2308 753 Consanguineum,
2328 721 2360 745 C.
2386 726 2427 744 11.

1250 747 1407 785 Sereniffimi
1430 747 1566 786 Principis
1585 749 1617 778 ὅ(
1639 748 1788 786 Domini,
1812 748 1936 778 Domini
1958 751 2088 787 Henrici,
2111 751 2170 782 Dei
2191 751 2309 791 Gratia,
2328 767 2355 785 n.
2373 764 2401 791 5.

1251 786 1327 821 Regis
1342 785 1529 824 infrascripti,
1548 796 1599 823 pro
1614 795 1691 824 parte
1704 786 1777 824 unci,
1794 787 1844 824 &,
1863 786 2034 826 Ingenuam,
2053 788 2257 828 Magnificam,
2273 792 2308 822 &

1251 821 1421 853 Praeclaram
1443 823 1622 861 Dominam,
1640 827 1771 862 Luciam,
1796 827 1905 855 Natam
1926 826 2086 864 quondam,
2105 828 2191 857 bonae
2210 829 2309 859 felicis-

1251 869 1307 897 que
1327 863 1492 899 memoriae,
1510 861 1659 901 Magnifici
1681 863 1822 901 Domini,
1843 863 1965 893 Domini
1983 866 2306 896 Vernabonir'Virecomi-

1250 900 1305 937 tis,
1323 901 1373 936 &,
1391 900 1555 938 infrascripti
1573 900 1748 931 Illustriffimi
1769 900 1911 940 Domini,
1928 901 2052 932 Domini
2074 905 2116 933 N.
2128 905 2211 933 Ducis
2225 904 2311 935 Ami-

1253 944 1327 975 tam,
1346 948 1397 975 pro
1415 938 1515 975 alterii,
1589 974 1591 979 Ι

1291 976 1315 1005 F
1316 975 1472 1015 uigentibus
1495 976 1623 1007 Partium
1641 977 1864 1015 antedictarum,
1881 987 2034 1017 eorumque
2056 979 2226 1018 Parentum,
2243 981 2312 1011 alio-

1254 1023 1374 1052 rumque
1397 1014 1638 1046 Praedecefforum
1659 1016 1773 1047 suorum
1788 1015 1961 1056 Virtutibus,
1980 1016 2156 1056 Honestate,
2175 1018 2312 1056 Ingenui-

1255 1060 1327 1089 tate,
1345 1054 1378 1083 δε
1393 1053 1604 1092 Generosrtate,

1292 1090 1486 1122 Sereniffimus
1508 1092 1642 1132 Princeps
1661 1093 1695 1123 ὅτ.
1719 1092 1882 1132 Dominus,
1901 1092 2046 1123 Dominus
2069 1097 2225 1133 Henricus,
2253 1094 2312 1126 Dei

1256 1128 1373 1167 Gratia,
1389 1132 1450 1158 Rex
1471 1129 1584 1167 Angliae
1606 1130 1644 1166 ὠ·
1662 1135 1799 1170 Franciae,
1817 1141 1851 1162 ac
1863 1135 1995 1162 Dominus
2010 1132 2167 1171 Hiberniae,
2183 1134 2232 1172 &,
2250 1133 2316 1164 Illu-

1258 1166 1402 1197 striffimus
1422 1168 1557 1204 Princeps
1577 1171 1609 1200 &c
1633 1169 1795 1208 Dominus,
1811 1170 1960 1200 Dominus
1974 1170 2122 1208 Johannes
2134 1174 2233 1201 Maria
2248 1176 2316 1202 An-

1254 1205 1314 1243 glus
1328 1208 1356 1235 V
1356 1209 1491 1245 icecomes,
1510 1210 1579 1236 Dux
1593 1207 1770 1246 Mediollani,
1788 1207 1848 1242 &c.
1865 1208 1979 1239 Viribus
1992 1209 2044 1239 suis
2057 1211 2146 1247 optati
2158 1211 2253 1249 fuere,

1298 1243 1452 1283 Adeoque,
1469 1253 1499 1275 ut
1520 1245 1619 1275 melius
1641 1246 1750 1276 dictum
1773 1247 1838 1277 felix
1860 1246 2080 1278 Matrimonium
2105 1249 2137 1278 δε
2152 1248 2318 1279 honorabile

1261 1280 1437 1321 Coniugium
1453 1283 1486 1312 ad
1501 1282 1638 1313 effestum
1654 1284 2038 1322 perducatur,Serenisfimus
2053 1285 2188 1324 Princeps
2203 1288 2236 1317 &
2252 1287 2318 1317 Do-

1259 1321 1369 1358 minus,
1387 1320 1533 1350 Dominus
1553 1323 1700 1359 Henricus,
1717 1325 1776 1351 Rex
1794 1322 1948 1361 praefatur,
1967 1325 2081 1362 cupiens
2095 1326 2240 1362 puritatem
2253 1326 2317 1356 inti-

1259 1368 1315 1388 mae
1337 1358 1392 1388 suae
1412 1358 1566 1389 affeffionis
1588 1359 1706 1397 praefato
1719 1360 1853 1390 Domino
1866 1360 2000 1391 Domino
2016 1364 2056 1391 N.
2072 1365 2143 1392 Duri
2158 1364 2315 1394 innotesce-

1259 1406 1306 1439 re,
1324 1396 1360 1427 de
1375 1399 1407 1428 ὃς
1421 1398 1500 1435 super
1515 1399 1533 1417 *²
1550 1398 1707 1435 hujusmodi
1722 1398 1796 1428 felici
1812 1398 2002 1430 Matrimonio
2015 1402 2048 1431 ὃς
2064 1401 2222 1432 honorabili
2235 1401 2318 1433 Con-

1256 1436 1353 1474 Jugio,
1372 1434 1459 1466 Breve
1480 1435 1525 1466 seu
1546 1436 1669 1474 Literas,
1687 1437 1737 1466 sub
1757 1436 1873 1475 Signeto
1894 1437 1942 1467 suo
1962 1438 2089 1477 sigillata,
2107 1440 2254 1472 transmisit
2265 1441 2318 1472 hu-

1257 1473 1381 1511 jusmodi
1396 1473 1539 1513 Tenoris3
1558 1475 1689 1506 videficet
1695 1498 1706 1514 ,

2340 1401 2475 1440 *XJ373

1283 1552 1449 1589 ‚Henricus,
1475 1550 1532 1581 Dei
1546 1551 1662 1588 Gratis,
1687 1554 1747 1581 Rex
1769 1551 1882 1589 Angliae
1900 1550 1938 1586 (sy
1963 1555 2102 1590 Franciae,
2124 1553 2163 1589 &
2191 1558 2323 1586 Dominus

1264 1589 1423 1628 Hiberniae,
1450 1588 1613 1626 Magnifice
1639 1591 1672 1621 &
1696 1589 1810 1621 Potenti
1829 1591 1972 1628 Principi,
1990 1593 2030 1620 Ν.
2054 1594 2126 1622 Duci·
2146 1593 2324 1638 Mediollani,

1263 1626 1489 1665 Consanguineo
1501 1627 1600 1659 nostro
1614 1627 1754 1659 cariffimo
1762 1652 1772 1667 ,
1790 1628 1915 1660 Salutem
1929 1629 1963 1660 δε
1976 1630 2119 1660 continuae
2134 1629 2323 1671 Prosperitatis

1263 1675 1457 1706 augmentum.

1316 1742 1569 1774 MAGNIFICE
1598 1742 1840 1783 ancssps,
1874 1742 2228 1778 CONSANGUINEE
2263 1756 2325 1785 cer,

1266 1790 1462 1819 RISSIME,

1306 1856 1463 1890 Dileffioni
1477 1859 1577 1891 vestr-:e
1592 1861 1720 1900 cupimus
1735 1860 1870 1891 innotesci
1885 1860 2018 1898 qualiter,

1304 1895 1356 1926 Ob
1369 1896 1528 1929 affectionis
1549 1900 1660 1929 intimae
1675 1900 1824 1937 puritatem
1835 1921 1844 1937 ,
1861 1909 1945 1938 quam
1966 1908 2028 1938 erga
2050 1897 2202 1928 Personam
2214 1921 2223 1935 ,
2241 1898 2325 1938 Inge-

1265 1944 1348 1973 nuae,
1368 1936 1502 1976 Nobilis,
1519 1938 1552 1968 ὃς
1562 1936 1707 1968 Praeclarae
1722 1937 1879 1975 Dominae,
1899 1940 1993 1968 Luciae
2007 1938 2038 1967 de
2055 1937 2267 1975 Vicecomitibus,
2282 1939 2325 1969 A-

1266 1975 1344 2004 mitae
1363 1975 1478 2013 vestrae,
1497 1975 1655 2015 nostraeque
1678 1976 1866 2013 praediledtae,
1886 1977 2035 2013 praesertim
2056 1977 2192 2006 virtutum
2214 1975 2325 2007 suarum

1266 2013 1383 2050 intuitu,
1400 2013 1531 2053 gessimus
1544 2015 1713 2053 antiquitus,
1733 2015 1766 2045 ὃς
1780 2015 1902 2053 gerimus
1918 2015 1946 2044 in
1961 2013 2105 2053 praesenti,

1304 2051 1515 2091 Desiderantes,
1540 2053 1613 2082 intra
1638 2052 1776 2092 Regnum
1797 2052 1943 2091 nostrum,
1960 2052 2083 2083 Foederis
2109 2051 2330 2085 Matrimonialis

1267 2088 1400 2120 felicitate
1413 2090 1498 2121 laetari
1506 2112 1515 2128 ,

1305 2127 1396 2165 Super
1413 2139 1471 2166 quo
1485 2129 1535 2159 fibi
1551 2128 1704 2167 scripsimus
1719 2129 1785 2159 alias
1798 2128 1900 2159 nostrae
1917 2130 2123 2160 continentiam
2138 2129 2306 2168 voluntatis,

1305 2166 1398 2197 Unde
1420 2167 1534 2198 finaliter
1550 2168 1604 2198 tale
1625 2168 1802 2206 Responsum
1825 2170 1986 2205 accepimus
2006 2169 2042 2198 ab
2065 2167 2181 2205 eadem,
2200 2169 2279 2206 quod
2299 2170 2329 2199 in

1267 2203 1302 2234 ea
1317 2213 1393 2241 parte
1405 2206 1523 2236 libenter
1536 2206 1715 2244 adquiescent
1727 2207 1801 2236 votis
1809 2206 1924 2245 nostris,
1943 2206 2058 2236 mallens
2076 2206 2118 2243 (ut
2132 2206 2252 2245 asseruit)
2266 2209 2328 2245 jux-

1267 2251 1294 2272 ta
1310 2242 1528 2275 Ordinationem
1543 2244 1666 2274 nostram
1682 2246 1711 2274 in
1727 2244 1831 2283 Regno
1847 2244 1946 2275 nostro
1956 2244 2127 2282 desponsari,
2148 2245 2233 2283 quam
2247 2246 2331 2283 alibi,

1268 2281 1370 2311 confisa
1383 2282 1418 2312 de
1433 2281 1534 2312 Nobis
1554 2282 1634 2321 quod
1654 2293 1732 2320 non,
1751 2283 1801 2313 nili
1816 2282 1850 2313 de
1864 2283 1912 2313 Re
1931 2282 2015 2322 digna
2029 2284 2062 2314 ὃς
2085 2292 2149 2323 quae
2170 2282 2257 2314 Statui
2279 2283 2330 2314 suo

1269 2321 1422 2358 convenit,
1440 2320 1637 2350 Provifionem
1653 2322 1744 2351 facere
1759 2331 1917 2352 curaremus
1931 2322 2040 2351 eidem:

1307 2358 1375 2388 Nos
1389 2360 1479 2398 itaque
1499 2359 1653 2396 (cupientes
1677 2359 1733 2389 hoc
1756 2360 1863 2397 ipsum,
1878 2359 1956 2398 quod
1976 2361 2006 2389 in
2021 2367 2116 2390 mente
2139 2360 2249 2390 fervido
2265 2359 2332 2391 zelo

1269 2398 1470 2436 concepimus,
1489 2397 1627 2427 effestum
1643 2397 1812 2438 mancipare)
1832 2398 2017 2435 rescripsimus
2038 2397 2131 2427 eidem
2152 2397 2331 2437 Consangui-

1270 2445 1331 2465 neae
1343 2435 1447 2465 nostrae
1456 2460 1465 2474 ,
1474 2436 1554 2473 quod
1568 2436 1755 2466 ambassiatam
1765 2458 1774 2474 ,
1791 2438 1824 2466 &
1839 2437 1979 2475 praecipue
1987 2435 2187 2466 Domicellum
2200 2436 2332 2467 nostrum

1271 2473 1398 2503 Thomam
1421 2475 1453 2503 de.
1474 2475 1501 2504 la
1523 2478 1613 2512 Crois,
1633 2476 1736 2505 merito
1755 2475 1836 2505 nobis
1857 2484 1972 2513 carum,
1997 2474 2030 2504 ad
2052 2473 2173 2505 vestram
2192 2475 2226 2506 &
2248 2476 2331 2514 ipfius

1272 2511 1496 2551 Confimguineae
1514 2512 1617 2543 nostrae
1633 2512 1814 2543 Praesentiarn
1828 2513 1963 2543 destinare
1979 2512 2120 2543 vellemus.

1308 2550 1405 2590 Itaque
1421 2552 1493 2581 circa
1507 2550 1623 2580 Festum
1640 2551 1754 2582 Paschae
1769 2552 1902 2589 proximo
1918 2551 2061 2588 futurum,
2076 2551 2121 2581 vel
2142 2552 2333 2583 incontinenti

1272 2589 1350 2628 post,
1372 2589 1546 2628 personaliter
1558 2589 1627 2620 esset
1640 2591 1695 2627 ibi,
1713 2589 1861 2620 sufficienti
1882 2589 2024 2620 Mandato
2046 2590 2188 2628 munitus,
2207 2590 2241 2620 ad
2256 2589 2333 2620 Tra-¹

1273 2627 1424 2665 &andum,
1453 2638 1486 2657 ac
1506 2628 1607 2665 etiam,
1632 2628 1651 2657 si
1671 2637 1815 2667 oporteat,
1840 2627 2082 2658 Concludendum
2106 2627 2186 2666 super
2207 2629 2334 2667 quodam

1275 2666 1434 2696 honorabili
1454 2665 1622 2705 Conjugio,
1638 2666 1806 2697 TraCtando
1827 2676 1894 2697 cum
1917 2666 1976 2704 illa,
1993 2666 2071 2705 quod
2092 2667 2186 2696 revera
2205 2674 2335 2698 tenemus

1274 2703 1374 2735 afferre
1397 2704 1536 2742 utriusque
1555 2704 1684 2736 Partibus
1698 2705 1868 2735 immensum
1884 2703 2088 2735 Commodum
2108 2704 2142 2735 &
2161 2703 2336 2745 Honorem,

1275 2751 1374 2781 prout,
1393 2742 1462 2773 Deo
1475 2742 1606 2781 volente,
1625 2743 1683 2773 Rei
1699 2744 1785 2774 exitus
1800 2742 2012 2773 demonstrabit.

1313 2780 1444 2812 Vestram
1464 2782 1547 2818 igitur
1573 2782 1739 2812 Amicitiam
1763 2781 1931 2818 affectione,
1955 2780 2012 2820 qua
2033 2778 2170 2819 poffimus
2187 2781 2332 2821 ampliori,

1275 2819 1424 2859 Rogamus
1438 2821 1563 2859 quatinus
1578 2821 1607 2850 in
1623 2822 1678 2859 jam
1693 2820 1774 2850 dicto
1788 2819 1937 2859 Negotio,
1956 2829 2005 2858 per
2021 2819 2169 2856 praefatum
2183 2819 2334 2851 Domicel-

1278 2858 1337 2888 lum
1361 2858 1492 2888 nostrum
1514 2859 1621 2896 plenius
1641 2858 1825 2897 explicando,
1850 2859 1954 2895 etiam,
1983 2857 2086 2888 nostrae
2108 2857 2336 2890 considerationis

1277 2897 1395 2933 intuitu,
1414 2898 1502 2927 taliter
1515 2897 1622 2936 operari
1635 2898 1741 2935 velitis,
1758 2896 1848 2935 quod,
1866 2895 1972 2926 omiffis
1989 2896 2045 2926 aliis
2059 2895 2262 2927 oblationibus
2272 2899 2335 2937 qui-

1278 2936 1470 2975 buscumque,
1487 2944 1580 2965 certos
1594 2936 1722 2974 praetacti
1736 2935 1860 2965 defiderii
1874 2933 1962 2964 nostri
1975 2933 2044 2964 fines
2065 2942 2175 2972 tangere
2196 2935 2336 2966 valeamus

1277 2975 1311 3003 ad
1337 2973 1446 3003 laudem
1473 2973 1622 3010 Altissimi,
1649 2983 1763 3004 necnon
1781 2973 1814 3003 ὅ(
1840 2972 2049 3010 quamplurium
2075 2972 2276 3004 exultationem
2301 2975 2336 3005 δε

1278 3012 1517 3051 complacentiam
1536 3012 1717 3050 {iugularem3
1733 3011 1884 3048 praesertim
1899 3010 1986 3049 cum,
2002 3011 2113 3050 singulis
2133 3013 2257 3050 attentis,
2276 3012 2336 3050 illa,

1279 3060 1343 3088 quae
1360 3059 1408 3089 per
1423 3050 1488 3079 Nos
1504 3059 1556 3087 pro
1570 3060 1645 3087 parte
1656 3049 1713 3081 unit
1727 3050 1809 3080 fuerit
1823 3049 1958 3087 advisata,
1977 3057 2107 3086 putemus
2122 3048 2277 3080 honorifica
2291 3050 2338 3080 fo-

1279 3099 1308 3118 re
1325 3089 1356 3119 &
1371 3089 1495 3118 consona
1510 3089 1626 3124 rationi,
1648 3088 1728 3126 super
1747 3088 1862 3126 quibus,
1880 3089 1963 3117 eidem
1978 3087 2121 3117 Domicello
2136 3087 2240 3127 nostro,
2259 3089 2336 3119 velut

1278 3127 1377 3156 Nobis
1389 3127 1467 3164 ipsis,
1487 3126 1660 3156 credentiam
1673 3127 1853 3164 adhibentes,
1870 3125 1969 3156 Nobis
1977 3134 2026 3164 per
2040 3136 2108 3156 eum
2116 3125 2268 3163 fignificare
2283 3137 2335 3157 ve-

1278 3165 1332 3195 litis
1355 3166 1552 3194 certitudinem
1571 3166 1727 3202 prosperam
1743 3163 1834 3195 Status
1850 3164 1949 3202 vestri,
1963 3166 2019 3195 una
2038 3173 2107 3195 cum
2127 3165 2186 3195 aliis
2204 3174 2267 3203 quae
2286 3174 2336 3205 per

1278 3202 1346 3233 Nos
1360 3202 1418 3233 fieri
1433 3204 1533 3242 cupitis
1553 3203 1756 3242 complacentia
1770 3204 1842 3234 votis
1854 3202 1960 3234 vestris.

1317 3280 1570 3311 MAGNIFICE
1597 3279 1835 3319 anceps,
1870 3279 2216 3311 CONSANGUINEE
2242 3287 2335 3311 Nos-

1278 3328 1361 3350 TER
1382 3327 1629 3358 CARISSJME,

1311 3395 1348 3439 ‚1¹¹
1368 3395 1438 3425 Filio
1454 3394 1578 3439 Virginis
1604 3394 1744 3425 Gloriosae
1766 3394 1814 3425 diu
1839 3394 1873 3426 &
1897 3393 2015 3425 feliciter
2034 3395 2123 3426 valeat
2140 3393 2231 3425 vestra
2250 3394 2334 3425 Dile-

1279 3433 1577 3510 ἂὲἷιῧιῗξιέὶὲῗέξο
1589 3471 1703 3510 nostro,
1720 3472 1750 3501 in
1766 3470 1875 3502 Palatio
1890 3470 1976 3510 nostro
1990 3470 2229 3510 Wstmonasierii,
2245 3470 2332 3501 Men-

1278 3510 1310 3540 fis
1324 3510 1421 3541 Martii
1435 3510 1480 3541 die
1496 3510 1622 3542 Decima
1636 3510 1748 3541 octava.

2032 3549 2075 3578 Et
2093 3559 2112 3577 a
2129 3550 2227 3586 Terga,

1312 3625 1459 3664 Magnifica
1477 3624 1514 3659 &
1531 3627 1639 3655 Potenti
1658 3626 1790 3663 Principi,
1808 3623 1852 3654 N.
1871 3623 1951 3655 Duci
1966 3622 2151 3661 Medionalli,
2170 3620 2334 3662 confingiti-

1275 3673 1324 3692 neo
1343 3663 1429 3703 nostro
1449 3663 1584 3702 cariffimo.

1314 3739 1432 3778 Ipseque
1444 3739 1555 3770 Illustris
1573 3740 1606 3770 &
1625 3738 1754 3770 Excelsus
1769 3738 1929 3777 Dominus,
1947 3737 2092 3768 Dominus
2106 3737 2264 3767 Edmundus
2282 3741 2334 3768 Co·

1277 3790 1330 3809 mes
1345 3778 1535 3816 Digniffimus
1549 3777 1719 3816 antedictus,
2054 3814 2069 3819 ..

1316 3817 1423 3849 Volens
1437 3816 1596 3852 Negotium
1610 3816 1767 3854 hujusmodi
1783 3816 1870 3846 felicis
1894 3814 2071 3845 Matrimomi
2093 3813 2127 3843 &
2147 3812 2331 3845 Honorabilis

1275 3854 1414 3893 Conjugii
1430 3855 1463 3885 ad
1479 3855 1581 3885 Finem
1594 3855 1732 3885 deducere
1748 3854 1914 3890 efficacem,
1932 3861 2015 3895 prout
2028 3852 2188 3882 intentionis
2203 3851 2258 3895 suae
2273 3853 2332 3891 est,

1277 3904 1310 3924 ac
1335 3896 1407 3924 inter
1429 3903 1496 3924 eum
1518 3893 1551 3924 &
1575 3894 1709 3933 quosdam
1725 3892 1870 3923 Dominos
1887 3891 1921 3921 &
1942 3890 2061 3921 Amicos
2081 3889 2116 3919 de
2135 3888 2265 3921 Confilio
2283 3891 2335 3924 sito

1280 3931 1495 3963 Concordatum
1507 3932 1595 3962 extitit
1603 3954 1613 3969 ,
2201 3967 2207 3973 ῃ

1316 3971 1464 4001 Dilectum
1480 3970 1609 4000 Thomam
1623 3970 1655 3999 de
1668 3968 1695 3999 Ia
1707 3972 1779 3998 crois
1812 3967 1874 3997 alias
1893 3965 1929 3996 de
1948 3963 1976 3995 la
1995 3968 2091 4002 Cruce,
2113 3965 2282 3997 Seremffimi
2302 3969 2334 3999 in

1276 4009 1396 4040 Christo
1414 4008 1549 4047 Principis
1566 4010 1599 4039 ὃς
1618 4007 1761 4043 Domini,
1782 3990 1905 4049 Domini
1923 4006 2052 4043 Hernici,
2069 4004 2126 4049 Dei
2146 4004 2263 4044 Gratia,
2280 4009 2335 4036 Re-

1271 4052 1318 4087 *gis
1333 4046 1446 4087 Angliae
1463 4046 1501 4083 &
1520 4049 1640 4078 Franciae
1657 4043 1954 4113 praefatiEArmigerum
1968 4043 2002 4074 &
2018 4042 2236 4081 Domicellum,
2253 4043 2334 4075 suurn

1802 4091 1821 4112 2
2208 4090 2317 4115 certum
2329 4105 2340 4121 ,

2319 4155 2338 4163 x
