2562 4274
211 86 287 112 110

58 154 135 184 Ann.
151 154 191 185 D.
206 167 320 194 eorum,
341 155 483 187 Dedimus
495 157 529 187 &
541 155 762 196 Conceffimus,
779 167 828 196 ac,
846 167 894 195 per
915 156 1083 196 Praesentes,
1104 157 1216 188 Damus
1229 154 1263 185 &

80 202 166 230 1419.
206 194 402 225 Contentum
418 194 610 231 Patestwem,

59 236 122 260 Hm.
142 247 154 267 >
241 233 354 269 Insuper
378 234 588 268 Promittimus,
609 233 688 263 bons)⁴
708 233 781 272 fide,
798 235 831 265 &
853 235 880 264 in
905 234 997 264 verbo
1010 236 1102 273 regio,
1120 232 1188 263 Nos
1202 231 1264 262 Ra-

206 279 285 309 tum,
305 273 441 309 Gratum,
459 270 605 307 Firmum,
624 281 656 301 ac
678 271 781 302 Stabile
804 281 939 310 perpetuo
964 273 1106 303 habituros
1128 269 1266 309 quicquid

203 311 232 339 in
252 309 421 347 Pmoun»,
438 310 480 338 vel
498 310 592 346 aliquo
612 309 842 348 Praetnissorum,
862 321 909 348 per
926 311 1074 348 pra-dictos
1088 309 1265 340 Commina-

204 349 261 377 rios
276 348 319 378 seu
335 347 495 384 Deputatos
511 347 621 377 nostros
633 348 768 387 Septem,
788 349 860 387 Seit,
879 350 1034 387 Qiinque,
1053 349 1204 386 Quatuor,
1219 347 1264 377 vel

204 386 266 415 Tre
293 395 392 415 eorum
430 395 498 415 cusn
515 386 583 415 dicti
601 385 649 416 Co
662 388 811 425 ;.mgt1inei
824 388 857 418 δε
873 388 1029 418 Adversarii
1046 387 1134 417 nostri
1144 387 1265 416 Ambas-

205 424 365 460 flatoribus,
385 408 609 462 donamina-iis,
632 424 795 462 Deputatis,
814 426 870 456 sive
891 425 1015 456 Nunciis
1040 425 1265 463 Compolitum,

205 462 383 492 Conclusum
393 485 401 499 ,
419 461 607 492 Conventum
621 464 689 501 erit,
708 464 764 495 sive
779 463 997 494 Concordatum

240 499 277 529 Et
300 499 377 537 quod
400 502 498 530 omnia
522 503 555 532 Sc
579 501 681 539 lingula
694 525 704 540 ,
723 503 760 533 sic
784 502 953 540 Composiza
968 525 977 540 ,
994 488 1136 532 Conclusa
1151 525 1161 539 ,
1179 500 1265 533 Con-

202 548 285 569 venta
300 539 344 568 seu
359 537 561 577 Concordata,
580 541 682 578 absque
703 540 802 578 Dolo,
824 541 946 577 Fraude,
966 540 1011 570 vel
1034 541 1110 570 malo
1128 542 1265 579 ingenio,

204 586 340 615 quantum
359 578 386 606 in
403 576 503 608 Nobis
516 577 576 616 est,
594 588 784 617 exequemur,
801 581 835 611 &
848 580 947 617 exequi
963 579 1115 616 faciemus,

242 615 286 645 Ac
304 616 380 653 quod
395 615 473 653 super
487 616 589 646 eisdem
607 618 737 648 dabimus
754 618 857 648 Literas
875 616 983 648 nostras
1007 616 1265 657 Confirmatorias‚

204 656 303 683 nostro
322 654 431 692 Magno
446 654 543 694 Sigillo
558 656 688 694 sigillatas.

242 693 318 731 Quae
332 693 428 723 omnia
442 694 475 724 ὃ(
498 694 601 730 lingula
619 694 774 732 supradieta
798 704 850 724 nos
872 694 1012 733 faeturos,
1030 694 1210 733 impleturos,
1230 697 1264 727 ὃς

203 731 417 768 observaturos,
436 741 489 762 nec
505 733 564 763 ullo
578 743 700 771 unquam
717 743 847 769 tempore
862 734 901 763 eis
924 733 969 764 vel
993 734 1072 764 alicui
1094 733 1262 764 eorumdem

203 769 275 799 Nos
291 779 540 809 contraventuros,
559 773 752 808 promittimus
774 771 824 802 sub
847 771 999 809 Ypotbeca
1023 773 1056 803 &
1080 771 1263 810 obligatione

203 809 340 838 omnium
367 808 512 839 Bonorum
539 810 725 848 nostrorum,
760 818 817 840 tam
842 810 1021 848 praesentium
1042 819 1128 848 quam
1151 812 1262 842 futuro-

205 856 279 876 rum.

235 885 269 915 ln
283 885 375 922 cujus,
393 886 453 916 &c.

199 960 219 992 S
235 923 324 993 Tetge
340 923 509 993 ἷὲςζείρᾳιᾴ
525 924 646 963 Castrum
654 924 734 964 susem
751 925 785 954 de
803 927 907 955 Vernon
915 923 998 964 fiper
1011 927 1098 964 Sayne
1113 923 1260 955 Vicesimo

221 971 293 993 ecun
314 973 333 992 o
380 973 404 994 ie
445 973 487 1000 pri
500 972 530 994 15.

879 1040 932 1070 Per
950 1040 1033 1080 ipfhm
1050 1042 1155 1079 Regem.

442 1165 501 1198 Ad
521 1165 727 1199 Traflandum
744 1164 781 1198 de
800 1167 1014 1200 Matrimonia.

52 1257 128 1289 Αῃῃ,
145 1258 185 1290 D,
203 1250 322 1307 REX
341 1251 492 1289 omnibus,
509 1250 542 1281 ad
558 1261 648 1290 quos,
666 1252 727 1282 &c.
744 1250 878 1283 Salutem.

300 1290 398 1320 Sciatis
415 1291 492 1326 quod
509 1300 559 1320 nos
569 1313 577 1327 ‚

51 1306 158 1371 Allff'179‘
236 1326 286 1357 De
310 1327 454 1358 fidelitate
467 1352 475 1367 ‚
495 1328 644 1360 Prudentia
657 1352 666 1366 ,
687 1327 968 1366 Circumspeffione‚
986 1328 1020 1360 &
1042 1328 1196 1370 Industria,
1216 1342 1263 1363 ca-

50 1379 84 1403 H,
106 1385 133 1410 5,
201 1365 296 1395 rislimi
325 1366 536 1405 Consanguinei
561 1367 650 1397 nostri
671 1370 781 1397 Ricardi
797 1371 906 1411 thniris
922 1370 1066 1398 Warwicae
1083 1392 1092 1403 ,
1116 1379 1149 1400 ac
1163 1393 1172 1408 ,
1195 1370 1264 1402 dile-

49 1417 108 1442 Pac,
200 1404 314 1434 <storum
337 1405 369 1435 &
390 1404 528 1435 Fidelium
551 1406 732 1444 nostrorum,
752 1405 882 1444 Magistri
902 1404 1043 1444 Johannis
1064 1409 1163 1447 Kentpe
1184 1410 1202 1428 *³
1222 1409 1261 1440 E-

50 1456 140 1481 Norm.
158 1461 186 1487 7,
199 1442 263 1473 lefri
279 1443 424 1474 Roffeniis
436 1443 571 1474 Custodis
591 1445 691 1474 Privati
707 1445 795 1483 Sigilli
814 1443 922 1481 nostri,
940 1444 1080 1482 Johannis
1100 1449 1176 1485 Gray
1199 1448 1260 1478 Mi-

49 1494 77 1518 H
96 1499 183 1530 5.p.1.
196 1480 267 1519 liti3,
286 1481 404 1512 Gilberti
418 1481 585 1521 Umfraville
607 1482 723 1515 Militis,
743 1481 888 1512 lVillielmi
904 1485 1000 1512 Porter
1017 1483 1133 1523 Mllitis,
1151 1487 1261 1518 &Ma-

48 1538 85 1558 ,μ’
105 1532 152 1566 48,
199 1519 277 1559 gistri
297 1521 434 1558 Johannis
446 1521 569 1560 Staffora‘
581 1521 696 1558 Legum
710 1520 866 1558 Dutfftoris,
885 1519 1128 1553 Conciliariorum
1149 1526 1262 1557 nostro-

49 1569 66 1582 ·
89 1571 140 1599 IX·
200 1568 332 1626 sumt?
354 1559 651 1627 sthssfistkailsfifl'ni
670 1562 783 1600 Hayton
806 1559 952 1590 Secretarii
973 1560 1087 1599 nostri,
1102 1563 1136 1594 &
1157 1574 1258 1596 eorum

51 1614 116 1646 ⁷36'
200 1597 835 1668 cuiautsill‘seifa'dtgiiclsiiiiegeogociiirtiiuesn'icandum
851 1646 919 1666 cum
940 1635 1108 1669 Parentibus
1120 1662 1128 1677 ‚
1150 1639 1262 1672 Procu-

198 1676 351 1712 ratoribw,
371 1676 402 1704 ὃε
419 1676 530 1705 Amicis
546 1675 653 1705 Inclita:
668 1675 774 1706 Pueuae
788 1679 913 1705 Dominae
926 1678 1072 1707 Katerinae
1090 1677 1167 1709 Filiae
1190 1683 1260 1710 Con-

188 1713 332 1753 fhnguinri
353 1712 390 1746 ὢν
412 1714 582 1752 Adversarii
603 1713 683 1755 nostri
701 1717 825 1744 Francia
843 1736 852 1751 ,
885 1714 970 1744 suisve
989 1715 1262 1757 Ambaffiatoribus,

196 1751 341 1789 Nunciis,
356 1752 401 1782 seu
412 1752 662 1791 procuratoribus,
681 1752 853 1784 Potestatem
868 1753 904 1783 ab
919 1752 1023 1783 eodem
1039 1753 1261 1795 consanguineo

196 1792 228 1822 ὃ(
246 1789 410 1821 Adversario
427 1790 527 1821 nostro
545 1790 730 1822 sufficientem
744 1792 774 1821 in
788 1800 819 1820 ea
835 1800 913 1829 parte
927 1791 1112 1831 habentibus,

236 1828 284 1858 De
300 1829 331 1859 ὃς
348 1830 426 1865 super
441 1829 620 1867 Sponffilibus
635 1838 683 1860 aut
698 1829 906 1868 Matrimonio,
925 1831 994 1862 inter
1015 1830 1085 1862 Nos
1106 1831 1140 1863 &
1154 1832 1260 1864 dietam

199 1871 346 1898 Dmlinam
360 1871 528 1897 Katerinam
544 1868 760 1906 contrahendis,

235 1905 366 1936 Necnon
389 1907 425 1936 de
448 1906 546 1944 Dote,
566 1906 706 1938 Dotalitio
719 1930 728 1945 ,
747 1907 914 1937 Donatione
930 1916 1048 1947 propter
1070 1907 1212 1948 Nuptias,
1227 1920 1260 1942 ac

197 1943 291 2012 Arrlis,
309 1945 338 1974 in
351 1944 404 1975 hac
418 1954 494 1983 parte
509 1946 607 1976 dandis
622 1946 655 1977 &
668 1945 890 1983 constituendis,
909 1947 942 1976 δε
964 1955 1066 1977 eorum
1086 1948 1260 1987 singulorum

217 1993 250 2013 ua
261 1992 325 2014 itate

194 1992 214 2021 q
233 2021 277 2052 Ac
301 2006 384 2052 eti’am
409 2021 446 2052 de
466 2021 629 2062 Terminis,
648 2022 765 2061 Modis,
783 2023 816 2053 &
831 2021 919 2053 Locis
932 2022 1115 2054 Solutionum
1130 2025 1162 2055 ὃς
1177 2023 1261 2056 Satis-

199 2059 358 2090 factionum
379 2060 415 2090 de
435 2061 559 2100 eisdem,
577 2062 610 2092 &
631 2070 738 2100 quanto
760 2071 887 2099 tempore
902 2060 1037 2100 Expenlis
1055 2062 1210 2094 Parentum
1226 2065 1260 2096 &

196 2098 370 2128 Amicorum
383 2098 483 2130 debeat
496 2099 658 2139 sustentari,

234 2137 365 2168 Necnon
390 2140 470 2175 super
490 2138 642 2169 Praemiffis
660 2139 795 2169 omnibus
815 2138 849 2169 &
869 2137 982 2175 fingulis
997 2161 1008 2176 ,
1037 2148 1071 2170 ac
1092 2139 1205 2177 quando
1226 2141 1260 2172 &

194 2176 274 2214 cujus
293 2172 442 2218 Expensis‚
461 2177 495 2208 &
517 2177 568 2208 sub
589 2177 646 2216 qua
668 2176 792 2216 Forma,
811 2186 861 2216 per
879 2176 1012 2208 Parentes
1025 2177 1058 2208 &
1073 2178 1195 2210 Amicos
1210 2179 1260 2210 de-

196 2215 259 2245 beat
278 2215 443 2253 tranlmitti,

231 2253 434 2284 Conveniendi
448 2253 481 2284 &
498 2253 721 2292 Concordandi,

232 2291 271 2322 Et
293 2302 342 2330 ea,
359 2301 422 2330 quae
442 2292 480 2323 sie
503 2292 657 2331 Tractata,
683 2292 855 2331 Conventa,
876 2293 909 2324 &
933 2292 1118 2325 Concordata
1136 2295 1260 2336 fuerint,

192 2339 331 2368 quatenus
344 2331 377 2361 ad
395 2330 462 2361 Nos
479 2332 593 2369 attinet,
609 2331 780 2363 omnimoda
807 2332 978 2372 Securitate,
996 2333 1114 2365 honesta
1135 2335 1169 2366 ὃ(
1191 2335 1260 2375 legi-

196 2368 281 2407 tima,
305 2369 440 2399 Nomine
454 2369 571 2407 nostro,
591 2370 754 2408 Firmandi,

198 2407 419 2476 d·Si}}}ss{³<mq<u‘3
439 2408 624 2477 Sgeurimtem
637 2431 646 2447 ,
672 2408 808 2439 Nomine
827 2409 928 2440 nostro
942 2432 952 2448 ,
970 2409 1106 2450 Petendi,
1124 2411 1262 2450 Stipulan-

219 2456 250 2482 1,
344 2456 387 2476 eci
409 2456 451 2476 ren
475 2457 482 2476 1

235 2455 407 2521 Ceteraqug
427 2469 524 2514 omtiia
544 2485 576 2516 ὃς
601 2485 704 2524 singula
727 2485 876 2523 Faciendi,
892 2485 1071 2518 Excercendi
1085 2511 1095 2525 ,
1112 2488 1145 2518 &
1166 2488 1261 2527 Expe—

195 2520 305 2559 diendi,
324 2532 388 2559 que
402 2523 432 2552 in
448 2522 596 2553 Praemiffis
616 2524 650 2555 &
674 2525 750 2555 circa
772 2534 804 2555 ea
826 2525 975 2555 necessaria
990 2525 1094 2556 fuerint
1110 2526 1154 2556 vel
1171 2537 1260 2564 opor-

196 2568 278 2597 tuna,
298 2561 331 2591 ὃς
347 2570 410 2597 quse
424 2562 537 2598 qualitas
551 2562 711 2600 hujusmodi
726 2563 759 2592 N
763 2564 847 2602 egotii
862 2564 895 2594 &
913 2563 1023 2593 Natura
1036 2565 1152 2604 exigunt
1165 2566 1199 2595 ὃ(
1216 2576 1260 2596 re-

197 2599 329 2635 quirunt,
348 2600 380 2629 &
397 2608 459 2636 quae
475 2599 543 2629 Nos
556 2600 710 2631 faceremus
725 2602 770 2632 seu
785 2602 876 2631 facere
892 2602 1035 2638 poss'emus
1048 2603 1066 2632 fi
1080 2604 1260 2641 personaliter

197 2636 306 2667 ibidem
326 2636 469 2704 Pfaes0.⁰[le⁵
488 2637 624 2676 essemus,
642 2640 726 2670 ctiam
748 2639 767 2669 si
792 2639 957 2670 mandatum
978 2642 1088 2681 exigant
1111 2651 1262 2680 quantum-

196 2684 325 2712 cumque
340 2680 347 2704 l
371 2686 431 2706 ecta
445 2686 460 2705 e

237 2686 410 2751 Prmditftpos,
429 2698 555 2743 Cozlitem
582 2713 742 2752 Johannem
755 2736 764 2748 ,
782 2713 941 2753 Johannem
955 2738 965 2754 ,
983 2716 1134 2747 Gilbertum
1147 2741 1156 2756 ,
1182 2718 1259 2748 Wil-

196 2750 314 2780 lielmum
329 2774 338 2789 ‚
356 2751 513 2790 Johannem
529 2775 539 2791 ,
555 2752 593 2787 ὠ
617 2752 795 2783 Willielmum
814 2776 824 2791 ,
842 2754 958 2791 Septem
971 2777 980 2792 ,
998 2755 1054 2785 Sex
1067 2779 1078 2794 ,
1103 2757 1260 2797 Qiinque,

201 2790 353 2828 Qatuor,
371 2800 417 2821 aut
436 2791 508 2821 Tres
529 2801 648 2830 eorum,
666 2791 780 2822 nostros
802 2802 902 2830 veros,
918 2792 1074 2832 legitimos,
1093 2795 1127 2825 &
1148 2797 1261 2826 indubi-

201 2837 273 2869 tatos
294 2828 493 2860 Procuratores
509 2852 518 2867 ,
540 2829 739 2869 Negotiorum
765 2829 902 2861 Gestores
916 2853 925 2867 ,
949 2833 982 2862 &
1001 2831 1135 2863 Nuncios
1156 2834 1260 2871 specia-

195 2867 253 2905 les,
268 2867 413 2905 Facimus,
429 2866 620 2907 Ordinamus,
638 2867 834 2907 Creamus,&
851 2868 1059 2901 Constituimus
1074 2881 1123 2909 per
1136 2871 1260 2903 Praesen-

200 2914 261 2941 tes,

238 2943 451 2982 Promittentes,
470 2946 498 2974 in
513 2945 604 2976 verbo
619 2944 732 2985 Regio,
752 2944 821 2976 Nos
837 2945 948 2977 Rarum
961 2969 970 2985 ,
987 2946 1127 2987 Gratum,
1145 2950 1179 2980 δε
1200 2950 1261 2981 Fir-

199 2992 280 3012 mum
296 3005 305 3021 ,
322 2985 459 3020 perpetuis
482 2985 675 3021 temporibus,
695 2984 836 3015 habituros
852 2985 988 3023 quicquid
1003 2996 1051 3023 per
1061 2987 1260 3019 Procuratores

201 3021 312 3051 nostros
333 3022 482 3058 predictos
500 3022 615 3059 Septem
629 3045 640 3061 ,
659 3023 712 3053 Sex
729 3045 738 3060 ,
757 3023 896 3061 Quinque
910 3046 919 3061 ,
939 3024 1075 3064 Qiatuor
1089 3049 1098 3063 ,
1116 3036 1163 3057 aut
1186 3027 1261 3059 Tres

202 3069 319 3096 eorum,
337 3059 444 3090 Aetum
482 3058 622 3099 Gestum,
638 3060 683 3092 seu
698 3061 887 3092 Procuratum
899 3062 982 3093 fuerit
997 3064 1026 3093 in
1040 3063 1209 3104 Praemiffis,
1226 3068 1260 3098 &

205 3098 315 3135 lingulis
328 3083 543 3129 praemissorum
552 3121 561 3136 ‚

239 3136 369 3174 Ipsosque
388 3135 588 3167 Procuratores
608 3137 641 3167 &
664 3137 800 3168 Nuncios
822 3138 953 3176 nostrOS,
971 3141 1004 3170 &
1019 3150 1120 3171 eorum
1135 3142 1257 3178 quemli-

202 3175 266 3242 llwet,
282 3176 316 3204 ab
331 3176 410 3205 omni
425 3174 522 3205 Onere
534 3174 685 3206 Satisdandi
702 3176 844 3216 expresse,
857 3177 975 3208 Tenore
991 3178 1262 3218 Praesentium,Re-

217 3221 339 3242 evamus.

247 3249 280 3279 In
296 3252 388 3288 cujus,
404 3253 464 3282 &c.

204 3287 435 3358 &Tfister-Rege
452 3289 524 3328 apud
546 3289 668 3330 castrum
689 3290 768 3329 suum
797 3291 829 3321 de
861 3295 965 3322 Vernon
981 3292 1062 3331 ficper
1088 3297 1174 3333 Sayne
1195 3295 1259 3325 xxii.

225 3337 248 3358 ie
294 3336 334 3365 pn
346 3337 377 3357 is.

882 3371 936 3398 Per
953 3368 1036 3408 ipfitm
1054 3371 1157 3407 Regem.

208 3492 257 3524 De
275 3487 458 3522 concedendo
475 3490 582 3522 Salvos
602 3489 766 3523 Conduffus
783 3488 1016 3538 quibust-umque
1036 3493 1168 3537 Perfimis
1193 3492 1264 3525 Ad-

597 3539 727 3583 vc7flzm'i
745 3542 885 3572 Franciae.

65 3631 140 3661 Am,-
154 3631 196 3662 D,
265 3621 323 3652 EX
338 3621 500 3660 Omnibus,
518 3622 552 3653 ad
568 3632 656 3660 quos,
674 3624 734 3654 δίε.
753 3623 886 3654 Salutem.

87 3679 172 3709 1419-
301 3661 397 3691 Sciatis
414 3661 490 3699 quod
505 3661 591 3698 Nos,

64 3712 117 3736 Aa.
135 3721 159 3741 7-
248 3697 293 3728 De
316 3699 472 3738 Fidelitate,
498 3698 664 3735 Prudentia,
691 3697 974 3736 Circumspec'tione,
993 3699 1027 3730 &
1046 3700 1202 3740 Industria,
1219 3712 1266 3732 ca·

65 3751 99 3773 H.
123 3756 148 3780 5·
212 3736 309 3803 riffiffii
339 3737 546 3777 Consanguinei
571 3736 661 3768 nostri
679 3738 791 3766 Ricardi
813 3740 920 3767 Comitis
946 3739 1088 3769 Warwicae
1101 3764 1110 3778 ,
1141 3741 1265 3778 plenarie

102 3785 119 3793 ν·
210 3783 265 3803 con
308 3785 383 3806 entes

82 3786 145 3813 iord.
249 3800 442 3852 Dedimus’ei,
460 3825 494 3845 ac
509 3815 621 3852 plenam
631 3838 639 3849 ,
655 3814 771 3844 Tenore
787 3813 985 3851 praesentium,
1005 3813 1114 3845 Damus
1138 3815 1264 3846 Potesta-

195 3857 265 3890 .tem
281 3852 313 3881 ὅ(
328 3852 554 3890 Auc'toritatem,
574 3853 607 3883 ad
624 3852 779 3890 Dandum,
797 3854 830 3883 δε
843 3851 1070 3882 Concedendum
1088 3854 1192 3884 Literas
1214 3855 1263 3884 sal-

206 3889 233 3916 vi
258 3888 442 3926 Condut‘jtits,
462 3892 547 3929 tigillo
571 3891 619 3921 suo
643 3891 774 3927 signatas,
795 3890 1019 3928 quibuscumque
1040 3891 1169 3922 Personis
1189 3896 1259 3922 Con-

195 3925 337 3966 fimguinei
352 3927 388 3961 ὠ·
410 3929 578 3968 Advxrsarii
601 3929 682 3968 nostri
706 3932 847 3965 Franciae,
865 3928 1065 3967 cujuscumque
1089 3929 1180 3960 Status
1200 3931 1261 3961 fue-

200 3965 274 4000 rint,
297 3975 367 4002 quos
392 3976 424 3997 ex
443 3977 520 4006 parte
541 3967 663 4006 ejusdem
687 3967 844 3999 Adversarii
864 3966 951 3997 nostri
973 3966 1057 4006 usque
1081 3968 1258 4000 Praesentiam

675 67 1468 115 CONVENTIONES‚
1516 67 1908 117 LITERAE,

1300 152 1426 184 nostram
1441 154 1595 192 contigerit
1613 153 1762 194 destinari,
1779 163 1865 194 prout
1874 156 1954 194 Juxta
1965 154 2057 186 sanam
2071 154 2269 188 discretionem
2290 156 2367 189 suam
2386 153 2516 188 Ann.D.

1302 191 1365 222 fore
1377 191 1478 222 viderit
1491 192 1670 230 faciendum3
2410 202 2495 233 1419·

1341 229 1542 272 Promittentes
1557 230 1624 260 Nos
1637 231 1766 270 Rarum,
1784 231 1967 270 Gratum&
1983 232 2113 263 Firmum
2129 233 2271 265 habituros
2286 234 2367 272 quic·
2385 235 2449 263 Hm·
2465 243 2494 269 5-

1303 269 1372 337 lquid
1395 267 1545 305 praedretus
1566 267 1795 310 consanguineus
1815 270 1929 309 noster,
1944 272 2062 301 nomine
2083 271 2200 310 nostro,
2217 273 2316 304 fecerit
2337 274 2369 304 in

1324 316 1356 337 ac
1370 316 1458 344 parte.

1378 344 1412 374 In
1427 344 1522 382 cujus,
1545 345 1607 375 ὅτε.

1302 421 1329 451 Α
1339 381 1429 452 Tffnste
1443 382 1528 420 Rege
1543 381 1618 421 apud
1635 383 1757 423 Cast-rum
1766 384 1847 424 filum
1864 386 1895 416 de
1912 388 2016 416 Vernon
2026 384 2111 425 fieper
2127 389 2215 425 Sayne
2230 388 2294 418 xxii.
2319 386 2366 418 die

1331 431 1364 460 pr
1384 430 1413 451 rs.

1933 502 1987 531 Per
2002 500 2086 552 ipsum
2102 503 2208 539 Regem.

1495 618 1518 641 *
1543 621 1592 652 De
1611 618 1763 653 Conduffu
1771 631 1827 666 pro
1845 621 1980 667 Epiftopo
1997 621 2034 654 de
2052 621 2177 657 Rhodes.
2383 627 2403 647 ⁴*
2422 631 2476 661 IX.

1304 701 1440 758 REX,
1456 714 1505 743 per
1527 704 1634 735 Literas
1656 705 1713 735 suas
1733 698 1882 748 Parentes,
1896 714 1946 744 per
1970 704 2146 744 Qindecim
2161 707 2247 748 Dies,
2263 710 2362 748 proxi-
2382 676 2457 736 istiu.
2471 707 2514 739 D.

1383 748 1435 772 mo
1459 743 1583 781 futuros,
1602 743 1757 781 duraturas,
1780 743 1896 780 suscepit
1919 745 1947 773 in
1971 743 2093 783 salvum,
2116 747 2177 778 &c.
2206 747 2363 779 venerabi.
2408 754 2497 784 1419.

1298 776 1355 807 lem
1380 779 1509 819 Patrem,
1527 782 1620 811 Bidan
1649 783 1680 812 de
1705 785 1782 811 Leon
1797 781 1952 821 Epifiopum
1970 782 2002 811 de
2015 783 2119 821 Rodes,
2137 793 2171 815 ac
2189 788 2364 817 Bertramum
2381 788 2422 811 Aa
2449 795 2477 820 7.

1298 815 1330 844 de
1346 818 1468 860 Qualart
1483 820 1628 858 Militem,
1647 820 1731 859 usque
1755 820 1932 851 Proerentiam
1955 819 2062 859 Regis,
2080 830 2149 851 cum
2170 823 2363 864 Quadraginta
2381 826 2414 849 H.
2433 832 2463 858 5·

1298 852 1427 887 Perlonis
1440 868 1472 888 ac
1487 859 1608 889 totidem
1623 859 1730 897 Equis,
1747 859 1823 889 salvo
1837 859 1870 889 &
1888 859 1984 889 secure
1999 859 2156 897 veniendo,
2177 861 2283 892 ibidem
2299 874 2363 894 mo·
2380 864 2439 888 Pat-

1299 894 1388 924 raudo
1401 897 1435 926 &
1448 897 1698 936 perhendinando,
1716 899 1748 928 δε
1762 898 1862 929 exinde
1877 897 1911 928 ad
1934 899 2046 936 propria
2068 897 2229 937 redeundo,
2248 910 2364 932 necnon
2380 904 2470 929 Norm.
2488 907 2517 937 7:

1300 929 1404 976 Bona,
1415 933 1489 973 Res,
1508 936 1542 966 δι
1556 935 1691 966 Hernefia
1705 936 1749 977 sua
1767 945 1972 974 quaecumque:
2382 942 2416 964 H.
2423 947 2451 973 5.
2458 946 2515 976 p.1.

1337 968 1377 1014 Et
1396 971 1483 1011 ideo,
1501 974 1561 1005 &e
1579 975 1692 1010 proviso
1716 978 1824 1012 temper
1845 975 1923 1013 quod
1945 974 1994 1013 ipsi
2007 975 2179 1014 quicquam,
2193 976 2254 1007 &c.
2272 977 2366 1016 quod·
2381 985 2418 1003 m·
2434 979 2483 1012 46.

1298 1016 1355 1045 que
1370 1010 1417 1077 iPfi
1434 1011 1748 1082 nullum&Castrorum,
1765 1014 1828 1044 &c-

1386 1058 1404 1078 n
1418 1059 1454 1080 cu
1467 1060 1497 1080 us
1565 1060 1591 1081 c.

1299 1084 1426 1155 A'I'fste
1439 1060 1522 1129 dege
1541 1088 1614 1128 apud
1627 1087 1751 1129 Castrum
1772 1088 1842 1119 'uum
1858 1088 1891 1118 de
1906 1091 2011 1119 Vernon
2023 1089 2103 1129 siaper
2121 1093 2209 1131 Sayne
2226 1092 2305 1124 xxiv.
2318 1091 2365 1124 die

1328 1134 1370 1162 pri
1381 1135 1410 1156 is.

1940 1204 1995 1235 Per
2006 1203 2090 1245 spficm
2103 1207 2208 1243 Regem.

1517 1334 1566 1365 De
1586 1330 1767 1365 Procedendo
1783 1342 1885 1364 contra
1899 1345 1956 1364 non
1973 1330 2143 1375 Refidentes.

1300 1414 1430 1471 REX,
1449 1415 1612 1447 Venerabili
1627 1418 1656 1447 in
1672 1417 1792 1447 Christo
1807 1416 1900 1456 Patri,
1917 1417 1954 1456 J.
1973 1417 2074 1448 eadem
2100 1416 2217 1456 Gratia,
2237 1416 2364 1458 Eptfiopo
2385 1420 2460 1450 Asin.
2470 1417 2511 1452 1).

1373 1454 1529 1496 Bajocenfi,
1547 1456 1592 1486 vel
1615 1457 1672 1494 ejus
1692 1455 1810 1486 Vicariis
1830 1457 1858 1485 in
1872 1456 2081 1494 Spiritualibus,
2099 1456 2158 1494 ipso
2176 1457 2205 1486 in
2229 1455 2363 1488 Remotis
2404 1468 2491 1499 1419.

1299 1500 1414 1532 agente,
1441 1504 1556 1524 necnon
1580 1494 1703 1525 Decano
1725 1496 1758 1526 δε
1781 1494 1917 1532 Capitulo
1941 1493 2074 1526 Ecclesiae
2094 1495 2257 1533 praedietae,
2286 1495 2365 1527 Salu-
2384 1503 2436 1527 Aa.
2457 1509 2484 1534 7.

1300 1538 1367 1560 tem.
2382 1542 2418 1565 H.
2437 1546 2466 1572 5.

1335 1569 1426 1600 Vobis
1442 1569 1613 1601 Mandamus
1627 1571 1704 1608 quod
1718 1581 1820 1601 omnes
1838 1571 1871 1601 δε
1895 1570 2010 1609 fingulas
2032 1571 2170 1602 Personas
2190 1571 2363 1603 Ecclesiasti-
2382 1576 2484 1603 [bidem.

1300 1616 1346 1637 cas
1369 1607 1405 1637 de
1426 1607 1551 1639 Civitate
1572 1610 1604 1641 St
1624 1609 1760 1640 Dioecese
1786 1609 1926 1648 Bajocenli
1942 1633 1951 1647 ,
1977 1618 2052 1640 extra
2077 1610 2281 1641 Obedientiam
2309 1622 2364 1642 no-
2379 1623 2416 1642 m.
2434 1616 2481 1649 4⁶·

1301 1644 1385 1675 stram
1406 1646 1441 1676 de
1463 1647 1588 1684 praesenti
1609 1648 1770 1685 existentes,
1785 1648 1819 1677 ad
1836 1647 2029 1677 Refidendum
2041 1649 2121 1686 super
2136 1648 2282 1679 Beneficiis
2296 1649 2364 1688 suis,
2382 1654 2444 1686 dors.

1295 1683 1373 1752 {uxta
1394 1683 1529 1716 Canones
1551 1687 1579 1715 in
1601 1685 1654 1716 hac
1676 1696 1753 1724 parte
1773 1685 1880 1723 saeros,
1899 1685 2042 1716 Ivloneatis
2064 1689 2206 1724 &venire
2220 1686 2365 1726 Compel-

1312 1732 1360 1753 ans

1338 1746 1384 1791 A}
1399 1770 1499 1791 contra
1513 1762 1586 1800 ipsos
1600 1763 1633 1793 δε
1648 1772 1748 1792 eorum
1765 1761 1937 1799 quemlibet,
1955 1761 2014 1792 hoc
2028 1761 2119 1793 facere
2135 1761 2316 1802 Renuentes,
2327 1763 2367 1794 se-

1299 1800 1426 1830 cundum
1440 1799 1515 1838 Juris
1529 1802 1697 1840 exigentiam
1707 1824 1716 1838 ,
1734 1800 1859 1839 legitime
1875 1799 2048 1837 procedatis,

1336 1838 1467 1869 Necnon
1483 1840 1520 1869 de
1534 1839 1619 1870 Bonis
1629 1839 1823 1877 Spiritualibus
1840 1839 1963 1876 ipsorum
1977 1840 2009 1869 &
2022 1839 2142 1868 aliorum
2158 1848 2366 1877 quorumcum-

1299 1885 1356 1914 que
1378 1877 1514 1908 ordinetis
1536 1879 1569 1910 &
1590 1877 1758 1916 disponatis,
1776 1887 1861 1917 prout
1883 1877 1965 1908 vobis
1979 1877 2122 1908 videbitur
2137 1877 2317 1917 faciendum,
2335 1879 2369 1910 δε

1300 1915 1400 1946 Nobis
1412 1916 1579 1953 respondere
1593 1917 1738 1947 volueritis
1750 1918 1779 1946 in
1796 1916 1936 1946 futurum:

1339 1953 1544 1985 Mandavimus
1563 1956 1640 1985 enim
1671 1954 1832 1985 Praelidenti
1847 1955 1879 1984 ὃς
1903 1952 2046 1984 Gentibus
2074 1953 2110 1984 de
2127 1953 2250 1985 Camera
2272 1954 2369 1987 nostra

1300 1990 1539 2031 Compotorum,
1558 1993 1636 2031 quod
1653 1993 1701 2030 ipfi
1716 1993 1751 2023 de
1766 1994 1904 2029 aliquibus
1932 1991 2017 2023 Bonis
2039 1991 2233 2030 Spiritualibus
2253 1993 2288 2023 de
2310 2003 2368 2024 cae-

1300 2038 1362 2061 tero
1377 2031 1529 2062 nullatenus
1544 2033 1750 2069 intromittant,
1768 2041 1822 2062 nec
1845 2032 1999 2069 quicquam
2023 2041 2071 2068 per
2091 2030 2229 2070 Ballivos,
2246 2030 2369 2063 Officia-

1300 2069 1372 2107 rios,
1386 2069 1430 2101 seu
1448 2069 1596 2100 Ministros
1609 2069 1721 2101 nostros
1738 2068 1870 2101 Ducatfis
1885 2069 1973 2100 nostri
1994 2069 2190 2100 Normanniae
2210 2071 2367 2109 quoscum-

1301 2117 1356 2146 que
1369 2108 1520 2146 aliqualiter
1534 2108 1593 2139 fieri
1608 2110 1777 2147 permittant.

1301 2183 1328 2214 Α
1338 2146 1427 2215 ‘Peste
1441 2146 1521 2187 Rege
1534 2147 1607 2186 apud
1623 2147 1744 2188 Castrum
1754 2146 1836 2187 fixum
1855 2146 1887 2176 de
1912 2148 2015 2176 Vernon
2024 2144 2106 2186 fiper
2124 2149 2212 2186 Sayne
2231 2148 2305 2179 xxiv.
2321 2146 2368 2180 die

1331 2194 1372 2224 pri
1384 2196 1414 2215 is.

1937 2264 1990 2292 Per
2001 2261 2086 2303 ipfiam
2101 2264 2208 2301 Regem.

1301 2338 1469 2372 consimilia
1484 2339 1582 2373 Brevia
1592 2365 1602 2381 ,
1617 2341 1667 2373 sub
1679 2339 1776 2372 eadem
1791 2339 1883 2378 Data,
1901 2340 1934 2384 ὃς
1950 2339 2051 2370 eadem
2070 2338 2193 2378 Forma,
2210 2338 2368 2382 diriguntur

1653 2381 1831 2419 subscriptis,
1852 2378 1983 2411 videlicet
1993 2401 2002 2417 ,

1338 2455 1496 2488 Venerabili
1512 2455 1603 2496 Patri,
1618 2459 1655 2487 L.
1672 2456 1874 2496 Archiepisc'opo
1891 2454 2112 2495 Rothomagenfi,
2130 2454 2176 2484 vel
2200 2454 2257 2493 ejus
2281 2453 2366 2485 Vica-

1299 2495 1342 2525 rio
1360 2495 1510 2534 Generali,
1529 2497 1588 2534 ipso
1605 2496 1830 2534 Archrepiscopo
1846 2497 1875 2524 in
1891 2494 2025 2524 Remotis
2049 2502 2164 2532 agente,
2182 2502 2216 2523 ac
2240 2491 2365 2523 Decano

1301 2532 1334 2564 &
1351 2532 1486 2571 Capitulo
1501 2535 1624 2573 ejusdem
1641 2534 1786 2565 Ecclesiae.

1337 2612 1448 2639 Decano
1473 2607 1511 2644 ὠ·
1537 2608 1659 2647 Capitulo
1685 2608 1820 2640 Ecclefiae
1837 2607 2010 2638 Cathedralis
2033 2605 2274 2644 Constantienfis,
2291 2605 2366 2637 Sede

1301 2657 1428 2678 vacante·

1337 2722 1499 2754 Venerabili
1519 2723 1593 2753 Patri
1617 2721 1741 2761 Eptscopo
1763 2722 1922 2762 Abricenst,
1939 2722 1985 2753 vel
2005 2723 2064 2760 ejus
2079 2720 2196 2752 Vicario
2213 2720 2366 2764 Generali,

1297 2761 1515 2831 &eliglgpssscopo
1532 2763 1561 2791 in
1578 2761 1710 2792 Remotis
1725 2770 1842 2800 agente,
1860 2771 1892 2792 ac
1908 2760 2033 2792 Decano
2048 2760 2081 2792 &
2096 2759 2233 2799 Capitulo
2242 2759 2366 2798 ejusdem

1335 2880 1446 2907 Decano
1465 2875 1504 2912 ὠ
1522 2875 1644 2915 Capitulo
1664 2875 1800 2908 Ecclefiae
1817 2875 1992 2907 Cathedralis
2008 2873 2209 2912 Lexovienfis,
2224 2873 2296 2904 Sede
2318 2881 2367 2905 va-

1301 2925 1391 2946 cante.

1335 2994 1447 3022 Decano
1467 2990 1505 3027 ό
1527 2991 1650 3031 Capitulo
1663 2991 1799 3023 Ecclefiae
1813 2989 1987 3022 Cathedralis
2004 2988 2211 3027 Ebroicienfis,
2230 2987 2305 3020 Sede
2318 2997 2367 3020 va-

1301 3039 1392 3061 cante.

1638 3159 1685 3189 De
1703 3167 1758 3187 non
1775 3154 2015 3189 Imromittenda.

1302 3241 1432 3299 REX,
1452 3239 1572 3271 Dileffis
1586 3241 1620 3272 &
1636 3240 1778 3272 Fidelibus
1792 3240 1860 3278 suis,
1876 3240 2036 3282 Praefidenti
2047 3242 2081 3274 &
2098 3239 2242 3272 Gentibus
2257 3239 2294 3270 de
2304 3236 2363 3269 Ca-
2385 3247 2513 3280 ΛΜΗ),

1373 3289 1449 3309 mera
1465 3279 1559 3309 nostra
1576 3279 1809 3317 Compotorum,
1827 3278 1961 3309 Salutem.
2405 3295 2492 3325 1419·

1338 3317 1435 3355 Ctim,
1454 3327 1502 3354 per
1524 3317 1622 3349 Brevia
1646 3317 1756 3356 nostra,
1775 3319 1846 3348 inter
1867 3317 1935 3356 alia,
1956 3316 2190 3348 Mandaverimus
2212 3315 2356 3352 Archiepi—
2377 3330 2431 3353 An.
2451 3336 2478 3361 7·

1293 3354 1369 3395 stopa
1378 3355 1598 3396 Roffiomagenfi,
1614 3357 1744 3396 Eprstopis
1760 3355 1900 3396 Baiocenfi
1908 3379 1917 3393 ,
1933 3355 2093 3424 Abricerg,
2111 3356 2145 3386 &
2159 3354 2294 3394 Sagienfi,
2310 3352 2356 3384 seu
2379 3368 2413 3391 Η,
2434 3373 2464 3399 5,

1301 3403 1402 3424 eorum
1419 3393 1554 3433 Vicariis,
1573 3405 1687 3425 necnon
1704 3398 1822 3425 Decanis
1840 3394 1877 3429 (ἐγ
1894 3394 2024 3432 Capitulis
2058 3393 2228 3424 ‘eclesiarum
2251 3391 2358 3434 Cathe·
2375 3401 2442 3430 [ξω.

1301 3432 1418 3462 dralium
1442 3435 1525 3462 totius
1549 3433 1677 3465 Ducatfis
1700 3434 1790 3463 nostri
1811 3432 2020 3470 Normanniae,
2045 3431 2122 3469 quod
2145 3431 2192 3467 ipsi
2215 3429 2251 3459 de
2271 3428 2357 3471 Bonis

1303 3470 1507 3509 Spiritualibus,
1525 3471 1593 3501 infra
1611 3471 1755 3503 Diceceses
1766 3471 1841 3509 suas,
1859 3471 2085 3509 quibuscumque
2097 3468 2228 3499 ordinent
2247 3467 2281 3498 δε
2303 3466 2360 3497 dis-

1303 3518 1424 3546 ponant,
1442 3518 1526 3547 prout
1540 3511 1578 3539 eis
1592 3510 1628 3540 de
1636 3512 1698 3548 jure
1715 3510 1852 3540 videbitur
1868 3508 2046 3544 faciendum,

1343 3547 1434 3577 Vobis
1458 3546 1630 3578 Mandamus
1650 3549 1728 3587 quod
1753 3558 1806 3579 vos
1829 3547 1866 3578 de
1887 3546 1974 3577 Bonis
1986 3544 2180 3583 spiritualibus
2211 3552 2246 3573 ac
2261 3541 2361 3574 Rebus
2392 3550 2394 3553 '

1304 3585 1502 3616 Ecclesiasticis
1519 3586 1757 3625 quibuscumque,
1777 3595 1826 3624 per
1844 3593 1937 3615 totum
1959 3583 2107 3613 Ducatum
2129 3566 2258 3612 noffrum
2278 3581 2363 3612 Nor-
2402 3622 2403 3625 Ἰ

1305 3625 1442 3667 mannire,
1460 3624 1506 3668 vel
1521 3625 1586 3655 alibi
1601 3625 1673 3656 infra
1686 3623 1857 3656 Potestatem
1873 3622 2018 3660 nostram,
2035 3621 2071 3652 de
2085 3629 2190 3652 caetero
2204 3619 2362 3651 nullatenus

1321 3671 1513 3693 ntromittatis·

1305 3664 1318 3695 I
1342 3702 1361 3719 *²
1381 3686 1565 3732 Prohibentes
1585 3700 1716 3739 firmiter,
1741 3708 1775 3730 ex
1797 3707 1872 3737 parte
1894 3696 2009 3735 nostrii,
2035 3695 2169 3740 universis
2187 3696 2222 3727 &
2247 3697 2361 3734 singulis
2380 3701 2400 3721 ¹²
2418 3701 2471 3732 IX.

1304 3738 1430 3775 Ballivis,
1449 3737 1692 3777 Vicecomitibus,
1710 3738 1879 3773 OfficiariiS‚
1898 3737 1931 3767 &
1946 3734 2085 3765 Ministrrs
2107 3734 2208 3765 nostris
2226 3734 2359 3767 Ducatfis
2373 3750 2387 3776 7
2392 3739 2436 3779 38.

1303 3776 1390 3806 nostri
1405 3777 1548 3815 praeditsti,
1568 3779 1601 3809 &
1616 3779 1689 3815 aliis,
1706 3785 1829 3815 quorum
1842 3772 1967 3810 interest,
1983 3773 2062 3811 quod
2082 3773 2131 3810 ipfi
2153 3775 2307 3818 quiequam
2328 3775 2360 3805 in

1303 3816 1476 3845 contrarium
1499 3816 1656 3853 hujusmodi
1681 3814 1886 3846 Mandatorurn
1903 3811 2068 3842 nostrorum
2089 3821 2149 3842 non
2169 3812 2287 3850 faciant,
2304 3821 2360 3843 nec

1302 3853 1363 3883 fieri
1388 3854 1550 3889 permittant
1574 3855 1676 3892 quovis
1698 3853 1806 3890 modo,
1821 3851 1869 3881 sub
1890 3849 2024 3893 Periculo
2046 3850 2123 3888 quod
2144 3851 2308 3888 incumbit,
2325 3851 2359 3882 δε

1303 3891 1371 3921 ficut
1384 3899 1500 3929 gravem
1513 3891 1742 3931 indignationem
1753 3888 1878 3922 nostram
1894 3897 1999 3919 evrtare
2011 3889 2152 3920 voluerint
2165 3890 2195 3919 in
2205 3888 2343 3921 fiiturum.

1340 3928 1428 3960 Teste
1444 3929 1525 3969 Rege
1541 3939 1571 3961 ut
1585 3931 1673 3968 supra.
2005 3967 2009 3971 ⁵

1526 3992 1527 3995 ,
1929 3965 1985 3994 Per
1999 3964 2082 4006 apsim
2097 3967 2203 4004 Repm.
2273 4011 2277 4015 “
2306 4002 2362 4034 Ρη
