2562 4274
700 183 810 229 ET
892 185 1162 229 ACTA
1244 185 1716 236 PUBLICA.

0 276 69 307 Αἠη.
83 272 126 305 D.
155 280 204 311 per
217 276 316 303 manus
332 269 466 302 Custodis
479 268 601 309 ejusdem
617 281 670 310 pro
681 273 811 310 tempore
825 272 979 312 existentis,

17 321 103 351 1413.
192 310 228 342 Et
251 311 430 349 Qiingentas
453 308 567 339 Marcas
588 310 625 339 de
649 309 788 341 Custuma
812 311 973 348 Lanarum,
990 311 1166 350 Coriorum,
1183 311 1218 343 &

0 357 59 380 Hm.
78 360 106 386 5.
152 348 274 379 Pellium
287 353 437 379 lanatarum
450 348 479 377 in
494 347 582 377 Portu
594 348 724 379 Civitatis
740 349 862 380 Nostrae
879 349 1058 388 Londoniae,
1077 361 1128 388 per
1151 349 1218 380 Ma-

149 397 203 418 nus
217 386 415 417 Colieetorum
429 386 551 423 eiusdem
568 385 720 417 Custumae
735 397 787 426 pro
802 388 951 427 Tempore
966 388 1166 426 existentium,

187 426 233 456 Ad
247 425 405 455 Terminos
421 423 552 462 Paschae,
572 424 735 456 Nativitatis
754 426 782 455 S.
804 425 942 464 Johannis
956 426 1099 465 Baptistae,
1115 426 1144 458 S.
1161 426 1222 457 Mi-

151 464 272 500 chaelis,
290 464 323 493 δί
338 462 449 493 Natalis
463 462 604 506 Domini,
621 473 668 500 per
685 465 806 501 aequales
824 464 981 495 Portiones.

188 501 226 531 Et
248 502 374 539 ulterius,
406 511 459 540 pro
480 502 599 540 pleniori
622 503 655 531 ὃς
677 502 803 532 001011011
824 502 1000 534 Executione
1022 502 1223 534 Conceffionis

152 539 257 570 nostrae
272 540 417 579 praedifhe
431 540 589 579 prospicere
604 540 746 578 volentes,
764 551 797 571 ac
817 542 852 571 de
870 541 1013 572 Fidelitate
1035 543 1067 572 &
1086 541 1223 572 Circum-

156 578 315 615 spectione,
332 579 503 609 dilectorum
520 579 619 615 nobis,
637 579 747 608 Ricardi
762 578 955 620 Whityngton,
974 582 1007 611 &
1022 581 1132 610 Ricardi
1146 583 1226 609 Har-

157 616 252 646 weden
271 616 411 648 Monachi
425 616 556 646 Abbatiae
569 617 727 655 praedicte,
743 618 851 657 plenius
865 618 1057 656 confidentes,
1076 617 1225 656 assignavi*

162 664 224 684 mus
240 654 327 693 ipsos,
346 654 491 685 Ricardum
507 655 540 685 &
556 655 700 685 Ricardum
710 679 719 693 ‚
737 656 771 686 ad
785 656 931 694 praedietas
947 656 1032 687 Mille
1048 656 1177 694 Marcus,
1194 657 1224 686 in

163 693 405 734 locispraediffls,
424 693 584 731 annuatim,
601 694 636 723 ad
654 694 809 725 Terminos
830 695 996 735 praedidios,
1015 695 1226 732 recipiendum,

161 733 196 763 ὅ(
209 732 244 762 ad
257 731 368 762 easdem
384 730 467 761 Mille
482 731 595 762 Marcas
609 734 683 763 circa
699 732 913 763 Perfeffionem
926 734 959 764 ὅ(
969 733 1226 763 Constructionem

160 769 255 801 Navis
280 770 438 808 praedietae,
456 779 503 807 per
518 770 718 810 Supervisum,
736 771 867 802 carissimi
891 770 1003 802 Consan
1025 773 1099 801 uinei
1122 770 1228 808 nostri,

162 808 302 839 Edwardi
317 811 400 838 Ducis
419 808 556 845 Eburum,
572 810 623 846 &,
643 809 815 840 Venerabilis
829 812 857 839 in
875 808 992 839 Christo
1033 810 1095 839 atris
1118 810 1230 838 Henriti

168 846 290 886 Epifiopi
307 846 501 887 Wyntonienfis
517 846 685 878 Cancellarii
699 848 806 886 nostri,
826 847 973 878 Avunculi
986 847 1075 877 nostri
1087 845 1230 885 carissimi,

168 885 286 916 fideliter
298 885 528 923 Expendendum
538 909 548 924 ,

205 922 247 955 Ita
260 924 339 962 quod
354 924 438 955 iidem
448 947 457 962 ,
476 923 612 956 Ricardus
625 925 658 955 &
672 923 826 961 Ricardus,
843 923 1038 953 rationabilem
1048 922 1231 961 Compotum

165 963 202 993 de
218 962 361 1000 Summis,
380 973 429 1001 per
443 962 514 999 ipsos
528 964 630 993 virtute
645 962 801 992 Litcrarum
815 961 973 1005 nostrarum
990 961 1175 992 Praesentium
1190 971 1233 991 re-

165 1001 320 1077 {litigii}
333 999 750 1079 Jgssfissitffffssfessffissffidffi
763 999 1022 1069 ἓῗέἐῖἑἪὲίἳἙ
1039 999 1234 1077 (ἶῖἰῗιιξὲῗζ

168 1080 300 1148 ἓ110110115
314 1080 347 1110 ἐκ
360 1078 474 1116 quando
486 1076 520 1107 ad
535 1077 593 1108 hoc
606 1077 712 1108 fuerint
727 1077 823 1107 debite
840 1077 977 1116 requisiti,
996 1077 1114 1108 reddant
1129 1078 1162 1108 &
1172 1077 1236 1108 red—

190 1128 235 1147 CI‘C
250 1125 403 1147 teneantur.

204 1155 238 1186 In
250 1156 345 1193 cujus,
362 1155 422 1185 &c.

240 1193 334 1263 br'este
348 1192 430 1232 Rege
449 1191 524 1231 apud
541 1191 801 1233 westmonasterium
820 1192 948 1224 Decimo
971 1192 1085 1232 Qarto
1103 1192 1151 1224 die
1174 1191 1237 1222 De-

171 1241 238 1264 cem
260 1241 304 1262 ris.

770 1272 826 1300 Per
839 1270 921 1309 ipfitm
936 1272 1041 1308 Regem.

354 1399 404 1430 De
426 1394 596 1429 vastando
611 1397 703 1443 fhper
725 1397 851 1442 Treugis
876 1397 1045 1429 Britanniae.

18 1487 98 1520 Ann.
111 1484 153 1515 D.

44 1534 129 1565 1413.

17 1568 72 1593 Aa.
97 1574 119 1591 1.

20 1608 56 1632 Η.
76 1611 102 1637 5·

21 1646 110 1670 franc.
132 1649 157 1667 1.

177 1481 357 1551 LF⁴le³uciy³
376 1481 438 1514 ὅτε.
456 1491 472 1512 3
486 1489 550 1513 tous
563 1490 653 1521 ceux,
674 1483 723 1520 qui
738 1491 785 1513 ces
798 1481 907 1513 Lettres
929 1489 1046 1514 verront
1070 1477 1105 1514 &
1118 1482 1237 1521 orront,

269 1531 282 1550 a
326 1545 332 1551 .

212 1556 340 1589 Comme
362 1559 387 1590 le
405 1559 508 1590 Prince
552 1558 589 1590 de
608 1557 768 1590 Treshaute
786 1559 940 1596 memoire,
964 1561 1076 1600 Hemy,
1103 1558 1237 1598 n'agaires

175 1598 230 1636 Roy
242 1596 450 1636 d'Angleter're,
469 1581 564 1628 1101110
579 1596 657 1634 Ρ101,
754 1635 769 1640 ..

212 1635 298 1665 Entre
310 1636 336 1666 le
351 1638 416 1675 quel
431 1646 502 1674 pour
516 1639 592 1676 Luy,
606 1635 645 1673 ¹&
661 1633 699 1664 ies
711 1633 800 1673 Paris,
819 1636 853 1666 &
867 1634 1002 1674 Subgies,
1021 1636 1054 1666 &
1064 1635 1164 1673 Johan
1172 1639 1234 1666 Duc

173 1671 206 1703 de
220 1676 368 1713 Breta'igne
386 1674 424 1710 &
438 1678 520 1705 ceute
531 1674 565 1704 de
577 1672 717 1711 Montfort
732 1683 805 1710 pour
824 1673 885 1712 Luy
894 1696 904 1713 ,
922 1676 953 1706 δε
967 1675 1006 1705 ses
1018 1674 1103 1713 Paiis,
1122 1675 1238 1706 &Sub-‘-

176 1713 236 1750 gies
249 1736 258 1750 ,
283 1714 403 1745 estoient
427 1714 550 1744 Fermez
573 1713 607 1743 δε
631 1711 784 1742 Accordez
804 1712 913 1742 Treues
935 1714 968 1744 ὃς
993 1712 1175 1744 Souffrances
1199 1714 1235 1745 de

175 1750 301 1790 Guerre,
315 1752 427 1791 jusques
438 1757 455 1783 a
467 1752 571 1783 certain
586 1759 677 1790 temps
693 1750 757 1788 quel
770 1759 888 1794 01100105
904 1751 974 1782 n'est
988 1761 1034 1792 pas
1047 1752 1139 1792 paffe,

215 1793 228 1807 ⁸
240 1790 304 1820 Soit
317 1793 377 1829 puis
391 1791 525 1830 n'adgairs
537 1790 579 1820 ale
593 1790 629 1820 de
643 1790 689 1820 vie
701 1799 718 1819 a
732 1789 938 1829 trespassement
947 1815 956 1828 ‚

212 1827 250 1859 Et
263 1839 335 1866 pour
347 1840 394 1867 ce,
414 1839 463 1867 par
475 1837 579 1860 aucuns
593 1829 720 1866 pourroit
736 1827 808 1857 estre
818 1833 943 1867 revoque
956 1836 992 1859 en
1007 1827 1133 1868 doubte,
1151 1829 1177 1859 se
1197 1829 1237 1860 les

174 1867 236 1898 ditz
247 1868 357 1899 Treues
370 1869 433 1899 sont
447 1868 556 1904 Finies,
573 1877 612 1896 ou
628 1866 742 1896 Durent
757 1874 888 1904 01100105,

215 1906 317 1937 Savoir
331 1907 431 1938 faisons
441 1917 497 1946 que
512 1906 615 1943 Nous,

214 1943 292 1975 Pour
307 1946 421 1976 eclairer
436 1946 468 1975 &
480 1944 556 1975 oster
571 1944 595 1974 la
608 1944 665 1974 dite
686 1943 804 1974 Doubte
813 1966 823 1981 ,
841 1943 875 1974 &
889 1944 989 1975 obvier
1009 1947 1062 1975 aux
1087 1944 1187 1976 Maulx
1204 1944 1238 1976 &

177 1980 385 2015 Inconveniens
398 1984 445 2022 qui
461 1993 508 2021 par
522 1982 610 2022 ycelle
625 1984 788 2020 pourroient
802 1983 923 2019 ensuier,

217 2020 354 2052 Confians
367 2032 381 2052 a
398 2022 470 2060 plain
491 2021 539 2051 des
557 2021 643 2057 Sens,
660 2021 786 2060 loyaute,
807 2021 840 2051 &
863 2021 1003 2060 diligence
1024 2020 1074 2059 de,
1092 2029 1150 2050 noz
1174 2021 1239 2051 bien

178 2069 261 2090 amez
282 2061 315 2092 ὃς
330 2060 435 2096 feaulx,
455 2059 555 2097 Johan
578 2058 808 2098 d'Abrychecourt
827 2057 977 2097 Chivaler,
996 2059 1029 2090 &
1051 2058 1169 2090 Maistre
1183 2057 1241 2097 Jo-

178 2098 235 2128 han
249 2099 408 2140 Onyngham
423 2094 558 2129 Dociour
573 2108 601 2128 es
616 2097 725 2137 Loyes,

214 2137 342 2176 Yceulx,
361 2140 394 2170 &
409 2137 527 2168 chascun
544 2136 635 2168 d’eulx
652 2147 722 2174 pour
737 2137 762 2166 le
778 2145 852 2176 tout,

215 2175 294 2207 Ainfi
310 2186 366 2215 que
381 2177 404 2206 la
420 2175 588 2207 Condicion
603 2176 640 2206 de
660 2175 832 2215 l'Occupant
851 2185 887 2206 ne
901 2174 955 2207 soit
977 2185 1024 2214 pas
1044 2175 1070 2206 la
1094 2175 1237 2216 meilleur,

178 2215 247 2246 mais
256 2224 312 2255 que
324 2224 376 2254 ce,
391 2220 446 2254 que
466 2223 513 2254 par
534 2215 590 2244 l’un
608 2214 700 2245 d'eulx
723 2215 778 2245 sera
801 2225 837 2245 en
857 2214 1065 2254 commanem,
1084 2214 1174 2254 puiffe
1192 2225 1239 2255 par

177 2253 272 2285 l'autre
287 2254 358 2284 estre
371 2253 490 2284 conduit
504 2255 538 2285 &
550 2263 634 2284 mene
647 2263 662 2282 3
677 2252 732 2290 fin,

218 2292 318 2323 Avons
326 2292 401 2332 Fait,
417 2292 574 2330 Ordonne,
593 2293 626 2322 &
642 2291 763 2329 Establi,
780 2292 892 2324 Faisons
903 2316 913 2330 ,
932 2292 1124 2330 Ordonnons,
1144 2293 1176 2324 &
1191 2291 1241 2323 Es-

178 2331 324 2363 tabliisons
338 2341 397 2361 noz
410 2330 561 2361 Procurers
577 2340 639 2361 rous
654 2332 818 2371 generaulx,
837 2333 871 2364 ὃς
887 2331 1050 2370 Meffagiers
1071 2330 1242 2370 especiaulx,

179 2378 250 2401 avec
266 2371 339 2407 plain
354 2369 457 2400 Povair
471 2370 506 2399 de
523 2368 668 2406 Ratiffier,
688 2379 761 2406 pour
773 2371 806 2401 &
823 2381 859 2401 en
874 2370 963 2400 Nom
978 2371 1014 2402 de
1024 2369 1126 2407 Nous,
1136 2369 1244 2409 Louer,

181 2408 353 2478 gpprouver
366 2431 377 2448 ,
400 2408 434 2439 ὃς
455 2406 628 2439 Conferrner
652 2407 689 2438 les
713 2408 782 2439 dites
809 2410 917 2441 Treues
940 2409 973 2440 &
1001 2407 1183 2439 Souffrances
1209 2409 1244 2439 de

217 2457 298 2479 uerre

221 2485 258 2516 Et
272 2471 373 2524 yc’e'iles
387 2487 522 2525 mesmeS‚
541 2486 574 2517 &
589 2485 726 2523 pareilles,
747 2486 779 2517 Sc
793 2485 972 2524 semblables,
991 2495 1029 2516 ou
1052 2494 1140 2516 autres
1153 2485 1246 2524 telles,

184 2526 220 2564 ὃς
234 2533 282 2562 par
295 2525 376 2555 ceulx
392 2525 494 2563 Poins,
513 2524 709 2562 CondicionS,
728 2525 761 2555 &
774 2524 981 2562 Covenances,
997 2526 1030 2555 ὃ(
1047 2524 1155 2563 jusques
1172 2535 1188 2555 a
1207 2526 1245 2555 tel

183 2570 245 2595 tem
265 2573 276 2593 s
296 2572 384 2594 come
407 2564 466 2593 bon
490 2563 625 2593 semblera
643 2573 660 2593 a
684 2563 782 2601 yceulx
805 2572 863 2593 noz
888 2562 1075 2600 Procureurs,
1094 2573 1133 2593 ou
1157 2573 1172 2593 a
1189 2562 1246 2593 l’un

185 2572 300 2639 d’eui'x,
312 2602 387 2632 Faire
401 2601 433 2631 &
448 2601 655 2639 Appoinetier,
674 2602 791 2631 Fermer
811 2604 844 2633 &
860 2601 1007 2632 Accorder
1023 2611 1095 2640 pour
1109 2601 1198 2632 Nous
1213 2602 1246 2631 &

184 2644 248 2711 'gog
261 2640 351 2679 Paiis,
369 2640 403 2671 &
415 2639 558 2680 Subgiez,
573 2650 648 2671 ovec
670 2640 696 2670 10
711 2640 752 2670 dit
766 2643 845 2679 Duc,
861 2649 932 2679 pour
955 2640 1036 2680 Luy,
1055 2640 1092 2670 ses
1108 2639 1197 2678 Paiis,
1215 2639 1249 2670 &

209 2689 227 2709 u
240 2685 242 2687 ’
271 2680 314 2710 iez

224 2688 310 2748 Etgde
321 2703 421 2758 juret,
440 2726 510 2755 pour
526 2728 559 2748 00
571 2719 605 2750 &
625 2727 641 2748 a
663 2717 742 2748 cause
764 2717 799 2747 de
817 2728 867 2755 ce,
886 2718 919 2748 &
942 2718 1024 2754 faire,
1043 2727 1079 2747 en
1099 2716 1194 2747 l'Ame
1213 2715 1250 2747 de

188 2755 294 2794 Nous,
313 2764 404 2787 toutes
418 2758 553 2788 manieres
565 2757 601 2787 de
617 2756 763 2787 Seremens
776 2756 809 2786 ad
826 2766 860 2786 00
874 2764 1074 2796 appartenants,

226 2794 264 2825 Et
277 2795 313 2824 de
326 2795 420 2824 bailler
433 2796 475 2825 sur
491 2805 525 2826 ce
539 2806 573 2826 au
587 2796 630 2824 dit
643 2798 704 2825 Duc
720 2795 830 2824 Lettres
846 2796 955 2825 bonnes
969 2795 1003 2826 &
1019 2793 1137 2825 valables
1149 2793 1182 2824 &
1198 2794 1250 2824 tie-

188 2832 246 2870 les,
264 2842 351 2864 come
365 2833 403 2864 les
416 2832 485 2863 dites
499 2833 627 2873 Treues,
647 2834 680 2864 ὃς
697 2834 735 2864 105
751 2832 956 2871 Covenances,
975 2833 1023 2872 qui
1036 2833 1078 2863 sur
1096 2841 1130 2863 00
1145 2833 1250 2863 serront

189 2872 311 2910 faistez,
328 2880 512 2911 requerront,

227 2909 265 2941 Et
279 2909 315 2941 de
330 2910 490 2949 Accepter,
509 2910 645 2948 prandre,
665 2911 698 2942 ὃς
720 2910 865 2941 Recevoir
885 2909 922 2940 de
942 2909 984 2939 dit
1004 2911 1085 2948 Duc,
1103 2919 1141 2941 ou
1158 2910 1194 2940 de
1212 2909 1251 2940 ses

191 2946 381 2988 Procurours,
399 2949 436 2979 ses
450 2949 598 2979 Seremens
612 2949 645 2979 &
662 2949 785 2983 Lettres,
925 2980 928 2984 Α

230 2985 268 3017 Ε1
286 2994 488 3025 generaument
510 2988 546 3017 de
570 2987 657 3025 faire,
683 2998 710 3018 es
729 2986 837 3017 Choses
861 2986 1034 3024 deisusdites,
1055 2987 1088 3016 &
1112 2986 1252 3017 chescune

191 3023 331 3063 d‘icelles,
349 3034 440 3056 toutes
455 3027 489 3058 &
503 3025 643 3057 chescune
657 3025 694 3056 les
709 3025 815 3056 Choses
836 3036 891 3064 que
907 3025 995 3055 Nous
1017 3025 1135 3055 mesmes
1150 3025 1253 3056 ferions

194 3063 229 3093 ὃς
244 3062 311 3092 faire
324 3065 528 3101 pourroions,s1
543 3065 651 3104 presens
698 3064 803 3094 estions
817 3074 852 3094 en
874 3063 968 3094 nostre
983 3073 1085 3102 propre
1102 3064 1255 3104 parsonne,

192 3099 227 3140 ja
241 3101 293 3131 soit
306 3111 340 3131 ce
356 3111 410 3139 que
424 3103 450 3132 13
463 3102 519 3132 Cas
535 3105 647 3140 require
664 3074 853 3133 iidandement
869 3103 928 3142 plus
943 3101 1076 3140 especial,

234 3139 270 3170 Et
287 3148 463 3177 promettons
473 3163 483 3178 ,
499 3140 543 3171 sur
554 3141 740 3180 l’Obligation
754 3143 787 3171 ὅ(
802 3141 976 3179 Ypotheque
996 3140 1032 3171 de
1047 3149 1109 3171 tous
1129 3141 1162 3172 &i
1177 3141 1255 3171 chas-

196 3185 255 3209 cun
269 3177 435 3216 nozBiens,
456 3179 489 3208 &
504 3188 552 3216 par
567 3179 591 3208 13
607 3180 664 3218 Foy
680 3181 713 3211 &
725 3181 872 3210 Serement
883 3180 917 3209 de
932 3179 1026 3209 nostre
1040 3178 1148 3217 Corps,
1166 3180 1255 3217 avoir,

20 1729 56 1746 m.
78 1702 119 1746 ns.

22 1790 43 1813 ³
54 1794 154 1828 IX.79.

196 3217 231 3248 &
246 3226 300 3256 que
321 3215 408 3246 Nous
428 3225 530 3246 aurons
544 3216 696 3255 Agreable,
717 3218 833 3256 Ferme,
852 3219 884 3250 &
906 3217 1019 3248 Estable
1046 3226 1109 3249 tout
1129 3228 1183 3248 cco
1203 3228 1258 3255 que

195 3263 245 3294 par
266 3264 317 3297 nos
339 3254 398 3284 ditz
413 3253 602 3292 ProcureurS,
617 3256 650 3286 &
671 3257 792 3287 chascun
814 3257 923 3295 d’eulx,
941 3256 1011 3287 serra
1032 3256 1110 3294 Fait,
1129 3256 1257 3295 Promis,

195 3295 229 3325 &
245 3292 378 3324 Accorde
393 3303 422 3323 es
435 3292 541 3323 Choses
552 3292 728 3332 delsusdites,
746 3295 779 3325 &
793 3305 828 3325 en
845 3295 966 3326 chascun
980 3296 1107 3325 d'icelles.

236 3331 273 3362 Et
286 3342 323 3362 en
338 3331 552 3368 tesmoignance
567 3331 602 3361 de
617 3342 672 3363 ceo
686 3332 772 3363 Nous
795 3343 882 3366 avons
902 3333 951 3364 fait
974 3343 1074 3364 mettre
1087 3333 1184 3364 nostre
1198 3333 1261 3365 Seel

198 3380 214 3401 a
231 3380 277 3400 ces
291 3370 449 3400 Presentes:

238 3408 349 3440 Donne
361 3418 377 3439 a
387 3406 483 3440 nostre
499 3406 599 3445 Palays
613 3408 646 3438 de
660 3408 767 3449 Wstm.
781 3409 807 3440 le
814 3411 871 3440 xiv.
880 3410 945 3447 jour
961 3410 997 3440 de
1010 3409 1182 3441 Decembre.

934 3487 993 3516 Par
1008 3484 1032 3516 le
1046 3487 1105 3517 Roi.

348 3614 397 3646 De
417 3611 588 3646 'Trae'lando
609 3623 679 3645 cum
702 3613 798 3658 Rege,
821 3621 876 3657 pro
904 3611 980 3659 Rege
1004 3614 1111 3645 Scotiae.

59 3712 126 3745 Am,
145 3712 177 3743 D
211 3698 353 3753 REX,
369 3709 419 3737 per
435 3700 540 3731 Literas
558 3700 613 3729 suas
626 3697 773 3735 Patentes,
793 3695 880 3739 usque
887 3695 1019 3726 Primum
1034 3695 1109 3726 diem
1116 3692 1271 3733 Februarii,

131 3738 136 3744 '
181 3735 187 3742 ’
288 3739 422 3776 proximo
438 3739 584 3775 futurum,
602 3737 757 3773 duraturas,
775 3735 893 3773 suscepit
909 3736 937 3778 in
953 3734 1063 3778 ¹salvum
1085 3736 1119 3767 &
1139 3734 1270 3764 securum
1306 3742 1378 3764 terre

78 3761 151 3792 ¹4¹3
209 3773 398 3807 Conductum
413 3776 511 3815 suum,
528 3787 560 3807 ac
576 3778 605 3806 in
628 3774 858 3810 protectionem,
877 3772 1046 3803 Turnonem
1066 3774 1099 3804 &
1120 3772 1273 3803 Defensio-

151 3852 155 3856 .
209 3823 276 3843 110111
301 3815 356 3844 suas
380 3815 510 3852 speciales
525 3838 534 3853 ,
561 3813 735 3845 Wllielmum
757 3811 878 3850 Douglas
900 3810 1032 3842 Chivaler
1055 3811 1221 3842 Dominum
1238 3811 1273 3841 de
1304 3812 1342 3842 les
1365 3819 1424 3840 noz
1445 3809 1564 3839 estoient
1589 3807 1708 3839 fermees
1732 3811 1765 3840 δε
1788 3808 1938 3838 accordees
1957 3807 2065 3837 Treues
2084 3808 2114 3836 &
2135 3804 2316 3836 Souffiances
2333 3805 2369 3836 de

59 3796 111 3820 An.
135 3775 163 3819 1..

166 3887 173 3894 -
211 3852 410 3897 Dumlangryg
427 3855 456 3882 in
472 3854 584 3891 Scotia,

219 4043 312 4074 existit
320 4066 330 4080 ,

253 4081 286 4113 In
301 4080 407 4119 Regno
421 4081 560 4120 praedicto
574 4081 731 4122 morando,
749 4079 997 4123 perhendinando,
1013 4079 1048 4114 ὃς
1071 4078 1191 4117 abinde,
1209 4088 1280 4117 quo·
1316 4076 1535 4110 Inconvenienz
1550 4078 1600 4116 qui
1615 4086 1663 4114 par
1678 4075 1756 4107 icelle
1770 4075 1918 4143 purrp-iIent
1929 4073 2035 4110 ensuir,

253 4123 325 4151 Tem.
347 4118 395 4152 IV.
411 4122 445 4151 P.
462 4122 503 4150 ΙΙ.

252 3889 315 3927 Qui
331 3900 420 3929 nuper
434 3892 462 3920 in
478 3891 614 3931 Regnum
632 3891 719 3930 Regis
734 3889 862 3927 Angliae,
880 3888 913 3918 ad
929 3886 1224 3930 Praesentiamlsuam,
1243 3886 1276 3917 ad

217 3928 417 3958 Tractandum
431 3929 527 3960 secum
542 3940 594 3970 pro
611 3933 679 3967 Rege
695 3932 805 3965 Scotiae,
825 3937 892 3957 cum
909 3926 1032 3956 Novem
1048 3925 1240 3956 Servoentibus
1250 3927 1278 3955 in
1703 3963 1708 3967 -

217 3965 367 3996 Comitiva
381 3967 445 4004 sua,
460 3968 493 3997 &
510 3967 624 3999 Decem
638 3968 728 4005 Equis
742 3967 809 4002 suis,
826 3973 959 4003 praetextu
975 3965 1133 3994 Literarum
1149 3963 1236 4002 Regis
1244 3963 1280 3993 de
1310 3964 1348 3994 les
1360 3962 1440 3992 dittes
1456 3961 1567 3993 Treues
1583 3962 1644 3992 sont
1660 3961 1755 4000 finies,
1772 3971 1812 3991 ou
1825 3960 1924 3991 durent
1939 3967 2075 3995 ancores,

217 4005 304 4035 Salvo
318 4003 493 4042 Conductu,
509 4007 560 4036 fibi
573 4006 709 4037 factarum
719 4028 729 4044 ,
745 4006 839 4042 venit,
858 4005 891 4035 &
909 4005 936 4033 in
952 4003 1054 4034 eodem
1070 4001 1176 4041 Regno
1189 4002 1281 4032 adhuc

1258 274 1329 304 tiens
1347 275 1394 305 sibi
1416 275 1565 319 placuerit,
1585 278 1769 320 transeundo,
1789 280 1822 311 ὃς
1839 282 1867 311 in
1891 274 2001 313 dietum
2019 274 2156 320 Regnum
2178 272 2267 320 Regis
2284 290 2317 310 ex
2339 278 2417 308 Ann.
2434 273 2477 305 D³

1257 313 1336 355 cqusa
1351 314 1488 350 praemlssa
1502 317 1686 358 revemendO,
1705 319 1737 348 &
1751 320 1853 349 exinde
1864 320 1897 350 ad
1907 322 2017 360 propria
2034 319 2195 357 redeunde,
2212 330 2244 349 ac
2254 320 2318 349 Ser-
2370 323 2454 353 1413*

1257 360 1364 381 Vientes
1379 352 1410 382 &
1426 351 1521 389 Equos
1544 354 1710 392 91100ιᾶ03,
1727 365 1839 387 necnon
1861 358 1958 397 Bona,
1974 360 2048 397 Res,
2066 359 2099 390 &
2122 357 2259 388 Heri-iesu
2274 358 2319 387 sua
2345 358 2412 384 Hen-
2425 362 2442 388 5
2446 374 2451 380 ε
2476 362 2481 387 ὲ

1258 399 1466 428 quaecumque,

1294 427 1412 456 Proviso
1426 428 1532 474 sernpcr
1549 429 1628 466 quOd
1646 431 1775 468 praefatus
1790 432 1966 474 Wllielmns,
1986 434 2046 470 (ἔνι.
2064 436 2095 464 ut
2109 437 2137 464 in
2145 431 2278 474 fimilibtrx
2293 432 2326 462 de

1259 465 1399 495 Condzae't'u
1415 468 1533 498 ,Επεὶ-ις.

1297 503 1384 534 Teste
1398 502 1479 543 Rege
1494 505 1566 544 apud
1584 498 1863 547 Wstmonajbmm,
1882 511 1937 540 xix.
1955 510 1999 541 die
2016 510 2198 542 Decembris.

1879 586 1933 614 Per
1950 585 2031 624 ipsicm
2049 589 2152 624 Regem.

1267 648 1410 710 REX,
1428 655 1487 692 &a
1507 665 1539 687 ut
1538 657 1634 725 stpra
1653 658 1731 699 ustae
1749 659 1802 698 ibi,
1822 659 1967 699 speciales,
1985 660 2023 696 ὠ
2047 668 2110 690 tunc
2124 662 2181 702 fic,
2199 661 2329 692 Alexam
2370 649 2437 688 15¹3*

1343 695 1421 724 drum
1436 695 1505 733 Dese}
1526 708 1538 725 e
1549 708 1593 734 es,
1612 698 1645 728 &
1659 698 1820 736 Johannem
1834 699 1866 727 de
1881 698 1977 728 Welles
1993 700 2025 728 de
2039 703 2138 737 Scuta,

1303 733 1364 771 Qi
1376 742 1467 770 nuper
1480 735 1509 763 in
1524 733 1661 773 Regnum
1677 736 1765 775 Regis
1788 737 1900 773 Angliae
1919 738 1952 767 ad
1974 736 2151 767 Praesentiam
2174 738 2275 776 Regis,
2294 739 2328 769 ad

1265 768 1462 801 Tractandum
1478 772 1572 802 secum
1594 783 1646 811 pro
1660 777 1728 810 Rege
1743 778 1852 812 Scotiae,
1870 784 1939 805 cum
1955 774 2079 805 Duobus
2093 775 2281 807 Servientibus
2297 778 2327 806 in

1268 805 1416 852 Qomitiva
1431 809 1494 849 sua,
1512 810 1545 840 ὃς
1562 809 1693 849 Qiatuor
1714 811 1802 851 Equis
1816 812 1886 850 suis,
1905 817 2039 850 praetexm
2063 812 2219 843 Literarum
2235 817 2249 831 *
2267 814 2327 844 Re-

1291 856 1312 876 is
1333 847 1370 878 de
1391 847 1477 878 Salvo
1499 846 1677 889 Conductu,
1693 849 1743 880 sibi
1768 851 1926 889 factarum,
1951 860 2106 888 venerunt,
2124 852 2157 882 &
2177 852 2207 881 in
2223 852 2328 881 eodem

1337 896 1376 916 no
1392 885 1484 917 adhuc
1498 885 1637 925 existunt,

1283 963 1288 967 η
1321 933 1340 954 11
1362 924 1464 956 eodem
1486 924 1592 963 Regno
1616 925 1758 956 morando
1765 948 1775 964 ‚
1793 926 2042 965 perhendinando,
2066 927 2099 959 δε
2120 927 2240 965 abinde,
2261 937 2334 966 quo-

1269 970 1340 1006 tiens
1363 964 1411 993 libi
1427 963 1577 1002 placuerit,
1595 964 1778 1003 transeundo,
1797 965 1830 995 &
1847 966 1877 995 in
1891 965 2001 996 dietum
2019 965 2156 1006 Regnum
2172 966 2259 1005 Regis
2272 966 2335 997 An*

1270 1000 1336 1069 gillae
1351 1011 1387 1032 ex
1403 1003 1480 1032 causa
1497 1003 1635 1040 praemiffa
1654 1003 1846 1042 reveniendO,
1862 1014 1897 1034 ac
1920 1004 2019 1035 exinde
2033 1004 2067 1035 ad
2084 1014 2135 1042 pro
2157 1005 2196 1035 ria
2216 1004 2337 1036 redeun-

1292 1049 1330 1078 0,
1347 1051 1381 1070 ac
1397 1040 1555 1072 Servientes
1571 1042 1605 1072 &
1619 1041 1736 1082 Equos,
1753 1051 1868 1072 necnon
1882 1042 1977 1081 Bona,
1995 1042 2071 1082 Res,
2089 1044 2123 1074 &
2175 1043 2276 1074 ernefia
2292 1044 2335 1077 sua

1292 1087 1406 1109 uaecum
1430 1089 1483 1115 110,

1272 1087 1291 1117 q
1308 1089 1428 1147 Provisg
1442 1117 1549 1154 semper
1565 1119 1644 1162 quod
1665 1118 1787 1156 praefari,
1803 1118 1969 1150 Alexander
1989 1121 2024 1151 &
2038 1119 2201 1159 Johannes,
2216 1130 2248 1150 ac
2269 1120 2335 1151 Ser-¹

1274 1154 1381 1223 iiietntes
1402 1156 1550 1194 praediffi,
1568 1167 1738 1196 quicquam,
1762 1157 1821 1192 &c
1843 1165 1925 1197 prout
1947 1162 1977 1189 in
1999 1158 2124 1199 ejusmodi
2150 1159 2182 1188 de
2198 1158 2336 1189 conducite

1305 1205 1314 1222 1
1329 1204 1389 1223 erl-5⁸.

1312 1230 1402 1262 Teste
1422 1240 1454 1264 ut
1471 1232 1562 1270 supra.

1483 1372 1533 1405 De
1555 1369 1726 1404 Traelando
1738 1397 1749 1414 ,
1776 1383 1846 1405 cnm
1868 1375 1946 1420 Rege
1968 1371 2107 1416 Castellae.
2352 1373 2400 1406 ὃ)

1274 1455 1395 1514 REX
1415 1455 1579 1494 Omnibus,
1597 1455 1632 1487 ad
1648 1465 1737 1495 quos,
1754 1456 1816 1488 &c-
1841 1456 1974 1489 Salutem.
2352 1450 2482 1484 Anni}

1368 1494 1449 1526 Cum
1464 1505 1568 1534 nuper,
1571 1493 1785 1568 &illustrissimus
1806 1495 1958 1536 Princeps,
1976 1495 2136 1534 Johannes,
2154 1497 2251 1527 eadem
2271 1506 2331 1537 gra·
2374 1500 2458 1530 1414.
2479 1487 2484 1493 ¹

1274 1532 1331 1572 tia,
1348 1537 1409 1565 Rex
1430 1538 1469 1565 Ca
1492 1534 1552 1565 ellae
1629 1536 1753 1572 Legionis
1791 1534 2022 1574 Consanguineus
2042 1535 2137 1565 noster
2155 1534 2334 1574 Cariffimus,
2351 1533 2404 1558 Aa.
2425 1540 2448 1558 ¹-

1275 1582 1385 1604 certum
1401 1572 1459 1604 Am
1483 1572 1639 1603 affiaterem
1653 1573 1732 1603 suum
1763 1583 1808 1604 ive
1829 1573 1985 1604 Nuncium
2005 1573 2160 1610 (videlicet)
2181 1574 2333 1605 Venerabi-
2350 1573 2385 1595 Η·
2402 1577 2431 1604 5·

1274 1611 1331 1642 lem
1347 1610 1450 1642 Virum
1465 1611 1626 1650 Johannem
1644 1612 1764 1641 Roderici
1785 1612 2030 1643 Archidiaconum
2044 1611 2080 1642 de
2094 1611 2266 1651 Gordonio,
2284 1612 2333 1643 Se·
2349 1610 2437 1635 Frasae,
2461 1609 2487 1637 ¹3

1273 1649 1525 1687 cretariumlsuum
1538 1673 1548 1687 ,
1569 1650 1603 1680 ad
1624 1649 1761 1688 Regnum
1784 1650 1912 1681 nostrum
1939 1650 2056 1688 Angliae
2081 1649 2278 1688 transmiserit,
2298 1651 2334 1683 ad
2349 1648 2383 1672 Η·
2403 1654 2432 1680 5-

1274 1687 1518 1719 Conveniendum
1535 1689 1570 1719 &
1583 1688 1797 1727 Traeiandum,
1816 1690 1869 1719 una
1890 1688 2072 1727 Nobiscum,
2089 1688 2144 1721 seir,
2169 1689 2224 1727 lio,
2247 1689 2293 1719 vel
2307 1700 2337 1719 3-
2349 1692 2384 1711 m·
2402 1691 2431 1719 9²2

1273 1727 1332 1766 liis,
1349 1737 1395 1765 per
1411 1737 1463 1757 nos
1476 1726 1668 1765 Deputandis,
1687 1726 1722 1757 de
1737 1728 1770 1758 &
1784 1728 1863 1767 super
1878 1728 1930 1758 hiis
1941 1737 2004 1766 quae
2019 1726 2150 1766 Bonum,
2194 1729 2334 1766 acem,&

1275 1766 1501 1835 traIiZIquillitatem
1513 1765 1655 1803 utriusque
1669 1764 1764 1805 Regni
1779 1772 1952 1797 concemere
1967 1764 2099 1804 poffunt,

1349 1814 1381 1834 os

1313 1843 1375 1882 Qui
1388 1827 1579 1874 ’Subditorum
1593 1840 1757 1873 nostrorum
1770 1844 1894 1882 quietem
1903 1866 1912 1882 ,
1931 1842 2032 1874 nostris
2046 1842 2200 1880 praesertim
2224 1849 2338 1880 ternpo-

1275 1882 1370 1952 {11un
1382 1881 1497 1913 summis
1514 1880 1652 1912 desideriis
1672 1882 1846 1920 appetimus,
1863 1882 1896 1913 ὃ(
1910 1883 1959 1921 qui
1980 1883 2010 1912 in
2030 1881 2238 1921 pulchritudine
2255 1880 2338 1913 Pacis

1297 1930 1338 1952 ee
1369 1930 1449 1951 amur

1315 1958 1361 1990 Ad
1375 1941 1530 1990 Honorem
1547 1957 1623 1996 Dei,
1639 1957 1750 1997 ejuffiue
1767 1957 1938 1989 Sarosanetae
1958 1957 2092 1989 Ecclesiae
2113 1956 2286 1996 Unitatem,
2303 1967 2338 1989 ac

1277 1998 1312 2029 ad
1325 1997 1489 2028 evitandum
1499 1996 1629 2028 Humani
1643 1997 1783 2034 sanguinis
1803 1996 1997 2034 Effusionem,
2013 1997 2120 2035 aliaque
2140 1997 2277 2035 Dampna
2297 1997 2334 2026 ir-

1275 2036 1451 2074 reparabilia,
1469 2045 1534 2075 quae
1546 2035 1634 2066 indies
1647 2035 1716 2065 dirae
1731 2033 1907 2066 Guerrarum
1930 2045 1998 2065 vora
2019 2035 2076 2066 ines
2094 2034 2282 2072 deduxerunt,
2300 2035 2335 2066 &

1275 2076 1417 2106 deducent
1441 2074 1623 2105 verisimiliter
1646 2074 1676 2104 in
1696 2074 1842 2112 futurum,
1866 2074 1917 2104 nisi
1938 2074 1973 2105 de
2027 2073 2137 2105 emedio
2158 2075 2188 2104 in
2207 2083 2238 2104 ea
2260 2081 2337 2113 parte.

1277 2113 1456 2154 provideatur
1468 2121 1613 2152 oportuno
1621 2134 1632 2151 ,

1315 2152 1458 2222 {oti-lirolsI
1455 2153 1486 2182 in
1500 2152 1551 2183 hiis
1564 2152 1597 2183 &
1611 2150 1646 2183 ad
1659 2161 1691 2182 ea
1704 2152 1878 2190 praebuimus
1893 2149 2073 2183 Consensum
2088 2152 2122 2183 &
2134 2149 2298 2189 Affensum,

1353 2202 1371 2222 n
1392 2201 1408 2222 e
1459 2200 1491 2221 os

1315 2229 1363 2260 De
1383 2214 1551 2268 Prudeniia‚
1569 2229 1836 2267 circumspectione,
1854 2228 2001 2266 fidelitate,
2017 2229 2051 2260 &
2071 2228 2220 2267 industria,
2237 2227 2336 2259 (111οέ11

1278 2268 1384 2306 nostri,
1402 2268 1532 2307 Magistri
1553 2267 1695 2306 Johanm's
1714 2266 1912 2305 Honyngham,
1930 2267 2040 2306 Legum
2062 2266 2216 2304 DoCtoris,
2234 2266 2338 2297 Archi-

1277 2308 1389 2339 diaconi
1403 2305 1618 2343 Dunelmenfis‚
1637 2305 1849 2336 Prothonotarii
1862 2305 1967 2343 nostri,
1986 2305 2107 2343 plenarie
2127 2305 2317 2342 confidentes,

1316 2345 1330 2376 I
1352 2346 1412 2376 sum
1432 2344 1567 2376 Fecimus
1581 2346 1615 2376 &
1631 2343 1845 2374 Constituimus
1862 2342 2097 2374 Ambasfiatorem
2113 2343 2169 2373 five
2184 2343 2219 2374 N
2223 2344 2338 2374 uncium

1278 2395 1318 2416 no
1347 2394 1424 2421 rum,
1438 2384 1473 2414 ad
1487 2382 1729 2414 Conveniendum
1744 2382 1778 2412 &
1792 2381 1988 2412 Traffrandum
2011 2392 2080 2413 cum
2102 2381 2200 2420 dieto,
2215 2381 2340 2412 illustris-

1281 2425 1352 2455 fimo
1376 2422 1526 2460 Principe,
1545 2421 1679 2460 Johanne
1702 2423 1771 2457 Rege
1791 2420 1913 2461 Castellae
1935 2419 1973 2455 &⁶
1996 2422 2137 2458 Legionis,
2154 2430 2201 2450 aut
2220 2421 2339 2459 praefato

1281 2461 1414 2500 Johanne
1429 2462 1571 2498 Roderici,
1589 2459 1634 2490 seu
1647 2460 1719 2497 alio,
1738 2459 1782 2488 seu
1796 2460 1869 2496 aliis,
1887 2468 1935 2498 per
1948 2460 1956 2488 i
1979 2458 2038 2488 sum
2049 2458 2242 2497 Deputandis,
2258 2459 2338 2496 super

1283 2500 1404 2537 Treugis
1416 2499 1514 2529 fiendis
1529 2499 1600 2528 inter
1614 2499 1674 2527 Nos
1688 2498 1721 2528 &
1734 2496 1818 2536 ipficm
1826 2501 1935 2538 Regem,
1950 2469 2200 2536 gonsanguineum
2211 2497 2343 2527 nostrum

1284 2537 1484 2575 Carissimum,
1501 2536 1664 2574 nostrosque
1677 2536 1811 2567 Subditos
1827 2537 1860 2566 &
1874 2538 1947 2574 11105,
1965 2544 2022 2566 tam
2037 2546 2084 2573 per
2093 2535 2235 2573 Terram,
2253 2536 2343 2573 quam

1285 2587 1335 2616 per
1353 2576 1453 2615 Mare,
1468 2576 1504 2606 ad
1520 2584 1630 2606 tanturn
1645 2575 1679 2606 &
1694 2584 1743 2614 per
1757 2584 1865 2605 1311111111
1881 2583 2007 2613 tempus,
2024 2582 2108 2612 prout
2122 2575 2192 2604 inter
2206 2573 2277 2613 ipsos
2284 2574 2343 2604 fue-

1285 2617 1320 2646 rit
1335 2615 1560 2652 concordatum,

1323 2654 1454 2685 Necnon
1467 2653 1501 2683 ad
1516 2650 1763 2683 Concordandum
1781 2651 1859 2689 super
1875 2652 1957 2682 certis
1971 2650 2031 2682 Die
2051 2651 2083 2681 &
2101 2651 2203 2689 Loco,
2221 2650 2256 2681 ad
2276 2660 2347 2689 quos

1287 2692 1442 2731 solempnes
1455 2690 1677 2722 Ambaffiatores
1690 2690 1778 2720 nostri
1795 2691 1984 2728 conveniant,
2002 2691 2030 2719 in
2045 2688 2217 2719 Confinibus
2227 2689 2346 2729 Regno-

1287 2742 1351 2762 rum
1365 2730 1545 2768 nostrorum,
1563 2739 1633 2761 cum
1653 2729 1794 2759 Potestate
1815 2727 1961 2759 sufficienti
1977 2729 2011 2758 ad
2027 2727 2261 2766 procedendum,
2281 2736 2349 2758 cum

1290 2770 1540 2800 Ambaffiatoribus
1554 2768 1625 2799 (11611
1638 2766 1813 2798 Illustrissimi
1837 2767 1974 2804 Principis
1992 2767 2079 2805 Regis
2099 2766 2228 2796 Castellae
2243 2768 2275 2798 &
2292 2767 2349 2797 Le-

1285 2810 1377 2849 gionis
1390 2806 1598 2846 Consanguinei
1614 2806 1704 2836 nostri
1719 2805 1880 2844 Cariffimi,
1898 2807 1978 2843 super
1993 2805 2350 2844 ReparationeAttempra-

1287 2857 1383 2878 torum
1401 2870 1411 2885 ,
1436 2855 1536 2877 contra
1555 2846 1680 2884 Treugas
1700 2846 1734 2875 &
1751 2844 1829 2874 aliter
1846 2844 2012 2881 Factorum,
2028 2843 2180 2874 lecundum
2199 2843 2276 2881 quod
2295 2844 2350 2874 fuit

1287 2883 1504 2916 Concordatum
1525 2885 1558 2914 &
1575 2883 1814 2923 Appunetuamm
1834 2883 1862 2911 in
1880 2884 2009 2920 captione
2025 2883 2056 2912 &
2075 2881 2208 2912 dilatione
2222 2882 2351 2919 Trcuga-

1288 2935 1369 2963 rum,
1394 2934 1460 2963 per,
1483 2924 1589 2953 inclitae
1615 2923 1781 2959 memoriae,
1799 2923 1946 2950 Henricum
1967 2920 2129 2959 ⁴Quartum,
2148 2930 2235 2956 nuper
2254 2924 2352 2956 Regem

1287 2965 1398 3001 Angliae
1413 2963 1447 2994 &
1461 2961 1602 2998 Franciae,
1621 2959 1839 2999 Progenitorem
1863 2959 1991 2989 nostrum
2002 2982 2012 2997 ,
2030 2958 2099 2989 dieti
2120 2957 2261 2996 Johannis
2276 2961 2352 2995 Regis

1287 3001 1488 3038 Avunculum,
1506 3000 1570 3030 alias
1592 2999 1730 3029 iar-starum
1745 2999 1777 3029 &
1790 2997 1998 3028 concessarum.

1324 3039 1392 3070 Dat.
1407 3040 1437 3069 in
1452 3037 1565 3068 Palatio
1584 3036 1671 3078 nostro
1691 3036 1798 3077 Westm.
1822 3037 1904 3067 tertio
1923 3036 1969 3066 die
1992 3035 2099 3066 Mensis
2109 3034 2248 3073 januarii,
2266 3034 2354 3064 Anno

1287 3078 1385 3117 Regni
1400 3076 1487 3109 nostri
1501 3076 1611 3107 Primo.

1977 3125 2029 3153 Per
2045 3122 2128 3163 ipficm
2146 3126 2251 3161 Regem.

1574 3266 1681 3298 Litera
1704 3262 1741 3295 de
1762 3262 1888 3310 Thugis
1913 3263 2083 3295 Britanniae.

1296 3350 1383 3410 ΝΟ
1393 3349 1413 3382 S
1429 3351 1562 3380 Henricus
1578 3348 1610 3378 de
1627 3347 1713 3387 luch,
1734 3346 1822 3379 Miles
1837 3348 1871 3379 δε
1886 3348 1984 3376 Petrus
1999 3346 2031 3375 de
2047 3345 2198 3385 Hospitali,
2217 3346 2358 3378 Consilia—³
2370 3357 2498 3392 ,4135ng

1371 3391 1421 3427 rii,
1441 3385 1614 3419 illustrissimi
1633 3387 1768 3425 Principis
1784 3388 1817 3417 ὅ(
1834 3386 1972 3423 Domini,
1990 3384 2130 3423 Johannis
2145 3387 2228 3414 Dacis
2240 3389 2355 3416 Eritan-
2386 3407 2468 3433 1414-

1294 3433 1347 3458 niae
1361 3430 1471 3458 Comitir
1486 3423 1669 3465 Montisfortix
1688 3424 1725 3459 &
1744 3424 1957 3461 Richemundiae,
1975 3423 2171 3465 Procuratores
2188 3424 2220 3454 &
2241 3424 2274 3454 N
2279 3426 2352 3454 1111011
2363 3441 2413 3464 Ao.
2435 3445 2458 3463 ,-

1297 3467 1448 3505 specialiter
1461 3465 1584 3503 deputati
1599 3472 1634 3494 ex
1648 3473 1727 3504 parte
1740 3463 1802 3502 sua,
1818 3471 1904 3502 prout
1927 3462 2028 3493 Literis
2042 3463 2165 3500 cjuidem
2187 3462 2263 3493 latius
2281 3473 2353 3494 con-2
2370 3479 2404 3501 H.
2426 3483 2451 3508 5,

1297 3506 1419 3542 11001111,
1901 3540 1906 3545 ⁸
2371 3517 2409 3539 Et
2427 3513 2486 3544 Aua,

1338 3544 1472 3582 Qarum
1487 3540 1590 3572 Tenor
1605 3539 1727 3578 sequitur
1741 3540 1775 3571 &
1790 3537 1831 3570 est
1844 3539 1936 3578 Talis,
2368 3558 2434 3587 „gr-

1302 3619 1447 3689 JEhan,
1465 3621 1526 3648 Duc
1547 3616 1579 3646 de
1595 3619 1743 3654 Bretaigne
1757 3613 1841 3646 conte
1862 3615 1894 3645 de
1916 3612 2058 3655 Montfhrt
2081 3614 2119 3648 dy
2139 3615 2172 3644 de
2188 3614 2361 3652 Richemont,

1358 3659 1386 3688 A
1400 3666 1468 3688 toux
1485 3656 1583 3694 ceulx,
1602 3656 1648 3693 qui
1663 3665 1708 3686 ces
1725 3655 1834 3690 Lettres
1851 3664 1966 3685 verront
1981 3655 2014 3685 &
2032 3663 2146 3691 orront,
2165 3653 2249 3682 Salut.

1343 3695 1473 3726 Comme
1495 3695 1522 3725 10
1541 3693 1660 3731 Ρ1·11100,
1677 3694 1712 3724 de
1732 3693 1854 3724 treshaut
1877 3695 2032 3731 memoire,
2050 3695 2139 3722 Henri
2157 3693 2211 3730 Roy
2227 3689 2364 3728 d'Angle-

1343 3769 1362 3792 ³ss
1380 3756 1468 3802 lintre
1481 3770 1589 3809 lequel,
1605 3778 1678 3809 pour
1693 3770 1748 3808 lui,
1765 3771 1799 3802 &
1813 3769 1850 3800 ses
1865 3761 1956 3808 Paiis,
1973 3770 2006 3799 ὃς
2027 3769 2149 3806 SubgiZ,
2169 3768 2202 3797 &
2226 3766 2314 3797 Nous
2331 3767 2365 3797 &
2383 3783 2511 3815 ἤχθη

1306 3849 1434 3885 Guerre,
1448 3846 1565 3885 Jusques
1577 3857 1594 3877 a
1606 3848 1712 3878 certein
1727 3855 1836 3885 temps,
1852 3846 1915 3884 (quel
1928 3854 2044 3874 ancores
2057 3843 2126 3873 n'est
2142 3853 2188 3881 pas
2202 3844 2294 3882 palie,

1342 3887 1405 3917 Soit
1419 3886 1480 3923 puis
1491 3885 1629 3926 n’agueres
1645 3886 1684 3916 ale
1697 3885 1732 3916 de
1747 3886 1792 3915 vie
1807 3895 1822 3915 a
1836 3883 2041 3921 trespassement
2050 3905 2059 3919 ,
2229 3909 2233 3914 ,

1345 3925 1380 3955 Et
1397 3933 1468 3962 pour
1484 3933 1534 3962 ce,
1552 3934 1601 3964 par
1621 3933 1744 3961 aucunS,
1761 3923 1889 3961 pourroit
1910 3921 1977 3950 estre
1990 3920 2132 3957 Revoque
2148 3929 2184 3950 en
2197 3919 2322 3959 doubte,
2342 3918 2370 3952 10

1351 4000 1451 4031 Savoir
1464 3999 1562 4030 faisons
1577 4010 1632 4038 que
1646 3999 1750 4037 Nous,

1349 4038 1427 4069 Pour
1442 4037 1554 4069 eclairer
1567 4039 1601 4069 &
1615 4038 1708 4068 hoster
1723 4039 1747 4067 la
1759 4036 1827 4067 ditte
1841 4034 1977 4073 Doubte,
1992 4034 2026 4064 δε
2039 4034 2138 4068 obviet
2157 4043 2211 4068 aux
2225 4033 2326 4067 Mauix
2341 4034 2376 4064 &

2304 4108 2390 4146 Com,
