2562 4274
725 135 836 179 ET
903 134 1167 180 ACTA
1231 140 1712 186 PUBLICA.

16 223 94 256 Ann.
107 220 151 255 D.
204 223 271 255 Nos
282 230 397 261 autem,
421 220 528 253 Literas
547 221 695 260 praedistas
708 245 719 261 ,
748 224 782 254 &
796 225 894 255 omnia
914 232 1046 255 contenta
1066 225 1096 255 iri
1112 224 1215 256 eisdem

47 263 131 303 1416.
170 261 244 294 Rata
255 262 385 293 habentes
398 262 431 291 &
447 260 551 299 Grata,
566 260 624 298 Ea,
641 271 695 299 pro
719 261 819 292 Nobis
832 285 842 301 ,
864 264 898 294 δε
911 261 1082 294 Haeredibus
1095 263 1215 302 nostris,

18 306 78 330 Hm.
97 310 125 338 5.
173 300 369 332 Concedimus
382 299 416 330 ὃς
431 297 664 338 Confirmamiis,

207 339 340 371 Volentes
355 337 388 368 &
413 335 637 375 concedentes,
651 347 705 377 pro
726 337 821 368 Nobis
835 361 846 375 ‚
869 340 903 370 &
916 336 1089 371 Haeredibus
1102 340 1221 378 nostris,

169 377 247 417 quod
255 374 392 443 ρνέίαιω·
406 377 545 419 Augerius
559 375 658 406 habeat
672 377 706 406 ὃς
720 384 812 407 teneat
825 376 901 408 dieta
918 376 1048 408 Castrum
1061 380 1094 410 &
1109 378 1220 410 Castel-

167 416 271 445 laniam
314 424 330 444 e
353 411 443 443 Blauia
456 436 465 451 ,
489 422 523 444 ac
537 414 634 444 omnia
652 414 703 444 alia
727 414 868 445 Praemiffa
885 438 894 452 ,
918 416 968 446 sibi
991 417 1027 447 fic
1044 427 1093 455 per
1108 417 1219 447 dietum

164 453 330 489 Principem
346 450 496 489 assignata,
513 461 580 482 cum
602 452 654 483 suis
670 451 785 491 Juribus
811 454 845 484 &
870 454 1048 485 pertinentiis
1071 456 1219 493 univerfis,

163 500 219 528 pro
231 490 286 526 Se,
303 489 475 532 Haeredibus
509 490 543 520 &
558 489 711 527 Affignatis
724 491 793 530 suis,
810 493 882 528 iuxta
895 492 1043 523 Tenorem
1059 494 1219 525 Literarum

164 528 245 568 ipsius
259 527 399 571 Principis
416 511 624 565 praedictarum.

200 565 235 597 In
248 576 327 605 cujus
342 575 382 598 rei
395 565 609 597 Testimonium
629 566 677 598 has
699 567 807 598 Literas
832 569 937 600 nostras
962 566 1021 601 fieri
1035 569 1154 601 fecimus
1168 570 1221 601 Pa-

167 613 267 636 tentes.

204 643 273 674 Dat.
294 642 366 680 apud
383 640 490 682 Wstm.
509 642 674 674 Tricesimo
689 643 735 675 die
750 643 939 685 Decembris,
958 646 1047 678 Anno
1056 647 1153 683 Regni
1167 657 1221 677 no-

166 681 246 752 13:22
245 681 355 721 Angliae
382 681 546 713 Tricefimo
573 681 673 713 Primo
688 705 699 721 ,
731 682 827 723 Regni
847 686 920 716 vero
940 684 1067 716 Franciae
1090 685 1219 716 Decimo

249 730 296 752 νο.

310 796 365 827 Per
378 794 460 836 &fiam
471 799 566 836 Regem
574 819 584 835 ,
599 798 639 827 ad
651 800 813 828 petitionem
826 798 858 829 de
867 797 985 829 Concilio
1000 799 1116 829 Grandi.

201 869 248 904 ΙΝ
258 883 270 903 s
277 879 295 904 Ρ
305 880 323 904 E
333 880 350 903 x
358 881 370 902 1
379 879 408 904 M
415 876 438 903 υ
447 882 460 903 s
485 874 570 904 etiam
585 873 732 913 quoddam
746 874 818 905 aliud
834 873 1072 911 Transsumpturn
1088 885 1221 913 quai-um-

164 910 232 941 dam
245 910 359 942 aliarum
372 910 529 942 Literaruni
544 910 704 943 Patentium
719 912 828 950 praefati
842 912 944 943 Proavi
965 913 1071 952 nostri,
1090 914 1217 945 similiter

164 949 305 981 factarum
318 950 349 981 in
364 949 428 981 haec
440 950 542 989 verba,

164 1024 386 1088 EDffavardus,
402 1024 463 1056 Dei
477 1024 582 1070 gratia,
597 1027 660 1056 Rex
676 1025 791 1064 Angliae
811 1024 850 1061 ό·
865 1029 1004 1072 Ρναῃιὶιε,
1023 1028 1057 1059 &
1076 1026 1220 1075 Dominus

240 1064 407 1103 Hiberniae,
424 1063 584 1102 Omnibus,
600 1064 634 1095 ad
649 1074 720 1103 quos
735 1065 880 1103 praesentes
893 1066 998 1098 Literae
1021 1076 1218 1107 pervenerint,

165 1102 434 1173 sai‘iittess'exlmv
443 1149 458 1185 ,⁵
476 1140 601 1185 Literas,
619 1138 761 1171 Car-issimi
776 1141 961 1180 Primogeniti
977 1143 1079 1181 nostri,
1097 1143 1222 1172 Edwar-

163 1179 350 1256 ἴκξηζὲτίἐιέ,
361 1177 470 1210 mllae
484 1201 495 1218 ‚
518 1179 609 1210 Ducis
627 1178 786 1211 Cornubiae
801 1203 811 1219 ,
836 1182 870 1212 &
894 1180 1019 1212 Comitis
1033 1178 1172 1220 Cestriae,
1189 1183 1220 1211 in

209 1293 373 1333 Dwardus,
388 1292 567 1326 Illustriffimi
581 1293 723 1333 Domini,
744 1293 802 1325 Dei
817 1294 921 1332 gratia,
939 1293 1051 1342 Angliae
1072 1292 1111 1329 ὠ·
1126 1297 1218 1323 Fran-

230 1336 276 1362 ciae
291 1335 370 1370 Regis
382 1335 596 1371 Primogenitus,
614 1336 738 1375 Princeps
754 1333 878 1371 Walliae,
897 1334 966 1364 Dux
982 1334 1140 1362 Lornubiae
1155 1354 1165 1371 ,
1185 1333 1219 1363 δί

165 1367 276 1402 Comes
289 1371 428 1409 Cestriae‚
447 1371 594 1402 Universis
606 1395 616 1410 ,
661 1372 817 1402 raeIentibus
840 1372 948 1403 Literas
963 1371 1148 1410 inspecturis,
1166 1370 1217 1401 Sa-

161 1407 267 1448 lutem,
284 1411 317 1442 ὃς
331 1409 511 1448 ptaesentibus
531 1410 597 1440 dare
610 1410 628 1441 fi
649 1420 707 1440 em.

202 1446 394 1479 Meminimus
408 1447 475 1478 Nos
489 1458 593 1487 nuper,
617 1458 651 1478 ex
668 1448 803 1487 legalibus
818 1448 852 1479 δε
872 1448 997 1486 gratuitis
1011 1447 1155 1485 Servitiis,
1173 1447 1220 1477 di-

163 1484 214 1516 ἃο
229 1486 362 1517 Domino
376 1486 555 1525 progenitori
571 1486 670 1517 nosti-0
684 1489 719 1519 &
732 1486 831 1517 Nobis
847 1496 915 1525 per,
935 1486 1073 1516 dileetum
1099 1486 1131 1516 ὅ(
1147 1485 1214 1516 fide-

163 1523 220 1554 lem
235 1524 382 1562 nostrum,
399 1528 569 1563 Augerium,
587 1528 733 1565 Domgnum
746 1525 778 1555 de
793 1525 979 1565 Muyffidano,
1000 1523 1126 1561 praestitis
1145 1524 1218 1555 mul-

164 1562 297 1600 tipliciter
310 1564 345 1594 &
369 1564 500 1601 impensis
514 1587 523 1601 ,
547 1565 581 1595 δε
601 1573 665 1602 quae
681 1573 730 1602 per
747 1565 858 1594 inantea
879 1563 1060 1594 verisimiliter
1081 1563 1217 1600 speramus

161 1600 310 1639 impendi,
328 1601 443 1632 [ocum
457 1603 489 1632 ὃς
503 1601 607 1632 Villam
621 1601 803 1633 d’Aubaterra
818 1626 827 1640 ‚
853 1612 921 1632 cum
934 1601 1069 1632 omnibus
1086 1601 1217 1640 Juribus‚

163 1636 335 1677 Homagiis,
353 1639 502 1677 Deveriis,
520 1639 664 1670 Parochiis
677 1663 687 1679 ‚
713 1641 746 1671 &
761 1641 820 1671 aliis
836 1639 1011 1670 Pertinentiis
1035 1639 1085 1670 suis
1099 1640 1211 1670 univer·

161 1676 211 1715 sis,
230 1687 312 1709 rnero
325 1688 360 1708 ac
375 1678 466 1708 mimo
480 1677 624 1716 Imperio,
642 1679 677 1710 ὃ(
692 1678 861 1709 omnimoda
873 1678 1073 1716 JurisdiCtione
1085 1700 1093 1715 ‚
1111 1678 1145 1708 ad
1170 1678 1215 1716 ip-

161 1717 226 1746 sum
240 1716 356 1747 Locum
377 1715 422 1746 seu
437 1716 542 1747 Villam
561 1717 764 1755 pertinentibus
775 1740 785 1755 ,
807 1716 929 1755 Eidem,
952 1726 1001 1755 per
1015 1715 1122 1747 nostras
1137 1716 1216 1747 Lite-

159 1763 204 1786 ras
238 1754 274 1785 ad
289 1754 344 1785 suae
357 1753 436 1785 Vitae
448 1755 622 1786 Terminum
631 1778 641 1793 ,
660 1754 826 1794 contuliffe,

200 1776 328 1831 ieram,
346 1793 438 1831 cum,
454 1793 673 1824 excrescentibus
685 1793 870 1824 Subditorum
888 1792 1000 1823 Meritis
1021 1793 1055 1824 &
1075 1793 1216 1831 Servitus,

161 1832 251 1868 regiae
267 1832 434 1871 Largitionis
448 1832 551 1863 intersit
564 1832 597 1862 ad
605 1831 753 1869 ampliores
766 1832 878 1863 Gratias
889 1831 916 1862 se
926 1831 1042 1862 reddere
1055 1832 1198 1862 liberalem
1207 1854 1217 1869 ‚

162 1869 233 1900 Nos
250 1871 255 1876 '
279 1870 349 1907 itur,
367 1869 439 1900 dieti
452 1873 563 1901 Domini
577 1870 608 1899 de
622 1870 793 1914 Mityffldano
806 1871 943 1901 intuentes
957 1869 1066 1901 Servita
1079 1871 1113 1900 &
1122 1869 1215 1900 Obse-

159 1908 239 1947 quia‚
281 1918 297 1938 e
311 1908 408 1939 diebus
422 1908 451 1938 in
467 1908 543 1947 dies,
560 1909 591 1938 in
606 1918 690 1946 regiis
703 1909 887 1946 Honoribus,
903 1909 938 1940 ὃς
957 1908 1065 1939 tuendis
1082 1908 1195 1946 Juribus
1206 1931 1217 1947 ,

31 1952 49 1969 ⁰
70 1951 122 1979 ix.
161 1955 190 1976 ut
208 1946 249 1976 est
263 1946 351 1977 fidelis
364 1946 528 1986 cujussibet,
551 1947 700 1986 adaugeri,
717 1956 751 1978 ex
773 1950 787 1965 *
809 1947 861 1977 hiis
873 1947 924 1977 sibi
947 1945 1038 1977 facere
1051 1947 1212 1977 uberiorem

38 1998 107 2026 409.
160 1983 291 2015 Gratiam
306 1986 409 2016 merito
422 1994 600 2024 appetentes,
621 1985 714 2016 eidem
728 1989 845 2016 Domino
869 1985 902 2014 de
916 1984 1085 2028 Muyffidano
1099 1985 1215 2016 Locum

161 2024 196 2054 &
213 2022 315 2054 Villam
332 2023 483 2061 praedieios
496 2024 531 2054 de
546 2024 702 2055 Aubaterra
713 2047 722 2061 ,
741 2033 811 2054 cum
824 2033 906 2054 mero
920 2032 955 2054 ac
970 2031 1063 2053 mixto
1071 2023 1215 2062 Imperio,

160 2061 195 2092 &
208 2061 607 2099 omnimodajurisdietione,
626 2063 661 2094 &
674 2062 734 2093 aliis
752 2062 805 2093 suis
826 2062 956 2101 juribus,
973 2061 1143 2101 Homagiis‚
1161 2061 1215 2092 Pa-

160 2101 280 2139 rochiis,
298 2099 444 2138 Deveriis‚
458 2102 493 2133 &
510 2101 561 2131 suis
575 2101 633 2131 aliis
647 2102 816 2138 pertinentiis
831 2100 981 2138 universis,
998 2100 1034 2131 de
1049 2101 1142 2131 nostra
1151 2110 1212 2131 cer·

156 2145 186 2169 ta
201 2138 324 2170 Scientia
357 2140 392 2171 &
407 2139 507 2170 Gratia
523 2139 652 2177 speciali,
670 2149 722 2177 pro
736 2140 773 2170 Se
786 2163 795 2178 ,
819 2140 853 2170 &
868 2138 1040 2169 Haered'ibus
1056 2139 1126 2176 suis,
1146 2139 1208 2169 De-

160 2176 255 2209 dimus
267 2179 302 2210 &
313 2162 514 2209 donceffimus
526 2200 536 2216 ,
561 2177 726 2217 Damusque
745 2187 780 2209 ac
800 2177 999 2210 Concedimus
1020 2187 1069 2215 per
1084 2177 1212 2208 Praesen-

165 2223 207 2247 tes

197 2238 359 2292 emenda,
372 2253 512 2285 Tenenda
526 2277 537 2293 ,
561 2253 744 2285 Excercenda
759 2276 769 2292 ‚
786 2251 955 2285 Poffidenda
970 2276 980 2293 ,
999 2252 1156 2291 Regenda,
1182 2263 1216 2284 ac

160 2293 248 2324 etiam
261 2292 471 2332 Gubernanda,
487 2303 540 2331 pro
559 2293 595 2323 Se
607 2315 617 2331 ‚
643 2293 677 2323 &
694 2292 865 2323 Haeredibus
884 2292 955 2330 suis,
980 2301 1011 2323 ut
1027 2292 1138 2323 didium
1159 2292 1219 2331 est,

160 2341 341 2371 quacumque
364 2330 530 2362 Donatione
544 2354 554 2369 ‚
577 2329 770 2361 Concessione
784 2353 794 2369 ,
819 2331 863 2361 vel
883 2330 1096 2370 Aslignatione,
1114 2339 1163 2368 per
1187 2332 1218 2361 in

163 2377 245 2402 ποῖαι
265 2369 398 2401 faciendi
411 2371 441 2400 in
456 2369 657 2407 Contrarium,
674 2370 704 2400 in
719 2370 814 2408 aliquo
828 2379 887 2401 non
900 2370 1047 2407 obstante,

158 2410 166 2415 ‘
201 2409 284 2439 Dido
298 2411 414 2439 Domino
425 2410 591 2446 Progenitori
604 2407 721 2446 nostro,
739 2408 772 2438 ὅσ
791 2407 906 2446 Nobis,
926 2408 1140 2446 Superioritate,
1156 2406 1220 2439 Re-

163 2445 260 2484 ῶηο,
275 2456 312 2477 ac
324 2446 496 2485 Homagiis,
513 2449 547 2479 &
563 2447 592 2477 in
608 2447 665 2477 aliis
674 2446 744 2486 Jure
759 2446 854 2485 regio,
872 2446 982 2484 semper
997 2446 1090 2484 salvis,

204 2484 366 2523 Qiorcisca
388 2484 606 2517 Coiistabulario
626 2484 799 2521 Burdegaliae
813 2506 823 2522 ‚
849 2486 897 2522 qui
918 2494 996 2515 nunc
1018 2484 1058 2514 est
1072 2506 1082 2522 ‚
1108 2492 1155 2515 aut
1169 2493 1222 2522 pro

166 2530 295 2562 tempore
310 2525 411 2562 fuerit,
428 2524 473 2554 vel
486 2524 544 2562 ejiis
561 2524 800 2561 Locumtenenti‚
819 2522 948 2560 Damus,
964 2522 1082 2554 Teriore
1099 2522 1220 2553 Praesen·

165 2562 239 2593 tium
254 2585 264 2600 ,
286 2562 315 2592 in
332 2561 475 2593 Mandatis
493 2571 524 2593 ut
546 2562 655 2593 dietum
679 2565 828 2592 Dominum
848 2562 881 2591 de
904 2561 1090 2601 Muyffidano,
1106 2561 1223 2592 suumve

166 2600 404 2638 Pmcumnorem,
422 2601 467 2632 vel
487 2603 663 2632 Attornatum
679 2623 689 2639 ,
712 2601 740 2630 in
761 2599 964 2630 Posseffionem
988 2600 1166 2640 corporalem
1186 2601 1220 2630 &

168 2639 272 2670 realem
284 2639 373 2670 dietae
387 2639 487 2677 Vilice,
504 2644 557 2670 una
577 2649 647 2670 cum
669 2638 810 2677 praeditffis
827 2637 880 2669 suis
895 2638 1027 2677 Juribus,
1053 2637 1222 2676 Homagiis,

168 2677 298 2709 Deveriis
311 2700 322 2716 ,
343 2677 490 2709 parochiis
505 2701 515 2716 ,
537 2678 569 2709 &
586 2678 642 2708 aliis
666 2677 808 2714 praedjetis
825 2677 975 2714 univerfis,
992 2684 1078 2714 ponat
1092 2678 1126 2708 &¹
1141 2678 1224 2707 indu-

169 2723 233 2754 cat,
252 2715 428 2755 Pontumque
442 2717 476 2747 &
488 2716 642 2747 Indud‘tum
657 2716 686 2745 in
699 2716 750 2746 illis
767 2723 944 2746 manuteneat
958 2716 1071 2745 viriliter
1085 2715 1118 2746 &
1127 2714 1225 2745 defen·

169 2754 218 2784 dat
233 2755 262 2784 iri
282 2753 374 2785 forma
396 2755 536 2792 praemiffa
552 2778 562 2793 ,
586 2755 689 2785 amotis
705 2754 808 2784 abinde
834 2754 891 2785 aliis
905 2754 1008 2784 illicitis
1022 2753 1226 2784 Detentoribus

169 2793 410 2832 quibuscumque,
429 2803 500 2832 quos
515 2793 584 2825 Nos
597 2795 703 2831 etiam,
719 2793 836 2823 Tenore
851 2792 1053 2831 Praesentium,
1070 2802 1221 2823 ammove-

171 2841 234 2862 mus

208 2854 274 2900 Nos
287 2870 366 2900 enirn
380 2870 474 2906 ipsum
488 2868 736 2900 Constabularium
758 2868 794 2899 de
813 2869 865 2900 hiis
878 2891 889 2907 ,
913 2879 976 2907 quae
989 2868 1028 2900 fic
1047 2869 1138 2899 eidem
1165 2872 1225 2899 Do-

171 2911 243 2937 nm'no
257 2909 290 2938 de
303 2911 372 2949 Muy
391 2909 489 2946 adano,
514 2907 606 2945 ejusve
630 2908 880 2949 Procuratoribusj
899 2907 944 2937 vel
960 2908 1132 2945 Attornatis‚
1150 2907 1225 2939 Tra-

172 2945 272 2977 diderit
285 2948 319 2978 ὃς
336 2948 369 2977 Li
409 2947 519 2984 raverit,
538 2945 629 2976 Tradi
644 2945 689 2976 seu
705 2946 830 2976 Liberari
853 2947 952 2976 iecerit
967 2968 977 2984 ,
1002 2955 1031 2976 ut
1046 2946 1087 2977 est
1100 2946 1224 2984 dietum,

171 2993 241 3014 cum
255 2984 356 3016 hairum
371 2986 530 3016 Literarum
541 2984 698 3015 nostrarum
710 2984 803 3021 Copia
813 3007 823 3022 ,
840 2984 889 3014 sub
905 2984 1006 3021 Sigillo
1026 2985 1059 3014 ὃς
1076 2983 1221 3015 Contral'i·

173 3021 244 3059 gillo
260 3022 356 3062 Regiis
367 3046 377 3061 ,
394 3025 500 3062 quibus
513 3025 598 3054 utitur
611 3024 642 3053 in
658 3022 820 3059 Burdegalia
835 3022 870 3053 ad
884 3022 1073 3059 Contraetus,
1090 3032 1176 3060 penes
1184 3025 1227 3061 ip—

173 3061 253 3097 sum,
270 3070 323 3098 pro
335 3061 508 3092 Garento&
523 3061 731 3092 Exoneratione
752 3062 813 3099 sua,
830 3060 995 3091 remanentia
1013 3083 1023 3098 ,
1049 3062 1122 3098 apud
1144 3062 1226 3100 quos-

173 3108 301 3137 cumque
317 3098 529 3137 Gompotorum
545 3101 661 3131 suorum
677 3099 825 3130 Auditores
838 3109 873 3131 ex
887 3109 962 3136 parte
978 3100 1054 3136 regia
1068 3108 1149 3137 atque
1174 3110 1227 3130 no-

176 3138 248 3182 stra,
266 3137 456 3168 Exoneratum
477 3139 506 3168 in
525 3139 626 3168 eisdem
642 3138 694 3169 suis
713 3138 858 3176 compotis
875 3138 976 3168 habere
991 3138 1121 3169 volumus
1133 3140 1167 3170 &
1183 3140 1227 3169 in-

179 3186 319 3207 venimus.

212 3214 280 3245 Dat.
298 3213 487 3252 Burdegaliae,
505 3213 555 3244 sub
568 3214 664 3254 Sigillo
671 3213 784 3252 nostro,
801 3215 904 3246 ultimo
918 3214 964 3246 die
980 3213 1087 3245 Mensis
1110 3213 1228 3254 Martii,

177 3252 267 3284 Anno
282 3252 404 3283 Domini
419 3252 593 3290 Millesimo,
610 3253 878 3292 QinquagesimO,
895 3253 1036 3291 Septimo.

216 3329 286 3360 Nos
305 3338 414 3368 autem,
435 3329 540 3359 Literas
561 3328 705 3366 praedietas
719 3353 728 3367 ‚
755 3330 789 3359 &
811 3330 908 3360 omnia
925 3337 1058 3360 contenta
1077 3330 1106 3360 in
1120 3330 1224 3361 eisdem

177 3368 252 3400 Rata
266 3370 397 3400 habentes
411 3369 444 3399 &
458 3367 565 3405 Grata,
587 3367 641 3405 Ea,
661 3378 713 3405 pro
735 3367 851 3404 Nobis,
868 3370 900 3399 ὃ(
917 3368 1083 3399 Haeredibus
1105 3369 1223 3407 nostris,

177 3416 312 3446 quatenus
323 3407 412 3446 juste,
430 3407 497 3443 rite,
514 3407 549 3437 &
572 3405 771 3436 rationabiliter
793 3405 867 3437 faeta
883 3407 1005 3445 fuerint,
1023 3406 1224 3445 Ratificamus‚

178 3448 397 3484 Approbamus‚
414 3445 447 3475 ὅ(
461 3443 681 3475 Confirmamus.

215 3485 283 3515 Dat.
303 3485 375 3522 apud
391 3482 497 3523 Wstm.
518 3481 704 3512 Duodecimo
724 3482 771 3512 die
791 3481 887 3520 Maii,
917 3482 1004 3513 Anno
1027 3482 1124 3519 Regni
1141 3483 1227 3514 nostri

177 3522 292 3562 Angliae
307 3523 470 3554 Tricefirno
484 3520 634 3559 Secundo,
651 3520 750 3559 Regni
763 3523 834 3551 vero
850 3520 939 3551 nostri
954 3521 976 3551 F
979 3523 1081 3552 ranciae
1096 3521 1228 3553 Decimo

180 3571 268 3592 nono.

337 3602 391 3631 Per
403 3597 486 3638 ipſsm
498 3600 608 3637 Regem,
626 3598 666 3627 ad
675 3599 834 3627 petitionem
849 3597 880 3627 de
893 3596 1009 3627 Concilio
1021 3598 1137 3628 Grandi.

216 3675 231 3706 I
239 3684 263 3706 N
272 3686 286 3707 s
295 3686 314 3707 Ρ
322 3687 340 3707 E
349 3687 367 3707 x
376 3686 387 3707 1
396 3685 422 3707 M
431 3685 456 3707 U
463 3685 479 3706 s
494 3675 603 3714 insuper
614 3674 864 3706 Irrotulamenrum
872 3674 1057 3714 quarumdam
1070 3675 1226 3705 Literarum

180 3711 338 3746 Patentium
353 3738 363 3753 ,
387 3716 414 3745 in
429 3715 542 3745 Rotulis
558 3715 742 3745 Cancellariae
760 3713 881 3743 Domini
907 3715 947 3742 H.
968 3722 1055 3751 nuper
1068 3716 1146 3751 Regis
1161 3717 1228 3743 An-

178 3752 258 3791 gb'ae,
277 3753 365 3785 Patris
380 3754 484 3791 nostri,
501 3753 720 3791 irrorulaiarum,
740 3754 766 3782 in
782 3752 844 3782 haec
861 3751 954 3782 verba.

182 3827 374 3882 HEmJicus,
398 3830 455 3860 Dei
471 3829 560 3874 gratia
577 3852 587 3867 ,
612 3832 671 3859 Rex
684 3827 795 3866 Angliae
817 3826 854 3862 ό*
877 3830 998 3871 Franciae
1012 3851 1022 3866 ,
1038 3827 1078 3864 &⁶
1101 3831 1230 3872 Dominus

257 3867 414 3907 Hebermae,
431 3869 594 3907 Omnibus,
612 3869 646 3898 ad
662 3877 732 3906 quos
748 3866 895 3906 praesentes
910 3866 1012 3897 Literae
1036 3875 1230 3905 pervenerint,

180 3905 314 3975 sagittariis
327 3944 404 3982 quod
412 3967 421 3982 ,

218 3983 299 4014 Cum
315 3986 412 4011 Mari-*a
425 3982 457 4012 de
473 3984 621 4020 Montaut,
639 3982 768 4012 Domina
788 3982 824 4011 de
846 3980 1007 4022 Myssidene
1025 3983 1058 4013 ὃ(
1081 3981 1116 4012 de
1133 3981 1231 4022 Blaye,

179 4021 284 4060 Uxor,
303 4020 444 4053 dileeti&
461 4020 547 4051 fidelis
555 4021 640 4060 Ligei
654 4020 758 4060 nostri,
775 4020 918 4060 Johannis
930 4023 1042 4051 Domini
1048 4021 1082 4050 de
1091 4023 1231 4051 Gramont

2243 167 2259 194 1
2271 154 2318 210 83

1262 225 1300 262 ὠ
1312 228 1344 257 de
1359 231 1460 267 Cama,
1476 227 1513 259 de
1528 228 1619 267 Villa,
1635 229 1755 269 Castro,
1772 231 1806 263 δε
1821 231 1985 264 Castellania
2002 233 2038 265 de
2055 228 2207 268 Muffi'den.
2230 241 2263 270 ὃς
2277 241 2312 272 de
2332 231 2460 267 AnnD.

1260 264 1583 335 ¹Peeilegrue,flaatempore
1603 268 1703 299 Mortis
1721 269 1809 300 Patris
1824 271 1905 309 ipsius
1922 274 2043 311 Mariae,
2063 274 2201 315 hucusque
2216 279 2309 310 exhae-
2351 275 2440 313 1416.

1310 314 1351 335 ata
1366 314 1409 335 exi
1453 314 1463 335 t
2358 325 2366 333 ⁹

1278 381 1282 385 ⁴
1296 342 1379 380 Nos,
1398 344 1430 373 eii
1445 328 1683 382 confideratione,
1700 345 1735 376 de
1750 345 1848 377 Gratia
1863 347 1956 379 nostra
1970 349 2095 388 speciali,
2112 350 2311 386 Conceffimus
2329 317 2394 341 ΗΛ·
2412 322 2442 349 5·

1258 380 1363 424 eisdem
1379 381 1506 419 Johanni
1522 383 1554 412 &
1571 385 1674 412 Marte
1695 387 1793 428 omnia
1809 385 1882 416 Bona
1895 390 1926 417 &
1942 387 2063 427 Terras,
2082 392 2144 427 qu'e
2165 391 2244 430 sunt,
2261 393 2306 424 vel

1258 428 1370 449 evenire
1388 429 1531 458 poterunt,
1550 419 1585 451 de
1603 421 1763 452 Rebellibus
1779 423 1848 453 infra
1862 424 1962 455 Terras
1983 428 2017 458 ὃς
2038 428 2234 460 Castellaniim
2248 430 2306 462 suas

1258 457 1295 487 de
1310 457 1406 502 Blaye,
1424 459 1470 502 seu
1486 459 1548 490 alias
1560 459 1663 489 Terras
1681 459 1738 490 suas
1751 462 1940 500 quascumque
1956 486 1966 500 ,
1992 464 2062 496 infra
2072 466 2308 505 Jurisdiffionem

1261 496 1294 526 &
1309 495 1507 527 Obedientiarn
1520 495 1632 527 nostras.

1296 533 1330 563 In
1349 536 1427 573 cujus
1442 537 1480 566 rei
1495 535 1707 567 Testimonium
1724 536 1772 567 has
1792 536 1898 568 Literas
1919 539 2020 571 nostras
2040 541 2098 573 fieri
2114 543 2233 577 fecimus
2255 545 2310 578 Pa-

1261 580 1359 602 tentes.

1298 610 1386 654 Teste
1401 611 1508 650 meipso
1522 612 1596 656 apud
1615 615 1773 657 Manerium
1786 613 1825 657 de
1839 613 1972 654 Eltham,
1996 616 2182 651 Duodecimo
2205 623 2250 653 die
2261 622 2310 663 Ja-

1265 659 1373 687 nuarii,
1391 650 1477 681 Anno
1492 650 1590 688 Regni
1603 650 1691 681 nostri
1709 650 1887 682 Undecniio.

1290 723 1311 768 ,Ι
1322 733 1345 755 N
1354 735 1366 755 s
1375 734 1421 755 1³1⁷,
1430 734 1447 755 it
1455 735 1467 755 1
1477 734 1504 756 M
1515 734 1558 769 ιζε
1582 727 1667 770 etiam
1693 726 1940 759 Irrotulamentum
1970 732 2157 768 quarumdam
2189 737 2306 770 aliarum

1260 761 1420 806 Literarum
1434 764 1610 808 Patentiurn,
1627 775 1656 794 in
1674 764 1786 795 Rotulis
1809 765 1992 799 Cancellariae
2012 771 2139 806 praedicti
2155 773 2243 806 Patris
2256 787 2309 808 no.-

1261 800 1310 830 stri
1325 801 1545 840 irrotulatarum,
1563 812 1592 832 in
1608 803 1671 833 haec
1689 804 1791 842 verba,

1261 876 1452 931 HEnricus,
1470 877 1529 909 Dei
1546 878 1716 917 gratia‚Rex
1730 879 1842 918 Angliae
1857 879 1893 915 (ᾤ’
1908 884 2047 922 Franciae,
2064 882 2103 918 ᾤ’
2117 887 2248 917 Dominus
2256 889 2311 919 Hi-

1262 954 1272 985 l
1335 916 1451 955 berniae,
1468 916 1630 956 Omnibus,
1647 918 1682 949 ad
1696 928 1767 956 quos
1782 919 1928 957 praesentes
1942 920 2044 953 Literae
2054 927 2246 965 pervenerint,
2261 927 2312 958 Sa-

1275 962 1362 985 utem.

1298 992 1401 1024 Sciatis
1414 993 1511 1033 quod,

1299 1031 1381 1062 Cum
1396 1031 1596 1068 progenitores
1618 1032 1708 1064 nostri
1730 1034 1935 1074 Affignaverint
1957 1035 2227 1079 Praedecefforibus,
2243 1039 2313 1071 dile-

1263 1069 1320 1100 &ae
1335 1072 1418 1101 nobis
1435 1073 1539 1100 Mariae
1564 1073 1597 1101 de
1621 1076 1756 1102 Montaut
1771 1096 1781 1111 ,
1806 1073 1944 1104 Dominae
1967 1074 2004 1105 de
2035 1075 2205 1116 Myssydeiie
2220 1079 2253 1110 &
2276 1079 2313 1111 de

1260 1107 1363 1147 Blaye,
1381 1108 1507 1148 Uxoris,
1525 1109 1620 1140 dileeti
1635 1111 1668 1141 &
1687 1110 1774 1141 fidelis
1789 1111 1872 1149 Ligei
1888 1112 1993 1152 nostri,
2010 1112 2152 1151 Johanm’s
2166 1118 2314 1148 Dominide

1260 1147 1446 1191 Gramoqat'&
1459 1148 1495 1177 de
1509 1147 1615 1186 Cama,
1637 1148 1772 1186 Magnam
1789 1150 1960 1181 Custumam
1983 1152 2190 1185 Sexcentorum
2209 1156 2313 1188 Dolio-

1261 1193 1325 1214 rum
1339 1184 1406 1215 Vini
1420 1207 1436 1229 ,¹
1454 1184 1609 1216 Sexcentos
1627 1186 1646 1205 ³¹²
1666 1186 1769 1217 Scutos
1787 1197 1894 1219 veteres
1916 1190 2099 1229 attingentem
2116 1214 2126 1230 ‚
2152 1193 2314 1233 Percipien-

1259 1221 1343 1266 dam,
1360 1224 1487 1267 quolibet
1501 1225 1589 1254 Anno
1603 1247 1613 1261 ,
1637 1223 1676 1268 de.
1691 1224 1796 1256 Castro
1817 1227 1913 1258 nostro
1935 1227 2127 1268 Burdegaliae,
2154 1232 2191 1263 de
2205 1232 2312 1265 Primis

1261 1260 1345 1290 Vinis
1364 1261 1476 1291 ibidem
1491 1261 1709 1300 Custumandrs,

1300 1298 1348 1343 De
1369 1300 1471 1339 quibus
1486 1300 1602 1338 quidem
1626 1300 1769 1331 Sexcentis
1791 1301 1882 1334 Scutis
1900 1304 2016 1342 praefata
2039 1308 2138 1338 Maria
2161 1309 2316 1348 aliqualiter

1260 1336 1330 1367 solvi
1346 1348 1405 1369 non
1420 1339 1530 1376 potest,
1546 1346 1576 1369 ut
1591 1339 1773 1377 accepimus,

1299 1375 1385 1413 Nos,
1404 1376 1628 1407 consideratione
1643 1377 1858 1408 Praemiisorum
1893 1379 1929 1410 de
1953 1380 2051 1413 Gratia
2074 1383 2168 1416 nostra
2183 1385 2201 1416 s
2214 1387 2292 1418 eciali

1261 1414 1295 1444 ὃς
1310 1414 1344 1445 ad
1359 1415 1602 1453 Supplicationem
1625 1416 1828 1460 praedkfitorum
1845 1401 1987 1455 johannis
2000 1421 2031 1451 ὅ(
2051 1424 2153 1452 Μανία,
2187 1395 2317 1457 gonces'-

1261 1451 1345 1497 simus
1356 1454 1436 1498 quod
1451 1454 1550 1497 eadem
1566 1457 1682 1493 Maria,
1697 1455 1823 1498 quolibet
1839 1458 1945 1496 Anno,
1962 1457 2078 1489 solvatur
2092 1460 2126 1490 de
2140 1445 2238 1502 ffinis,
2253 1474 2320 1504 pro-

1261 1493 1438 1523 venientibus
1452 1491 1489 1522 de
1503 1492 1575 1523 Villa
1588 1493 1620 1523 δε
1637 1492 1804 1524 Castellania
1818 1494 1855 1525 de
1870 1493 1969 1534 Blaye,
1977 1499 2161 1535 percipiendis
2175 1501 2208 1531 &
2222 1503 2318 1534 levan-

1256 1528 1299 1559 dis
1314 1540 1363 1567 per
1378 1530 1482 1561 Marius
1499 1530 1572 1569 suaS,
1597 1532 1642 1561 seu
1658 1531 1865 1571 Deputatorum
1879 1532 2009 1573 suorum,

1296 1567 1432 1600 volentes
1448 1569 1558 1600 ulterius
1573 1570 1607 1601 δε
1623 1569 1822 1601 Concedentes
1843 1573 1941 1611 quod,
1959 1572 1979 1603 si
2004 1572 2076 1604 Vina
2094 1573 2176 1607 Villae
2200 1577 2233 1608 ὅ(
2255 1577 2313 1610 Ca.

1257 1605 1390 1638 stellaniae
1403 1607 1602 1646 praedirstarum
1617 1607 1651 1638 ad
1671 1608 1805 1639 Valorem
1820 1609 1968 1642 dierorum
1987 1611 2198 1645 Sexcentorum
2214 1615 2320 1648 Scuto-

1257 1655 1324 1676 rum
1346 1656 1407 1677 non
1422 1647 1575 1686 attingant,
1592 1654 1661 1677 tunc
1680 1645 1907 1679 Constabularius
1928 1649 2024 1681 noster
2044 1650 2217 1690 Burdegaliae
2232 1677 2241 1693 ,
2268 1656 2319 1694 qui

1255 1693 1333 1715 nunc
1349 1684 1409 1723 est,
1424 1685 1469 1715 vel
1482 1686 1531 1723 qui
1545 1695 1598 1722 pro
1610 1694 1740 1723 ternpore
1755 1686 1862 1725 fuerit,
1873 1688 1917 1719 seu
1939 1690 1997 1727 ejus
2015 1689 2126 1721 Locum
2146 1701 2256 1732 tenens,
2271 1694 2298 1724 id

1255 1723 1333 1761 quod
1346 1725 1363 1754 a
1378 1731 1453 1754 retro
1468 1723 1550 1754 fuerit
1563 1723 1599 1754 de
1617 1723 1734 1755 Summa
1750 1725 1882 1762 praedicsta
1894 1749 1903 1764 ,
1922 1728 2043 1765 praefatis
2056 1728 2187 1767 Johanni
2201 1732 2234 1763 &
2251 1717 2319 1762 Ma³

1257 1761 2323 1841 inmanes

1411 1822 1421 1838 ,
2310 1827 2324 1835 ..

1256 1848 1303 1869 vat
1323 1840 1356 1870 &
1378 1838 1531 1876 adimplere
1557 1839 1640 1870 faciat
1652 1861 1663 1879 ,
1681 1841 1758 1877 J'uiita
1779 1840 1902 1872 formam
1917 1843 1949 1873 ὃς
1966 1851 2094 1875 tenorem
2109 1818 2323 1890 Primtieml'aiiig-

1256 1878 1376 1908 nationis
1388 1878 1568 1922 supradieiae,
1585 1879 1689 1923 absque
1702 1879 1795 1922 ‘aliqua
1812 1878 1995 1918 Inipetiti'one
2012 1883 2050 1912 eis
2069 1883 2135 1914 inde
2152 1883 2298 1925 facienda,

1257 1952 1281 1984 P
1308 1914 1341 1957 In
1368 1924 1450 1954 cujus
1476 1926 1518 1947 rei
1543 1916 1761 1948 Testimomum
1784 1918 1832 1948 has
1857 1919 1963 1950 Literas
1988 1920 2094 1952 nostras
2120 1921 2179 1954 fieri
2203 1923 2325 1959 fecimus

1282 1962 1394 1985 atentes.

2349 1191 2363 1209 ⁸*
2383 1186 2437 1219 lxi·

2350 1238 2417 1266 410.

1298 2029 1388 2075 Teste
1404 2030 1513 2070 meipso
1525 2054 1534 2070 ,
1552 2033 1628 2077 apud
1644 2035 1802 2078 querium
1815 2033 1848 2078 de
1863 2033 1998 2075 Eltham,
2017 2014 2206 2070 Duodecimo
2219 2039 2266 2072 die
2275 2040 2327 2081 Jad

1260 2079 1370 2108 nuarii,
1389 2069 1479 2101 Anno
1494 2070 1591 2111 Regni
1607 2071 1695 2103 nostri
1711 2071 1890 2104 Undecimo.

1298 2145 1367 2177 Nos
1377 2156 1486 2186 autem,
1505 2149 1603 2179 omnia
1616 2150 1652 2181 &
1665 2148 1774 2186 singula
1788 2151 1817 2179 in
1829 2148 1928 2181 Literis
1961 2151 2084 2182 raedieiis
2096 2154 2327 2194 contenta‚Rata

1259 2184 1393 2216 habentes
1407 2188 1440 2217 &
1454 2187 1560 2225 Grata,
1577 2187 1638 2225 Ea,
1656 2197 1708 2225 pro
1728 2187 1826 2218 Nobis
1839 2211 1849 2227 ,
1868 2191 1901 2220 &
1951 2190 2088 2221 aeredibus
2101 2193 2216 2231 nostris,
2235 2203 2324 2232 quan·

1259 2232 1321 2254 turri
1344 2225 1375 2254 iri
1395 2225 1495 2255 Nobis
1516 2224 1576 2262 est,
1592 2235 1675 2263 prout
1693 2226 1795 2257 Literae
1816 2226 1881 2264 ipsae
1903 2229 2097 2259 rationabiliter
2117 2230 2248 2262 testantur
2262 2255 2272 2270 ,
2290 2234 2326 2265 δε

1260 2271 1345 2300 prout
1361 2263 1489 2299 praedieti
1502 2267 1628 2300 Augerus
1646 2265 1679 2294 &
1694 2264 1826 2295 Heredes
1840 2264 1880 2295 sui
1895 2288 1904 2302 ‚
1930 2276 2043 2297 necnon
2059 2269 2092 2298 &
2106 2269 2212 2306 praefati
2227 2273 2328 2303 Maria

1260 2301 1295 2331 δε
1308 2300 1470 2340 Johannes‚
1488 2301 1591 2331 eisdem
1606 2302 1746 2340 'nucusque
1759 2304 1958 2335 rationabiliter
1974 2306 2012 2335 usi
2025 2306 2329 2350 sunt‚Appr0bamus-,

1262 2338 1463 2378 Rarfficamus,
1478 2341 1528 2378 ὃς,
1546 2341 1663 2371 Tenore
1677 2341 1870 2379 praesentium,
1888 2341 2115 2383 Confirmamus,

1297 2377 1384 2408 Salvo
1402 2378 1511 2416 semper
1524 2378 1594 2416 Jure
1611 2378 1709 2409 nostro
1723 2402 1733 2417 ,
1750 2381 1783 2411 &
1802 2380 1860 2410 aliis
1876 2382 2044 2419 quibussibet
2056 2383 2126 2422 Jure
2142 2382 2209 2424 suo,
2225 2386 2329 2425 quibus

1262 2426 1312 2460 per
1332 2414 1501 2461 Praesentem
1518 2416 1643 2448 nostram
1660 2416 1920 2450 confirmationem
1936 2421 2048 2452 nullum
2058 2421 2191 2454 volumus
2199 2423 2329 2464 praejudi-

1263 2464 1341 2485 cium
1356 2462 1487 2493 generari.

1295 2492 1330 2524 In
1347 2502 1427 2531 cujus
1462 2494 1524 2524 &c.

1262 2531 1425 2601 vemgssiie
1435 2516 1522 2570 Rege
1541 2531 1615 2571 apud
1638 2530 1896 2573 Wstmonasterium
1910 2557 1920 2574 ,
1938 2533 2082 2567 vicesimo
2097 2535 2184 2569 SeXto
2198 2536 2245 2569 die
2260 2537 2331 2570 No-

1338 2648 1391 2677 Per
1407 2648 1500 2717 BITIeve
1507 2646 1547 2724 ἴε
1562 2648 1688 2692 ⁴Privato
1703 2646 1793 2685 Sigillo
1806 2670 1818 2691 ,
1834 2646 1874 2684 ό·
1887 2656 1938 2688 pro
1950 2652 2048 2681 Decem
2063 2653 2170 2682 Marcis
2185 2651 2287 2685 solutis
2299 2656 2330 2685 in

1456 2697 1510 2716 ana
1527 2697 1590 2716 erlo.

1361 2824 1411 2856 De
1430 2822 1599 2856 vastando
1609 2824 1701 2871 fhper
1721 2827 1804 2873 Ligis
1820 2836 1890 2858 cum
1909 2828 1985 2873 Rege
2003 2806 2211 2875 Arragonum.

1328 2906 1353 2938 E
1364 2906 1395 2938 X
1413 2907 1558 2952 Omnibus
1571 2931 1582 2947 ,
1597 2908 1633 2940 ad
1653 2919 1724 2948 quos
1738 2932 1748 2949 ‚
1774 2910 1834 2941 &c-
1854 2909 1980 2942 Salutem
1993 2934 2004 2950 ‚
2028 2912 2062 2943 &
2085 2912 2169 2944 fidem
2183 2913 2329 2947 indubiam
2348 2915 2475 2949 Ann.D⁰

1344 2946 1524 2984 praesentibus
1539 2947 1682 2978 adhibere.
2365 2957 2452 2995 1416.

1304 2985 1352 3016 De
1367 2984 1509 3023 fidelitate,
1528 2986 1667 3023 probitate
1680 3010 1689 3025 ,
1703 2987 1737 3018 &
1752 2986 2015 3025 circumspeffionis
2030 2987 2182 3029 industrii,
2200 2991 2326 3029 praedile-
2344 3000 2369 3022 A
2380 3008 2396 3022 1⁴
2412 3007 2440 3032 4.

1264 3024 1378 3054 &orum
1400 3026 1434 3054 δε
1455 3023 1579 3054 fidelium
1601 3024 1759 3056 nostrorum
1774 3047 1784 3063 ,
1809 3027 2010 3057 venerabilium
2035 3026 2149 3058 Parrum
2163 3051 2172 3066 ‚
2200 3030 2326 3061 Nichosai
2344 3038 2377 3061 Η.
2403 3042 2432 3068 5.

1265 3061 1452 3100 Bathonienfis
1466 3061 1504 3096 ῤ’
1520 3061 1672 3103 PVellenfis,
1687 3064 1797 3093 Roberti
1811 3066 1906 3093 Sarum
1920 3087 1930 3103 ,
1949 3066 1982 3096 δε
1995 3064 2137 3104 Johannix
2152 3068 2325 3108 Coventriae,
2343 3074 2432 3100 sanc.
2447 3083 2477 3109 4.

1265 3100 1427 3139 Lichftldiae
1441 3124 1458 3143 ,Ι
1469 3098 1653 3139 Epzstoporum
1664 3124 1673 3138 ,
1692 3102 1742 3140 &,
1760 3102 1932 3139 prudentum
1948 3105 2220 3142 circumspetfitorum
2240 3106 2324 3138 Viro-
2345 3116 2378 3138 Η.
2394 3120 2421 3146 5.
2437 3120 2477 3139 m.

1265 3149 1347 3177 rum,
1367 3139 1564 3169 Dominorum
1604 3139 1744 3177 Johannis
1760 3140 1882 3181 Typtcffte
1919 3143 2046 3171 Hertonk
2062 3146 2121 3172 Van
2137 3143 2206 3173 clax
2241 3144 2325 3175 Mili·
2347 3159 2375 3184 9.

1265 3177 1385 3245 tumgd&
1401 3176 1533 3214 Magistri
1546 3161 1663 3217 Philippi
1676 3182 1795 3217 Murgan
1810 3163 1945 3218 utriusque
1956 3180 2029 3220 Juris
2040 3168 2325 3220 Dostori3,1;leriarie

1264 3226 1323 3246 con
1364 3225 1458 3253 entes,

1304 3254 1350 3284 Ad
1366 3253 1559 3284 Traeiandum
1596 3252 1855 3294 conveniendum,
1871 3255 2116 3288 Concordandurn
2151 3259 2185 3289 &
2198 3258 2329 3292 Conciti„

1266 3292 1394 3336 dendum
1406 3302 1491 3330 cum,
1507 3276 1904 3337 illuiiriPrincipe,14lphonfh
1917 3297 1986 3332 Rege
1994 3281 2184 3336 Arragonimz,
2199 3299 2243 3329 seu
2256 3309 2329 3330 cum

1266 3341 1326 3368 ejus
1349 3330 1600 3362 Ambaffiaionbus
1615 3353 1625 3369 ,
1644 3331 1851 3362 Coinmissariis
1865 3356 1874 3371 ,
1892 3333 1925 3363 ὃς
1942 3334 2066 3364 Nunciis
2086 3337 2327 3377 quibustumque,

1266 3371 1302 3399 ab
1316 3370 1418 3399 eodem
1435 3369 1519 3404 Reae
1541 3370 1719 3409 Arragonum
1739 3370 1927 3401 sufficientem
1950 3371 2123 3404 Potestatern
2144 3375 2309 3407 habentibus

1266 3408 1301 3438 de
1316 3409 1348 3438 ὃ(
1363 3408 1441 3445 super
1456 3407 1551 3476 Lisss,
1569 3409 1725 3446 Amicitiis,
1744 3410 1777 3440 δε
1792 3409 2112 3449 Confoederationibus,
2313 3399 2324 3415 ³

1304 3445 1379 3477 inter
1396 3446 1479 3483 Nos,
1527 3456 1611 3484 egem
1625 3447 1736 3484 Angliae
1749 3445 1786 3482 (ἐν
1802 3451 1940 3485 Franciae,
1950 3450 1980 3478 ὃς
1992 3448 2155 3481 Dominum
2171 3450 2329 3491 Hiberniae,

1267 3484 1392 3522 Ligeos,
1406 3485 1557 3524 Vaffillos,
1571 3487 1604 3515 &
1619 3485 1752 3515 Subditos
1767 3485 1892 3524 nostros,
1910 3485 2028 3525 Regna,
2045 3487 2163 3527 Terris,
2180 3489 2328 3520 &Domi-

1266 3524 1310 3553 nia
1327 3524 1418 3553 nostra
1432 3533 1639 3561 quaecumque,
1657 3533 1691 3553 ex
1707 3525 1819 3562 uni,&
1836 3524 2138 3562 praefatuni,illustrem
2154 3527 2327 3567 Principem,

1265 3563 1360 3598 Regem
1375 3565 1568 3599 Arragonum,
1591 3563 1710 3599 Ligeos,
1730 3562 1866 3601 Vasallos,
1883 3564 1918 3594 δε
1933 3563 2066 3595 Subdiios
2081 3566 2156 3602 suos,
2173 3566 2328 3605 acRegna,

1266 3599 1383 3636 Terram,
1403 3600 1434 3629 &
1453 3600 1590 3630 Dominia
1605 3600 1650 3630 sin
1665 3610 1849 3639 quiscumque
1861 3624 1870 3639 ‚
1888 3611 1922 3632 ex
1937 3602 2022 3632 altera
2035 3613 2130 3641 parte,
2148 3602 2327 3635 Contrahen-

1267 3637 1326 3675 dis,
1347 3638 1473 3668 ineundis
1484 3659 1493 3674 ‚
1511 3639 1543 3668 &
1560 3637 1718 3674 firmandis,

1305 3676 1350 3706 Ad
1366 3676 1461 3706 Vitam
1475 3676 1598 3706 nostram
1608 3679 1639 3708 ὃς
1648 3678 1717 3707 dieu
1725 3680 1802 3714 Regis
1811 3679 2003 3717 Arragonum,
2012 3677 2056 3709 vel
2071 3678 2105 3709 ad
2118 3679 2263 3710 tantum&
2271 3679 2325 3711 tale

1266 3721 1377 3752 tempus
1392 3714 1700 3752 duraturis,{ecunduni
1712 3717 1787 3753 qiod
1804 3716 1940 3754 praefatis,
1960 3715 2210 3747 Ambaffiatoribus
2223 3718 2326 3750 nostris

1267 3752 1331 3790 Sex,
1340 3752 1475 3790 Quinque
1484 3775 1494 3790 ,
1503 3752 1707 3791 Quatuor,aut
1723 3755 1830 3784 Tribus
1846 3755 2014 3785 eorumdem
2030 3755 2168 3784 videbitur
2182 3756 2332 3796 expedire,

1306 3791 1433 3822 Necnon
1450 3790 1485 3820 de
1501 3792 1534 3821 &
1553 3792 1631 3829 super
1647 3790 1968 3822 Communicationibus
1989 3794 2059 3823 inter
2081 3792 2230 3833 Subditos,
2246 3796 2331 3827 unius

1269 3829 1316 3898 ξεῗι
1324 3831 1357 3858 ris
1371 3830 1404 3896 {t
1420 3829 1544 3897 altegius,
1561 3831 1590 3860 in
1606 3829 1806 3860 Mercimoiiiis
1820 3832 1853 3861 ὃς
1867 3831 1926 3860 aliis
1940 3830 2022 3860 licitis
2036 3852 2047 3869 ,
2063 3829 2160 3861 secure
2175 3832 2208 3863 &
2224 3834 2329 3865 amica·-

1291 3878 1298 3897 i
1311 3876 1360 3897 iter
1387 3877 1466 3897 acien
1490 3879 1509 3898 is

1310 3907 1353 3936 Ac
1375 3906 1409 3936 de
1429 3906 1461 3936 &
1484 3891 1565 3944 super
1587 3906 1722 3936 omnibus
1734 3907 1767 3936 δε
1783 3905 1893 3944 singulis
1908 3905 2057 3943 Articulis,
2073 3915 2334 3949 quantumcumque

1268 3943 1450 3982 specialibus,
1467 3947 1513 3982 qui
1524 3945 1627 3982 Ligas,
1644 3943 1927 3982 ConfoedeiarioneS,
1945 3944 1989 3974 seu
2004 3945 2150 3977 Amicitias
2165 3947 2335 3989 hujusmodi,

1271 3985 1342 4013 inter
1365 3984 1424 4011 Nos
1444 3983 1477 4014 &
1500 3983 1610 4012 dietum
1627 4004 1636 4020 ,
1661 3982 1792 4012 illustrem
1818 3981 1980 4019 Principem
1997 4005 2007 4020 ,
2032 3985 2129 4022 Regem
2156 3988 2334 4025 Arrago-tum

1270 4021 1484 4052 Contrahendas
1503 4022 1536 4052 δι
1555 4020 1703 4052 firmandas
1717 4043 1728 4059 ,
1753 4029 1924 4051 concernere
1945 4030 2076 4058 poterunt
2099 4026 2200 4062 quovis
2219 4027 2310 4056 modo
2325 4051 2336 4067 ‚

2268 4072 2338 4097 cum
