2562 4274
701 100 809 141 ET
891 99 1157 140 ACTA

0 185 122 221 Ann.D-
138 187 273 226 Docilor,
289 186 394 218 Orator
410 185 531 226 Regius,
549 185 583 217 δε
603 184 638 216 de
662 184 814 217 Praemiffis
832 185 1001 217 sufficienter
1027 185 1196 223 instrudlms,

24 235 108 266 1419.
140 224 306 257 Dominum
321 226 450 257 nostrum
466 223 675 256 Sanetiffimum
693 225 799 262 plenius
817 224 997 254 informabit:

0 271 59 295 Heri.
76 270 104 301 5.
176 264 213 295 Et
239 264 305 302 quid
329 265 463 294 haetenus
483 264 648 303 profuerunt
672 263 903 293 Adversariorum
928 262 1078 293 Tractatus
1100 261 1195 298 varii,

142 304 297 342 praeteritus
310 302 458 333 declaravit
475 309 603 332 eventus:

181 341 235 379 Et,
261 342 280 371 si
304 340 372 378 quid
394 339 598 378 imposterum,
621 336 747 369 succursu
770 337 971 377 Temporum,
995 339 1068 369 circa
1090 336 1196 367 Pacem

142 379 291 418 contigerit
307 379 444 417 ordinari,
464 378 598 409 Serenitas
615 376 704 416 Regia
717 376 881 407 Dominum
904 377 1030 407 nostrum
1055 375 1198 407 83ηᾶἰῶ-

144 427 225 448 mum
246 416 281 446 de
298 417 531 455 occurrentibus,
547 416 594 447 seu
613 416 690 454 juxta
705 416 899 454 occurrentia,
918 415 1081 446 certificabit
1106 412 1198 445 confi-

143 457 252 487 denter.

186 534 311 568 Afferuit
327 533 455 574 praefatus
467 533 603 567 Nuncius
636 532 758 564 uoddam
770 531 832 563 fore
844 531 999 571 Statutum,
1017 532 1053 563 ab
1077 533 1146 563 olim
1168 532 1199 562 in

149 574 252 614 Anglia
271 574 448 612 ordinatum,
466 573 607 604 Romanae
656 572 763 603 cclefiae
788 571 821 602 ὃ(
842 571 977 602 Domino
1000 571 1099 602 nostro
1116 571 1201 608 Papae

148 613 412 652 praejudicativum;
430 621 516 650 quare
530 622 578 650 per
595 611 762 649 praedirstum
778 609 931 640 Nuncium
948 610 1095 648 egregium
1113 609 1202 639 fuerat

148 652 296 682 humiliter
309 650 489 691 supplicatum
500 674 509 688 ,
523 649 601 687 quod
622 651 640 669 *
651 649 808 688 dignaretur
825 648 913 688 Regia
931 648 1077 679 Celsitud'o
1091 647 1201 678 dictum

149 689 290 721 Stat-utum
305 690 377 720 inter
397 688 494 726 retari‚
513 689 627 726 tollere,
645 696 691 719 aut
706 686 878 718 modificare.
1032 717 1039 728 ¹

185 727 243 758 Pro
257 728 334 766 cujus
386 727 471 765 egotii
488 726 663 764 expeditione
676 726 717 756 est
733 725 828 756 Menti
851 725 1023 762 tenendum,
1040 723 1135 763 quod,
1154 733 1203 763 per

149 765 298 797 Biennium
310 766 498 803 continuum,
515 767 549 798 ὅς
573 765 641 796 ultra
652 788 661 803 ,
679 764 924 794 Metuendiffimus
942 763 1086 794 Dominus
1108 763 1204 793 noster

149 804 214 835 Rex
227 805 257 834 in
271 804 376 842 Regno
391 803 440 833 suo
457 803 601 842 Franciae,
619 803 652 834 ad
664 803 731 841 Jura
747 802 793 832 sua
809 802 993 832 Haereditaria
1008 801 1204 839 recuperanda,

153 843 299 880 extiterat,
315 850 397 879 prout
418 841 458 872 est
483 842 519 872 de
542 842 666 879 praesenti
681 842 793 871 notorie
808 849 978 883 occupatus,
994 849 1117 882 quorum
1138 838 1206 869 Par-

149 889 210 911 tem
235 889 294 911 non
318 880 461 910 modicam
486 879 593 911 Divina
617 879 776 910 Clementia
801 878 856 908 suae
877 879 992 915 subjecit
1015 877 1145 914 Dinoni,
1164 878 1204 907 ob

150 928 274 957 quorum
289 920 372 949 etiam
387 918 547 949 ulteriorem
563 918 804 955 recuperationem
816 916 929 954 Jurium
946 915 1098 946 nonnullos
1114 915 1205 946 Cam—

151 967 206 995 pos
222 965 298 988 tenet
310 956 456 995 expansos,
475 955 515 987 Ita
529 956 607 994 quod
624 955 755 986 Materiae
769 955 937 993 propositae,
955 963 1037 992 prout
1049 954 1129 993 ipsius
1143 963 1205 992 gra-

152 997 222 1026 vitas
238 995 392 1033 expostulat
402 1019 412 1032 ,
430 1004 489 1024 non
506 993 590 1033 posfit
603 994 682 1025 latius
697 994 841 1024 intendere
855 994 888 1024 ὅ(
902 1003 1000 1025 vacare
1014 992 1102 1031 Regia
1117 991 1206 1023 Celsi-

151 1034 223 1065 tudo
240 1042 271 1064 ut
284 1043 304 1063 o
325 1041 378 1064 tat:

191 1072 270 1110 Qiia
285 1043 353 1110 eipgo
369 1070 406 1100 de
420 1070 546 1108 praesenti
560 1069 656 1101 Locus
670 1071 703 1101 δε
720 1070 851 1108 Tempus
867 1081 926 1100 nori
941 1071 1081 1108 patiuntur
1096 1068 1208 1099 ulterius

153 1110 323 1179 ‘deliberandi
341 1109 515 1148 Consilium,
534 1109 631 1140 Ecce!
651 1109 875 1147 Responsionem
898 1109 932 1139 ad
955 1108 1060 1145 Petita,
1076 1106 1111 1138 ad
1134 1106 1207 1137 Cre-

175 1157 293 1179 entiam·

194 1187 244 1216 Est
259 1171 378 1224 verum,
396 1185 475 1224 quod
490 1186 647 1224 Statutum,
663 1186 698 1216 de
712 1196 771 1224 quo
784 1185 814 1216 fit
829 1185 947 1222 Sermo,
967 1183 1099 1222 nusquam
1121 1183 1210 1227 fuerat

153 1224 317 1256 ordinatum
341 1225 519 1262 temporibus
542 1224 766 1256 Metuendiffimi
788 1224 911 1254 Domini
934 1222 1021 1252 nostri
1046 1221 1182 1265 Moderni
1200 1244 1210 1259 ,

154 1273 208 1293 nec
224 1265 308 1293 etiam
322 1262 425 1293 inclitae
440 1263 657 1294 Recordationis
669 1263 815 1293 Genitor-is
831 1263 885 1298 sui,
904 1261 948 1291 sed
966 1262 1042 1291 retro
1066 1259 1210 1297 Principes

155 1301 268 1340 Angliae
294 1300 406 1340 Reges,
429 1300 516 1338 Ipsius
537 1300 660 1331 Domini
687 1301 775 1331 nostri
799 1301 993 1338 Progenitores
1015 1297 1150 1334 illustres,
1168 1297 1211 1341 di-

155 1340 237 1369 &um
251 1339 391 1371 Statutum
405 1339 502 1378 Regni
519 1340 549 1370 in
564 1340 753 1371 Parliamento
766 1339 874 1370 solenni
888 1338 1043 1369 sanxierunt
1059 1337 1091 1367 &
1110 1335 1212 1366 stabili-

154 1385 269 1409 verunt:

192 1416 275 1446 Solus
289 1425 360 1453 ergo
376 1415 522 1446 Dominus
537 1415 630 1447 noster
644 1415 708 1447 Rex
724 1413 969 1445 Metuendiffimus
983 1412 1095 1443 dierum
1120 1412 1212 1443 Statu-

156 1461 220 1484 tum
231 1477 241 1493 ,
257 1454 302 1486 vel
317 1455 400 1484 etiam
418 1454 490 1484 aliud
504 1455 696 1493 quodcunque
715 1454 873 1491 Statutum,
890 1451 1043 1482 Personam
1057 1450 1133 1481 suam
1151 1449 1212 1481 Re-

157 1494 235 1530 giam
252 1500 367 1531 tangens
380 1493 540 1522 immediate
550 1515 559 1530 ‚

195 1530 338 1561 Obstante
349 1530 516 1568 juramento
532 1541 591 1568 quo
610 1531 639 1560 in
653 1531 697 1561 sua
721 1530 919 1560 Coronatione
939 1525 1112 1566 astringitur,
1130 1534 1213 1565 prout

154 1577 258 1599 omnes
271 1568 305 1599 &
319 1568 417 1606 singuli
430 1569 468 1598 sui
481 1568 692 1607 progenitores,
711 1568 822 1607 Angliae
836 1567 933 1604 Reges
958 1565 1088 1604 illustres,
1105 1566 1214 1596 succes-

156 1606 218 1637 sivis
231 1606 356 1646 ipsorum
367 1606 583 1645 Temporibus,
601 1606 680 1638 simili
696 1607 724 1636 in
738 1607 788 1637 suis
813 1605 1056 1636 Coronationibus
1082 1603 1214 1643 astringe-

154 1645 255 1675 bantur
263 1645 432 1682 juramento
439 1667 449 1682 ‚

192 1683 268 1713 Non
282 1683 393 1721 postet,
411 1682 458 1712 etii
475 1682 581 1721 vellet,
601 1682 658 1713 fine
672 1682 816 1714 Consensu
832 1681 936 1712 Trium
963 1681 1091 1712 Statuum
1113 1680 1214 1719 praedi-

154 1720 269 1752 &orum
281 1722 310 1752 in
325 1719 533 1759 Parliamento,
552 1731 583 1752 ut
596 1723 793 1760 praemittitur,
810 1721 934 1758 solenni,
953 1721 1140 1758 interpretari,
1157 1719 1215 1750 tol-

153 1758 229 1797 lere,
248 1768 293 1790 aut
307 1757 489 1790 modificare:

192 1798 307 1836 Qiare,
325 1797 474 1828 Praemiffis
490 1798 623 1828 omnibus
636 1799 670 1829 δε
686 1797 797 1834 singulis
819 1797 933 1835 debite,
951 1803 982 1826 ut
1005 1795 1104 1834 decet,
1122 1795 1214 1826 confi-

154 1834 270 1873 deratis,
289 1845 342 1873 pro
360 1836 500 1866 constanti
514 1844 590 1866 tenet
606 1836 652 1866 Re
673 1837 696 1866 ia
712 1835 857 1867 Celfitudo
871 1835 962 1874 quod,
983 1834 1051 1865 cum
1069 1844 1118 1872 per
1140 1834 1214 1865 Ora-

155 1881 247 1904 torem
262 1875 341 1905 suum
355 1873 490 1904 Sanctitas
506 1873 629 1904 Domini
645 1845 768 1905 Domini
783 1875 871 1905 nostri
893 1873 977 1911 Papae
998 1873 1081 1903 fuerit
1107 1872 1215 1910 plenius

155 1911 322 1980 gummari,
341 1911 376 1943 de
389 1912 446 1944 ista.
453 1912 576 1944 veridica
589 1913 715 1952 praesenti
729 1913 921 1952 Responsione
942 1913 1046 1943 merito
1065 1920 1214 1944 contenta-

178 1957 240 1982 itur.

5 665 25 686 ff
41 665 93 693 lx.

4 704 67 739 807.

179 2075 227 2108 De
250 2072 388 2117 Custodia
413 2075 633 2122 Temporalium
651 2075 840 2122 Episbopatus
855 2076 1009 2124 PVygorniae
1024 2073 1183 2120 commiffa.

157 2160 271 2215 REX
288 2159 450 2199 Omnibus,
465 2161 499 2191 ad
518 2172 606 2200 quos,
620 2161 681 2192 &c.
699 2160 835 2192 Salutem.

249 2198 345 2229 Sciatis
361 2199 438 2236 quod
446 2221 457 2237 ,
991 2236 996 2241 ι

194 2235 249 2266 Per
273 2236 528 2274 Manucaptionem
551 2237 658 2268 Thomae
678 2239 790 2277 Guynne
808 2236 844 2267 de
861 2235 1034 2275 Londonia,
1050 2235 1083 2266 &
1103 2234 1215 2266 Ricardi

159 2272 298 2304 Trohaites
311 2275 346 2305 de
365 2275 512 2306 Comitatu
525 2276 694 2316 Wygorniae
704 2298 714 2313 ,

6 2313 57 2357 Ρ)
80 2309 88 2318 ‘
105 2348 111 2355 ι
195 2313 371 2354 Commifimus
391 2313 529 2352 Magistro
545 2314 648 2344 David
661 2312 760 2354 Pryfi,
779 2312 932 2344 Canonico
956 2312 1090 2344 Ecclefiae
1110 2310 1216 2343 Cathe—

6 2339 45 2395 ,ἶ
61 2337 111 2395 23„
157 2350 237 2381 draus
252 2351 427 2389 Lincolniae,
440 2353 473 2383 &
488 2351 636 2382 With-elma
650 2352 790 2382 Herdonii
797 2351 964 2383 Custodiam
979 2352 1112 2382 omnium
1121 2351 1216 2382 Tem-

6 2375 66 2434 3·5
115 2389 122 2396 ’
157 2389 297 2457 poffilium
308 2389 410 2427 Episco
431 2390 491 2422 atfis
509 2390 570 2430 Wy
589 2391 714 2435 orniae,
744 2428 769 2458 P
814 2429 819 2435 ι
893 2428 910 2458 h
1101 2426 1126 2457 ll

157 2475 209 2504 per
232 2437 366 2511 ἓῖἳῗςέξέ
389 2429 731 2511 Lofssi‘eiffisss,²v‘32{?1?t¹i¹s¹⁵‚
749 2430 1117 2499 AE‘Yss’msassffaencfiiffrgx
1131 2437 1216 2498 ’ςέἰὶῗὲ

155 2504 289 2542 praedieta
304 2505 484 2536 existentium
493 2530 502 2543 ,

193 2542 349 2580 Habenda,
366 2544 382 2572 a
398 2543 483 2574 Festo
495 2543 591 2574 Sancti
607 2543 775 2583 Michaelis,
792 2543 895 2575 ultimo
909 2544 1067 2582 praeterito,
1082 2542 1167 2581 usque
1181 2542 1216 2574 ad

156 2579 247 2611 Diem
263 2580 463 2612 Confestionis
479 2581 658 2612 Praesentium
671 2605 680 2620 ,

193 2619 354 2650 Reddendo
371 2620 470 2659 nobis,
488 2631 541 2658 pro
556 2620 692 2651 Custodia
715 2619 866 2658 praedista,
884 2619 1079 2664 Qia'dragi'nta
1104 2618 1217 2650 Marcas

156 2665 284 2694 tantum,
301 2658 335 2688 ad
351 2658 530 2689 Scaccarium
547 2659 674 2689 nostrum
684 2683 693 2697 ,
710 2659 745 2690 ad
758 2659 871 2689 Festum
886 2658 1050 2689 Nativitatis
1061 2657 1217 2697 Santho-

157 2696 256 2726 hannis
275 2695 403 2734 Baptistae
416 2698 551 2735 proximo
562 2699 698 2728 futurum.

197 2733 232 2764 Iri
248 2736 344 2771 cujus,
361 2735 424 2766 &c.

195 2771 285 2802 Teste
299 2771 434 2810 Johanne
447 2776 523 2803 Duce
535 2772 690 2813 Beaffiirdiae
706 2771 838 2805 Custode
863 2772 972 2812 Angliae
993 2773 1065 2811 apud
1091 2772 1218 2813 Wstmo-

158 2810 301 2850 nasterium
316 2812 382 2842 xviii
396 2812 442 2842 die
454 2812 603 2843 Offilobris.

7 2173 137 2206 'Ami-D.

24 2222 113 2252 14¹9·

3 2257 57 2280 An.
77 2262 105 2287 7.

301 2889 357 2918 Per
368 2887 477 2957 ⁴{illum
496 2887 648 2919 Willielmi
663 2887 886 2928 Kynwolmerssi
900 2890 1034 2933 Deputati
1047 2887 1220 2928 Thefhurarii

403 2939 437 2965 ng
449 2939 491 2957 tae.

231 3045 252 3067 '⁵
278 3048 324 3079 De
345 3048 567 3095 Temporalibus
589 3050 778 3096 Epiftopatus
802 3049 957 3098 begorniae
979 3046 1152 3083 liberandis.

168 3129 281 3188 REX
297 3131 437 3164 Escaetori
452 3131 501 3163 suo
516 3133 546 3163 in
561 3133 708 3165 Comitatu
721 3132 910 3173 Wygorniae,
928 3132 1059 3164 Salutem.

148 3180 154 3189 ¹
260 3169 341 3200 Cum
355 3173 486 3200 Dominus
499 3174 616 3201 Summus
631 3171 777 3211 Pontifex,
792 3182 881 3211 nuper
896 3181 1009 3202 vacante
1023 3170 1147 3202 Ecclesia
1164 3169 1222 3202 Ca-

117 3218 124 3228 ·
166 3207 284 3238 thedrali
296 3208 467 3247 Wygorniae
482 3219 531 3246 per
549 3209 676 3241 Mortem
687 3235 697 3247 ,
717 3213 801 3241 bonae
822 3211 988 3248 memoriae,
1006 3209 1110 3239 Thomae
1134 3209 1222 3240 ultimi

104 3256 111 3263 ·
167 3247 221 3284 Epi
235 3249 288 3285 copi
306 3247 381 3277 Loci
397 3246 484 3284 illius,
501 3246 594 3278 eidem
612 3247 745 3279 Ecclefiae
760 3249 796 3279 de
814 3247 952 3287 Persona,
971 3248 1065 3279 dileeti
1088 3249 1171 3278 nobis
1191 3249 1223 3279 in

167 3284 304 3323 Christo,
322 3284 437 3323 Philippi
450 3288 568 3322 Morgan
588 3286 728 3323 utriusque
740 3287 814 3325 Juris
830 3287 969 3317 Doctoris
996 3286 1163 3325 providerit,
1181 3288 1224 3327 ip·-

120 3331 127 3342 ¹
167 3322 286 3361 sumque
310 3324 339 3353 in
367 3323 542 3361 Episcopum
565 3323 637 3355 Loci
655 3325 726 3354 illius
742 3325 897 3363 praefecerit
918 3327 952 3356 &
970 3324 1135 3364 Pastorem,
1157 3326 1225 3356 sicut

127 3368 135 3377 ·
169 3371 219 3400 per
244 3362 349 3392 Literas
374 3361 490 3392 Bullatas
515 3361 594 3399 ipsius
615 3362 740 3393 Domini
759 3363 860 3394 summi
871 3362 1035 3401 Pontificis‚
1053 3364 1136 3394 nobis
1160 3364 1225 3395 inde

167 3400 305 3438 directas,
320 3399 417 3430 Nobis
436 3399 564 3438 constat,

205 3438 274 3469 Nos
300 3439 402 3476 (certis
429 3438 466 3469 de
484 3438 568 3469 causis
587 3448 639 3469 nos
656 3438 691 3468 ad
709 3439 826 3477 praesens
845 3439 945 3469 intime
965 3439 1167 3477 moventibus)
1186 3439 1223 3472 de

168 3475 268 3508 Gratia
295 3476 388 3507 nostra
413 3476 545 3514 speciali,
572 3485 629 3508 tam
649 3476 909 3508 Renunciationem
926 3479 1058 3508 omnium
1075 3479 1108 3509 &
1129 3479 1223 3516 singu-

167 3514 262 3545 lorum
280 3516 456 3554 verborum,
483 3516 511 3545 in
530 3515 613 3545 dietis
632 3515 731 3546 Literis
749 3515 858 3546 Bullatis
873 3523 1075 3546 contentorum
1086 3541 1095 3554 ,
1123 3517 1224 3548 Nobis

168 3554 203 3584 &
222 3552 349 3584 Coronae
367 3553 471 3584 nostrae
486 3554 714 3592 praejudicialium
732 3577 742 3593 ,
768 3555 856 3592 quam
872 3553 1046 3585 Fidelitatem
1065 3555 1139 3595 ipfius
1157 3557 1225 3594 Epi-

162 3589 252 3629 fiopi,
271 3591 370 3622 Nobis
385 3594 415 3622 in
432 3592 485 3622 hac.
503 3601 579 3630 parte
597 3592 720 3623 debitam
732 3616 741 3630 ,
766 3593 801 3622 us
817 3603 850 3623 ue
867 3592 900 3622 ad
919 3592 1032 3623 Festum
1049 3592 1224 3624 Purificatio-

169 3630 211 3658 nis
229 3630 317 3660 beatae
334 3630 436 3661 Mariae
454 3632 586 3668 proximo
605 3631 730 3661 futurum
749 3630 795 3660 Re
808 3630 1015 3669 peetuavirnus,
1040 3631 1073 3661 &
1091 3631 1225 3672 Tempo-

171 3666 233 3696 ralia
252 3667 435 3706 Episcopatus
453 3669 541 3707 illius,
559 3677 642 3707 prout
661 3670 747 3699 moris
765 3669 805 3698 est
817 3692 825 3707 ,
845 3668 1028 3699 Restituirnus
1047 3669 1159 3707 eidem,
1192 3700 1195 3703 ,

194 3703 247 3747 *Et
262 3706 329 3736 ideo
344 3707 416 3737 Tibi
430 3707 616 3746 Praecipimus
631 3708 708 3746 quod
724 3707 806 3738 eidem
822 3706 944 3747 Epifiopo
953 3707 1135 3746 Temporalia
1152 3718 1224 3746 prae-

172 3741 264 3780 dieta,
278 3753 344 3774 cum
361 3746 550 3783 pertinentiis,
568 3747 597 3776 in
615 3746 718 3777 Balliva
732 3755 797 3784 tua,
817 3745 872 3776 sine
886 3745 1034 3785 dilatione,
1053 3745 1168 3777 Liberes
1194 3748 1224 3777 iri

174 3780 265 3810 forma
283 3782 431 3821 praedicta,
448 3785 522 3815 salvo
533 3785 603 3824 Jure
618 3784 775 3823 cujussibet.

210 3817 301 3863 Teste
317 3819 442 3863 Johanne
453 3826 526 3855 Duce
538 3822 691 3862 Bedfhrdiae
702 3846 711 3860 ,
729 3820 858 3854 Custode
875 3820 988 3859 Angliae
1002 3822 1076 3860 apud
1099 3823 1227 3865 Wstma-

175 3855 317 3894 naslerium
332 3856 446 3898 decimo
460 3860 577 3895 Ostavo
590 3862 636 3893 die
649 3861 796 3893 Odlobris.

802 3939 854 3967 Per
870 3934 952 3976 ipfiom
966 3939 1069 3975 Regem.

224 4013 296 4043 Tem.
311 4014 359 4044 IV.
379 4015 412 4046 P.
431 4016 489 4044 ΙΙΙ,

1239 100 1717 143 PUBLICA.
2211 117 2288 160 137

1251 222 1417 254 Consimilia
1430 223 1529 255 Brevia
1542 224 1696 264 diriguntur
1713 224 1904 257 Escaetoribus
1917 225 2087 265 subscriptis,
2104 225 2154 257 sub
2168 226 2268 258 eadem
2310 187 2436 264 Ἒῖἒ

1634 263 1707 294 Data
1718 276 1728 302 3
1748 265 1878 296 videlicet
1885 288 1895 303 ,
2307 269 2370 293 Heu.
2387 274 2416 301 5.

1272 335 1410 374 Estaetori
1417 337 1468 376 si'co
1484 340 1513 367 in
1530 340 1601 367 com.
1620 340 1714 369 Warr.

1273 374 1411 441 Efioaletori
1417 376 1511 443 {zomon
1527 379 1598 405 Com.
1616 376 1706 408 Glouc.
1724 388 1756 407 ac
1771 378 1902 409 Marchiis
1919 377 2027 409 Walliae
2039 379 2126 414 ,eidem
2139 381 2285 409 Comitatuz·

1274 424 1471 491 Εῇαζῗῖἶῖῄω
1486 436 1515 482 in
1529 454 1600 482 com.
1616 453 1725 492 Mida-Vs?

1274 525 1311 558 Et
1326 526 1496 558 Mandatum
1511 528 1552 559 est
1568 528 1726 568 Militibus,
1744 530 1805 561 &c.

1514 653 1562 685 De
1587 651 1753 696 Refidentiis
1779 653 2012 700 Reffefluandis.

1244 738 1362 794 REX
1372 762 1381 778 ,
1397 738 1556 772 Venerabili
1570 741 1599 770 in
1615 740 1734 771 Christo
1761 740 1853 780 Patri,
1873 744 1910 771 L.
1926 742 2126 782 Archiepiscopo
2147 743 2294 773 Rothoma-
2314 741 2391 773 Ann.
2399 740 2443 773 D.

1309 777 1392 822 ‘gensi
1409 779 1454 810 seu
1478 780 1535 816 ejus
1558 777 1671 810 Vicario
1688 779 1836 818 Generali,
1854 780 1913 818 ipso
1937 780 2161 819 Archiepiscopo
2185 783 2214 812 in
2232 781 2293 812 Re·
2332 789 2419 820 1419.

1243 817 1663 899 ωέῗῶεὲἓὲῖῗῗέιῖίξιῗᾶεω
1678 856 1760 886 certis
1776 856 1814 899 &¹
1824 855 2009 900 Notabilibus
2033 856 2070 887 de
2092 856 2189 901 Causis
2199 880 2210 895 ,
2225 857 2296 887 Nos
2312 823 2409 893 {5357

1242 889 1390 929 specialiter
1405 894 1601 931 moventibus,
1618 896 1651 925 ὃ(
1668 895 1701 923 ad
1719 895 1961 931 Supplicationem
1973 894 2216 932 Supponentium,
2231 894 2297 926 Na-
2315 900 2371 923 ΡΜ.

1242 931 1326 961 tionis
1341 930 1552 969 Normanniae,
1569 933 1597 962 in
1615 932 1718 962 celebri
1743 932 1917 963 universitate
1940 932 2079 963 Parisiensi
2100 933 2278 964 Studentium
2289 956 2298 969 ‚
2315 938 2403 961 Norm.
2420 937 2449 967 7ss

1244 968 1315 1003 ipsos
1330 969 1375 998 vel
1389 970 1458 1000 alios
1471 971 1665 1008 quoscumque
1680 970 1880 1008 Beneficiatos,
1896 970 1933 1001 de
1956 971 2084 1008 praesenti
2104 971 2227 1002 absentes
2239 996 2248 1009 ,
2264 972 2296 1002 ad
2315 977 2349 1000 H.
2359 977 2448 1008 5.P‚¹-

1245 1006 1440 1038 Residendum
1461 1007 1539 1045 super
1556 1008 1701 1039 Beneficiis
1716 1009 1767 1039 suis
1780 1010 1851 1040 infra
1873 1008 2019 1039 Ducatum
2040 1009 2170 1039 nostrum
2197 1009 2298 1047 praedi·
2314 1020 2350 1037 m.
2371 1019 2400 1044 9.

1245 1045 1341 1082 (stum,
1358 1055 1405 1076 aut
1417 1046 1468 1076 alia
1487 1047 1565 1077 Loca
1581 1047 1679 1077 Nobis
1691 1047 1811 1085 subdita,
1828 1047 1914 1085 usque
1935 1047 2050 1078 Festum
2069 1049 2201 1078 omniurn
2229 1048 2298 1079 Sari-
2312 1049 2374 1085 dors.

1246 1083 1359 1127 &orum
1380 1085 1512 1122 proximo
1540 1085 1681 1124 futurum,
1698 1085 1734 1116 de
1758 1085 1854 1116 Gratia
1872 1085 1966 1116 nostra
1981 1086 2107 1124 speciali,
2124 1086 2299 1124 Respectua-

1247 1131 1369 1153 verimus
1381 1144 1391 1160 ,

1285 1159 1324 1190 Et
1343 1161 1425 1191 vobis
1447 1159 1676 1191 Mandaverimus
1701 1170 1836 1199 quatenus
1858 1161 1894 1192 de
1920 1161 2116 1202 Proceffibus,
2133 1170 2231 1194 contra
2254 1173 2306 1195 eos

1247 1206 1294 1227 aut
1310 1208 1408 1228 eorum
1425 1198 1561 1235 aliquem,
1581 1209 1633 1235 pro
1649 1199 1808 1230 Residentia
1824 1199 1902 1239 super
1916 1200 2061 1232 Beneficiis
2077 1201 2129 1232 suis
2143 1201 2305 1239 hujusmodi

1248 1236 1375 1279 facienda
1386 1259 1396 1274 ,
1411 1235 1489 1266 factis
1503 1238 1537 1267 ὃς
1551 1237 1703 1273 inchoatis,
1723 1238 1808 1275 usque
1823 1238 1937 1269 Festum
1955 1239 2122 1276 praedistum
2136 1240 2303 1279 Supersede-

1249 1282 1330 1312 retis,
1346 1275 1379 1305 δε
1401 1273 1549 1305 Proceffus
1563 1274 1623 1304 illos
1641 1276 1670 1304 iii
1684 1275 1761 1306 Statu
1779 1286 1836 1314 quo
1849 1286 1918 1307 tunc
1935 1277 2046 1307 fuerunt
2060 1278 2147 1316 usque
2158 1280 2233 1309 idem
2251 1278 2304 1308 Fe-

1249 1312 1324 1342 stum
1339 1311 1548 1343 Continuaretis
1565 1314 1599 1344 &
1614 1313 1823 1353 ProrogaretiS,
1844 1314 1981 1346 Mandato
2006 1315 2121 1354 nostro,
2141 1318 2217 1354 prius
2239 1316 2304 1347 inde

1250 1350 1378 1388 diresto,
1396 1360 1456 1380 non
1469 1351 1616 1389 obstante,

1288 1388 1357 1418 Nos
1371 1397 1485 1428 tamen,
1504 1399 1537 1420 ex
1552 1389 1725 1421 habundanti
1751 1389 1849 1422 Gratia
1869 1390 1980 1429 nostra,
1997 1392 2126 1430 praefatos
2150 1393 2308 1432 Absentes;

1248 1426 1283 1457 ad
1312 1426 1504 1458 Residendum
1528 1428 1608 1466 super
1634 1427 1779 1459 Beneficiis
1801 1428 1852 1459 suis
1898 1430 2016 1459 raedietis
2034 1453 2044 1467 ,
2079 1431 2163 1469 usque
2188 1431 2305 1463 Festum

1251 1465 1347 1496 Saneti
1372 1466 1494 1497 Andreae
1517 1467 1651 1504 proximo
1674 1467 1800 1497 futurum
1826 1467 1871 1498 Re
1883 1468 2121 1507 peetuaverimus‚
2138 1469 2306 1501 Mandanres

1251 1504 1334 1534 vobis
1345 1505 1423 1542 quod
1435 1504 1611 1536 Proceffibus
1627 1506 1784 1543 praedietis,
1802 1515 1902 1536 contra
1916 1516 1964 1537 eos
1974 1531 1983 1545 ,
2001 1514 2032 1536 ut
2046 1508 2223 1543 praemittitur
2232 1533 2241 1546 ,
2263 1508 2304 1539 fa-

1253 1542 1305 1572 (Itis
1320 1542 1353 1573 &
1369 1543 1505 1574 inchoatis
1521 1544 1606 1582 usque
1617 1544 1727 1574 dietum
1744 1543 1859 1574 Festum
1875 1544 1970 1576 Sancti
1985 1544 2110 1576 Andreae
2126 1545 2305 1585 Supersedea-

1254 1581 1287 1611 tis
1297 1602 1307 1617 ,
1324 1581 1357 1612 &
1371 1580 1484 1614 eosdem
1499 1580 1679 1612 Continuetis
1692 1584 1725 1614 ὅ(
1743 1582 1912 1620 Prorogetis.

1290 1618 1380 1650 Teste
1394 1618 1478 1659 Rege
1493 1620 1566 1660 apud
1581 1619 1686 1652 Villam
1699 1621 1732 1650 de
1748 1623 1850 1651 Mante
1866 1622 1942 1653 xxvii
1955 1621 2002 1653 die
2016 1621 2164 1653 oetobris.

1882 1700 1935 1729 Per
1950 1699 2031 1738 ipftem
2046 1701 2151 1738 Regem.

1291 1772 1458 1807 Confirnilia
1480 1773 1579 1807 Brevia
1601 1774 1758 1844 dirigunt-udi·
1771 1775 1937 1844 lsubscriptis
1952 1798 1962 1815 ,
1988 1776 2039 1807 sub
2061 1775 2159 1807 eadem
2178 1775 2272 1815 Data,

1704 1825 1732 1846 vi
1755 1824 1852 1853 ercet,

1291 1892 1400 1920 Decano
1419 1887 1458 1924 ῤ’
1481 1889 1604 1929 Capitulo
1628 1890 1762 1922 Ecclefiae
1783 1889 1958 1922 Cathedralis
1977 1890 2216 1930 Constantienfis,
2233 1889 2307 1922 Sede

1254 1926 1360 1958 ibidem
1375 1938 1501 1960 vacante.

1288 1966 1308 1986 *Ψ
1324 1969 1433 1997 Decano
1457 1966 1496 2003 ὠ·
1519 1966 1644 2006 capitulo
1667 1966 1801 1998 Ecclefiae
1824 1966 1995 1999 Cathedralis
2015 1967 2169 2008 Bajocenfis
2183 1991 2194 2007 ,
2219 1967 2311 2006 Sede,
2329 1972 2344 1989 *⁵
2361 1972 2414 1999 ix,

1252 2004 1409 2073 &cbecano
1433 2041 1472 2078 ὠ
1498 2042 1622 2081 Capitulo
1652 2042 1786 2074 Ecclefiae
1806 2043 1979 2076 Cathedralis
2001 2044 2149 2077 Lexovien
2168 2067 2178 2083 ‚
2211 2045 2283 2077 Sede
2300 2069 2310 2083 ,
2328 2009 2394 2046 809.

1255 2082 1402 2150 ἂῖᾗεεαηο
1427 2119 1465 2156 ό·
1486 2117 1608 2159 Capitulo
1630 2118 1763 2151 Ecclefiae
1783 2119 1959 2153 Cathedralis
1984 2121 2160 2153 Ebroicenfis
2176 2146 2187 2160 ,
2213 2120 2309 2159 Sede,

1253 2159 1453 2226 &Venerabili
1468 2197 1496 2226 in
1510 2195 1628 2226 Christo
1643 2195 1717 2227 Patri
1735 2197 1858 2237 Episcopo
1872 2198 2035 2240 Abrincenfi
2041 2225 2051 2240 ,
2063 2199 2110 2232 seu
2122 2199 2180 2238 ejus
2194 2198 2310 2231 vicario

1256 2233 1405 2272 Generali,
1423 2235 1481 2272 ipso
1496 2234 1520 2264 E
1543 2234 1638 2272 {scopo
1654 2236 1683 2264 in
1698 2236 1830 2266 Remotis
1842 2246 1957 2276 agente,
1975 2239 2036 2270 &c.

1294 2272 1453 2304 Venerabili
1468 2274 1497 2302 in
1543 2273 1630 2304 hristo
1646 2272 1722 2304 Patri
1735 2273 1859 2314 Epifiopo
1871 2276 1996 2316 Sagienfi.

1605 2399 1662 2430 Pro
1680 2397 1769 2431 Villa
1789 2396 1825 2431 de
1845 2398 1957 2444 Giftrs.

1257 2485 1374 2544 REX
1388 2485 1533 2516 Omnibus
1544 2510 1554 2524 ,
1570 2484 1604 2516 ad
1620 2495 1710 2525 quoa,
1727 2487 1788 2519 &c.
1806 2485 1939 2517 Salutem.
2332 2490 2410 2522 Arm.
2420 2491 2460 2522 D.

1353 2525 1450 2555 Sciatis
1473 2525 1554 2562 quod
1569 2549 1579 2562 ,
1600 2523 1636 2554 de
1658 2524 1756 2555 Gratia
1777 2525 1872 2556 nostra
1895 2523 2022 2563 speciali,
2049 2525 2231 2565 Conceffimus,
2255 2527 2310 2565 &,
2353 2539 2439 2569 14¹9·

1253 2564 1371 2594 Tenore
1385 2561 1584 2600 Praesentium,
1601 2562 1843 2603 confirmavimus,
1863 2563 1981 2594 Dilectis
1994 2564 2109 2603 Nobis,
2126 2565 2310 2605 Burgenfibus,
2326 2575 2378 2596 An.
2400 2579 2427 2604 7.

1255 2601 1455 2639 Manentibus,
1473 2601 1506 2632 &
1526 2601 1712 2632 habitantibus
1729 2601 1810 2632 Villae
1825 2602 1919 2641 nostrie
1933 2602 1965 2631 de
1980 2602 2070 2642 GiJorr
2088 2602 2168 2641 quod
2187 2603 2239 2641 Ipli
2252 2626 2260 2640 ‚
2276 2605 2309 2636 ὃς
2327 2612 2362 2635 H.
2379 2614 2407 2645 5.

1255 2640 1433 2709 Sucgegores
1447 2639 1704 2679 suilmperpetuum,
1721 2641 1841 2671 habeant
1857 2640 1950 2671 TRas
1975 2641 2096 2672 Faams
2120 2641 2189 2672 infra
2211 2642 2311 2673 Villam
2330 2650 2417 2674 Norm.
2436 2655 2462 2681 7.

1277 2689 1342 2710 raei
1373 2688 1439 2716 am,
2332 2689 2396 2717 H.5·.
2427 2694 2463 2713 .2.

1255 2690 1275 2718 p
1295 2715 1328 2747 U
1339 2725 1361 2747 N
1372 2727 1391 2748 A
1400 2724 1426 2746 M
1445 2715 1601 2754 (videlicet)
1616 2716 1662 2747 die
1677 2716 1767 2747 Lunae
1782 2717 1812 2748 in
1825 2716 1985 2755 septimana
1998 2716 2194 2757 Pentecostes,
2327 2733 2364 2752 m.
2382 2690 2427 2751 up.

1294 2755 1313 2786 S
1325 2765 1342 2786 a
1354 2763 1401 2786 cu
1414 2764 1435 2785 N
1449 2763 1470 2784 1)
1479 2763 1535 2785 AM
1551 2756 1581 2785 in
1596 2755 1685 2786 Feero
1700 2755 1794 2786 Saneti
1809 2755 1960 2786 Laurentii.

1296 2794 1333 2824 Et
1346 2794 1377 2824 T
1386 2803 1404 2824 E
1414 2803 1437 2824 R
1446 2801 1469 2822 ’r
1478 2802 1488 2823 1
1498 2803 1516 2824 A
1525 2801 1552 2823 Μ
1567 2794 1595 2823 in
1611 2793 1695 2824 Festo
1713 2793 1808 2825 Sancti
1825 2794 1912 2825 Lucae
1926 2793 2111 2834 Evangelistae
2121 2817 2131 2833 ,

1297 2832 1419 2868 Singulis
1437 2831 1526 2862 Annis
1539 2831 1708 2871 Tenendas,
1726 2832 1776 2863 nisi
1790 2832 1813 2862 F
1822 2842 1839 2862 E
1852 2842 1875 2863 R
1885 2842 1896 2863 1
1906 2841 1937 2863 ΑΞ,
1951 2832 2004 2863 illae
2020 2832 2073 2864 fint
2089 2832 2124 2864 ad
2140 2832 2174 2863 N
2176 2842 2316 2865 ocumen-

1260 2879 1322 2903 turn
1338 2870 1505 2901 Vicinarum
1520 2869 1678 2909 Feriarum,

1297 2909 1395 2948 Qare
1410 2908 1549 2938 Volumus
1565 2910 1599 2940 ὃς
1614 2908 1730 2939 firmiter
1744 2908 1946 2946 Praecipimus,
1965 2918 2018 2946 pro
2037 2908 2136 2943 Nobis
2170 2911 2204 2941 ὃς
2216 2908 2318 2940 Haere-

1260 2947 1340 2977 dibus
1357 2946 1475 2983 nostris,
1493 2947 1572 2983 quod
1585 2947 1711 2984 praedie'ti
1726 2948 1889 2985 Burgenft’s,
1905 2947 2072 2986 Manentes,
2091 2947 2125 2978 &
2138 2932 2316 2986 flammantes,

1259 2987 1293 3017 &
1308 2984 1485 3016 Succeffores
1500 2982 1540 3014 sui
1555 2985 1684 3024 praediffi
1695 2988 1896 3024 imperpetuum,
1909 2985 2027 3016 habeant
2042 2985 2064 3015 F
2074 2995 2092 3016 E
2103 2994 2126 3016 R
2136 2995 2148 3016 1
2159 2996 2177 3016 A
2188 2996 2200 3017 s
2215 2986 2316 3026 praedi-

1262 3025 1335 3062 ἂαε,
1354 3022 1423 3053 infra
1441 3021 1548 3052 Villam
1565 3022 1747 3062 praedictam,
1764 3033 1832 3054 cum
1847 3024 1980 3054 omnibus
1996 3024 2203 3062 Libertatibus,
2218 3026 2249 3056 &
2267 3023 2317 3053 Li-

1260 3063 1333 3093 beris
1353 3059 1628 3099 Consuetudinibus,
1652 3061 1686 3091 ad
1708 3061 1866 3099 hujusmodi
1886 3062 2006 3092 mes
2031 3063 2248 3100 pertinentibus,
2267 3062 2317 3092 nifi

1260 3098 1482 3170 lgenaeinaestsmt
1498 3098 1533 3128 ad
1548 3099 1772 3131 Nocumentum
1791 3099 1957 3131 Vicinarum
1979 3101 2138 3139 Feriarum,
2157 3101 2224 3131 sicut
2245 3109 2316 3138 prae-

1283 3140 1371 3169 ictum
1388 3148 1403 3167 e
1432 3160 1438 3166 .

1300 3176 1333 3206 In
1348 3176 1444 3213 cujus,
1462 3175 1524 3206 &c.

1297 3213 1387 3246 Teste
1402 3213 1485 3253 Rege
1500 3213 1575 3252 apud
1590 3213 1694 3245 Villam
1700 3213 1781 3255 fliam
1796 3214 1828 3245 de
1843 3217 1944 3247 Mante
1957 3216 2029 3246 xxix.
2047 3215 2092 3246 die
2107 3214 2254 3246 Offilobris.

1907 3297 1960 3326 Per
1978 3295 2059 3336 ipsum
2072 3299 2175 3335 Regem.

1507 3425 1565 3455 Pro
1588 3422 1757 3464 Consilimio
1781 3424 1878 3455 Ducis
1902 3425 2071 3457 Britannice.

1263 3504 1393 3563 REX,
1411 3516 1461 3546 per
1479 3506 1584 3537 Literas
1599 3506 1654 3536 suas
1667 3505 1811 3544 Parentes,
1826 3515 1876 3544 per
1890 3506 1974 3537 Duos
1992 3506 2105 3538 Menses
2116 3507 2247 3546 proximo
2270 3504 2315 3548 su·
2330 3513 2406 3545 Arm,
2422 3513 2468 3546 Dg

1331 3553 1409 3575 turos
1424 3546 1582 3582 duraturas,
1597 3544 1709 3581 suscepit
1720 3545 1748 3574 in
1762 3543 1865 3575 salvum
1876 3567 1885 3582 ,
1904 3546 1964 3576 &c.
1984 3547 2129 3575 Henricum
2144 3543 2212 3582 Ingh
2234 3542 2313 3572 Mili-
2359 3563 2444 3593 1419„

1261 3591 1320 3614 tem
1336 3583 1421 3620 usque
1436 3582 1614 3612 Praesentiam
1631 3583 1737 3621 Regis,
1753 3591 1821 3612 cum
1836 3582 1943 3622 Viginti
1964 3582 2092 3614 Personis
2114 3585 2142 3613 in
2168 3581 2314 3612 Comitiva
2333 3595 2383 3620 Aa.
2398 3603 2424 3628 7·

1261 3621 1321 3660 sua,
1339 3621 1385 3652 vel
1398 3621 1467 3651 infra
1488 3621 1697 3659 (cujuscumque
1710 3619 1818 3659 StatfiS,
1839 3619 1972 3660 Gradus,
1990 3623 2033 3653 vel
2056 3621 2234 3652 Conditionis
2254 3618 2315 3648 fue-
2331 3635 2364 3659 H.
2385 3639 2415 3666 5.

1262 3661 1335 3698 rint,
1353 3660 1462 3689 ma'oris
1476 3659 1521 3689 vel
1539 3659 1682 3696 minoris,)
1706 3659 1843 3697 Atinatis,
1860 3660 1906 3691 vel
1924 3671 1984 3691 nori
2011 3660 2149 3696 Armatis‚
2169 3659 2225 3688 una
2244 3666 2314 3687 curn
2330 3669 2434 3696 ibidem.

1262 3697 1364 3737 Equis,
1405 3698 1466 3727 onis
1476 3720 1485 3735 ,
1503 3695 1643 3729 Hernesiis
1653 3721 1663 3736 ,
1681 3697 1714 3728 δε
1730 3697 1869 3735 Cariagiis
1882 3698 1933 3729 suis
1949 3699 2190 3736 quibuscumque,
2200 3697 2316 3726 venien·
2328 3710 2468 3745 ,mnan

1261 3737 1315 3774 do,
1332 3734 1437 3766 ibldem
1454 3736 1594 3766 morando
1608 3737 1642 3767 ὃς
1657 3735 1903 3775 perhendinando,
1920 3737 1953 3767 &
1970 3736 2071 3766 exinde
2086 3735 2119 3766 ad
2143 3735 2236 3765 Partes
2260 3734 2317 3765 suas

1263 3775 1387 3813 proprias
1401 3773 1477 3804 salvo
1494 3773 1527 3804 &
1541 3774 1636 3805 secure
1653 3773 1814 3813 redeundo,

1300 3812 1418 3842 Proviso
1430 3811 1539 3851 semper
1551 3813 1631 3851 quod
1646 3812 1695 3850 ipsi
1711 3814 1884 3851 quicquam,
1902 3813 1963 3843 &c.
1982 3812 2015 3843 δε
2036 3810 2115 3849 quod
2138 3809 2186 3850 ipsi
2208 3809 2318 3842 nullum

1265 3851 1449 3888 Castrorum,
1466 3850 1528 3881 &c.

1301 3889 1575 3968 ifiefiigufizggbud
1588 3925 1691 3958 Villam
1697 3924 1779 3965 fitam
1792 3925 1824 3956 de
1838 3927 1938 3956 Mante
1949 3925 2021 3955 xxix.
2036 3923 2082 3955 die
2098 3924 2246 3956 O&obris.

1938 3981 1991 4009 Per
2003 3978 2084 4019 ipsum
2099 3984 2202 4018 Regem.

1739 4016 1758 4047 S
2272 4022 2325 4051 Pro
