2562 4274
834 126 943 167 ET
1027 127 1284 168 ACTA

51 219 126 250 Ann.
137 216 180 247 D.

35 261 38 264 ’
73 256 156 296 ¹413·

52 302 113 325 Heri.
133 303 160 330 5·
511 300 571 330 Pro
591 299 704 330 Comite
720 295 756 329 a'e
773 300 938 332 Pentieure.

50 406 103 430 ²¹²²·
121 401 149 429 ⁶·
202 388 258 443 R
269 381 1248 459 {ffisriffissl‘rssi‘fffsiiffirffffieffii‘32'tussfi‘3ueHsssgei‘ffiuffivfflssmgss'

50 444 132 506 {3277ss
157 480 174 504 6
198 460 377 491 Guillielmum
400 445 518 498 Beaupel
530 482 540 497 ,
567 459 752 490 Secretarium
781 445 888 489 Comitis
919 434 1113 491 depPentieure
1128 483 1137 498 ,
1162 444 1248 498 iisque

48 520 84 543 11.
114 537 120 543 ι
137 499 150 543 ’.
163 499 186 543 12
197 498 377 543 Praesentiam
392 498 494 543 Regis,
513 507 581 529 cum
595 497 733 536 Qinque
748 497 836 536 Equis
849 498 958 543 suisvel
973 500 1044 531 infra
1058 500 1086 529 in
1101 497 1248 542 Comitiva

94 525 110 549 5
126 522 141 552 P
195 539 257 575 sua,
275 536 437 574 veniendo,
455 536 563 567 ibidem
578 537 718 566 morando
729 536 762 566 ὃς
778 537 1026 576 perhendinando,
1044 538 1077 568 δε
1092 537 1193 566 exinde
1212 536 1248 566 ad

198 575 318 614 Propria
333 574 495 614 redeundo,
512 584 545 604 ac
559 573 655 612 Bona,
674 574 747 612 Res,
768 575 801 605 δε
815 574 950 606 Hernefia
962 576 1006 606 sua
1023 584 1229 613 quaecumque,

230 614 350 646 Proviso
370 615 475 651 semper
496 612 576 657 quod
598 613 654 650 ipse
666 614 838 652 quicquam,
859 614 936 651 quod
950 615 979 644 in
994 613 1084 653 Regis
1096 621 1249 651 contemp-

194 661 275 721 turIn,
291 654 352 697 &c
370 651 505 721 qgggque
517 651 572 688 ipse
585 651 695 682 nullum
709 649 894 691 Castrorum,
909 653 970 683 &c.

230 700 371 759 'Fessgulsk'
409 738 425 758 e
445 713 473 757 in
497 730 629 758 Exercitu
642 729 692 769 fico
704 735 769 759 ante
783 732 932 759 Civitatem
946 727 1248 768 Rothomagensemfie-

198 763 294 800 cundo
307 765 368 798 Die
414 767 560 797 ecembris.

50 564 86 581 m.
99 555 126 581 6.

875 846 929 874 Per
943 843 1025 882 ipffim
1040 846 1144 881 Regem.

548 969 600 1000 De
618 963 899 1010 Praeftntationibus.

51 1045 126 1074 Ann.
141 1043 182 1074 D.

72 1083 157 1122 1418.

49 1126 101 1150 An.
117 1124 142 1150 6.

51 1165 84 1187 H.
104 1169 129 1194 ς’.

64 1198 128 1226 thid.

200 1050 406 1111 RAdulphus
418 1054 533 1081 Sauvier
547 1049 733 1088 Cappellanus
752 1049 835 1081 habet
855 1050 961 1082 Literas
974 1050 1063 1090 Regis
1076 1051 1110 1082 de
1124 1051 1249 1083 Praesen-

270 1093 376 1122 tatione
394 1089 428 1120 ad
450 1089 602 1119 Ecclesiam
621 1089 717 1119 Saneti
739 1088 857 1120 Martini
875 1089 911 1120 de
934 1089 1067 1120 Boullont
1082 1090 1250 1121 Abrincensi

197 1130 332 1161 Dioecese
343 1153 352 1165 ,
375 1126 533 1169 Vacantem
550 1138 599 1164 per
619 1127 751 1158 Mortem
773 1130 868 1165 Rogeri
880 1127 980 1158 Boulee
993 1128 1101 1159 ultimae
1119 1128 1251 1160 Persona:

197 1169 318 1205 ibidem,
333 1169 367 1198 ὃς
383 1165 419 1196 ad
433 1166 522 1203 Regis
535 1165 733 1197 Donationem
745 1166 916 1204 speetantem
930 1175 960 1197 ut
972 1166 1087 1205 dicitur3

237 1206 276 1237 Et
289 1206 447 1241 diriguntur
466 1205 571 1235 Literae
594 1204 648 1235 illae
660 1204 776 1235 Vicario
792 1205 927 1236 Generali
940 1204 1076 1244 Episcopi
1090 1204 1252 1235 Abrincen-

198 1245 249 1281 sis,
265 1244 324 1284 ipso
339 1243 481 1281 Episcopo
493 1244 523 1273 in
538 1243 671 1274 Remotis
683 1252 793 1282 agente.

235 1283 269 1314 In
284 1283 380 1321 cujus,
399 1282 462 1312 &c.

216 1361 220 1366 ¹
234 1320 326 1390 TleDste
332 1319 468 1389 {egenti}
483 1322 614 1364 Exercitu
623 1320 673 1359 sico
689 1327 755 1351 ante
770 1323 920 1350 Civitatem
934 1319 1169 1359 Rothomagensem
1178 1328 1251 1359 ,ter-

202 1369 243 1391 tio
293 1370 317 1391 ie
366 1368 415 1389 ece
468 1369 511 1390 ris.

888 1437 941 1465 Per
954 1434 1035 1474 ipſstm
1045 1437 1150 1473 Regem.

204 1514 270 1575 G
280 1511 428 1543 Uillielmus
448 1515 543 1542 Morin
561 1511 728 1550 Capelianus
748 1512 835 1542 habet
856 1510 963 1541 Literas
978 1511 1066 1550 Regis
1080 1510 1116 1541 de
1129 1510 1255 1541 Praesen-

288 1553 395 1582 tatione
414 1551 448 1581 ad
470 1550 626 1581 Ecclesiam
646 1550 742 1581 Sancti
761 1549 880 1579 Martini
901 1549 936 1579 de
957 1550 1065 1588 Vernys
1084 1550 1255 1580 Abriiicensi

200 1590 354 1627 Dioecese,
372 1598 518 1620 vacantem
534 1598 582 1625 per
596 1587 726 1620 Mortem
745 1587 852 1619 Oliveri
867 1586 1008 1618 Gambelin
1028 1588 1135 1620 ultimae
1156 1587 1255 1619 Patso-

200 1639 245 1659 nae
261 1628 387 1665 ibidem,
404 1626 465 1662 &a
484 1634 514 1656 ut
524 1628 616 1666 supra.

236 1666 327 1697 Teste
340 1674 371 1696 ut
386 1667 473 1704 supra.

198 1742 390 1803 Rlchardus
412 1745 506 1772 Morin
528 1741 611 1772 habet
631 1741 737 1773 Literas
760 1742 851 1779 Regis
863 1742 899 1772 de
913 1742 1132 1773 Praesentatione
1147 1742 1181 1772 ad
1196 1740 1254 1772 Ec—

269 1782 381 1815 clesiam
396 1780 638 1818 SanCtiJohannis
649 1781 684 1811 de
700 1780 829 1819 Maligny
845 1780 1014 1812 Lexovienii
1028 1781 1176 1818 Dioecese,
1195 1779 1253 1810 Va-

198 1829 313 1851 cantem
333 1829 383 1857 per
405 1819 539 1849 Mortem
559 1818 688 1857 Stephani
698 1820 730 1849 de
744 1822 848 1849 France
862 1820 970 1850 ulrimae
985 1819 1114 1850 Parsonae
1127 1819 1252 1856 ibidem,

198 1860 233 1889 δε
247 1858 282 1888 ad
294 1857 386 1895 Regis
403 1856 602 1887 Donationem
617 1858 788 1895 spee'tantem
803 1867 833 1888 ut
845 1857 967 1895 dicitur3

238 1896 277 1927 Et
295 1895 448 1935 diriguntur
470 1895 572 1925 Literae
587 1896 639 1926 illae
657 1896 778 1927 Decano
793 1897 827 1929 Sc
845 1895 980 1935 Capitulo
996 1896 1132 1928 Ecclesiae
1147 1895 1253 1927 Cathe—

199 1935 281 1966 dralis
298 1934 493 1973 Lexovieni'is,
510 1934 582 1965 Sede
598 1934 733 1966 Vacante.

233 1972 267 2003 In
279 1973 373 2011 cujus,
390 1974 452 2003 &c.

234 2010 331 2043 Testev
342 2020 373 2043 ut
387 2012 474 2050 supra.

199 2137 306 2168 Litera
331 2137 417 2181 Regis
429 2135 446 2175 ¹,
479 2134 593 2168 diresin
619 2134 777 2169 Cardinali
801 2134 837 2168 de
861 2135 994 2178 Ursinis,
1023 2145 1058 2168 nt
1075 2133 1248 2168 exhortetur

245 2181 477 2227 Ambaffiatores
504 2188 605 2217 Partis
621 2184 750 2229 adverse}
776 2183 821 2216 ad
835 2183 1028 2217 tratiandnm'
1046 2187 1082 2221 ὠ·
1097 2183 1255 2230 proceden-

246 2231 321 2266 dum
334 2259 344 2276 ‚
368 2245 449 2277 more
459 2233 548 2278 sblito
559 2258 569 2274 ‚
596 2236 628 2265 in
643 2233 792 2266 Ydiomate
810 2235 932 2266 Latino.

51 2309 129 2340 Atin.
142 2308 184 2340 D.

74 2349 160 2387 1418.

51 2391 104 2415 Aa.
119 2389 148 2415 6.

50 2430 85 2452 H.
102 2435 129 2460 5.

50 2463 166 2491 ExBibl.

51 2506 110 2529 Cot.
122 2504 166 2529 'H-

49 2541 133 2567 herim

50 2582 79 2605 B.
97 2578 182 2606 6.Fol.

53 2626 98 2651 32.
115 2621 147 2644 Β.

51 2655 72 2673 *
94 2656 148 2682 lx.

51 2693 117 2728 656.

283 2320 415 2356 Enricus,
434 2317 494 2349 Dei
515 2318 613 2350 Gratia
626 2342 636 2358 ,
654 2319 714 2349 &c.
732 2317 978 2350 Reverendiffimo
991 2319 1020 2348 in
1034 2317 1151 2348 Christo
1163 2317 1256 2355 Patri,

294 2355 437 2387 Cardinali
459 2357 491 2387 de
515 2357 638 2397 Urfinis‚
663 2357 778 2388 Consan
800 2359 885 2388 uineo
906 2357 1005 2388 nostro
1019 2355 1191 2394 Cariffimo,
1208 2357 1257 2387 Sa-

202 2396 306 2434 lutem,
325 2397 358 2427 &
373 2396 518 2433 prosperos
533 2397 562 2426 in
580 2395 701 2436 Agendo
715 2396 748 2425 ad
790 2405 838 2426 ota
851 2396 1010 2426 Successus.

241 2438 255 2451 ³*
276 2433 498 2472 Reverendtffime
510 2437 610 2472 Pater,
631 2434 827 2473 consanguinee
841 2434 991 2473 Cartffime,

239 2472 428 2503 Intelleximus
445 2472 524 2510 quod
537 2473 756 2503 Ambaffiatores
772 2472 943 2512 Adversarii
961 2471 1042 2512 nostri
1062 2472 1186 2502 omnino
1199 2471 1259 2502 vel-

201 2510 260 2541 lent
282 2512 311 2540 in
334 2511 490 2541 Ydiomate
511 2511 626 2542 Gallico
649 2512 788 2542 tradtare:
817 2511 895 2549 quod
916 2512 945 2540 in
967 2511 1111 2549 praeteritis
1126 2533 1136 2548 ,
1159 2511 1258 2540 habitis

202 2559 270 2580 cum
286 2550 340 2587 eis,
356 2549 539 2580 Tradiatibus
559 2560 618 2580 non
641 2550 683 2580 est
697 2574 707 2588 ‚
731 2549 831 2580 nostris
845 2550 1057 2587 Temporibus,
1075 2548 1259 2586 consuetum;

199 2588 246 2618 sed
275 2587 309 2617 ad
336 2588 444 2625 semper
473 2588 691 2619 Ambaffiatores
715 2588 840 2619 Franci-ae
871 2588 1016 2628 (quotiens
1042 2597 1112 2618 cum
1134 2586 1235 2617 nostris
1250 2611 1260 2625 ,

201 2625 339 2657 tra&andi
352 2626 456 2664 gratia,
475 2627 640 2657 recoluntur
653 2627 766 2657 insimul
780 2626 957 2663 conveniise)
974 2628 1002 2656 in
1018 2625 1119 2656 Latina
1133 2625 1259 2664 Lingua,

200 2675 265 2703 quae
279 2664 321 2695 est
336 2664 498 2695 indifferens
513 2666 595 2696 omni
603 2665 745 2704 Nationi,
763 2665 967 2702 tra&averunt;
985 2666 1018 2695 &
1033 2664 1121 2695 nostri
1134 2664 1258 2694 similiter

200 2705 230 2733 in
247 2702 347 2733 eadem
370 2703 483 2743 Lingua
502 2705 734 2742 consueverunt,
759 2713 794 2734 ex
816 2702 963 2733 Consensu
986 2713 1088 2734 mutuo
1102 2726 1112 2741 ,
1137 2702 1257 2733 scribere

201 2741 287 2772 Facta
299 2742 343 2772 sua
352 2764 362 2780 ,
378 2741 397 2771 fi
412 2752 476 2780 quae
490 2744 668 2774 continoeret
682 2751 789 2773 mutuae
802 2741 955 2779 Scripturae
970 2743 1127 2772 committi.

240 2779 329 2819 Cujus
348 2788 426 2818 muta
439 2781 535 2811 'onem
556 2767 651 2812 Μῗπίε
673 2780 781 2819 pristini
796 2804 806 2819 ,
824 2781 957 2811 hactenus
972 2781 1110 2811 observati
1125 2780 1185 2817 (cui
1199 2779 1260 2810 {atis

199 2818 278 2849 favet
299 2818 411 2848 summa
464 2820 561 2849 ationis
582 2820 706 2858 Equitas)
729 2829 788 2850 non
812 2821 879 2850 velit
898 2819 988 2850 vestra
1007 2819 1258 2858 ConsanguinitaS,

198 2856 377 2895 quaesumuS,
392 2856 543 2895 affeetare3
561 2856 607 2888 sed
629 2857 848 2888 Ambaffiatores
870 2858 957 2888 Partis
970 2857 1092 2888 adversae
1107 2857 1257 2895 praedidios

199 2896 383 2926 effe&ua.liter
397 2895 536 2926 exhortari
551 2896 585 2926 ad
601 2896 779 2926 tradiandum
795 2896 829 2926 &
842 2895 1062 2927 Procedendum
1076 2920 1086 2934 ‚
1112 2895 1202 2925 More
1214 2894 1259 2925 so-

200 2932 269 2972 lito,
285 2935 315 2964 in
338 2934 442 2965 Latino
457 2957 466 2972 ,
493 2935 563 2965 cum
586 2933 741 2964 Dostiores
766 2933 946 2964 Ambassiatae
961 2935 1080 2973 nostrae,
1099 2934 1256 2965 Vobiscum

201 2971 365 3010 constituti,
382 2971 529 3003 Gallicum
543 2982 602 3002 non
614 2972 785 3011 intelligant,
804 2972 851 3003 sed
866 2982 920 3003 nec
936 2974 1046 3010 penitus
1060 2974 1138 3011 loqui
1151 2972 1255 3003 Sciant.

237 3008 274 3039 Et
290 3011 429 3041 credimus
452 3011 549 3050 quod,
568 3011 587 3041 si
605 3010 823 3042 Ambaffiatores
839 3010 996 3041 Adversarii
1011 3011 1099 3041 nostri
1114 3011 1186 3042 adeo
1211 3020 1260 3048 per

204 3046 342 3078 effectum
356 3048 535 3086 disponantur
549 3049 582 3080 ad
598 3049 721 3087 Pacem,
737 3049 808 3080 sicut
822 3051 952 3079 exteriori
967 3050 1139 3087 praetendere
1160 3050 1261 3079 dicun-

201 3095 247 3116 tur
264 3084 368 3116 effeetu
377 3109 387 3124 ,
405 3088 433 3116 in
446 3087 499 3118 hac
513 3088 636 3118 inusitata
651 3098 680 3118 re
693 3088 794 3118 diutius
807 3098 867 3118 non
882 3087 1039 3126 instabunt3
1058 3089 1129 3128 ymo
1138 3110 1148 3125 ,
1167 3087 1260 3117 siom-

202 3126 273 3154 nino
287 3124 320 3153 &
334 3123 369 3154 ad
383 3133 543 3156 exrremum
557 3127 585 3156 in
599 3127 657 3157 hoc
670 3126 837 3165 institerint,
857 3125 993 3156 Moribus
1015 3127 1128 3156 insolitis
1151 3125 1260 3155 conde-

200 3161 333 3192 scendere
355 3171 415 3192 non
434 3163 603 3194 intendimus
618 3188 627 3202 ‚
654 3165 733 3195 sicuti
753 3174 807 3195 nec
829 3174 976 3202 tenemur,
1000 3166 1033 3196 ὃς
1049 3163 1192 3202 potissime
1209 3163 1259 3193 nisi

201 3201 237 3231 N
239 3200 353 3244 ostrates
366 3200 466 3231 melius
480 3202 667 3239 intelligerent
682 3203 908 3241 &loquerentur
924 3202 1086 3241 Gallicam,
1103 3203 1190 3240 quam
1205 3211 1259 3232 no-

200 3247 303 3271 verint.
442 3252 447 3255 -

238 3277 308 3308 Dat.
325 3277 386 3307 &c.
407 3276 517 3307 Mensis
532 3277 704 3309 Decembris
717 3278 763 3310 die
778 3280 895 3320 Qiarta.

238 3360 348 3396 Recepte
360 3369 378 3386 a
396 3356 572 3387 Pontelarche
587 3357 613 3387 Ie
627 3362 669 3388 iv.
684 3358 759 3397 Jour
777 3359 809 3389 de
825 3358 980 3390 Decembre.

202 3495 280 3527 Alia
304 3498 411 3528 Litera
439 3495 535 3529 eidem
561 3495 720 3529 Cardinali
741 3523 752 3538 ‚
783 3495 819 3529 de
852 3499 1057 3542 Controversia
1066 3501 1158 3546 snper
1178 3499 1264 3533 Ydio-

292 3554 375 3576 mate
386 3571 396 3586 ‚
422 3557 479 3590 qno
495 3545 627 3577 tractare
641 3543 747 3578 debent
766 3543 1016 3590 Ambaffiatores,
1040 3558 1160 3581 exorta.

181 3647 188 3654 ·
205 3626 393 3687 HEaricus
407 3653 417 3668 ,
443 3630 503 3660 Dei
519 3629 636 3668 Gratia,
653 3630 713 3660 &o
733 3629 979 3661 Reverendiffimo
1002 3633 1031 3662 in
1054 3631 1172 3663 Christo
1189 3632 1263 3664 Patri

56 3663 163 3728 A1n4168·
207 3668 440 3736 lntemngcdinali
453 3669 485 3698 de
500 3669 618 3710 Urfinis,
637 3668 860 3706 consanguineo
884 3668 985 3700 nostro
1009 3669 1163 3702 Carissimo
1179 3694 1188 3710 ,
1213 3672 1263 3702 Sa-

62 3744 98 3783 H:
117 3748 134 3774 5
241 3716 460 3783 Reeren‘t-iliffime
474 3748 575 3782 Pater,
593 3747 654 3777 &c.

59 3777 115 3804 ΜΖΑ
246 3780 382 3820 Receptis
399 3785 536 3814 hodierna
555 3784 612 3814 Die
634 3784 806 3814 Paternitatis
815 3783 925 3814 Vestrae
940 3783 1058 3823 Literis,
1076 3785 1265 3817 intelleximus

51 3814 101 3853 fol.
122 3824 156 3852 30
211 3816 460 3860 Controversiam,
476 3823 556 3860 super
572 3823 664 3854 modo
679 3822 852 3860 procedendi
865 3824 938 3852 inter
957 3822 1067 3853 nostros
1089 3823 1266 3854 Commissa-

208 3857 262 3886 rios
283 3858 316 3887 &
339 3858 553 3891 Ambaffiatores
575 3861 695 3892 adversae
710 3861 799 3891 Partis
812 3871 901 3898 nuper
915 3861 971 3891 effe
982 3870 1128 3901 exortam3
1147 3862 1265 3901 Rogan-

208 3902 248 3924 tes
265 3896 346 3938 quod
366 3898 485 3939 'cuidam
504 3899 654 3931 Schedulae
670 3922 680 3937 ,
705 3899 819 3937 propri&⁴
834 3899 928 3930 Manu
943 3899 1035 3931 vestra
1049 3900 1176 3940 scriptae,
1195 3911 1267 3931 con-

202 3932 303 3963 sentire
318 3934 445 3965 velimus.

239 3971 295 4001 Sed
315 3973 412 4003 revera
433 3973 491 4004 satis
515 3977 682 4008 miraremur
707 3976 762 4015 qua
785 3976 892 4006 ratione
906 3976 1052 4014 quisquam
1071 3976 1141 4008 Nos
1161 3977 1270 4008 conde-

200 4007 331 4042 scendere
345 4013 530 4051 concupiret,
549 4015 627 4052 quod
644 4025 713 4047 cum
726 4014 828 4046 nostrii
844 4013 1053 4046 Commiffariis
1067 4015 1098 4046 in
1112 4015 1269 4048 Ydiomate

1366 126 1836 171 PUBLICA.
2295 145 2348 185 79

1286 211 1401 256 Gallico
1416 212 1594 250 tradtaretur,
1610 215 1658 251 qui
1674 214 1817 245 Gallicum
1832 214 1953 246 scribere
1966 215 2108 252 nesciunt,
2128 216 2282 257 intelligere
2295 227 2344 255 pe·
2354 214 2429 244 Anii.
2447 215 2488 246 D.

1289 259 1364 280 nitus
1376 274 1385 288 ,
1411 260 1502 288 neque
1524 251 1600 288 loqui
1619 274 1628 289 ,
1645 261 1730 289 prout
1743 252 1893 283 paternitas
1906 253 1994 284 vestra
2009 254 2068 284 satis
2083 253 2167 292 poffit
2181 256 2216 285 ab
2231 255 2342 290 oculata
2378 262 2461 290 1422·

1288 288 1455 319 certitudine
1471 290 1595 325 experiri.
2357 297 2424 320 Heu,
2443 301 2470 327 5.

1328 325 1534 356 Verumtamen
1548 350 1558 363 ,
1581 327 1622 356 ob
1644 327 1781 358 Divinam
1795 328 1997 360 Reverentiam
2012 330 2102 368 (cujus
2114 329 2172 360 Res
2186 330 2290 367 agitur)
2307 331 2340 361 ὃς

1289 363 1391 394 vestrae
1411 363 1665 408 Consangu'initatis
1684 366 1814 397 intuitum
1833 367 1978 404 specialem
1993 391 2002 406 ,
2028 367 2154 398 nostram
2176 370 2252 399 circa
2280 377 2341 398 rem

1289 401 1368 446 hanc¹
1383 402 1634 446 promptitudinem
1649 426 1659 440 ,
1682 403 1874 443 summamque
1896 406 2124 436 benevolentiam
2139 431 2147 444 ,
2166 415 2229 437 toto
2243 406 2342 436 Corde

1289 449 1426 477 omnique
1446 441 1637 478 possibilitate,
1656 441 1710 479 qua
1730 444 1887 473 commode
1905 445 2067 482 possumus,
2092 444 2225 482 ampliare
2241 444 2347 476 volen-

1289 486 1330 508 tes
1341 502 1350 515 ,
1369 477 1446 509 Ecce
1462 479 1468 508 l
1495 478 1572 517 quod
1593 478 1807 511 Continentiam
1827 482 1911 512 dietae
1931 481 2078 522 Scedulae,
2095 483 2163 520 quid
2177 482 2286 513 dilatat&
2301 483 2341 512 fa-

1289 518 1393 584 cultatse
1409 517 1554 555 possumus
1567 516 1699 556 efficere,
1718 518 1836 556 praesens
1848 519 1967 551 Scedula
1988 523 2133 559 reciproce
2147 523 2274 552 continet
2289 521 2341 551 hiis

1289 564 1338 585 mc
1351 565 1367 585 u
1378 565 1402 584 a.

1328 592 1396 623 Dat.
1415 594 1476 624 &c.
1494 600 1559 623 ante
1579 596 1751 631 Rotomagum
1764 617 1773 633 ,
1792 595 1898 626 Mensis
1913 596 2084 628 Decembris
2104 597 2162 628 Die
2177 599 2282 636 quinta.

1338 721 1476 767 Avistzta
1496 732 1550 767 per
1568 725 1694 769 Regem,
1719 726 1756 761 ὠ·
1772 722 1916 766 destinata
1936 727 2064 757 Domino
2084 725 2240 758 Cardinali
2256 726 2294 758 dc

1507 771 1619 814 Utfim's
1628 772 1718 817 stiper
1730 783 1890 817 prenotata
1912 773 2123 816 Controverfia.

1364 856 1455 888 and
1471 857 1601 889 Primum
1617 859 1650 890 δε
1667 859 1819 890 secundum
1836 861 1977 892 Articulos
1996 861 2147 899 (videlicet)
2167 862 2256 899 Quod
2265 866 2337 892 Am-
2355 856 2431 887 Ann-
2449 857 2488 887 D·

1297 936 1301 940 ⁴
1375 895 1526 935 baffiatores
1552 897 1650 927 Gallici
1667 898 1738 938 loqui
1753 898 1859 938 poffimt
1881 903 2064 930 Narrationes
2081 901 2140 938 suae
2160 901 2338 940 Ambalsiatce
2378 897 2462 934 1418.

1292 945 1320 962 m
1337 936 1442 964 Latino
1459 935 1508 964 vel
1520 940 1548 965 in
1567 936 1689 975 Gallico,
1709 937 1746 971 ὠ·
1763 939 1835 977 quod
1848 942 1877 968 in
1905 939 2036 968 Ydiomate
2057 941 2159 968 Latino
2182 938 2219 973 4:37·
2238 940 2340 969 Gallico
2359 939 2409 961 ‹³¹³-
2425 936 2454 962 6·

1293 971 1436 1012 loquantur
1453 973 1609 1004 Oblationes
1625 985 1691 1014 quas
1705 975 1752 1016 ipfi
1759 975 1889 1015 facient,
1906 977 1944 1012 όν
1960 981 2040 1006 etiam
2056 977 2197 1017 Requestas
2217 976 2253 1011 <sy
2272 982 2340 1008 Con-
2360 977 2392 999 H-
2407 981 2430 1016 ‚5
2436 993 2441 998 ·

1291 1010 1411 1051 clufiones
1426 1034 1436 1050 ,
1462 1011 1527 1042 Rex
1547 1022 1725 1044 contentatur
1739 1026 1749 1052 ·,
1768 1014 1808 1045 Ita
1823 1024 1917 1046 tamen
1932 1016 2010 1054 quod
2026 1015 2274 1046 Ambassiatoribus
2289 1017 2342 1047 suis
2375 1010 2439 1038 Ilm!-

1292 1049 1413 1093 semper,
1431 1052 1589 1089 priusquam
1605 1052 1788 1090 respondeant
1802 1076 1811 1091 ,
1835 1053 2021 1085 Declarentur
2034 1054 2233 1091 Narrationes,
2253 1055 2342 1085 Obla-

1292 1095 1408 1132 tiones,
1432 1090 1465 1120 &
1486 1089 1661 1128 Requestae,
1685 1101 1717 1122 ac
1737 1091 1944 1123 Conclufioiies
1965 1092 2122 1131 hujusmodi
2147 1094 2174 1122 in
2188 1092 2343 1124 Ydiomate

1293 1126 1371 1163 quod
1384 1127 1540 1166 intelligunt
1555 1128 1709 1166 (videlicet)
1727 1130 1851 1169 Anglico
1866 1131 1910 1162 vel
1926 1131 2037 1161 Latino.

1332 1164 1350 1184 '¹‘
1370 1163 1438 1194 ITE
1451 1173 1476 1194 M
1494 1188 1503 1203 ‚
1530 1166 1564 1195 ad
1589 1167 1721 1197 Tertium
1737 1169 1897 1199 Articulum
1915 1169 2066 1206 (videlicet)
2084 1168 2172 1207 G,Quid
2187 1173 2274 1199 onnzia
2290 1181 2342 1209 ea,

1292 1213 1351 1244 quae
1377 1203 1528 1239 redigentur
1549 1207 1577 1232 in
1601 1208 1728 1243 Scriptis,
1746 1208 1829 1244 redigi
1845 1208 1971 1237 deberent
1984 1212 2012 1237 in
2029 1208 2163 1236 Ydiomate
2177 1211 2280 1238 Latino
2301 1208 2339 1242 &-

1292 1244 1322 1270 in
1340 1240 1474 1270 Ydiomate
1498 1241 1602 1271 Gallico
1620 1254 1628 1271 :
1649 1243 1786 1283 postquam
1802 1257 1851 1282 ea,
1870 1257 1927 1286 quae
1950 1247 2103 1282 redigentur
2122 1249 2151 1275 in
2163 1249 2270 1284 Scriptis
2284 1250 2343 1284 pri-

1293 1290 1352 1316 mo,
1370 1283 1399 1309 in
1422 1282 1533 1309 Latinis
1552 1280 1816 1321 confiribanturiper
1839 1291 1978 1324 utramque
2001 1287 2112 1313 Partem
2125 1309 2134 1321 ,
2156 1284 2231 1323 Regi
2253 1285 2343 1322 placet

1293 1317 1375 1362 quod
1397 1318 1613 1363 Ambaffiatores
1633 1319 1738 1350 Gallici
1753 1344 1761 1356 ,
1781 1322 1798 1351 {i
1812 1322 1915 1360 velint,
1934 1333 1986 1360 pro
2002 1323 2047 1353 ius.
2062 1323 2160 1359 Parte,
2175 1323 2343 1361 subsequen-

1294 1365 1338 1387 tur
1360 1366 1389 1385 in
1418 1366 1531 1394 proprio
1553 1357 1708 1389 Ydiomate
1728 1357 1866 1389 Gallico:
1891 1360 1929 1390 set
1949 1360 2042 1396 Regia
2065 1361 2200 1391 Serenitas
2220 1364 2341 1392 omnino

1294 1394 1354 1425 vult
1369 1404 1418 1431 per
1433 1396 1497 1425 suos
1510 1395 1728 1426 Ambaffiatores
1743 1396 1866 1435 singula,
1886 1407 1950 1435 qiiae
1965 1408 2016 1435 pro
2031 1408 2107 1437 parte
2121 1399 2164 1429 sua
2178 1399 2344 1437 redigentur

1294 1434 1323 1463 in
1339 1433 1473 1471 Scriptis,
1488 1444 1548 1464 non
1562 1433 1678 1465 Gallico
1691 1435 1790 1473 scribi3
1808 1435 1852 1465 sed
1867 1437 1896 1465 in
1917 1436 2070 1468 Ydiomate
2093 1439 2168 1475 quod
2190 1439 2285 1477 loqui,
2303 1441 2346 1469 in-

1295 1471 1437 1510 telligere,
1456 1473 1489 1503 &
1504 1473 1625 1504 scribere
1641 1473 1745 1511 possint
1761 1473 1914 1512 (videlicet)
1932 1475 2055 1513 Anglico
2071 1477 2114 1506 vel
2131 1476 2241 1506 Latino.

1331 1511 1386 1547 Et,
1405 1521 1463 1548 quo
1483 1511 1516 1541 ad
1539 1511 1744 1543 Subscribenda
1763 1513 1808 1543 vel
1827 1512 1964 1552 Signanda
1978 1537 1988 1551 ,
2013 1512 2077 1542 Rex
2097 1514 2243 1543 inclinatur
2264 1515 2345 1552 quod

1297 1547 1509 1580 Conscribenda
1530 1550 1559 1579 in
1576 1550 1746 1587 Ydiomate,
1765 1551 1972 1582 Commissariis
1986 1551 2037 1581 suis
2057 1552 2222 1590 intelligibili
2235 1553 2347 1588 (videli-

1295 1590 1353 1625 cet)
1373 1588 1498 1625 Anglico
1514 1588 1679 1631 veltLatino
1690 1589 1832 1628 Sigillent,
1849 1590 1888 1620 sui
1903 1600 1933 1620 ut
1946 1589 1987 1620 est
2000 1590 2112 1627 Moris,
2132 1589 2173 1620 Ita
2188 1591 2264 1628 quod
2274 1592 2348 1621 Am-

1297 1626 1453 1657 baffiatores
1467 1626 1572 1657 Gallici
1586 1628 1769 1659 consimiliter
1784 1628 1860 1659 idem
1873 1638 1926 1667 pro
1934 1628 2015 1658 Parte
2027 1628 2074 1658 sua
2088 1628 2187 1659 faciant
2201 1630 2229 1658 in
2244 1630 2348 1660 eodem

1296 1666 1466 1702 Ydiomate,
1484 1667 1517 1697 δε
1538 1666 1617 1703 quod
1631 1666 1742 1705 postea,
1762 1667 1781 1696 si
1796 1666 2013 1698 Ambaffiatores
2027 1666 2132 1697 Gallici
2148 1667 2254 1705 velint,
2270 1668 2348 1705 quod

1297 1703 1386 1743 Regia
1401 1703 1538 1734 Serenitas
1553 1704 1610 1735 effe
1622 1705 1706 1743 velit,
1724 1705 1934 1736 conscribendis
1951 1707 1983 1735 in
1997 1705 2100 1736 Latino
2113 1706 2162 1737 vel
2177 1707 2207 1735 in
2223 1706 2350 1745 Anglico

1297 1743 1441 1774 dumtaxat
1453 1742 1603 1773 adhaerere.

2376 1163 2395 1182 *
2421 1162 2472 1189 ΙΧ.

2360 1204 2423 1238 657.

1335 1868 1385 1900 De
1402 1863 1511 1900 Medio
1525 1891 1535 1907 ‚
1561 1863 1605 1898 ad
1618 1864 1779 1898 tollendam
1798 1866 2031 1909 Controveifiam
2044 1869 2235 1913 praetasiam‚
2252 1879 2308 1915 per

1642 1913 1837 1947 Cardinalem
1853 1915 1997 1960 Avistaeto.

1288 1999 1467 2072 Johamm,
1488 1999 1668 2031 Miseratione
1689 1997 1813 2037 Divina,
1838 2001 1976 2041 Epfiopus
2000 2000 2180 2043 Anniana,
2200 1996 2442 2035 Romana-,Ana
2462 2000 2501 2032 D.

1340 2038 1531 2073 Sacrosan&ae
1549 2038 1684 2071 Ecclesiae
1705 2038 1881 2077 Cardinalis,
1907 2039 2081 2077 Apostolicce
2100 2042 2179 2072 Sedis
2202 2042 2354 2083 Legatusss
2390 2043 2476 2079 1418.

1292 2076 1445 2113 specialiter
1465 2077 1613 2108 destinatus
1633 2086 1686 2114 pro
1705 2076 1780 2108 Pace
1797 2078 1939 2109 trananda
1952 2079 1985 2109 ὃς
1999 2079 2163 2118 medianda,
2183 2082 2255 2111 inter
2279 2081 2356 2113 Duo.
2369 2085 2420 2108 Aa.
2436 2083 2463 2109 6·

1293 2115 1389 2146 inclita
1411 2115 1515 2153 Regna
1541 2116 1667 2146 Franciae
1686 2115 1840 2154 (videlicet)
1862 2118 1895 2148 ὅτ
1917 2117 2046 2156 Angliae,
2064 2117 2243 2158 ipsorumque
2266 2119 2404 2158 Κεὶς-Η.
2423 2130 2450 2155 5.

1293 2163 1397 2185 norum
1419 2154 1613 2185 Sereniffimos
1633 2153 1748 2193 Reges,
1764 2155 1912 2186 Universis
1932 2157 1966 2188 &
1982 2156 2108 2195 singulis,
2129 2159 2273 2197 praesentes
2287 2160 2351 2190 Lit-
2371 2160 2423 2187 Fal.
2439 2170 2486 2197 32,

1295 2200 1365 2224 teras
1384 2192 1570 2232 Inspetsturis,
1588 2193 1712 2223 Salutem
1730 2195 1760 2223 in
1780 2192 1925 2225 Domino.
2354 2197 2408 2226 “Α.

1305 2244 1308 2246 ·
1333 2231 1413 2261 Cum
1432 2240 1520 2270 nuper
1540 2230 1692 2262 Praefentes
1711 2233 1889 2270 personaliter
1907 2232 2050 2264 constituti
2078 2234 2164 2266 essent
2191 2232 2359 2275 specstabiles'

1296 2269 1430 2301 Oratores
1459 2269 1640 2306 praefatorum
1668 2271 1697 2300 in
1718 2270 1771 2301 hac
1790 2270 1865 2301 Villa
1883 2271 1918 2301 de
1936 2271 2124 2303 Pontelarche
2143 2284 2196 2312 pro
2215 2274 2291 2305 Pace
2309 2275 2353 2306 di-

1299 2308 1438 2338 leetorum
1458 2308 1574 2347 Regum
1592 2309 1626 2338 ὃς
1644 2308 1910 2347 Regnorum,inter
1927 2309 1954 2339 se
1971 2309 2160 2342 diffidentium
2172 2336 2182 2352 ,
2200 2314 2356 2344 reforman-

1296 2346 1349 2377 da:
1377 2347 1410 2377 &
1430 2347 1501 2376 inter
1518 2357 1567 2377 eos
1586 2355 1681 2377 exorta
1701 2347 1782 2378 fuerit
1802 2347 2003 2379 Controversia
2023 2351 2170 2387 quomodo
2190 2353 2219 2381 in
2239 2352 2356 2390 Scriptis

1296 2385 1382 2424 redigi
1401 2385 1536 2416 deberent
1551 2385 1777 2423 Appunetuanda
1796 2387 1829 2418 &
1848 2388 1948 2417 mutuo
1968 2388 1997 2417 in
2025 2389 2103 2418 dieto
2129 2388 2208 2420 Pacis
2234 2392 2354 2429 negotio

1298 2423 1507 2454 Concludenda
1552 2424 1690 2462 aliquibus
1718 2434 1777 2454 uno
1805 2425 1896 2455 modo
1921 2425 1980 2455 fieri
2006 2427 2181 2465 petentibus,
2206 2429 2263 2458 aliis
2283 2432 2354 2460 vero

1296 2463 1371 2500 alio,
1395 2447 1597 2499 perpendentes
1625 2461 1705 2500 quod
1723 2463 1799 2493 dieta
1820 2464 1974 2494 Altercatio
1992 2473 2052 2494 non
2072 2474 2178 2502 poterat
2197 2468 2355 2498 verisimili-

1298 2509 1340 2531 ter
1359 2510 1407 2538 per
1426 2501 1518 2531 dietos
1536 2500 1671 2531 Oratores
1689 2502 1719 2530 in
1738 2500 1936 2532 Concordiam
1951 2505 2100 2542 converti,
2118 2515 2156 2535 ne
2175 2514 2282 2535 tantum
2303 2507 2357 2536 bo-

1298 2548 1368 2569 num
1387 2547 1421 2569 ex
1438 2539 1493 2570 hac
1511 2537 1714 2570 Controverlia
1730 2540 1928 2578 impediretur,
1961 2541 2135 2579 consequens
2152 2542 2286 2573 Medium
2306 2545 2355 2574 ad·-

1299 2578 1446 2608 visavimus
1465 2577 1620 2614 (videlicet)
1638 2579 1666 2607 in
1684 2578 1752 2617 hiis,
1772 2589 1836 2616 quae
1854 2579 2012 2618 redigentur
2028 2581 2056 2609 in
2071 2580 2194 2618 scriptis,
2210 2581 2275 2612 fiant
2291 2582 2358 2613 duae

1299 2617 1442 2654 scriprurae
1463 2617 1565 2653 pariter
1583 2615 1740 2656 subscripta:
1758 2626 1807 2654 per
1826 2617 2011 2655 Secretarios‚
2039 2619 2072 2650 ὃς
2101 2620 2211 2657 signatae
2237 2621 2358 2659 pariter,

1299 2655 1333 2685 &
1352 2656 1452 2692 pariter
1467 2655 1693 2692 auremicenmr,
1718 2655 1790 2685 Una
1810 2656 1837 2685 in
1859 2656 1976 2695 Latina,
2002 2655 2096 2687 Altera
2114 2659 2142 2687 iti
2164 2658 2297 2697 Gallico,
2324 2661 2358 2691 &

1298 2695 1398 2731 pariter
1415 2693 1498 2723 detur
1514 2692 1596 2723 Fides
1613 2693 1781 2732 Ambabu53
1800 2704 1868 2724 cum
1885 2695 1943 2725 hoc
1954 2717 1964 2732 ,
1983 2694 2060 2731 quod
2082 2696 2100 2725 si
2121 2697 2209 2734 aliqua
2229 2697 2358 2728 Contro—

1298 2732 1383 2763 versia
1400 2733 1506 2762 orietur
1522 2740 1555 2761 ex
1571 2732 1717 2762 vocabulis
1737 2731 1870 2770 Gallicis,
1900 2733 1981 2770 quod
2000 2742 2068 2763 tunc
2088 2744 2241 2765 recurratur
2260 2736 2293 2765 ad
2312 2737 2356 2766 in-

1299 2771 1442 2801 tellectum
1463 2771 1496 2801 δε
1515 2770 1689 2807 Scripturam
1708 2770 1839 2801 Latinam
1857 2771 1890 2802 &
1907 2771 2059 2801 secundum
2082 2772 2256 2810 Scripturam
2279 2774 2357 2805 Lati-

1300 2819 1366 2838 nam
1383 2809 1482 2839 debeat
1497 2809 1556 2839 talis
1573 2808 1705 2847 Qiaestio
1724 2809 1770 2840 vel
1784 2809 1986 2840 Controversia
2004 2810 2117 2848 decidi,
2134 2812 2212 2848 super
2231 2822 2289 2848 quo
2308 2823 2357 2843 au-

1299 2847 1420 2879 divimus
1447 2847 1659 2877 Sereniffimum
1681 2851 1774 2885 Regem
1794 2848 1926 2886 Angliae‚
1953 2847 2080 2878 instando
2101 2860 2188 2886 penes
2208 2850 2282 2881 suarii
2307 2852 2357 2881 Se-

1303 2887 1447 2917 reiiitatem
1463 2886 1610 2922 diligenter
1628 2887 1756 2923 quatinus
1774 2886 1841 2916 hinc
1860 2888 1924 2926 iride
1943 2886 2167 2918 condescendere
2183 2889 2359 2928 dign-arctum

1300 2926 1330 2956 &
1354 2925 1481 2962 praefatus
1511 2924 1703 2954 Sereniffinius
1729 2925 1811 2962 ReX,
1831 2926 1920 2955 noitri
1951 2926 2078 2963 Amore,
2106 2927 2135 2955 in
2166 2927 2224 2957 hoc
2255 2927 2356 2958 Medio

1299 2962 1516 2999 condesceiidit3
1538 2962 1627 2992 michi
1646 2963 1735 2994 verbo
1752 2962 1851 3001 Regio
1870 2963 1989 2994 afferens
2008 2973 2060 3001 pro
2077 2964 2160 2996 Parte
2180 2965 2225 2996 sua
2252 2966 2354 3003 praedi-

1300 3003 1345 3032 Cta
1361 3002 1462 3032 faceret
1476 3001 1622 3031 observari.

1337 3078 1371 3108 In
1390 3079 1468 3117 qu'us
1486 3077 1526 3107 rei
1541 3076 1705 3108 Testimon.
1725 3078 1785 3110 &c.

1299 3227 1392 3271 Super
1414 3222 1494 3256 disin
1521 3224 1721 3268 Controveifia
1747 3226 1852 3257 Litera
1880 3223 2050 3257 Cardinalis
2066 3222 2109 3256 ad
2124 3221 2358 3267 Ambafflatores

1759 3275 1900 3306 Franciae.

1298 3365 1498 3422 REverende
1517 3367 1546 3395 in
1565 3364 1670 3405 Christo
1685 3366 1788 3402 Pater,
1807 3363 1949 3403 Magnifici
1965 3364 2002 3400 (ἐν
2016 3365 2126 3396 Nobiles
2143 3370 2208 3396 viri.
2371 3375 2447 3405 Αῃῃ,
2466 3372 2509 3404 D,

1392 3404 1526 3441 Applicui
1555 3404 1612 3433 huc
1637 3402 1750 3434 decima
1766 3403 1865 3434 Hor-i:
1894 3404 1935 3434 fui
1952 3403 2063 3434 locutus
2082 3415 2151 3435 cum
2172 3405 2253 3444 Rege
2273 3404 2355 3435 Hora
2395 3414 2482 3451 1418·

1298 3441 1493 3480 duodecim-33
1511 3443 1546 3472 ὃς
1563 3441 1623 3471 steti
1643 3443 1673 3471 in
1694 3441 1811 3473 Debato
1830 3444 1939 3474 circiter
1960 3452 2077 3480 quatuor
2099 3444 2199 3473 Horas.
2371 3457 2424 3480 Aa.
2441 3455 2469 3479 6.

1336 3480 1418 3510 Nam
1438 3480 1495 3518 ipse
1512 3481 1644 3519 allegabat
1663 3478 1765 3510 Causas
1784 3481 1904 3519 multas,
1930 3491 2014 3518 quare
2028 3492 2088 3511 non
2106 3482 2205 3512 debeat
2222 3481 2356 3520 tractare,
2379 3495 2414 3518 H.
2436 3499 2467 3525 ς,

1301 3529 1354 3550 nec
1374 3520 1403 3548 in
1424 3518 1539 3557 Scriptis
1558 3519 1684 3554 redigere
1703 3518 1852 3549 Trietartis
1865 3542 1874 3555 ,
1893 3519 1941 3549 nisi
1959 3520 1986 3548 in
2004 3519 2116 3550 Latino⁴
2373 3529 2437 3556 ibid.

1339 3556 1467 3587 Finaliter
1486 3565 1601 3596 propter
1619 3556 1796 3586 Tarditatem
1815 3557 1927 3594 Horae,
1946 3558 2067 3595 pericula
2087 3560 2210 3596 viarum,
2236 3558 2268 3588 &
2287 3558 2357 3587 mala
2369 3567 2419 3603 fol,
2441 3568 2486 3603 3¹ss

1300 3595 1415 3632 itinera,
1442 3594 1506 3624 Rex
1521 3595 1611 3624 noluit
1629 3595 1681 3624 hac
1700 3594 1801 3625 Nocte
1819 3606 1865 3625 mc
1882 3595 2005 3635 veniffe3
2030 3598 2062 3626 ἅ.-
2080 3596 2239 3634 Negotium
2259 3595 2310 3625 stat
2329 3597 2358 3625 in

1302 3634 1358 3663 hoc
1375 3633 1454 3671 quod
1473 3632 1532 3670 Ipse
1551 3643 1610 3663 non
1631 3633 1691 3663 vult
1711 3633 1775 3663 dare
1794 3632 1872 3664 illum
1889 3634 1994 3664 salvum
2015 3634 2202 3665 Conductum
2221 3634 2360 3672 petitum,

1303 3681 1351 3709 per
1366 3681 1457 3702 totum
1476 3671 1638 3707 praesentem
1659 3670 1808 3701 Mensem:
1836 3671 1923 3703 Ratio
1943 3672 2004 3711 est,
2028 3674 2090 3710 quia
2105 3673 2174 3702 dicit
2200 3671 2226 3701 se
2244 3672 2361 3710 ligatum

1303 3710 1365 3739 fore
1391 3710 1425 3740 ad
1454 3709 1649 3740 Tractandum
1678 3719 1726 3746 per
1752 3708 1892 3740 Mensem.
1923 3711 1982 3741 Vos
2003 3719 2094 3740 autem
2115 3733 2124 3748 ,
2147 3719 2239 3747 neque
2265 3712 2361 3747 Regem

1303 3751 1424 3777 Franciae
1444 3749 1564 3778 minime
1582 3748 1630 3778 sibi
1649 3748 1806 3787 obligatum
1826 3750 1902 3786 fore,
1919 3749 1964 3779 sed
1980 3749 2110 3778 liberum.

1342 3785 1403 3823 Ipse
1429 3795 1542 3823 autem,
1569 3787 1598 3816 in
1624 3785 1695 3816 Casu
1714 3797 1772 3825 quo
1790 3787 1938 3817 Tl'atstzitus
1955 3795 2130 3823 rumperetur
2149 3785 2251 3823 (modo
2268 3785 2361 3817 confi-

1305 3825 1402 3854 derato
1420 3825 1500 3861 quod
1518 3833 1627 3862 reputat
1651 3827 1730 3862 quod
1756 3825 1787 3855 sit
1814 3835 1846 3855 ex
1874 3824 1966 3861 Culpii
1994 3823 2051 3859 sua)
2070 3824 2138 3854 dicit
2162 3825 2188 3854 se
2216 3824 2289 3856 velle
2312 3835 2365 3855 co-

1306 3865 1407 3902 gitare,
1426 3863 1447 3892 fi
1461 3863 1626 3894 deliberabit
1644 3864 1763 3900 amplius
1781 3864 1905 3893 tractare.

1344 3903 1363 3920 ³⁸¹
1383 3900 1465 3931 Dicit
1479 3911 1573 3932 tamen
1589 3901 1688 3939 quod,
1707 3902 1726 3930 si
1741 3901 1822 3931 vultis
1842 3901 1960 3936 incipere
1980 3899 2148 3930 Tractatum
2170 3910 2264 3939 nunc,
2283 3902 2368 3932 omni
2384 3908 2394 3921 ·
2419 3905 2471 3932 tx.

1307 3940 1387 3976 vice,
1405 3938 1461 3976 qufi
1474 3941 1526 3971 erit
1540 3940 1706 3977 expediens,
1722 3940 1868 3969 renovabit
1881 3938 1986 3968 ialvum
2001 3936 2190 3969 Conductum
2206 3950 2259 3977 pro
2285 3942 2366 3969 vobi]
2383 3943 2447 3978 658,

1309 3987 1445 4015 quantuni
1458 3979 1510 4008 erit
1529 3978 1656 4015 necesse,
1674 3978 1707 4007 Sc
1724 3978 1834 4007 interim
1848 3976 1971 4013 porei-itis
1984 3977 2093 4008 mittere
2107 3987 2194 4008 unum
2209 3978 2245 4009 ad
2270 3982 2365 4016 Regem

1307 4019 1428 4046 Francia
1438 4038 1449 4055 ,
1464 4017 1498 4047 ad
1513 4016 1657 4048 sciendum
1674 4015 1851 4048 voluntatem
1865 4014 1942 4045 suam
1958 4013 2088 4052 finalem3
2321 4052 2344 4083 E

2333 4061 2361 4083 =t

2463 3852 2483 3871 ⁸,
