2562 4274
818 119 928 159 ET
1012 120 1273 162 ACTA
1349 123 1833 168 PUBLICA.

80 207 154 240 Arin.
168 205 207 237 D.
224 205 387 241 nationum,
404 202 663 241 Pardonationum,
680 203 724 234 stu
745 202 958 235 Remiffionum
969 228 978 242 ,
996 205 1029 235 ὃ(
1045 205 1273 244 privilegiorum,

100 254 183 284 1420.
219 243 299 274 scribi
315 242 458 272 debebunt
476 243 509 272 &
528 241 680 283 procedere
698 241 749 272 sub
768 242 902 285 Nomine
920 244 952 273 &
969 242 1065 281 sigillo
1083 244 1198 288 nostris:

80 288 140 312 Hen.
159 293 188 320 5.
259 282 335 318 Quia
355 290 422 323 vero
441 279 529 310 Casus
546 280 628 318 aliqui
647 280 792 319 singulares
811 289 922 310 evenire
941 290 1090 318 poterunt,
1109 292 1157 319 qui
1173 283 1274 312 huma-

2290 141 2368 189 165

1313 209 1421 239 niemus
1437 210 1463 238 in
1480 212 1650 255 contrarium
1669 212 1896 252 Praemissorum,
1916 225 1961 247 aut
1981 216 2092 255 alicujus
2107 218 2272 250 eorumdem
2289 232 2361 260 quo·
2374 216 2447 247 ΛΠΠ·
2460 216 2502 247 D·

1310 256 1370 284 quo
1383 247 1471 277 modo
1482 273 1490 286 ‚
1509 258 1536 278 in
1550 249 1677 293 Judicio,
1689 251 1738 294 ‘vel
1752 261 1825 282 extra
1839 252 2000 292 Judicium,
2017 256 2140 295 direc'te,
2159 257 2203 288 se]
2219 268 2266 295 per
2285 262 2359 291 obli-
2391 264 2474 293 ¹420·

1312 294 1417 328 quum,
1437 295 1483 316 aut
1498 296 1598 324 quovis
1614 292 1747 325 exquisito
1765 291 1869 320 colore.
2372 299 2435 322 bren.
2453 303 2483 330 5.

84 2206 100 2222 ⁸
114 2207 167 2234 IX.

67 2243 132 2273 880.

221 329 260 350 no
284 321 396 355 ingenio
422 328 480 348 non
498 328 598 348 omnes
617 327 748 355 poterunt
766 317 913 355 praevideri
931 343 940 356 ,
967 321 995 348 in
1019 321 1119 357 quibus
1136 330 1271 358 perquam

225 357 407 388 necessaiium
427 356 483 386 esse
507 358 607 395 poterit
631 357 665 387 &
687 365 880 393 opportunum
906 357 983 394 quod
1001 359 1128 394 praer'atus
1145 358 1274 388 Consan-

223 396 339 434 guineus
364 393 459 424 noster
483 398 542 424 Rex
558 397 688 425 Henricm
705 394 759 424 {iias
780 394 886 424 Literas
902 396 983 425 scribi
1002 396 1083 427 faciat
1099 408 1109 434 3
1136 398 1164 427 in
1181 397 1275 435 hujus-

217 433 303 502 s{enodi
321 432 456 472 Cafibus,
475 434 494 463 li
511 435 557 471 qui
572 434 762 471 occurrerint,
780 433 876 464 licebit
891 434 968 465 dieto
981 432 1203 472 Consanguineo
1222 445 1275 465 no-

244 481 276 501 ro

258 494 317 540 Pio
334 508 418 540 Bono
436 510 469 540 &
488 509 641 540 Securitate
658 507 760 538 nostris
777 509 810 540 &
829 509 987 549 Regiminis
1001 533 1012 549 ,
1036 510 1127 542 eidem
1146 511 1274 541 Consan-

222 549 330 585 guineo
348 547 465 586 nostro,
483 557 513 577 ut
529 547 675 585 praefertur
690 569 699 584 ,
725 549 923 586 competituri,
940 559 973 579 ac
992 559 1044 588 pro
1062 550 1181 580 vitandis
1197 550 1274 579 Peri-

220 587 288 617 culis
305 587 339 617 ὃς
356 585 533 628 Dispendiis,
550 594 613 622 quae
628 585 690 615 alias
707 585 800 617 forent
817 586 853 617 de
872 587 1011 618 verisimili
1029 586 1171 627 secutura,
1189 590 1272 618 etiam

220 626 248 656 in
271 625 356 655 Locis
374 624 456 655 nobis
475 623 623 662 subieritis,

255 663 385 693 Scribere
402 663 459 693 suas
479 661 604 700 Literas,
624 662 724 700 quibus
742 662 904 700 Praecipiet,
921 662 1105 702 Prohibebit,
1124 663 1170 694 seu
1186 663 1273 693 Man-

220 701 312 739 dabit,
324 701 400 737 juxta
417 707 542 730 naturam
560 701 593 731 &
611 700 770 738 qualitatem
787 700 911 737 Negotii
927 723 936 738 ,
964 711 997 731 ex
1015 712 1092 740 parte
1106 702 1220 741 nostra,
1237 703 1270 734 ὃς

219 739 300 777 ipfius
315 737 526 777 Consanguinei
544 737 633 768 nostri
652 748 782 777 tanquam
801 738 943 777 Regentis.

256 776 362 807 ITEM
381 800 391 812 ,
420 776 496 814 quod
515 776 604 806 divitus
622 776 854 813 Consanguineus
873 776 968 806 noster
984 800 993 813 ,
1019 786 1072 813 pro
1096 777 1181 808 Posle
1202 778 1270 817 suo,

216 815 300 845 faciet
319 815 396 853 quod
415 815 501 844 Curia
519 814 693 846 parliamenti
713 815 836 845 Francis:
855 814 1028 844 custodiatur
1050 816 1083 846 &
1108 817 1270 846 observetur

215 854 246 883 in
267 853 442 884 Auctoritate
459 855 492 884 ὃς
508 853 707 890 Superioritate
725 854 776 883 suis
790 875 800 890 ,
824 853 857 883 &
877 853 927 882 sibi
943 853 1041 882 debitis
1057 876 1066 891 ,
1084 855 1113 884 in
1131 856 1268 885 omnibus

219 892 383 959 &Iiingulis
400 892 504 931 Locis,
523 892 606 922 nobis
626 901 702 922 nunc
720 899 766 922 aut
781 891 809 920 in
828 891 952 922 futurum
971 890 1107 930 subjeeltis.

279 938 302 960 τ
311 940 328 960 E
339 939 367 961 M

255 953 474 999 Concor’datum
492 967 533 997 est
552 967 630 1004 quod
648 967 737 997 didius
752 966 846 996 noster
865 965 1091 1005 Confimguineus,
1110 972 1138 998 in
1154 971 1270 998 Primor-

218 1007 268 1036 diis
286 1006 478 1046 Affumptiom's
495 1010 629 1043 Regentiae
648 1008 731 1043 Regni
743 1006 881 1043 praediffli,
894 1006 1034 1046 praestahit
1051 1007 1121 1036 illud
1131 1009 1199 1036 idem
1211 1009 1270 1046 Ju-

218 1054 389 1081 ramentum,
413 1044 485 1084 quod
504 1048 584 1082 Reges
608 1047 768 1074 Francorum
793 1044 921 1073 hablenus
933 1044 1059 1084 praestare
1078 1047 1270 1084 consitcverimt

219 1087 249 1112 in
264 1088 438 1113 coronatione
448 1082 502 1121 fica
519 1106 529 1121 ,
552 1082 598 1113 seu
625 1083 769 1122 Regentes
795 1083 876 1120 ipiius
900 1082 995 1121 Regni
1018 1085 1046 1114 in
1071 1085 1270 1122 Asiuniptione

218 1121 366 1160 Regentiae
381 1145 390 1160 ,
416 1131 551 1159 quatenus
574 1121 732 1159 hujusmodi
755 1121 952 1160 juramentum
978 1132 1148 1153 conccrnere
1164 1124 1265 1162 poterit

218 1160 333 1191 Bonum
351 1160 419 1191 dieii
437 1160 611 1198 Regiminis,
630 1169 675 1191 aut
692 1159 876 1190 Securitatem
895 1159 1032 1202 praesentis
1049 1160 1242 1191 Concordiae:

258 1198 295 1228 Et
312 1199 389 1234 quod
405 1198 479 1229 idem
496 1198 726 1235 consanguineus
744 1198 853 1235 noster,
869 1208 920 1235 pro
941 1198 1024 1229 Polie
1040 1200 1088 1229 suo
1103 1223 1111 1237 ,
1139 1199 1269 1237 provide-

214 1235 257 1266 bit
270 1238 301 1266 &
314 1237 413 1275 faciet,
422 1237 498 1274 quod
511 1238 544 1267 ad
556 1237 662 1269 Officia
676 1245 732 1267 tam
744 1236 860 1275 Justitiae
873 1236 1067 1275 parliamenti,
1086 1238 1169 1274 quini
1185 1238 1269 1267 eiiam

216 1275 370 1306 Baillivatus
387 1300 396 1313 ,
421 1275 616 1313 Praeposittiras
627 1298 636 1313 ,
657 1275 839 1306 Senescalcias
850 1297 858 1311 ,
877 1275 910 1304 ὃς
924 1275 974 1305 alia
989 1276 1136 1313 spectantia
1154 1276 1187 1305 ad
1205 1276 1271 1305 Gu-

216 1313 410 1345 bernationem
431 1314 569 1344 Domanii
584 1337 594 1352 ,
621 1324 734 1344 necnon
756 1314 808 1344 alia
828 1321 1006 1352 quaecunque
1030 1315 1057 1343 in
1073 1314 1151 1344 diCto
1167 1314 1270 1353 Regno

218 1351 358 1390 Francius,
378 1353 550 1383 assumentur
566 1352 697 1382 Personae
713 1352 833 1390 habiles,
852 1351 930 1380 utiles
941 1375 950 1390 ,
968 1354 999 1382 ὃς
1013 1354 1131 1390 ydoneae
1148 1362 1201 1390 pto
1216 1355 1270 1382 bo-

217 1400 276 1428 no,
292 1391 382 1429 justo,
400 1391 520 1429 pacifico
533 1415 543 1429 ,
562 1392 594 1421 ὃς
613 1391 772 1429 transquillo
790 1389 943 1428 Regimine
962 1392 1030 1421 dieti
1049 1391 1142 1430 Regni
1159 1393 1191 1422 Sc
1210 1391 1270 1421 Ad—

219 1429 456 1460 ministrationum
478 1432 516 1460 eis
538 1429 807 1460 committendarum
823 1452 832 1466 ,
856 1437 888 1457 ac
906 1429 982 1465 quod
996 1429 1047 1459 sint
1060 1432 1143 1465 tales,
1162 1430 1271 1467 quales,

216 1467 372 1498 secundum
397 1468 485 1507 Leges
505 1469 538 1499 &
556 1467 624 1506 Jura
650 1468 772 1497 e'usdem
794 1467 917 1502 Regni,
951 1469 983 1499 ὃς
1007 1477 1058 1505 pro
1082 1467 1213 1497 Utilitate
1236 1472 1269 1498 ᾰζ

217 1504 392 1537 Commodo
406 1506 506 1537 nostris
519 1507 553 1538 &
568 1506 651 1544 ipiius
697 1507 777 1545 egni²
794 1507 828 1535 ad
844 1514 875 1534 ea
892 1503 1016 1543 deputari
1030 1506 1164 1536 deberent
1181 1506 1213 1536 ὃ(
1231 1517 1272 1536 as-

217 1544 301 1574 sumi.

258 1582 386 1619 ITEM,
406 1581 484 1620 quod
505 1582 603 1612 omnia
629 1582 662 1612 &
683 1581 786 1620 singula
807 1581 940 1613 Ecclesiae
955 1605 964 1620 ,
990 1582 1210 1619 Universitates,
1237 1583 1269 1613 &

217 1620 314 1651 Studia
330 1620 479 1651 Generalia
496 1642 506 1657 ‚
534 1629 647 1650 necnon
663 1619 791 1660 Collegia
811 1621 1008 1658 Studentium,
1027 1622 1060 1651 ὅς
1077 1622 1126 1651 alia
1143 1621 1270 1658 Collegia

217 1658 410 1689 Ecclesiastica
426 1681 436 1697 ,
458 1657 609 1688 constituta
632 1659 659 1688 in
675 1658 745 1689 locis
761 1659 844 1689 nobis
862 1670 938 1690 nunc
957 1668 1002 1689 aut
1019 1661 1046 1689 in
1064 1660 1191 1689 futurum
1205 1660 1267 1690 sub-

212 1698 310 1735 jecfftis,
326 1697 371 1727 seu
390 1697 421 1726 in
444 1696 556 1727 Ducatu
580 1695 772 1727 Normanniae
788 1720 797 1735 ,
823 1698 855 1729 ὃς
873 1699 929 1728 aliis
946 1698 1016 1727 locis
1031 1697 1126 1737 Regni
1143 1698 1267 1729 Francie

214 1735 295 1765 dieto
317 1734 537 1772 Consinguineo
560 1734 659 1765 nostro
680 1735 805 1774 subjedhs
822 1758 830 1773 ,
855 1736 1029 1767 Gaudeburit
1044 1737 1269 1775 eorumjuribus

214 1774 248 1804 &
262 1773 482 1804 Posseffionibus
500 1796 509 1810 ,
535 1772 703 1803 Redditibus
717 1798 727 1811 ,
742 1773 951 1813 Praerogativis,
973 1775 1176 1813 Libertatibus,
1192 1775 1269 1805 Prae-

215 1813 377 1842 eminentiis
390 1836 399 1849 ,
427 1814 459 1842 &
481 1811 643 1841 Franchisiis
659 1834 668 1850 ,
695 1812 796 1843 eisdem
816 1813 844 1842 in
870 1813 917 1844 Re
936 1823 976 1843 no
1000 1812 1124 1843 Franciae
1141 1814 1269 1851 qualiter-

217 1860 340 1887 cumque
362 1851 589 1888 competentibus
613 1849 658 1880 seu
676 1851 774 1881 debitis
789 1863 799 1889 3
824 1851 899 1882 salvo
917 1823 985 1891 ffure
999 1849 1128 1882 Coronae
1144 1852 1268 1883 Franciae

210 1889 252 1920 >&c
267 1889 375 1918 alterius
392 1889 589 1927 cujuscunque.

256 1925 327 1956 ITE
341 1934 366 1956 M
385 1948 394 1963 ,
414 1926 490 1964 quod
513 1926 590 1956 idem
615 1926 846 1965 consanguineus
869 1927 966 1957 noster
979 1949 989 1965 ,
1012 1937 1065 1965 pro
1091 1927 1177 1958 Posle
1196 1929 1245 1959 suo
1259 1952 1268 1967 ,

217 1964 358 1994 Tuebitur
374 1966 412 1997 δε,
423 1965 609 1995 Conservabit
623 1977 709 1996 omnes
724 1965 762 2001 ό
772 1964 882 2004 fingulos
896 1968 997 2004 Pares,
1015 1966 1141 2004 Nobiles,
1160 1970 1268 1998 Civita-

217 2010 258 2032 tes
271 2026 280 2041 ,
304 2003 409 2041 Villas,
427 2006 635 2033 communitates
646 2027 655 2043 2
680 2003 718 2038 &⁶
734 2003 883 2044 singulares
904 2004 1036 2043 Perfimas
1049 2028 1058 2040 ,
1076 2004 1173 2035 Nobis
1190 2016 1267 2036 nunc

215 2051 263 2072 aut
285 2043 315 2071 in
338 2042 465 2072 futurum
487 2041 621 2078 subjeetas
635 2064 644 2080 ,
668 2044 697 2072 in
717 2052 817 2072 eorum
835 2041 950 2080 Juribus
968 2065 978 2080 ,
996 2042 1268 2083 Consuetudinibus,

215 2078 368 2118 privilegiis
379 2102 388 2117 ,
412 2079 630 2109 Praeetninentiis
646 2103 655 2118 ,
681 2080 868 2111 Libertatibus
881 2104 890 2119 ,
914 2082 947 2110 &
962 2081 1124 2112 Francliisiis
1137 2106 1146 2120 ,
1164 2083 1267 2113 eisdem

215 2118 443 2156 competentibus
458 2118 514 2149 sive
526 2117 643 2156 debitis,
660 2119 688 2148 in
703 2119 791 2150 Locis
807 2119 1023 2158 quibuscunque
1038 2121 1119 2150 nobis
1136 2131 1213 2152 nunc
1222 2131 1268 2153 aut

216 2158 245 2187 in
259 2158 384 2187 futurum
401 2157 536 2194 subjeetis.

254 2195 273 2215 *ἓ
292 2194 304 2224 Ι
315 2203 338 2225 τ·
348 2204 365 2224 E
376 2203 403 2224 M
414 2219 423 2232 ,
441 2195 520 2232 quod
538 2194 613 2224 idem
627 2193 856 2234 Consanguineus
871 2195 966 2227 noster
978 2196 1063 2226 nullas
1074 2196 1271 2234 Impositiones

217 2242 264 2264 aut
290 2233 459 2263 Exaoiones
481 2234 611 2271 imponet
629 2241 675 2263 aut
689 2234 799 2272 imponi
815 2234 898 2265 faciet
912 2235 1035 2265 Subditis
1051 2235 1152 2265 nostris
1167 2236 1269 2274 absque

215 2271 306 2302 Causa
329 2271 484 2302 rationabili
508 2272 541 2302 &
566 2272 715 2302 necessaria
729 2296 738 2309 ,
763 2282 817 2302 nec
833 2273 895 2304 alias
912 2275 998 2310 qu‘am
1014 2284 1066 2311 pro
1079 2273 1162 2304 Bono
1179 2276 1270 2312 publi-

214 2320 253 2341 co
283 2310 364 2348 ipsius
385 2309 479 2349 Regni
502 2309 626 2340 Franciae
650 2312 683 2340 &
710 2310 863 2340 secundum
884 2311 1026 2342 dictamen
1049 2313 1083 2343 &
1102 2313 1269 2352 exigentiam

216 2349 328 2418 &egum
345 2349 378 2380 δε
394 2348 636 2380 Consuetudinem
653 2349 857 2380 rationabilium
870 2351 903 2381 &
917 2351 1132 2389 approbatarum
1149 2351 1269 2390 ejusdem

249 2398 264 2418 e
284 2398 322 2417 ni.

252 2397 356 2456 Igu-EM
367 2448 377 2462 ,
395 2424 473 2463 quod
491 2425 584 2456 dictus
606 2424 837 2464 Consanguineus
856 2426 952 2457 noster
966 2426 1135 2465 efficaciter,
1149 2427 1268 2466 diligen-

212 2471 274 2501 ter,
299 2465 331 2495 ὃς
355 2463 472 2494 fideliter
498 2474 550 2501 pro
569 2463 654 2494 Polle
674 2464 722 2494 suo
737 2486 746 2501 ,
763 2464 897 2495 laborabit
911 2464 949 2500 ώ-
957 2465 1045 2504 faciet
1059 2468 1130 2503 quod
1144 2467 1189 2504 Ju
1211 2471 1268 2496 itiae

213 2502 433 2539 Complementum
455 2502 688 2542 administrabitur
710 2502 748 2538 ὠ
758 2502 813 2544 fiet
833 2504 862 2533 in
883 2504 962 2534 dieto
986 2504 1091 2541 Regno
1113 2504 1135 2534 F
1138 2508 1238 2536 ranciae
1259 2531 1268 2543 ‚

212 2539 365 2570 secundum
384 2541 486 2579 Leges,
506 2541 744 2577 Consuetudines,
761 2544 793 2572 δε
805 2541 874 2578 Jura
891 2543 1010 2580 ejusdem
1025 2542 1119 2582 Regni
1133 2566 1143 2581 ,
1167 2545 1267 2582 absque

213 2577 394 2609 Personarum
409 2581 592 2618 acceptione,
612 2590 644 2610 ac
662 2580 837 2612 conservabit
855 2582 887 2612 &
899 2582 1006 2611 tenebit
1024 2581 1157 2611 Subditos
1171 2582 1267 2621 Regni

212 2617 338 2656 praedicti
350 2619 378 2647 in
392 2617 616 2655 Transquillitate
630 2620 663 2649 ὅς
680 2617 767 2656 Pace,
785 2629 819 2648 ac
835 2628 888 2655 pro
903 2619 988 2649 Posse
999 2641 1008 2657 ,
1035 2621 1155 2650 tuebitur
1171 2623 1203 2652 ὃς
1219 2624 1268 2651 de-

215 2656 314 2687 fendet
326 2656 438 2687 eosdem
454 2656 580 2687 adversus
596 2656 747 2687 Violentias
761 2657 795 2687 ὅ(
811 2656 1011 2694 Oppreffiones
1025 2658 1222 2697 quascumque.

253 2694 296 2723 lT
309 2704 326 2724 E
337 2703 364 2724 M
379 2716 388 2732 ,
414 2695 491 2732 quod
506 2718 515 2731 ,
539 2705 554 2724 a
577 2703 708 2733 tempore
723 2720 732 2733 ,
756 2705 814 2732 quo
827 2697 943 2734 praesens
958 2697 1107 2726 Tractatus
1125 2697 1218 2736 Pacis,
1239 2699 1267 2728 in

214 2730 465 2763 CoNvENTIONE
493 2733 689 2764 PERSONALI
718 2733 807 2764 nostri
830 2735 863 2765 δε
891 2735 961 2765 dieti
988 2734 1200 2772 Consauguinei
1215 2747 1268 2766 no-

216 2770 285 2809 stri,
310 2771 435 2800 habenda
456 2782 509 2810 pro
532 2771 709 2803 Execiitione
729 2772 865 2810 praesentis
885 2773 1078 2811 Concordiae,
1097 2774 1177 2805 fuerit
1201 2775 1267 2805 hinc

212 2810 278 2839 inde
295 2809 406 2847 Juratus
424 2831 434 2846 2
465 2809 556 2845 dietus
575 2809 806 2849 Consanguineus
831 2811 927 2841 noster
948 2815 1008 2841 Rex
1029 2812 1140 2850 Angliae
1160 2813 1266 2851 jurabit

214 2848 299 2887 quod,
317 2849 357 2877 ad
369 2847 572 2877 totanz‘Vita'm
587 2848 720 2891 nostram,
737 2849 888 2879 nullatenus
904 2850 1064 2880 Nominabit
1087 2859 1135 2880 aut
1150 2853 1266 2891 solbet,

213 2888 259 2917 ieu
283 2887 422 2916 nominari
445 2895 490 2915 ant
513 2886 595 2916 scribi
612 2888 695 2917 faciet
709 2910 719 2926 ,
744 2887 771 2917 se
792 2890 885 2925 Regem
899 2892 1038 2927 Franciae,
1056 2889 1101 2919 sed
1116 2890 1151 2919 ab
1165 2891 1267 2921 eodem

214 2924 353 2955 Nomine.
364 2924 391 2955 se
424 2926 513 2955 enitus
525 2924 683 2955 abstinebit.

251 2962 292 2991 Ιτ
302 2971 374 2999 E-txi,
423 2963 614 2998 oncordatum
640 2963 680 2993 est
704 2963 781 3001 quod
797 2965 857 2993 Nos
877 2964 917 2993 ad
928 2972 1014 2994 tetam
1028 2968 1124 2995 Vitam
1139 2966 1271 3005 nostram,

217 3000 437 3039 Nominabimus,
456 3000 494 3036 ὠ
509 3001 714 3040 appellabimus,
733 2999 770 3035 dr
779 3001 923 3041 firibemus
937 3003 1035 3032 didam
1044 3004 1269 3043 Confhnguincum

215 3037 350 3076 nostrum,
367 3039 397 3067 in
413 3039 524 3078 Lingua
540 3039 700 3078 Gallicana,
719 3040 776 3070 hoc
793 3042 901 3077 modo,
920 3049 1052 3072 Nos‘riu:
1078 3051 1269 3074 TRizscHtER

214 3075 335 3144 1Ijii-z,
351 3075 502 3108 HENRY
524 3077 611 3109 Rois
632 3079 1218 3118 D'ENGLETERRE,HER1T1ER
1236 3083 1272 3112 de

230 3125 233 3133 Δ
247 3124 269 3143 R
283 3124 300 3144 A
312 3124 332 3144 N
342 3124 357 3143 c
365 3123 393 3145 E.

252 3152 295 3182 IT
308 3162 327 3182 e·
338 3161 364 3182 M
379 3174 388 3190 ,
416 3151 635 3184 Concordatum
646 3155 696 3185 est
719 3154 796 3194 quod
814 3155 900 3193 Nos,
916 3155 995 3195 super
1013 3156 1163 3187 Praeniiffis
1177 3160 1272 3188 omni-

212 3189 265 3222 bus
282 3192 316 3222 &
333 3191 461 3229 lingulis,
478 3190 557 3221 dieto
565 3191 784 3231 Consanguineo
797 3194 896 3224 nostro
913 3194 1059 3233 dabimus,
1070 3196 1222 3234 iaciemus,
1236 3208 1269 3227 ac

212 3229 269 3260 dari
296 3230 329 3260 δε
351 3229 408 3259 fieri
429 3230 564 3259 faciemus
578 3252 589 3268 ,
615 3231 722 3261 nostras
740 3232 846 3262 Literas
864 3232 992 3264 Patentes
1007 3258 1016 3269 ,
1040 3234 1136 3264 nostro
1155 3234 1267 3272 Magno

212 3267 313 3306 Sigillo
328 3267 466 3306 sigillatas,
484 3277 607 3298 necnon¹
624 3269 729 3300 Literas
744 3270 890 3308 Parentes,
908 3271 1128 3309 Approbatorias
1143 3274 1174 3303 ὃς
1184 3273 1267 3303 Con-

213 3305 389 3344 firmatorias,
402 3305 612 3338 ‘cariffimorum
629 3307 810 3338 Conthoralis
830 3309 934 3339 nostrae
954 3312 986 3340 δι’.
1007 3310 1068 3340 Filii
1083 3311 1170 3341 non-ri
1186 3315 1267 3341 Ducis

213 3345 396 3382 Burgundiae3
413 3346 446 3376 &
468 3344 585 3379 aliorum
605 3345 760 3376 Procerum
777 3347 810 3377 ὅ(
832 3347 999 3385 Magnarum
1016 3348 1086 3379 dieii
1103 3350 1198 3389 Regni
1213 3361 1267 3380 no-

213 3383 258 3413 bis
273 3383 411 3417 nunckvel
425 3383 595 3417 infuturum
611 3383 835 3421 Obedientium,
853 3395 975 3423 qnorum
985 3386 1106 3424 LiteraS,
1124 3389 1151 3417 in
1165 3399 1195 3419 ea
1204 3400 1265 3427 pai·-

212 3422 258 3457 'te,
277 3421 368 3451 didius
383 3421 612 3460 Consanguineus
627 3422 721 3452 noster
733 3433 749 3454 a
765 3422 863 3453 Nobis
879 3425 987 3461 exigere
1001 3426 1130 3456 voluerit.

217 3485 223 3489 .
249 3459 320 3490 IT'E
338 3469 382 3498 M,
405 3460 482 3498 quod
507 3460 637 3498 praefatus
657 3460 887 3499 Consanguineus
908 3462 1026 3501 noster,
1050 3464 1130 3494 simili
1152 3464 1241 3495 modo
1256 3488 1265 3503 ,

210 3507 269 3536 pros
282 3498 364 3530 Parte
375 3498 530 3536 sua-,dabit
544 3498 731 3537 &V.faciet,&
747 3499 806 3531 dari
822 3500 855 3531 &
869 3499 927 3530 fieri
938 3501 1037 3539 faciet,
1053 3502 1131 3540 super
1145 3503 1265 3542 eisdem,

210 3536 268 3566 suas
283 3537 388 3567 Literas
404 3537 548 3574 Patentes,
563 3537 613 3567 suo
630 3536 742 3575 Magno
759 3538 856 3577 Sigillo
871 3538 1010 3577 sigillatas,
1028 3550 1141 3571 necnon
1159 3542 1264 3572 Literas

210 3573 341 3611 Patent-eis
354 3576 606 3614 ,zApprobatorias
625 3576 658 3606 &
673 3576 876 3607 Affirmatorias
888 3599 904 3615 ,A
939 3579 1182 3609 raeear-iffimorum
1200 3580 1222 3609 F
1225 3591 1264 3610 ra-

213 3621 292 3650 trum
304 3615 433 3653 suerum,
452 3615 485 3645 ὃς
501 3614 619 3645 aliorum
636 3614 671 3644 de
685 3614 828 3652 Sanguine
842 3614 893 3646 suo
944 3616 1014 3654 egaii
1026 3640 1036 3655 ,
1052 3616 1266 3655 Procerumque

212 3652 247 3682 &
268 3651 444 3691 Magnarum
461 3653 509 3682 sibi
533 3652 737 3684 Obedientium
752 3676 762 3691 ,
789 3663 912 3690 quorum
939 3654 1065 3694 Literas,
1083 3656 1111 3685 in
1126 3665 1158 3686 ea
1173 3665 1267 3695 parte,

213 3689 254 3721 ‘ab
264 3691 368 3725 eodem
381 3691 600 3731 Consanguineo
616 3691 714 3722 nostro
730 3701 839 3731 exigere
854 3690 1034 3724 voluerimus.

236 3764 327 3806 ‚Qiae
342 3766 495 3802 omnia&ti
505 3768 607 3807 lingula
620 3768 810 3806 Superscripta
823 3767 911 3806 Nos,
930 3778 983 3807 pro
997 3769 1098 3800 Nobis
1116 3772 1150 3803 &
1167 3770 1268 3801 Haere-

212 3801 294 3832 dibus
315 3804 416 3834 nostris
431 3829 440 3842 ,
465 3817 599 3844 quatenus
623 3817 676 3837 nos
699 3816 873 3838 concernere
896 3809 998 3844 poterit
1042 3808 1110 3839 Nos
1127 3809 1161 3840 &
1174 3809 1268 3840 dictos

214 3839 351 3872 Haeredes
367 3843 494 3882 nostros,
507 3845 610 3883 absque
624 3845 710 3884 dolo,
728 3845 837 3883 fraude,
855 3853 901 3875 aut
918 3844 1000 3875 Maio
1014 3830 1149 3885 ingenio,
1168 3847 1268 3878 Faetu-

215 3888 262 3909 ros
275 3903 285 3916 ‚
309 3879 512 3915 ObserVatnros
529 3906 539 3919 ,
562 3884 729 3921 impleturos
742 3907 751 3922 ,
777 3885 810 3915 δε
831 3883 1004 3919 Executuros
1026 3884 1222 3916 Promittimus
1235 3896 1268 3917 ac

212 3916 341 3960 juramus
354 3918 388 3947 ad
403 3918 505 3950 Sanc‘ta
519 3920 575 3951 Dei
587 3922 756 3961 Evangelia,
774 3932 821 3959 pei·
837 3931 890 3951 nos
902 3923 1085 3959 corporaliter
1100 3924 1188 3961 taeta,

251 3954 288 3985 Et
305 3956 429 3993 quod-ea
444 3957 481 3991 sic
497 3958 632 3990 faciemus
644 3971 659 3991 a
671 3961 772 3991 nostris
789 3961 910 3991 Subditis
926 3961 1035 3998 impleri
1049 3962 1081 3992 &
1096 3962 1250 4000 oblervari,

239 3994 297 4036 ,Ac
307 3994 385 4033 quod
400 3994 468 4025 Nos
483 4005 538 4027 nec
553 3996 695 4030 Haeredes
709 3999 815 4037 nostri,
834 3999 893 4030 ullo
909 4008 1037 4038 unquam
1053 4009 1200 4039 tempore,
1217 4010 1270 4033 ve·-

1350 323 1386 354 Et
1412 326 1475 367 quia
1493 348 1502 362 ,
1527 335 1580 362 pro
1601 325 1776 357 Executione
1797 330 1829 359 ὃς
1855 330 1951 367 majori
1969 330 2112 362 Firmitate
2127 331 2356 376 Praemifforum,

1311 362 1492 392 necessarium
1507 363 1632 393 censetur
1648 365 1680 393 ὃς
1696 375 1889 402 opportunum
1906 369 1981 405 quod
1998 369 2063 399 Nos
2078 372 2109 400 &
2126 371 2216 403 elifius
2230 373 2357 405 Contin-

1310 400 1423 444 guineus
1435 399 1531 444 noster
1545 401 1672 440 Angliae,
1690 404 1722 433 &
1739 405 1888 434 nobiscum
1905 406 2041 438 cariffima
2056 407 2234 441 Coiitlioralis
2251 414 2354 452 nostra,

1311 438 1344 480 ὃς
1365 438 1439 468 dicta
1459 438 1525 469 Filia
1542 440 1658 482 nostra,
1679 451 1790 471 necnon
1808 443 1889 473 Filius
1907 444 2002 474 noster
2016 445 2085 476 Dux
2102 448 2267 485 Burgundio:
2284 463 2357 489 pra:-

1310 474 1401 521 dic‘tus
1415 499 1424 513 ,
1447 485 1492 520 aut
1506 500 1515 514 ,
1540 487 1566 506 in
1583 487 1716 508 eventurn
1730 478 1927 517 Impedimenii
1943 483 2030 513 nostri
2046 485 2137 515 saltem
2154 480 2237 518 dieite
2253 490 2358 521 nostrae

1311 514 1493 545 Lontlioralis
1509 517 1542 547 ὃς
1559 516 1624 545 Filia
1642 516 1811 556 Kathetina,
1829 529 1862 549 ac
1875 520 1930 556 ipse
1946 521 2027 551 Filius
2043 523 2135 554 noster
2150 525 2219 557 Dux
2231 528 2357 559 Burnum-

1310 551 1378 589 die,
1399 552 1470 582 Viee
1484 553 1516 583 &
1531 553 1664 584 Nomine
1677 555 1794 593 nostris,
1812 566 1879 586 cum
1895 560 2010 596 praefato
2023 560 2236 601 Consanguineo
2260 553 2359 598 ngstro

1311 588 1393 633 Rege
1417 591 1528 628 Angliae
1551 593 1726 629 personaliter
1747 596 1949 626 conveniamus
1972 597 2056 629 Loco
2077 602 2109 630 δε
2124 603 2274 642 Tempore
2286 615 2360 637 con-

1309 636 1387 664 gruis
1404 630 1436 659 ὅ(
1451 631 1612 668 oportunis,

1346 665 1383 696 Et
1397 688 1406 703 ,
1436 666 1504 696 dutn
1522 667 1558 698 de
1583 669 1664 698 Loco
1680 691 1689 706 ,
1716 669 1750 698 ad
1771 669 1797 699 id
1817 679 1962 709 congruo,
1978 674 2151 715 ti‘atftaretur,
2169 679 2258 710 visum
2275 681 2360 714 nobis

1310 712 1367 733 erat
1388 704 1480 742 quod,
1509 707 1686 736 consideratis
1709 706 1819 737 Rerum
1838 732 1847 745 ,
1872 710 2053 747 Temporum
2069 736 2078 751 ,
2106 716 2139 745 ὃς
2158 716 2355 751 Νεσοῑίοωῐη

1309 741 1558 787 (Ξίτεμτηὶὶεηῑίίε)
1583 745 1846 775 commodissimum
1871 747 1943 778 soret
1961 743 2241 786 CoNVENTioNia‘i’ti
2262 758 2356 799 hujus-

1309 780 1388 809 modi
1411 781 1542 810 celebrari
1566 783 1595 811 in
1620 783 1688 813 loco
1709 783 1803 820 aliquo
1821 793 1909 822 prope
1927 785 2034 817 Trecas
2054 790 2205 829 (videlicet)
2224 796 2292 826 infra
2312 797 2357 829 sex

1310 817 1417 847 Leucas
1434 818 1469 848 ab
1485 819 1581 849 eadem
1598 820 1686 859 Vil]a;
1703 822 1808 852 idcirco
1829 824 1898 853 inter
1915 825 1982 855 Nos
2003 827 2034 857 &
2055 827 2163 859 diCtuin
2181 831 2356 874 Consangui-

1308 866 1393 886 neum
1407 857 1551 894 nostrum,

1345 893 1385 924 Ita
1403 903 1496 925 tamen
1512 896 1608 934 quod,
1627 907 1676 934 per
1697 897 1838 935 sequentes
1856 898 1996 930 Articulos
2009 925 2018 940 ,
2043 903 2151 934 nullum
2176 908 2358 943 praecedenti-

1308 931 1357 962 biis
1376 933 1505 964 Articulis
1519 957 1528 972 ,
1553 943 1600 964 aut
1620 945 1722 966 eorum
1744 936 1848 967 effetftu
1865 959 1875 975 ,
1891 938 1936 968 seu
1952 941 2058 979 vigori,
2076 943 2271 982 praejtidicium
2286 957 2359 986 quo-

1308 972 1457 1008 quomodo
1471 981 1631 1010 generetur,

1345 1008 1562 1042 Concordatum
1576 1012 1615 1042 est
1632 1013 1660 1041 in
1677 1011 1753 1044 hunc
1770 1013 1905 1052 modum,

1345 1086 1435 1124 Qiod
1445 1111 1453 1122 ,
1471 1085 1632 1127 dummodo
1648 1087 1774 1124 prefatus
1789 1088 2018 1128 Consangnineus
2032 1093 2127 1124 noster
2146 1094 2225 1128 suum
2242 1108 2359 1131 accom-

1307 1128 1404 1153 modet
1417 1124 1549 1153 affinium
1566 1126 1641 1163 quod
1655 1126 1727 1156 dreia
1747 1125 1951 1158 Couvssnrto
1970 1129 2178 1164 Paasosmms
2197 1136 2355 1171 celebretur

1306 1162 1332 1190 in
1353 1162 1436 1230 Lttieo
1452 1162 1486 1191 fic
1497 1185 1505 1198 ,
1526 1172 1554 1192 ut
1569 1164 1727 1202 praefertur,
1747 1175 1834 1203 prope
1850 1166 1977 1207 Trecas,
1996 1169 2186 1208 implebuntur
2200 1176 2234 1206 &
2249 1175 2316 1208 fient
2327 1188 2359 1209 ea

1307 1209 1369 1237 quie
1395 1207 1531 1237 equiitur,

1344 1275 1390 1305 IN
1402 1283 1420 1304 Ρ
1431 1285 1452 1305 R
1462 1284 1473 1305 1
1486 1284 1510 1306 si
1520 1285 1532 1305 1
1542 1285 1554 1306 s
1570 1299 1580 1314 ,
1599 1276 1675 1314 quod
1691 1276 1770 1307 diesto
1784 1278 2004 1318 Consanguineo
2020 1284 2119 1316 nostro
2129 1309 2138 1324 ,
2157 1287 2202 1318 seu
2218 1287 2268 1319 suis
2281 1291 2310 1322 in
2324 1301 2356 1323 ea

1306 1323 1383 1351 parte
1399 1313 1545 1352 Deputato
1560 1315 1606 1345 vel
1621 1314 1785 1355 Depuratis,
1804 1327 1837 1348 ex
1853 1328 1927 1356 parte
1940 1322 1996 1356 ejus
2009 1322 2036 1352 id
2051 1326 2252 1361 requirentibus
2289 1330 2358 1361 libe-

1307 1353 1440 1384 rabuntur
1460 1354 1493 1384 &
1517 1354 1657 1383 tradentur
1673 1377 1682 1390 ,
1708 1354 1811 1392 absque
1832 1358 2053 1390 contradictione
2073 1362 2117 1392 seu
2133 1352 2337 1402 impedirtiento

1308 1390 1391 1432 Killae
1411 1392 1442 1421 de
1465 1394 1572 1430 Laigny
1585 1391 1670 1431 fitpra
1690 1394 1850 1423 Maternam
1864 1417 1873 1432 ,
1899 1396 1942 1425 vel
1957 1397 1988 1426 de
2004 1400 2074 1427 Pont
2093 1401 2124 1429 de
2137 1405 2287 1435 Carrenton
2320 1392 2357 1439 ad,

1306 1428 1487 1459 hleffionem
1507 1431 1523 1449 ἦ*
1546 1431 1630 1467 lplius
1650 1430 1857 1470 Conlanguinei
1872 1433 2117 1472 nostri,Necn0n
2136 1441 2219 1470 Villae
2232 1446 2262 1472 de
2272 1429 2358 1475 P’rou-

1307 1470 1371 1496 viris
1395 1469 1427 1498 ὃς
1450 1468 1482 1497 de
1505 1469 1614 1506 Nogent
1633 1468 1711 1506 snpra
1733 1470 1869 1501 Secanam
1883 1494 1892 1510 ,
1913 1474 1968 1502 una
1983 1483 2049 1504 curn
2066 1475 2204 1508 dictarum
2220 1480 2355 1514 Villarum

1308 1505 1463 1537 Fortaliciis
1476 1528 1485 1543 ,
1511 1508 1544 1537 ὃς
1562 1507 1619 1537 aliis
1637 1507 1714 1538 Villis
1729 1531 1739 1545 ,
1763 1507 1934 1548 Fortaliciis,
1954 1511 2011 1542 sive
2024 1513 2126 1552 Locis,
2145 1518 2298 1551 neceffiriis
2315 1523 2356 1552 ei-

1307 1544 1374 1573 dem
1395 1544 1577 1582 Confimguino
1598 1545 1685 1583 nostro
1704 1555 1757 1584 pro
1774 1547 1931 1585 hujusmodi
1950 1549 2202 1584 Conveni-10
2215 1565 2237 1585 N
2250 1566 2267 1587 E
2288 1559 2357 1590 fien-

1307 1581 1358 1620 da,
1378 1581 1569 1613 Custodienda
1583 1593 1631 1618 per
1646 1583 1788 1615 Homines
1800 1586 1922 1624 ejusdem
1937 1586 2150 1627 Conlaiiguinei
2166 1594 2254 1624 nostri

1345 1621 1421 1658 Qite
1441 1630 1533 1651 tamen
1560 1621 1642 1651 Villae
1656 1645 1665 1659 ,
1683 1623 1852 1663 fortalicia,
1873 1626 1915 1655 seu
1933 1625 2029 1665 Loca,
2050 1629 2111 1665 post
2127 1630 2232 1662 finitam
2253 1619 2359 1666 &ort-

1306 1668 1353 1689 vn
1366 1667 1387 1688 N
1398 1667 1498 1690 TioN
1511 1668 1566 1689 EM
1585 1662 1763 1700 praeditum,
1782 1664 1814 1693 ὃς
1833 1664 2001 1702 Regressuni
2017 1667 2084 1697 dieti
2103 1670 2292 1708 Confhnguinei
2311 1687 2359 1704 no-

1304 1696 1370 1735 stri,
1385 1699 1488 1729 remitti
1508 1699 1612 1730 debent
1629 1698 1778 1730 Cistodiae
1799 1701 1929 1740 illorum,
1956 1705 2003 1741 qtii
2027 1705 2062 1735 de
2087 1710 2208 1744 praesenti
2227 1711 2286 1741 sunt
2302 1712 2359 1743 Ca-

1307 1737 1407 1778 pitanei
1420 1737 1605 1775 eorumdem,
1624 1740 1793 1774 pox‘tintium
1811 1739 1918 1771 Literas
1934 1742 2040 1773 nostras
2062 1745 2098 1775 de
2113 1747 2145 1776 &
2166 1747 2246 1786 super
2265 1751 2359 1789 hujus-

1308 1775 1388 1804 modi
1411 1774 1588 1806 Liberatione
1603 1777 1640 1806 eis
1655 1776 1796 1814 facienda,

1347 1813 1461 1851 Qiibus
1481 1814 1595 1852 quidem
1614 1814 1709 1854 Villis,
1728 1815 1765 1845 sic
1778 1815 1957 1847 existentibus
1970 1819 1997 1849 in
2015 1822 2142 1853 manibus
2156 1823 2224 1854 dieii
2237 1827 2358 1866 Confin-

1302 1855 1390 1887 gumez·
1402 1852 1501 1892 nostri,
1516 1852 1628 1895 Subditi
1637 1853 1724 1883 nostri
1739 1855 1940 1885 nichilominus
1960 1867 2091 1894 poterunt
2107 1863 2208 1892 morari
2222 1865 2254 1894 δε
2270 1865 2358 1896 habe-

1306 1899 1336 1918 re
1355 1899 1515 1929 congruum
1530 1891 1692 1922 Tranliturri
1707 1893 1739 1922 &
1755 1901 1950 1930 opportunum
1965 1906 2013 1934 per
2025 1899 2132 1928 easdem
2150 1899 2241 1932 Villas.

1342 1927 1467 1966 ITEM,
1486 1928 1636 1967 postquam
1655 1931 1738 1960 amus
1760 1931 1968 1970 Cwfimguineus
1990 1935 2072 1974 noster
2095 1938 2147 1967 suis
2169 1939 2270 1971 Literis
2286 1941 2356 1973 Nos

1303 1968 1493 1998 certioraverit
1508 1968 1533 1999 se
1544 1968 1684 1999 advenisse
1703 1969 1760 1998 esse
1772 1979 1896 2006 paratum
1909 1972 1943 2001 ad
1963 1971 2239 2009 couventionem
2257 1979 2359 2018 hujus-

1306 2005 1385 2034 modi
1400 2005 1610 2044 celebrandam,
1628 2016 1662 2036 ex
1680 2017 1764 2044 tunc,
1780 2008 1882 2038 Tertio
1896 2008 1941 2039 die
1954 2011 2076 2049 sequenti
2095 2014 2165 2051 (ipso
2178 2017 2222 2046 die
2235 2016 2357 2049 Certio-

1305 2044 1418 2073 rationis
1438 2044 1596 2082 hujusmodi
1617 2055 1676 2075 non
1701 2048 1878 2084 computato)
1906 2046 2151 2083 CoanNiEMUS
2178 2055 2356 2091 personaliter

1306 2082 1334 2111 in
1353 2082 1454 2120 Loco,
1471 2083 1525 2121 sic,
1543 2091 1573 2114 ut
1588 2084 1748 2121 praefei-tur,
1766 2094 1855 2122 prope
1871 2086 1977 2116 Trecas
1995 2089 2028 2118 ad
2046 2091 2101 2120 boc
2117 2092 2264 2131 eligendo,
2281 2096 2351 2133 Nos,

1300 2119 1435 2159 praefatus
1451 2122 1661 2160 Constznguineus
1673 2122 1773 2162 nister,
1792 2133 1824 2153 ac
1839 2123 1924 2162 dieti,
1944 2127 2113 2158 Conthoralis
2126 2152 2134 2167 ,
2153 2130 2224 2160 Filia
2236 2154 2246 2170 ,
2264 2133 2297 2163 ὃ(
2310 2136 2357 2163 Fi-

1306 2158 1373 2187 lius:
1394 2168 1454 2195 aut,
1473 2161 1501 2188 iri
1526 2169 1659 2190 eventum
1674 2160 1872 2198 Iinpedirnenti
1893 2163 1995 2202 nostri,
2013 2165 2104 2196 saltem
2121 2169 2185 2207 ipii,
2208 2170 2358 2201 conthora-

1306 2196 1426 2265 lis'iplia
1440 2198 1472 2228 ὃ(
1485 2197 1567 2227 Fili-us
1581 2198 1667 2228 nosti-i
1676 2221 1685 2237 ,
1703 2209 1754 2237 pro
1766 2199 1942 2232 Executione
1963 2204 1995 2233 δε
2008 2204 2264 2239 Consummatione
2278 2209 2360 2240 Prae-

1309 2239 1360 2265 mil
1375 2246 1469 2265 orum.

1343 2272 1357 2302 I
1366 2282 1415 2315 TE
1427 2283 1455 2304 M
1472 2297 1482 2312 ,
1508 2273 1724 2306 Concordatum
1739 2275 1779 2306 est
1797 2276 1874 2315 quod
1884 2299 1894 2316 ,
1911 2287 1964 2315 pro
1978 2287 2109 2317 ternpore
2125 2282 2275 2315 Adventus
2289 2285 2356 2316 dim

1308 2313 1499 2351 Consanguinei
1517 2313 1598 2352 vostri
1615 2314 1649 2343 ad
1675 2314 1787 2344 Locum
1805 2316 1890 2346 dieiae
1906 2316 2166 2352 CONVENTIONIS
2182 2344 2191 2360 ‚
2217 2333 2250 2353 ac
2263 2324 2358 2363 Expe-

1306 2350 1452 2389 Ctutioiiis,
1470 2352 1501 2381 &
1518 2351 1669 2390 Regressus
1686 2353 1923 2393 supradiftorum,
1941 2365 1973 2385 ac
1989 2359 2149 2396 generaliter
2171 2362 2358 2397 quandocun-

1307 2398 1363 2432 que
1376 2390 1541 2428 contigerit,
1558 2400 1610 2427 pro
1625 2389 1706 2422 Parte
1720 2392 1801 2428 ipiius
1818 2391 2024 2432 Consanguinei
2040 2396 2141 2436 nostri,
2156 2399 2294 2439 aliquem,
2309 2401 2356 2433 vel

1305 2427 1412 2465 aliquos
1429 2451 1438 2466 ,
1457 2431 1512 2464 ire,
1531 2430 1675 2458 immorari
1692 2452 1701 2466 ,
1722 2430 1765 2460 seu
1781 2430 1870 2461 redire
1890 2431 1924 2461 ad
1939 2434 2017 2463 Loca
2033 2434 2129 2465 Nobis
2145 2436 2284 2476 subjecta,
2301 2450 2355 2470 oc-

1306 2470 1416 2496 carione
1440 2467 1584 2504 piiedic'te
1610 2466 1866 2499 CONVENTtole
1888 2470 1933 2500 seu
1955 2474 2092 2508 praeientis
2116 2474 2243 2514 Negocii
2259 2477 2357 2515 Pacis,

1306 2513 1438 2541 poterunt
1454 2505 1500 2542 ipii
1512 2529 1520 2542 ,
1538 2506 1640 2543 absque
1659 2506 1823 2538 difficultate
1840 2507 1885 2538 seu
1902 2510 2123 2550 impedimento,
2142 2515 2169 2543 in
2184 2517 2359 2547 convruo&

1305 2544 1458 2573 rationabili
1474 2543 1612 2574 Numero
1629 2566 1639 2582 ,
1662 2546 1776 2576 introire
1797 2545 1882 2576 Villas
1903 2548 1936 2578 &
1955 2548 2035 2584 Loca
2051 2550 2139 2581 clausa
2155 2562 2208 2589 pro
2223 2541 2360 2585 Ei'nendis

1305 2581 1353 2616 libi
1373 2581 1545 2612 victualibus
1559 2584 1591 2613 Sc
1606 2583 1662 2613 aliis
1678 2583 1858 2614 Necessariis.

1342 2618 1447 2658 ITEM,
1466 2620 1560 2658 quod,
1579 2631 1641 2650 anre
1657 2620 1746 2651 Diem
1762 2623 1902 2660 praesentis
1921 2623 2182 2662 Conversi-rioms
2194 2651 2203 2667 ,
2229 2639 2358 2669 utraque,

1304 2666 1336 2687 ex
1350 2657 1448 2688 Nobis
1472 2659 1600 2689 Partibus
1622 2659 1796 2699 supradic‘tis,
1814 2661 1958 2698 deputabit
1979 2673 2066 2694 certas
2079 2665 2213 2697 Personas
2229 2668 2358 2700 Notabi-

1303 2696 1359 2734 les,
1378 2707 1442 2734 quae
1453 2719 1462 2735 ,
1481 2697 1561 2727 simul
1578 2697 1808 2736 ConvenienieS,
1826 2699 1927 2738 eligent
1942 2700 2057 2733 Locum
2070 2713 2228 2743 congruum
2246 2708 2278 2737 ὅ(
2289 2709 2359 2747 ydo-

1304 2744 1390 2764 neum
1413 2736 1484 2765 inter
1509 2735 1591 2766 Villas
1610 2736 1645 2766 de
1663 2736 1764 2767 Trecis
1777 2739 1810 2768 ὃς
1829 2737 1864 2767 de
1878 2737 2018 2779 Negent,
2036 2742 2066 2771 in
2087 2752 2146 2779 quo
2157 2743 2232 2776 dista
2252 2745 2356 2777 CoN-

1305 2781 1470 2804 vENTto
1496 2773 1766 2805 PERsoNAms
1792 2776 1939 2807 habebitur
1954 2786 2036 2816 atque
2051 2779 2107 2810 fiet.

1344 2810 1445 2842 ITEM
1459 2837 1467 2850 ,
1489 2812 1708 2844 Concordatum
1732 2813 1773 2843 est
1796 2814 1873 2850 quod
1893 2816 2026 2853 quaelibet
2042 2840 2052 2855 ,
2068 2827 2102 2848 ex
2118 2818 2218 2851 Nobis
2232 2821 2360 2853 Partibus

1304 2849 1479 2889 supradictis,
1501 2851 1611 2882 Diebus
1635 2854 1668 2882 &
1690 2853 1770 2883 Loco
1788 2852 2047 2886 ConvENTioms
2066 2855 2247 2897 supradietae,
2277 2870 2358 2898 pote-

1304 2889 1338 2917 rit
1352 2888 1445 2921 secum
1461 2892 1565 2930 ducere
1580 2891 1613 2920 &
1627 2890 1745 2927 habere,
1765 2892 1792 2920 in
1809 2894 1910 2921 eodem
1928 2892 2012 2932 loco,
2032 2894 2103 2925 Duo
2120 2896 2201 2927 Milia
2218 2899 2357 2937 &Quin-

1304 2935 1400 2962 gentas
1424 2927 1553 2958 Personas
1575 2928 1701 2959 Armatas
1724 2929 1769 2959 vel
1788 2939 1847 2958 non
1872 2930 2020 2970 Armaras,
2045 2933 2080 2963 ad
2096 2935 2240 2967 arbitrium
2254 2938 2287 2968 ὃς
2302 2932 2358 2968 ele-

1304 2965 1432 2995 ctionem
1456 2966 1535 3003 ipiius
1557 2965 1661 3003 Partis,
1686 2968 1719 2997 ὃς
1737 2967 1855 2998 totidem
1871 2967 1970 3006 Equos
1982 2992 1991 3007 ,
2010 2971 2043 3001 δε
2057 2981 2115 3002 non
2131 2973 2214 3012 ultra,
2231 2975 2264 3005 δε
2279 2976 2356 3013 quod

1304 3003 1437 3040 reliquam
1454 3004 1667 3035 Multitudinem
1685 3004 1825 3036 Gentium
1840 3006 1949 3036 suarum
1968 3010 2114 3046 expectare
2135 3012 2216 3042 faciet
2235 3014 2263 3043 in
2281 3014 2360 3045 Villis

1303 3041 1348 3071 seu
1367 3042 1510 3072 Domibus
1520 3066 1529 3079 ,
1548 3043 1576 3072 in
1591 3045 1691 3081 quibus
1706 3044 1828 3082 degunt,
1846 3045 1890 3074 seu
1903 3046 1942 3075 eis
1961 3056 2013 3084 pro
2026 3047 2160 3086 Hospitio
2173 3051 2319 3087 assignatis,

1342 3080 1431 3111 ITEM
1447 3103 1457 3118 ,
1483 3081 1561 3118 quod
1576 3105 1585 3118 ,
1609 3083 1636 3110 in
1660 3081 1743 3112 Loco
1759 3083 1843 3112 diet-„e
1866 3082 2128 3117 CONVENTIONIS
2144 3111 2153 3127 ,
2174 3090 2304 3127 cuilibet,
2321 3099 2355 3121 ex

1304 3118 1402 3149 Nobis
1417 3119 1542 3149 Partibus
1559 3119 1735 3158 supradietis,
1755 3130 1803 3158 per
1821 3121 1908 3151 dietas
1922 3122 2067 3162 Personas,
2086 3126 2139 3162 sic,
2157 3136 2187 3158 ut
2200 3128 2355 3166 priesertur,

1303 3156 1490 3194 deputandas,
1513 3157 1688 3200 affignabitur
1712 3168 1803 3189 certus
1818 3159 1914 3190 Limes
1929 3171 1935 3190 τ
1956 3160 1992 3191 Et
2007 3163 2085 3200 quod
2100 3163 2180 3202 Pars,
2197 3167 2244 3195 cui
2259 3166 2357 3197 Limes

1303 3194 1463 3233 hujusmodi
1477 3195 1622 3235 assignatus
1635 3197 1898 3235 tuerit,continebit
1911 3200 1943 3230 &
1954 3202 2097 3237 expeeiare
2111 3202 2192 3233 faciet
2201 3226 2210 3241 ,
2221 3214 2355 3241 protem-

1304 3243 1373 3273 pore
1388 3245 1446 3272 quo
1462 3234 1547 3272 Nos,
1559 3235 1653 3265 Partes
1667 3235 1811 3272 praedieiae
1822 3258 1830 3273 ,
1841 3237 2014 3273 personaliter
2029 3239 2261 3280 Conveniemus,
2271 3242 2356 3273 Gen-

1304 3282 1345 3303 tes
1361 3272 1439 3310 suas:,
1463 3272 1505 3303 Ita
1519 3273 1598 3310 quod
1614 3274 1769 3311 hujusmodi
1785 3274 1903 3305 Limites
1919 3286 1978 3307 non
1995 3278 2244 3318 transgredientur,
2263 3282 2357 3312 eundo

1303 3320 1356 3349 pro
1371 3320 1501 3349 tempore
1514 3312 1564 3342 illo
1583 3314 1672 3342 verius
1689 3313 1822 3343 Limitem
1839 3313 1947 3345 alterius
1960 3315 2046 3346 Partis
2060 3332 2070 3354 ,
2093 3317 2144 3347 nili
2158 3319 2289 3350 Personae
2303 3320 2358 3351 illae.

1304 3349 1339 3380 de
1361 3351 1463 3387 quibus
1484 3348 1686 3380 Communiter
1709 3351 1840 3388 placuerit
1857 3351 1955 3383 Nobis
1976 3353 2103 3386 Partibus
2122 3356 2298 3395 supradictis3
2317 3357 2358 3389 Ita

1303 3389 1381 3426 quod
1406 3388 1501 3418 Limes
1527 3389 1606 3418 unius
1626 3389 1714 3418 Partis
1737 3388 1847 3421 distabit
1870 3391 1885 3420 a
1910 3391 2016 3423 Limite
2032 3393 2145 3426 alterius
2167 3395 2200 3424 ad
2224 3405 2330 3426 tantum
2346 3419 2357 3434 ,

1304 3436 1441 3463 quantum
1463 3428 1604 3458 videbitur
1624 3427 1835 3458 discretionibus
1859 3438 1958 3459 eorum
1980 3441 2026 3467 per
2049 3442 2119 3470 quos
2137 3434 2292 3471 hujusmodi
2308 3433 2358 3463 Li-

1305 3466 1385 3496 mites
1398 3464 1618 3504 ailignabuntur:
1638 3466 1708 3496 inter
1723 3475 1794 3504 quos
1810 3466 1942 3506 Limites,
1958 3469 1995 3498 >ad
2011 3469 2127 3500 Locum
2146 3472 2263 3510 aliquem
2273 3473 2355 3508 aeque

1303 3503 1451 3533 distantem
1466 3506 1498 3535 ὃς
1514 3505 1729 3546 intermedium,
1747 3513 1867 3543 ponetur
1880 3505 1962 3536 Meta
1975 3529 1986 3545 ,
2002 3509 2036 3538 ad
2053 3519 2137 3546 quam
2155 3509 2242 3547 Nos,
2261 3509 2356 3541 Partes

1304 3542 1463 3579 praediclae,
1479 3542 1616 3572 debemus
1630 3544 1806 3580 personaliter
1822 3545 1984 3575 convenire.

1343 3579 1451 3617 ITEM,
1469 3579 1684 3611 Coiicordatum
1700 3581 1741 3612 est
1758 3582 1836 3618 quod
1853 3590 1988 3621 utraque,
2005 3593 2039 3615 ex
2054 3584 2153 3615 Nobis
2170 3584 2295 3615 Partibus
2310 3585 2354 3616 su-

1305 3618 1453 3655 pradiffis,
1470 3627 1521 3657 pro
1533 3628 1663 3655 tempore
1684 3619 1884 3656 praedietorum
1907 3621 2057 3653 Advenifis
2077 3623 2143 3652 dicti
2162 3623 2352 3661 Confiznguinan'

1304 3656 1403 3696 nestri,
1421 3656 1628 3693 Expectationis
1644 3657 1718 3696 suae,
1732 3658 1765 3689 &
1780 3657 1948 3698 Regressus,
1966 3660 2067 3691 affistet
2079 3661 2170 3698 alteri,
2189 3662 2221 3691 &
2234 3661 2353 3692 eandem

1304 3695 1435 3724 defendet
1452 3704 1551 3726 contra
1565 3695 1760 3734 quoscumque
1776 3698 1800 3726 ei
1819 3696 1950 3728 Insultare
1964 3699 2009 3728 seu
2023 3699 2140 3728 Nocere
2156 3708 2307 3729 conantes:
2320 3702 2355 3732 <Sc

1304 3733 1380 3771 quod
1390 3755 1400 3770 ,
1416 3733 1532 3765 durante
1545 3742 1676 3773 tempore
1690 3734 1846 3772 praedieto,
1870 3745 1985 3774 neutra,
2003 3746 2037 3766 ex
2052 3736 2148 3766 Nobis
2163 3737 2292 3767 Partibus
2314 3739 2357 3769 su-

1327 3772 1437 3802 radid‘cis
1451 3794 1460 3807 ,
1484 3773 1535 3802 erit
1556 3773 1584 3802 in
1608 3770 1738 3803 Consilio
1753 3796 1762 3811 ,
1793 3775 1905 3804 Auxilio
1920 3799 1929 3810 ‚
1947 3775 1993 3804 vel
2007 3774 2141 3813 Aliensu,
2159 3776 2237 3813 quod
2251 3776 2356 3814 aliquid

1306 3782 1433 3847 Eamni,
1450 3808 1614 3849 Dispendii,
1631 3811 1676 3841 seu
1693 3810 1873 3842 Gravaminis
1887 3812 2017 3842 inferatur
2029 3822 2075 3841 aut
2089 3812 2134 3842 fiat
2149 3814 2225 3843 alteri
2237 3823 2271 3844 ex
2286 3815 2359 3846 No-

1306 3849 1347 3878 bis
1368 3857 1414 3877 aut
1434 3846 1487 3878 suis
1505 3858 1512 3878 ε
1535 3850 1568 3880 &
1588 3849 1666 3887 quod
1677 3871 1687 3887 ,
1711 3850 1729 3879 si
1745 3850 1811 3887 quid
1827 3849 1984 3887 hujusmodi
1997 3859 2097 3881 contra
2112 3851 2226 3882 Partem
2241 3853 2356 3884 aiteram

1304 3895 1349 3916 aut
1372 3886 1433 3916 suos
1457 3887 1612 3917 machinari
1632 3889 1760 3925 noverit,
1785 3887 1850 3917 illud
1874 3897 1926 3924 pro
1939 3887 2025 3918 Poffe
2042 3890 2091 3918 suo
2108 3889 2261 3930 impediet,
2277 3901 2310 3922 ac
2327 3902 2357 3922 e-

1305 3926 1390 3962 tiarn,
1409 3924 1525 3955 celerius
1548 3935 1606 3963 quo
1623 3927 1741 3962 poterit,
1767 3926 1924 3964 intimabit,
1949 3926 1993 3956 seu
2008 3927 2130 3957 intimari
2146 3929 2244 3967 faciet,
2263 3929 2361 3968 Parti,

1305 3972 1404 3994 contra
1419 3972 1503 4001 quam
1519 3963 1555 3994 sic
1570 3964 1652 3993 fuerit
1668 3963 1874 3993 Machinatum.

1340 3999 1445 4039 ITEM,
1461 4001 1554 4040 quod,
1573 4002 1688 4032 durante
1704 4010 1838 4073 tempori?<
1848 4000 1993 4034 Conva
2005 4009 2141 4039 Ντιοη
2152 4013 2185 4036 Is
2203 4005 2359 4044 praedictae,

1857 4047 1873 4079 3
2281 4052 2362 4081 quaef

2375 1432 2395 1452 *⁸
2413 1432 2464 1461 IX.

2375 1471 2440 1499 881.
