2562 4274
181 98 261 137 124

35 168 113 201 Ann.
126 166 168 199 D.

66 217 153 248 1419.

35 252 102 277 Han.
116 255 144 282 5.

654 81 1226 128 CONVENTIO

477 258 524 289 De
547 256 718 304 Recipiendo
742 257 785 290 ad
810 259 966 291 Gratiam.
999 297 1002 299 Α

38 356 91 381 An·
109 362 137 388 7·
188 339 305 410 RE>S<
323 341 488 410 anibgg,
506 341 540 372 ad
555 352 643 381 quOS,
661 344 722 374 &c.
741 342 876 374 Salutem.

36 397 124 458 {fa—tf.
226 416 282 461 De·
297 389 460 462 ἕὲἰὲῗίὲἒε,
478 390 761 459 Glisciimspeffione,
780 421 813 452 ὅ(
835 420 989 459 Industria,
1017 417 1147 463 cariffimi
1169 417 1254 449 Con-

38 473 130 496 Norm.
145 476 169 502 7·
189 456 332 492 {anguinei
347 456 453 501 nostri,
472 457 617 488 willielmi
640 462 749 489 Comitis
770 459 920 498 suffolciae,
939 459 1088 498 capitanei
1113 456 1150 487 de
1172 456 1254 487 Pon-

38 511 76 534 H.
82 512 171 543 54¹-
188 494 302 539 torson,
322 495 431 540 plenius
443 496 638 536 confidentes,
921 537 926 542 ι

39 554 76 573 m·
97 547 142 582 ³⁶·
188 532 1255 607 1311111111ῑῖἧῗὲἑῖῡξῑῐῖϊᾟὲεεοὲᾛ·ρξᾳῒ

186 611 230 641 nia
245 612 397 649 pra-dieta,
415 621 492 643 extra
513 613 714 644 Obedientiam
735 598 860 644 nostratt’n
881 613 918 643 de
938 614 1065 653 praesenti
1087 586 1254 650 existenffg,

186 659 251 686 quae
263 650 297 680 ad
311 650 444 682 Gratiam
459 652 491 682 &
506 651 711 682 Obedientiam
726 651 833 682 nostras
849 653 945 683 venire
963 653 1065 684 volunt
1089 655 1123 685 &
1147 654 1254 687 deside-

186 696 266 725 rant,
284 688 318 718 ad
336 689 466 721 Gratiam
481 691 514 721 &
531 690 734 721 Obedientiam
753 690 858 722 nostras
869 690 1031 729 hujusmodi
1049 692 1184 724 Nomine
1199 705 1253 726 no·

188 726 248 757 stro
261 726 473 766 Recipiendum
490 729 523 759 &
538 729 776 770 Admittendum,

227 764 265 797 Et
288 777 351 805 eas,
371 768 404 798 ὃς
427 777 522 798 earum
545 768 720 807 quamlibet,
745 769 824 806 super
848 767 1035 800 Sacramentis
1055 768 1125 808 suis,
1150 772 1179 801 in
1200 771 1254 804 hac

187 813 265 842 parte
282 805 409 843 assuetis,
425 807 518 844 jurare
531 807 695 838 faciendum
705 832 713 844 ,

224 842 456 889 Hujusmodi'que
471 844 658 889 Sacramentis
675 844 804 889 praestitis
819 845 874 883 eis,
894 845 927 876 &
941 855 1038 876 earum
1054 845 1186 886 cuilibet,
1200 848 1256 878 Bil-

183 890 263 950 ετὶιδξτῑὶιε
284 882 358 921 suas,
374 883 472 923 Sigillo
490 886 572 921 iplius
597 888 706 914 comitis
728 883 871 923 ligillatas,
901 883 1040 914 Dandum
1060 885 1094 916 δε
1120 885 1257 918 Liberan-

226 945 390 998 Ita’semper
405 959 482 998 quod
496 961 572 990 idem
588 964 678 990 Comes
692 960 728 990 de
743 960 813 998 hiis,
830 970 895 998 quae
915 959 1015 991 Nobis
1033 960 1071 992 de
1094 962 1255 1001 hujusmodi

184 995 300 1066 BilInetis
313 1000 471 1067 pertigcent,
490 998 590 1029 Nobis
604 998 773 1038 respondere
791 1007 925 1030 teneatur.

209 1046 502 1117 ''fefitgulsl'egctapud
521 1074 626 1105 Villam
632 1074 713 1114 fimm
728 1075 760 1105 de
777 1078 879 1106 Mante
891 1075 1009 1108 decimo
1030 1087 1113 1109 nono
1136 1078 1184 1110 die
1200 1079 1255 1118 Ju-

185 1122 234 1143 mi.

827 1155 880 1184 Per
893 1153 976 1194 ipfiam
991 1157 1095 1193 Regem.

474 1282 533 1313 Pro
557 1283 671 1314 Comite
693 1279 729 1313 de
753 1281 959 1328 Longaeville.

35 1372 112 1403 Ann.
125 1371 166 1403 D.

55 1421 143 1450 1419.

34 1456 87 1480 An.
106 1461 133 1486 7.

186 1363 301 1422 REX
321 1365 482 1404 Omnibus,
501 1366 536 1398 ad
551 1376 641 1406 quos,
660 1367 723 1398 &c-
741 1366 876 1398 Salutem.

278 1404 375 1435 Sciatis
392 1406 490 1444 quod,

225 1441 304 1473 Cum
321 1454 428 1481 nuper,
448 1455 497 1483 per
514 1443 632 1475 Cartam
656 1442 799 1479 nostram,
817 1442 991 1474 Dederimus
1013 1445 1047 1476 δε
1071 1444 1255 1478 Concesseri-

187 1491 269 1519 mus,
287 1481 394 1512 dileeto
409 1483 442 1513 &
457 1482 531 1513 fideli
551 1482 668 1520 nostrO,
687 1482 800 1521 Gafioni
823 1482 855 1511 de
875 1486 961 1522 Foi‘x,
979 1482 1092 1515 Comiti
1111 1484 1148 1516 de
1172 1485 1254 1517 Lon-

184 1520 305 1559 gueville
324 1521 358 1552 &
385 1521 506 1559 Capitali
520 1521 557 1552 de
576 1521 671 1558 Buch,
691 1529 785 1551 totum
799 1520 978 1552 Comitatum
994 1522 1030 1554 de
1044 1522 1253 1564 Longueville,

184 1562 213 1604 in
229 1568 365 1627 qsuantum
379 1560 406 1590 se
422 1560 564 1598 extendit,
583 1569 652 1590 cum
666 1560 802 1590 omnibus
816 1559 998 1592 Pertinentiis
1020 1561 1055 1592 &
1077 1561 1256 1601 Dependen-

184 1608 227 1631 tiis
252 1608 292 1628 uis

221 1621 424 1667 HABENDUM
440 1638 474 1668 ὃς
486 1637 694 1668 TENENDUM
708 1637 802 1667 eidem
819 1636 948 1677 Gastoni,
963 1639 997 1670 &
1009 1637 1182 1671 Haeredibus
1203 1641 1255 1671 suis

186 1675 320 1707 Masculis
331 1698 339 1712 ,
359 1675 395 1705 de
409 1675 541 1713 Corpore
555 1678 603 1706 suo
617 1677 800 1714 exeuntibus,
819 1675 869 1706 sub
883 1676 960 1707 certa
984 1677 1097 1715 forma,
1113 1679 1142 1708 in
1166 1679 1254 1710 Carta

184 1713 321 1752 praediela
334 1713 509 1754 specificata,
526 1724 611 1753 prout
625 1714 655 1745 in
677 1714 777 1747 eadem
797 1714 887 1746 Carta
907 1715 1005 1747 nostra
1024 1716 1134 1754 plenius
1160 1720 1255 1749 conti-

183 1761 286 1791 netur,

220 1791 309 1829 Nos,

218 1830 268 1861 Ut
282 1829 405 1860 Donum
423 1830 455 1862 &
469 1830 627 1861 Concessio
643 1829 739 1862 nostra
753 1830 914 1870 hujusmodi
929 1832 1046 1863 clariora
1060 1833 1095 1865 δε
1109 1835 1254 1872 appertio-

182 1879 210 1901 ra
229 1869 346 1905 praefiato
361 1869 474 1900 Comiti
492 1869 557 1900 fiant
573 1871 606 1900 ὃ(
623 1870 796 1908 habeantur,

222 1907 271 1938 De
288 1907 387 1938 Gratia
403 1908 497 1938 nostra
512 1909 619 1945 speciali
639 1907 780 1939 Dedimus
795 1908 829 1939 ὅ(
847 1907 1050 1940 Conceslimus
1072 1911 1165 1941 eidem
1189 1911 1254 1943 Co·

184 1947 248 1977 miti
262 1954 356 1977 totuni
375 1946 557 1977 Comiiaruni
576 1947 763 1985 proedietum,
781 1957 814 1977 36
829 1949 930 1978 omnia
942 1948 1066 1987 Terras,
1084 1950 1255 1981 Tenemen-

184 1993 228 2022 ta,
249 1985 404 2023 Redditus,
430 1986 463 2015 &
488 1985 675 2015 Posscffiones
697 1986 906 2024 quascumque,
929 1996 997 2017 cum
1017 1987 1196 2019 Pertinentiis
1218 1990 1253 2021 ad

183 2023 366 2054 Comitatum
387 2023 556 2062 praedic‘tum
579 2025 782 2061 pertinentibus
804 2024 850 2055 seu
874 2024 1084 2066 spectantibus,
1102 2037 1157 2057 una
1185 2038 1255 2059 curri

182 2063 233 2093 alta
246 2062 377 2101 Justitia,
395 2062 485 2092 media
498 2085 506 2099 ‚
524 2065 556 2094 ὃ(
573 2063 666 2099 baffi,
685 2073 717 2094 ac
730 2073 798 2093 cum
813 2063 987 2102 Atrei-agiis,
1008 2074 1073 2102 quae
1092 2064 1128 2095 de
1150 2066 1255 2097 eodem

183 2102 348 2139 Comitatu,
367 2111 400 2132 ac
417 2101 530 2137 Terris,
548 2102 752 2138 Tenementis,
773 2100 959 2140 Redditibus,
974 2105 1007 2134 ὃς
1024 2103 1256 2145 Poffeffionibus,

183 2140 277 2171 eidem
292 2138 451 2170 Coniitattii
474 2141 694 2177 pertinentibus,
710 2140 870 2179 debentur,
888 2141 907 2171 si
925 2141 959 2172 ad
972 2151 1044 2180 opus
1068 2142 1198 2174 nostrum
1215 2145 1256 2175 le-

182 2187 263 2215 vata,
279 2178 417 2216 collecta,
437 2179 470 2208 δε
484 2178 570 2208 soluta
582 2189 641 2209 non
658 2178 796 2217 existant,

222 2217 391 2247 HABENDA
406 2217 439 2248 ὃ(
455 2216 627 2247 TENENDA
641 2218 733 2248 eidem
747 2220 864 2253 comiti,
880 2217 913 2248 &
929 2216 1099 2250 Haeredibus
1109 2220 1161 2250 suis
1174 2220 1254 2252 Mas-

184 2256 272 2294 culis,
290 2255 325 2286 de
340 2255 473 2294 Corpore
489 2255 539 2286 suo
554 2257 739 2292 exeuntibus,
758 2257 832 2293 juxta
850 2255 917 2286 Vim
929 2280 938 2293 ,
956 2256 1108 2297 Formam,
1123 2260 1156 2290 &
1172 2259 1254 2291 Effe-

184 2294 264 2363 ettim
285 2293 500 2364 Gartgegostrae
514 2294 696 2334 supradietae,
715 2294 987 2325 IMPERPETUUM.

237 2343 253 2362 l]
270 2342 299 2362 Ο(
318 2343 348 2363 ¹15
404 2342 442 2364 ’C-

218 2343 314 2402 Teste]
323 2356 405 2411 Rege
418 2372 491 2411 apud
506 2371 612 2402 Villam
623 2371 706 2411 fitam
722 2372 754 2402 de
771 2374 873 2402 Mante
887 2371 1024 2404 vicefimo
1038 2373 1181 2414 dieJunii.

34 1511 99 1556 zm.
112 1510 118 1516 “

34 1577 71 1595 m.
86 1576 130 1604 35.

851 2450 905 2478 Per
919 2448 1001 2489 Epficm
1018 2452 1122 2489 Regem.

36 2575 51 2592 ⁸⁸
74 2574 128 2602 ix.

34 2622 112 2679 11711311,
124 2648 167 2679 1).

56 2699 146 2728 1419-

34 2733 88 2758 An.
109 2739 135 2764 7.

231 2573 251 2594 ‘¹‘
271 2575 328 2606 Pro
349 2572 532 2617 [Mare-scal&
552 2575 739 2619 Bouciqmm!
752 2600 761 2615 ‚
788 2576 824 2610 θ’
848 2575 982 2606 Domina
998 2574 1033 2608 de
1048 2576 1079 2608 la
1097 2575 1205 2610 Roche.

252 2657 311 2688 EX
322 2680 332 2696 ,
350 2667 399 2695 per
414 2657 522 2688 Literas
535 2657 591 2688 suas
604 2656 752 2695 Parentes,
770 2657 856 2694 usque
869 2659 1021 2697 septimum
1039 2659 1129 2692 Diem
1155 2662 1255 2702 Augu-

271 2696 303 2726 sti
326 2697 457 2733 proximo
477 2695 602 2726 futurum
626 2696 787 2734 duraturas,
806 2696 921 2735 suscepit
948 2699 976 2727 in
998 2698 1124 2738 salvum,
1143 2700 1203 2731 &c.
1224 2705 1256 2731 Y-

189 2742 292 2766 vonnet
307 2735 339 2763 de
353 2736 520 2774 Bermay'an,
537 2736 565 2764 in
582 2733 719 2774 Regnum
735 2734 821 2774 Regis
837 2735 949 2772 Angliae
959 2736 1060 2775 ,usque
1075 2737 1256 2770 Praesentiam

191 2773 347 2805 Marescalli
366 2773 540 2811 Bouciquaut
557 2773 705 2803 Prisonarii
734 2773 839 2811 Regis,
857 2774 1041 2813 transeundo,
1058 2776 1164 2806 ibidem
1191 2788 1255 2808 mo-

187 2812 293 2851 rando,
309 2812 343 2843 &
357 2811 457 2842 exinde
471 2812 504 2841 ad
522 2813 635 2852 propria
651 2811 817 2850 redeundo,
834 2821 866 2843 ac
883 2812 960 2851 Res,
979 2813 1074 2853 Bona,
1092 2816 1125 2847 &
1139 2814 1256 2847 Herne-

186 2852 220 2883 sia
236 2850 282 2881 sua
295 2860 502 2888 quaecumque,

224 2888 344 2919 Proviso
359 2888 467 2928 semper
483 2887 564 2927 quod
581 2888 637 2927 ipse
653 2889 825 2927 quicquam,
841 2890 901 2920 &c.
921 2889 1057 2929 quodque
1071 2891 1125 2929 ipse
1144 2893 1254 2924 nullum

187 2927 375 2965 Castrorum,
394 2927 455 2958 &c-

224 2966 258 2996 In
275 2967 371 3004 cujus,
388 2966 448 2996 δίε.

224 3004 314 3036 Teste
330 3004 413 3044 Rege
428 3003 502 3043 apud
518 3007 546 3034 V
548 3002 626 3034 illam
631 3002 713 3043 fitam
730 3004 762 3034 de
781 3006 886 3034 Maunt
899 3006 1035 3037 vicesimo
1052 3006 1098 3038 die
1110 3007 1197 3047 Junii.

33 2810 94 2834 Par.

33 2849 125 2873 Norm.
143 2851 171 2878 7.

36 2887 70 2910 Η.
80 2889 169 2919 5·1>-¹·

35 2931 73 2950 m.
85 2924 130 2958 36.

827 3083 880 3111 Per
893 3082 976 3121 ipfttm
988 3085 1092 3122 Regem.

192 3157 329 3215 REX,
348 3169 397 3196 per
422 3158 528 3188 Literas
550 3158 608 3188 suas
628 3157 777 3195 Parentes,
801 3157 887 3195 usque
912 3159 1059 3196 Quintum
1080 3160 1169 3193 Diem
1185 3162 1252 3200 Julii

272 3199 408 3234 proximo
433 3198 558 3227 futurum
575 3197 731 3234 duraturas,
748 3196 864 3234 suscepit
877 3198 904 3226 iii
922 3198 1047 3235 salvum,
1067 3199 1127 3229 &a
1146 3200 1255 3231 Domi—

189 3243 256 3264 nam
267 3237 418 3264 Pierettam
434 3233 506 3264 dela
522 3238 650 3272 Riviere,
670 3233 831 3264 Dominam
847 3235 883 3265 de
898 3236 921 3264 la
936 3236 1041 3267 Roche
1057 3236 1083 3266 se
1096 3237 1253 3278 dicentem,

188 3272 275 3311 usque
293 3272 472 3303 Praesentiam
492 3272 601 3310 Regis,
621 3282 689 3303 cum
711 3272 857 3311 Sexaginta
879 3273 1024 3311 Pei-sonis,
1046 3275 1090 3305 vel
1110 3277 1196 3314 infra,
1224 3279 1253 3307 in

188 3310 338 3342 Comitiva
351 3311 413 3349 sua,
432 3312 591 3349 veniendo,
609 3311 715 3341 ibidem
731 3311 889 3349 morando,
908 3314 940 3342 ἃ
957 3312 1057 3343 exinde
1070 3313 1148 3344 salvo
1164 3316 1196 3346 &
1212 3316 1254 3346 se-

188 3351 257 3382 cure
270 3348 415 3380 redeundo
425 3371 434 3387 ,
448 3359 481 3379 ac
497 3349 614 3388 Equos,
633 3349 711 3386 Res,
730 3349 806 3380 Bona
819 3373 828 3388 ,
844 3351 877 3382 δε
892 3349 1028 3381 Hernefia
1042 3352 1085 3382 sua
1105 3362 1255 3390 quaecum-

187 3398 264 3428 que,

226 3425 346 3456 Proviso
357 3425 465 3463 semper

189 3463 374 3502 Castrorum,
392 3464 453 3494 δίε.

228 3502 262 3533 111
279 3505 377 3542 cujus,
395 3503 455 3533 &c.

225 3541 316 3572 Teste
332 3542 414 3581 Rege
427 3549 457 3571 ut
471 3539 559 3578 supra.

37 3157 101 3186 lhil.

479 3425 560 3464 quod
575 3426 624 3465 ipsi
643 3427 814 3465 quicquam,
834 3428 896 3458 &c-
915 3426 1052 3466 quodque
1071 3428 1122 3465 ipsi
1143 3429 1252 3461 nullum

854 3580 908 3608 Per
923 3579 1006 3619 ipficm
1018 3585 1122 3618 Regem.

192 3666 292 3673 Ἢ

43 3696 122 3727 Ann.
132 3695 175 3726 D.

63 3743 150 3773 1419.

41 3778 93 3802 An.
113 3783 140 3808 7.

43 3817 76 3839 H.
99 3821 123 3846 s.

43 3849 161 3877 ExBibl.
341 3877 345 3880 ,
684 3877 688 3882 ,
713 3876 718 3881 ,
875 3876 881 3881 .
1071 3879 1075 3883 ,

43 3890 164 3915 Cot.T1'-
240 3874 360 3904 Accedit
378 3875 412 3906 ad
433 3876 533 3906 vestrae
552 3876 732 3906 Celfitudims
751 3874 928 3905 PPaesentlam
946 3901 954 3913 ,
984 3876 1129 3907 Dominus
1153 3879 1257 3907 Hem-i-

47 3927 128 3953 herim
151 3932 170 3954 B
199 3924 241 3942 cm
264 3913 425 3951 Grsnvfi‘ls,
456 3915 629 3951 Apostolicae
658 3915 737 3944 Sedis
765 3913 998 3944 prothonotarius
1015 3939 1024 3952 ,
1058 3914 1258 3956 Archiepifiopi

44 3966 70 3989 6Δ
82 3964 128 4001 fig,
173 3950 178 3956 ⁸
199 3955 357 3987 maguntini
384 3954 413 3981 ἃ
434 3956 517 3981 Ducis
543 3956 670 3982 7522stae
690 3956 799 3982 Comitis
818 3951 941 3982 Palatini
959 3956 1027 3982 Rem·
1053 3953 1234 3984 Consiliarius
1250 3977 1260 3992 ,

45 4004 61 4028 6
63 4014 90 4037 4·
106 4006 143 4030 A.
201 3990 288 4021 Lator
314 3989 492 4020 Praefinssum
509 4013 518 4028 ,
549 4001 596 4028 :ger
614 3991 781 4022 Dominum
800 3990 930 4022 nostruin
951 3995 1086 4023 &omnum
1105 3992 1262 4034 Pontificem

564 3717 622 3748 Pro
647 3714 767 3746 Nuncio
792 3718 884 3760 Papa.

195 3787 395 3861 INvi'ft'ifflme
408 3803 523 3839 Regum,
541 3802 679 3838 Princeps,
697 3798 736 3834 ὠ
750 3798 962 3838 flletuend‘ffime
976 3801 1108 3840 Domine,

1255 74 1904 130 NES‚L1TERAE‚

1292 163 1327 195 ad
1347 162 1551 195 Celsitudinern
1570 163 1676 203 ipsam,
1701 163 1781 202 supet
1799 165 1901 203 certis,
1924 161 1960 194 de
1978 164 2082 202 quibus
2096 164 2126 194 in
2143 163 2246 195 nostris
2262 162 2362 196 Literis
2380 165 2456 197 Ann.
2472 166 2516 199 D.

1292 203 1350 234 aliis
1366 202 1551 233 Mentionem
1565 203 1704 241 fecimus,
1723 203 1893 234 n-ansmissus
1907 202 2077 241 specialiter,
2095 211 2125 233 ut
2161 211 2286 240 utamuS,
2408 214 2495 246 1419.

1334 241 1433 277 Quem
1465 250 1552 278 penes
1568 240 1714 273 Eledimres
1728 241 1773 272 Im
1794 243 1862 280 etii,
1881 250 2009 280 magnae,
2027 250 2058 271 ut
2079 241 2280 280 inteleximus,
2300 241 2361 273 Au·
2378 248 2443 274 Hen.
2457 254 2487 281 5.

1294 279 1429 310 &oritatis
1440 264 1547 309 &lirum
1556 302 1566 319 ,
1579 280 1657 318 juitta
1670 280 1757 318 praedi
1790 290 1871 311 arum
1883 281 2045 310 nostrarum
2061 278 2196 311 Priorum
2210 281 2364 312 continen-

1293 319 1362 348 tiam
1377 318 1555 386 LiteIrIarum,
1573 318 1666 350 vestra
1681 318 1755 350 sacra
1768 319 1901 358 Majestas
1915 318 2094 357 quaefivimus
2108 319 2210 350 habere
2230 319 2361 359 dignetur

1293 366 1435 386 recommi
1461 366 1522 386 um.

1331 394 1378 424 Ad
1398 394 1474 425 Vota
1492 393 1597 425 Cordis
1612 394 1696 425 vestri
1713 394 1896 426 Nobiliffimi
1910 419 1920 433 ,
1944 394 2105 426 felicissimo
2123 394 2174 426 sub
2198 395 2335 428 Sueceffu
2351 421 2361 436 ,

1293 432 1475 472 aeternaliter,
1493 432 1616 464 utinam!
1636 432 1821 473 prosperanda
1839 434 1977 473 utriusque
1994 433 2127 465 Hominis
2145 443 2214 466 cum
2231 435 2335 467 Salute.

1332 509 1443 548 Scripta
1457 509 1602 540 Florentiae
1617 508 1697 548 Junii
1715 510 1827 542 ultimo.

1713 586 1810 627 Vestra
1822 588 2000 628 Sacratiffi'me
2012 589 2184 631 Majestatir,

1733 663 1887 695 Humillimi
1901 664 2041 705 Capellam·
2054 666 2092 702 ό·
2109 670 2247 698 Oratores<

1331 739 1472 778 Johannis
1492 739 1717 782 Lichefi’ldenfis,

1333 780 1371 810 Et
1385 782 1415 809 Τ.
1435 778 1575 810 Poltonne.

1654 908 1713 939 Pro
1739 908 1854 953 Regina
1877 905 1995 939 Siciliae.

1299 987 1437 1043 REX,
1455 988 1605 1022 Universis
1620 990 1653 1021 ὃς
1670 990 1781 1030 singulis
1796 990 1976 1030 Castellanis,
1995 991 2028 1023 &
2043 1000 2144 1022 eorum
2160 990 2242 1023 Loca
2264 999 2362 1025 tenen·
2384 986 2517 1022 Anu-D.

1337 1064 1342 1069 ι
1375 1029 1467 1067 tibus,
1482 1038 1515 1059 ac
1533 1029 1590 1060 aliis
1611 1028 1782 1068 Officiariis,
1797 1029 1954 1070 Ministris,
1970 1030 2081 1070 Ligeis‚
2105 1032 2139 1062 &
2162 1030 2286 1062 Subditis
2307 1042 2362 1063 no-
2409 1036 2494 1066 1419.

1294 1061 1374 1103 stris,
1394 1067 1428 1096 ad
1443 1076 1534 1105 quos,
1553 1068 1614 1099 &c.
1635 1067 1771 1100 Salutem.
2378 1069 2430 1095 An·
2446 1077 2462 1103 7
2467 1088 2478 1096 ·

1331 1103 1430 1136 Sciatis
1446 1106 1525 1143 quud
1535 1129 1544 1144 ,
2383 1110 2419 1132 H.
2434 1115 2464 1140 5·

1333 1142 1416 1174 Cum
1438 1147 1540 1183 Regina
1559 1144 1716 1184 Jerufhlem
1735 1144 1774 1181 &
1795 1144 1911 1185 Sicili'ae,
1927 1145 2009 1176 cenis
2027 1145 2064 1176 de
2075 1145 2179 1185 caulis,
2195 1146 2283 1185 ipsam
2299 1157 2366 1179 mo·
2383 1146 2442 1171 ΡΜ·

1294 1183 1441 1221 ventibus,
1459 1183 1597 1221 quosdam
1618 1184 1655 1214 de
1679 1183 1824 1215 Gentibus
1851 1184 1903 1215 suis
1926 1184 2012 1224 usque
2033 1183 2215 1217 Praesentiam
2235 1185 2361 1218 nostram
2382 1187 2472 1211 erm-
2489 1193 2515 1219 7·

1295 1222 1406 1252 mittete
1419 1232 1561 1260 proponat
1578 1231 1610 1254 ut
1625 1224 1803 1262 accepimus,
2381 1225 2444 1256 115
2448 1227 2515 1258 ’Νι

1335 1259 1403 1290 Nos
1410 1283 1420 1298 ,
2381 1268 2419 1288 m.
2434 1259 2480 1297 38.

1331 1297 1389 1328 Pro
1407 1299 1563 1330 Securitate
1575 1299 1689 1331 illorum
1700 1323 1710 1338 ,
1728 1310 1801 1339 quos
1813 1300 1911 1332 eadem
1925 1299 2036 1340 Regina
2050 1301 2080 1330 in
2094 1300 2149 1332 hac
2166 1308 2243 1340 parte
2257 1302 2364 1341 mittet,

1294 1336 1454 1375 prospicere
1468 1338 1615 1377 volentes,

1331 1375 1512 1414 Suscepimus
1534 1377 1640 1408 Unum
1664 1376 1792 1408 Militem
1819 1378 1853 1410 &
1879 1386 1969 1408 unum
1995 1376 2144 1408 Clericum
2167 1377 2204 1408 de
2221 1377 2366 1409 Gentibus

1295 1415 1419 1452 praefatae
1438 1414 1561 1452 Reginae
1580 1416 1796 1455 (cujuscumque
1810 1416 1904 1447 Status
1919 1417 1962 1448 seu
1979 1414 2163 1447 Conditionis
2181 1417 2295 1455 fuerint)
2321 1427 2367 1448 us-

1296 1462 1353 1489 que
1386 1453 1564 1485 praesentiam
1586 1454 1714 1486 nostram
1736 1455 1902 1493 praediClam
1920 1479 1930 1493 ,
1959 1465 2028 1486 cum
2047 1453 2161 1493 Viginti
2182 1454 2314 1487 Personis
2335 1457 2365 1487 in

1296 1490 1443 1524 Comitiva
1466 1494 1534 1531 sua,
1554 1493 1600 1523 vel
1619 1494 1706 1531 infra,
1733 1494 1875 1531 Armatis,
1893 1494 1939 1524 vel
1958 1503 2018 1524 non
2042 1494 2183 1532 ArmatiS,
2201 1504 2235 1526 ac
2252 1493 2363 1534 Equis,

1294 1529 1398 1570 Bonis,
1418 1531 1531 1570 Rebus,
1552 1533 1584 1563 &
1600 1531 1743 1563 Hernesiis
1754 1532 1805 1564 suis
1821 1532 2063 1571 quibuscumque,
2080 1532 2242 1572 veniendo,
2254 1532 2365 1564 ibidem

1295 1570 1438 1636 giorando
1456 1571 1489 1601 &
1517 1571 1749 1609 perhendinando
1767 1594 1776 1609 ,
1802 1571 1834 1602 &
1858 1570 1960 1602 exinde
1980 1571 2058 1603 salve
2076 1572 2110 1603 ὃς
2127 1572 2225 1603 secure
2244 1571 2366 1603 redeun—

1316 1617 1353 1644 03

1332 1647 1350 1665 *ί*
1372 1646 1493 1678 Proviso
1508 1648 1616 1685 semper
1631 1649 1711 1687 quod
1731 1648 1779 1687 ipsi
1802 1649 1974 1686 quicquam,
1993 1648 2052 1680 &c.
2072 1647 2210 1688 quodque
2229 1648 2280 1688 ipsi
2301 1648 2366 1680 nul·
2381 1646 2401 1666 *¹
2423 1649 2474 1678 lX.

1294 1684 1353 1714 lum
1369 1684 1523 1723 Castrum,
1539 1687 1600 1716 &c.
2384 1695 2449 1722 774·

1332 1723 1367 1754 In
1388 1725 1484 1763 cujus,
1501 1726 1560 1755 &c.
1581 1725 1666 1763 usque
1689 1725 1885 1756 Tricefimum
1907 1724 2040 1755 Primum
2060 1724 2215 1764 diemJulii
2230 1726 2364 1764 proximo

1293 1761 1423 1793 futurum
1439 1763 1590 1794 duraturas.

1332 1800 1423 1832 Teste
1437 1801 1518 1842 Rege
1532 1802 1606 1841 apud
1623 1801 1728 1832 Villam
1738 1801 1821 1842 fitam
1840 1801 1872 1831 de
1886 1804 2006 1832 Maunte
2020 1799 2146 1832 secundo
2160 1800 2205 1832 die
2217 1799 2294 1841 Julii.

1976 1880 2031 1909 Per
2045 1877 2128 1918 ipspm
2146 1881 2251 1918 Regem.

1401 2015 1451 2047 De
1474 2013 1568 2047 eundo
1590 2014 1634 2048 ad
1654 2015 1844 2060 Praesentiam
1870 2013 2085 2062 Confhnguinei
2107 2016 2250 2050 Francia.

1299 2097 1418 2154 REX
1437 2099 1600 2138 Omnibus,
1616 2099 1650 2129 ad
1665 2109 1754 2139 quos,
1773 2100 1833 2131 &c.
1850 2098 1987 2130 Salutem.
2385 2097 2459 2132 Ann,
2476 2098 2520 2130 D:

1395 2138 1494 2168 Sciatis
1507 2138 1588 2176 quod
1606 2138 1696 2176 Nos,
2404 2146 2492 2176 1419.

1296 2212 1301 2217 ⁶
1330 2175 1380 2206 De
1399 2176 1560 2214 Fidelitate,
1577 2175 1867 2217 Circumspefflone,
1885 2177 1919 2208 &
1939 2175 2100 2215 Industria,
2124 2176 2363 2210 Reverendiffimi
2382 2180 2435 2204 Aa.
2451 2187 2478 2213 7·

1294 2222 1322 2242 in
1342 2214 1460 2246 Christo
1479 2215 1567 2246 Patris
1584 2218 1695 2246 Henrici
1714 2215 1912 2254 Archiepifiopi
1929 2215 2133 2256 cantuarienfis
2152 2220 2235 2246 totius
2250 2217 2365 2256 Angliae
2383 2219 2411 2242 H
2437 2224 2467 2251 5-

1295 2253 1427 2283 Prtmatis
1444 2253 1482 2288 ὠ·
1502 2254 1662 2293 Apostolicae
1677 2255 1752 2284 Sedis
1772 2257 1889 2292 Legati,
1907 2264 1940 2284 ac
1960 2254 2092 2292 Cariffimi
2110 2256 2303 2294 Consanguinei
2318 2267 2365 2286 no-
2380 2257 2437 2282 PM-

1287 2290 1342 2329 stri
1361 2293 1473 2323 Ricardi
1489 2296 1597 2323 Comitis
1614 2296 1775 2323 Warrwicae
1791 2316 1800 2330 ,
1826 2302 1941 2323 necnon
1957 2316 1966 2331 ‚
1992 2293 2165 2323 dilectorum
2185 2294 2217 2325 ὃς
2237 2294 2363 2326 fidelium
2381 2297 2471 2320 Norm.
2488 2296 2519 2328 75

1295 2331 1460 2362 nostrorum
1477 2355 1486 2370 ,
1514 2331 1656 2371 Guastonis
1678 2333 1719 2362 de-
1733 2335 1801 2361 Foix
1825 2334 1937 2361 Comitis*
1953 2332 1987 2361 de
2004 2331 2184 2370 Longueville
2197 2356 2206 2370 ,
2232 2332 2364 2373 Magistri
2382 2335 2416 2358 H·
2430 2339 2457 2366 5·
2471 2336 2496 2367 P·

1294 2369 1411 2409 Phihppi
1429 2373 1550 2407 Jlsorgan
1569 2370 1659 2400 Eleeli
1683 2373 1835 2410 Wgorniae
1864 2370 2027 2401 Cam-ellarii
2048 2381 2082 2400 no
2106 2373 2132 2400 ri
2156 2372 2339 2402 Normanm'ae
2353 2393 2365 2411 ,
2386 2379 2409 2398 1-
2423 2378 2514 2407 ''J-34·

1292 2408 1411 2439 Gilherti
1429 2409 1598 2450 Umfraville
1617 2408 1751 2439 Chivaler
1762 2432 1772 2448 ,
1791 2410 1834 2438 W
1833 2407 1936 2438 illielmi
1956 2411 2052 2439 Porter
2103 2409 2225 2447 bivaler,
2242 2411 2276 2441 &
2295 2409 2365 2442 Ma-

1295 2447 1374 2491 gistri
1389 2447 1531 2487 Johannis
1546 2447 1674 2487 Staffird
1689 2447 1802 2488 Legum
1823 2446 1963 2478 Dostoris
1980 2471 1991 2487 ,
2015 2448 2129 2486 plenam
2146 2456 2274 2485 gerentes
2292 2447 2365 2479 fidu-

1294 2496 1369 2516 ciam

1336 2509 1412 2563 Ipsos
1426 2525 1559 2564 Septem,
1575 2525 1631 2556 Sex
1642 2548 1651 2563 ‚
1671 2525 1825 2563 Quinque,
1845 2533 1892 2555 aut
1906 2523 2039 2563 Qatuor
2060 2523 2229 2554 eorumdem
2251 2524 2366 2556 nostros

1297 2563 1449 2602 Fecimus,
1475 2564 1696 2601 Ordinavimus,
1715 2564 1749 2594 &
1773 2564 1998 2600 Deputavimus,
2015 2571 2048 2592 ac
2071 2561 2221 2601 Facimus,
2241 2562 2367 2593 Ordina-

1299 2611 1362 2631 mus
1376 2603 1410 2633 86
1428 2603 1622 2639 Deputamus,
1647 2611 1741 2632 certos
1766 2602 1799 2632 &
1825 2601 1958 2631 indubios
1975 2599 2212 2640 Ambaffiatores,
2228 2601 2263 2631 N
2267 2604 2368 2633 uncios

1297 2640 1332 2670 &
1346 2639 1583 2677 Comniissarios,
1604 2641 1748 2677 speciales,
1767 2649 1816 2678 pei·
1830 2639 1994 2677 praesentes,

1333 2678 1442 2710 Dantes
1461 2680 1493 2710 St
1512 2678 1713 2709 Concedentes
1731 2678 1834 2707 eisdem
1854 2677 1970 2716 Septem
1986 2702 1995 2715 ,
2021 2676 2077 2708 Sex
2094 2700 2103 2715 ,
2131 2677 2268 2716 Qiinque
2282 2702 2292 2716 ,
2318 2689 2368 2711 aut

1298 2717 1429 2755 Qiatuor
1440 2717 1635 2754 eorumdem,
1656 2716 1767 2754 plenam
1784 2715 1953 2746 Potestatem
1963 2739 1972 2754 ,
1988 2716 2215 2755 Aueroritatem,
2233 2717 2267 2748 &
2279 2716 2367 2748 Man-

1297 2756 1394 2786 datum
1416 2755 1547 2794 speciale,
1575 2765 1628 2793 pro
1651 2754 1749 2785 Nobis
1775 2755 1808 2785 &
1832 2754 1968 2785 Nomine
1989 2755 2107 2792 nostre,
2131 2754 2166 2786 ad
2187 2755 2366 2794 personaliter

1297 2795 1422 2825 eundum
1438 2795 1471 2825 ad
1486 2794 1665 2825 Praesentiam
1680 2793 1888 2832 Consanguinei
1905 2792 1993 2823 nostri
2008 2796 2148 2831 Franciae,

1335 2832 1374 2864 Et
1390 2834 1494 2863 ibidem
1511 2843 1579 2863 cum
1595 2833 1675 2863 dioto
1694 2831 1916 2871 Conlanguineo
1930 2831 2030 2862 nostro
2043 2855 2054 2871 ,
2071 2831 2165 2869 ejusve
2177 2830 2367 2863 Ambaffiaro-

1297 2872 1393 2910 ribus,
1411 2872 1639 2908 Commissariis,
1659 2870 1826 2908 Deputatis,
1851 2870 1897 2901 seu
1922 2870 2063 2909 Nuuciis,
2091 2870 2204 2907 plenam
2230 2870 2264 2901 ὃ(
2289 2871 2366 2902 suffi-

1297 2912 1420 2942 cientem
1437 2910 1603 2950 potestatem
1617 2911 1652 2940 ab
1667 2910 1770 2939 eodem
1786 2910 1972 2947 habentibus,

1335 2949 1385 2980 De
1400 2951 1433 2981 δε
1449 2950 1528 2987 super
1543 2949 1618 2979 Pace
1637 2948 1743 2982 Finali,
1759 2958 1792 2978 ac
1810 2948 1945 2978 omnibus
1965 2947 2008 2989 &¹
2021 2945 2131 2985 fingulis
2155 2944 2366 2989 Incidentibus‚

1297 2986 1516 3029 Emergentibus
1526 3011 1535 3026 ,
1554 2987 1808 3025 Dependentibus,
1827 2988 1860 3017 &
1876 2985 2024 3016 Connexxs
2037 2985 2072 3015 ab
2086 2984 2203 3023 eadem,

1333 3028 1381 3058 Ac
1399 3028 1478 3066 super
1497 3027 1634 3057 omnibus
1651 3027 1685 3057 δε
1704 3025 1830 3064 lingulis,
1850 3024 2009 3062 Qietem,
2036 3023 2305 3064 Tranquillitatem,
2327 3026 2363 3057 &

1299 3065 1403 3098 Pacem
1432 3065 1573 3104 utriusque
1597 3064 1769 3104 Regnorum
1802 3063 1826 3093 F
1828 3063 1931 3093 ranciae
1963 3063 1997 3094 &
2023 3062 2134 3101 Angliae
2162 3065 2364 3095 concernenti-

1336 3115 1347 3135 s

1294 3107 1365 3174 buln
1378 3143 1523 3174 Omnibus
1540 3143 1574 3174 &
1593 3140 1702 3177 singtilis
1720 3139 1825 3177 Locis,
1842 3149 1876 3170 ac
1891 3139 1994 3170 totiens
2019 3139 2150 3177 quotiens
2171 3139 2210 3169 eis
2228 3138 2363 3179 Septem,

1294 3185 1368 3221 Sex,
1386 3183 1541 3220 Qiinque,
1558 3188 1605 3210 aut
1623 3172 1757 3216 Quatuor
1772 3177 1938 3209 eorumdem
1955 3178 2096 3209 videbitur
2112 3177 2364 3218 expedire,C0m-

1297 3221 1502 3253 municaiidum
1517 3220 1550 3249 ὃς
1564 3217 1759 3248 TraClandum
1770 3240 1779 3251 ,

1334 3261 1379 3290 Ac
1393 3259 1492 3289 omnia
1507 3258 1540 3287 &
1555 3256 1681 3294 singula,
1698 3266 1751 3294 pro
1766 3255 1850 3285 Parte
1871 3254 1966 3285 nostra
1978 3277 1987 3293 ,
2006 3253 2040 3285 ad
2061 3262 2224 3292 perpetuam
2245 3256 2283 3285 rei
2301 3265 2362 3286 me-

1296 3299 1435 3335 moriam,
1460 3297 1493 3327 &
1512 3295 1593 3327 Pacis
1611 3304 1753 3334 perpetuae
1769 3294 1933 3325 firmitatem
1953 3293 2125 3331 plenariam,
2151 3292 2269 3325 finaliter
2285 3294 2363 3325 Ter-

1296 3335 1461 3368 minandum
1481 3336 1514 3365 &
1533 3334 1795 3370 Concludendum,
2318 3369 2324 3375 .

1334 3376 1464 3405 Necnon
1481 3374 1517 3403 de
1535 3373 1567 3404 &
1587 3372 1665 3411 super
1681 3372 1816 3402 omnibus
1833 3371 1866 3401 ὃς
1886 3370 1996 3408 singulis
2015 3369 2134 3402 Debatis
2150 3393 2160 3407 ,
2184 3368 2360 3400 Contentio-

1295 3415 1395 3451 nibus,
1421 3412 1628 3448 Petiti'onibus,
1655 3410 1890 3449 Qiaestionibus,
1915 3408 2096 3446 Demandis,
2123 3407 2299 3452 Discordiis,
2324 3408 2359 3439 δε

1296 3462 1392 3484 earum
1412 3450 1558 3487 Materiis,
1583 3459 1653 3480 cum
1671 3450 1722 3480 suis
1742 3448 1954 3485 Incidentibus,
1980 3447 2214 3484 Emergentibus‚
2238 3445 2361 3483 Depen-

1295 3491 1442 3526 dentibus,
1462 3489 1494 3520 &
1514 3488 1676 3524 Connex'is,
1693 3489 1765 3518 inter
1781 3489 1841 3516 Nos
1859 3487 1892 3517 &
1905 3484 2052 3528 praefatmgl
2067 3483 2294 3527 confizqguineum
2314 3494 2362 3514 no·

1288 3532 1377 3570 strum
1396 3527 1641 3566 qualitercumque
1655 3526 1842 3564 pendentibus
1854 3548 1864 3563 ,
1888 3524 2004 3562 habitis,
2029 3526 2085 3554 live
2101 3530 2205 3559 1110113,
2230 3521 2277 3552 vel
2295 3529 2360 3553 mo-

1296 3569 1411 3605 vendis,

1334 3608 1379 3637 Ac
1395 3606 1478 3636 etiam
1495 3603 1531 3633 de
1550 3602 1608 3633 Die
1623 3627 1633 3639 ,
2184 3640 2189 3644 .

1297 3646 1442 3681 Franciae,
1464 3652 1497 3672 ac
1519 3641 1631 3672 Illustris
1650 3641 1785 3678 Princeps
1802 3639 1947 3678 Johannes
1961 3640 2031 3667 Dux
2046 3636 2212 3679 Rurgundtae
2231 3635 2361 3668 Consan-

1296 3686 1412 3724 guineus
1431 3680 1545 3719 noster,
1563 3682 1592 3711 iii
1613 3680 1719 3718 Loco,
1745 3679 1809 3710 alias
1824 3677 1955 3708 ordinato
1973 3676 2007 3706 &
2023 3673 2156 3712 dispofito
2170 3699 2180 3713 ‚
2208 3678 2360 3709 Convenie-

1296 3733 1466 3790 mmbfecnon
1483 3766 1541 3788 tam
1560 3756 1596 3786 de
1612 3755 1840 3795 quibuscumque
1858 3752 2051 3796 Denariorum
2065 3750 2203 3796 summis,
2221 3753 2306 3783 nobis
2318 3763 2362 3784 ra—

1298 3801 1377 3830 tione
1404 3797 1548 3826 Financiae
1573 3797 1606 3826 &
1636 3793 1853 3832 Redemptionis
1874 3789 2017 3833 Johamqs
2042 3788 2118 3834 Oltm
2145 3793 2223 3828 Regis
2239 3793 2362 3822 Francia

1298 3838 1397 3870 debitis
1416 3835 1449 3865 &
1469 3833 1687 3872 pertinentibus,
1705 3833 1793 3870 quarn
1810 3830 1864 3860 aliis
1883 3828 2009 3873 Summis
2025 3828 2268 3872 quibuscumque,
2295 3839 2364 3869 quas

1301 3875 1450 3914 praedietus
1468 3872 1681 3912 consanguineus
1700 3869 1786 3909 noster
1800 3871 1921 3912 Franctae
1934 3875 2021 3910 &Fer
2039 3866 2077 3897 Se
2089 3890 2099 3904 ,
2126 3866 2173 3897 seu
2190 3877 2248 3906 ejus
2261 3869 2292 3898 in
2310 3869 2364 3899 hac

1337 3922 1379 3943 rte
1395 3911 1590 3942 Commillaiii
1605 3934 1614 3947 ,
1641 3909 1686 3939 seu
1705 3908 1844 3946 Deputati
1862 3904 1998 3935 Nomine
2016 3906 2066 3936 suo
2080 3927 2092 3944 ,
2118 3913 2217 3936 contra
2242 3905 2313 3938 Nos
2336 3905 2365 3937 se

1322 3953 1405 3984 abere
1425 3948 1591 3987 praetendit,
1607 3950 1653 3978 seu
1671 3945 1870 3989 praetendunt,

1340 3987 1603 4028 Respondendum,
1620 3981 1907 4017 Commumeandum
1917 4003 1927 4021 ,
1941 3980 2160 4022 Trazstandum,
2175 3981 2368 4051 Quen-

2306 4029 2373 4062 um,

1658 3612 1718 3641 quo
1737 3604 1796 3632 Nos
1807 3624 1816 3638 ,
1841 3601 1875 3631 δε
1890 3597 2009 3640 Isbbella
2024 3596 2246 3635 consanguinea
2264 3598 2358 3630 nostra
