2562 4274
69 279 142 311 Ann.
153 275 195 306 D.

90 326 174 356 1422·

71 363 132 385 Heu.
149 364 175 394 ς.

86 1851 164 1880 *X.

70 1899 134 1929 ²43·

778 190 887 230 ET
973 189 1240 230 ACTA

214 276 393 315 sequeremur
407 297 417 312 ‚
437 272 607 313 Conceffimus
627 273 730 306 eisdem
748 278 887 305 Canonicis
904 275 1006 306 nostris
1022 299 1031 314 ,
1057 276 1145 306 Anno
1166 275 1203 305 ab
1224 274 1271 305 In-

216 316 378 346 carnatione
398 313 519 344 Domini
543 314 710 351 Milesimo,
728 313 913 352 Centesimo,
931 314 1133 353 Nonagefimo
1147 313 1253 344 οᾶανο
1264 337 1271 350 ,

217 356 246 384 in
270 363 368 392 puram
389 353 422 383 &
446 361 610 390 perpetuam
631 352 855 390 Eleemofinam,
873 354 907 383 ὃς
922 352 1104 383 Donavimus
1117 351 1272 382 Decimam

218 393 348 429 Partem,
365 392 473 426 integre
488 390 710 430 Recipis-idam,
725 390 836 429 lingulis
853 391 957 428 Annis,
975 394 1004 421 in
1020 390 1104 421 Festo
1118 390 1193 420 Beati
1208 387 1274 420 Ro-

219 432 296 463 mani
314 429 493 460 Confefforis
511 430 627 462 Patroni
649 428 738 460 nostri
751 453 760 466 ‚
782 429 962 460 dividendam
982 430 1122 460 Fratribus
1136 450 1146 466 ,
1172 429 1221 466 qui
1240 426 1275 458 ad

216 469 293 502 diem
308 467 414 498 Obitsis
427 468 515 499 nostri
531 467 674 498 Officium
685 477 738 505 pro
754 467 852 498 Nobis
870 467 1063 501 Anniversaria
1075 466 1277 498 consuetudine

216 508 388 540 celebrarent
400 517 406 536 :

255 545 374 576 Interim
393 553 505 583 autem,
526 545 598 575 dum
615 545 742 575 viventes
762 544 898 583 essemuS,
920 545 969 583 ipfi
992 543 1153 582 Canonici,
1176 544 1222 582 qui
1243 542 1277 572 ad

220 584 425 615 Solennitatem
449 583 579 622 praediffi
600 581 780 612 Confi-:fibris
806 585 993 614 convenirent
1008 607 1017 621 ,
1044 583 1162 613 eandem
1188 582 1279 612 Deci-

222 633 299 653 mam
326 624 480 661 recipient,
495 622 582 659 aequis
605 621 788 652 Portionibus
798 645 809 660 ,
827 623 899 654 inter
923 623 966 660 se,
984 631 1065 652 more
1083 622 1259 651 communiae
1270 643 1279 658 ,

218 662 407 694 dividendam.

258 700 386 738 Verum,
404 700 468 737 quia
484 697 601 728 difficile
617 698 674 728 esse
691 698 834 736 praefatam
855 699 1011 730 Decimam
1030 697 1143 733 integre
1159 695 1280 737 persolvi

221 749 280 769 uno
298 739 460 775 Termino,
487 738 611 766 maxime
630 738 707 770 circa
725 737 800 767 Anni
828 738 1024 775 Principium,
1052 735 1229 778 statuimuS„
1243 739 1280 763 de

220 777 374 807 communi
394 775 563 806 eorumdem
580 775 798 809 Canonicorum
814 776 967 814 consensu,
984 783 1016 806 ut
1042 774 1140 804 eadem
1154 772 1280 806 Decima

221 815 356 852 Quatuor
373 815 518 844 Terminis
535 814 725 852 persolvatur3
744 814 897 854 videlicet,

257 854 366 891 Qarta
386 853 451 883 Pars
467 854 494 882 in
512 852 609 883 Natali
628 852 770 891 Domini,

257 892 321 922 Alia
339 892 449 930 Quarta
467 891 534 921 Pars
553 893 583 921 in
601 891 725 928 Paschfi,

253 931 317 960 Alia
336 930 446 966 Quarta
463 929 530 960 Pars
550 931 580 959 in
596 929 753 960 Nativitate
765 929 839 959 beati
850 927 990 966 johannis
1007 926 1158 965 Baptistae,

256 968 294 999 Et
310 968 360 998 alia
375 969 484 1006 Quarta
501 968 567 997 Pars
584 969 613 997 in
633 968 719 997 Festo
734 967 832 997 Sanc'ti
851 966 1000 997 Michaelis
1016 965 1205 1005 Archangeli,

256 1007 405 1045 Quamdiu
430 1007 582 1039 vixerimus
600 1028 610 1044 ,
635 1007 663 1035 in
693 1005 778 1036 Festo
801 1007 857 1041 jam
884 1005 953 1035 dieti
977 1003 1155 1036 Confefforis
1171 1028 1181 1042 ‚
1208 1002 1278 1035 sicut

218 1052 417 1086 pi·ae11gnatum
436 1044 496 1081 est,
513 1044 597 1074 dietis
612 1043 766 1075 Canonicis
784 1043 953 1075 dividenda:

259 1084 415 1121 Postquam
441 1085 513 1114 vero
538 1083 606 1113 Nos
632 1084 662 1113 in
678 1083 744 1114 Fata
762 1083 921 1113 concedere
936 1083 1107 1120 contigerit,
1124 1081 1278 1112 statuerunt

221 1122 307 1153 iidem
327 1125 455 1152 canonici
469 1122 496 1152 se
514 1121 624 1159 Qater
650 1123 679 1152 in
703 1122 792 1152 Anno
807 1122 883 1152 diem
901 1120 1010 1152 Obitus
1029 1120 1116 1151 nostri
1137 1120 1281 1150 Anniver-

221 1161 323 1192 sarium
351 1161 540 1191 celebraturos
555 1182 565 1197 ,
589 1161 622 1191 δε
647 1162 676 1191 in
698 1170 877 1198 unoquoque
903 1161 1017 1191 illorum
1047 1159 1188 1198 Quartam
1215 1157 1282 1188 Par-

221 1210 282 1230 tem
307 1199 443 1230 Decimae
461 1199 637 1238 Canonicis,
665 1200 715 1238 qui
732 1201 903 1238 intererunt,
930 1199 1018 1237 aequis
1037 1197 1164 1229 Partibus
1179 1196 1282 1229 divisu-

218 1248 284 1269 ros:

257 1277 287 1306 Si
306 1277 400 1314 itaque
413 1275 558 1313 praedietae
571 1276 654 1307 Villae
666 1275 809 1308 tradantur
827 1276 861 1306 ad
881 1276 904 1306 F
905 1277 1006 1306 irmam
1017 1298 1026 1312 ,
1045 1274 1238 1306 Decrevimus
1251 1279 1283 1316 ut

221 1314 367 1355 Fir-mam,
390 1314 585 1354 praeassignatis
611 1315 774 1354 Terminis,
801 1315 958 1346 Decimam
983 1313 1099 1344 reddant
1126 1312 1284 1343 Canonims

220 1362 403 1383 memoratis:

257 1391 314 1430 Et,
342 1392 361 1422 fi
382 1392 411 1422 in
437 1392 532 1431 aliquo
556 1393 780 1429 Terminorum,
807 1391 926 1422 eandem
949 1390 1102 1422 Decimam
1118 1390 1153 1420 ad
1168 1389 1283 1432 plenum

220 1440 280 1459 non
296 1430 446 1469 solverint,
467 1432 515 1469 ipsi
534 1431 657 1462 Poenam
677 1431 791 1461 Decem
809 1430 961 1460 Librarum
979 1430 1074 1461 usualis
1092 1430 1225 1459 Monetae
1240 1437 1284 1456 in-

219 1478 353 1507 currant,
371 1470 448 1499 distis
465 1473 602 1500 canonicis
620 1469 853 1508 persolvendam,
874 1469 919 1499 sed
933 1479 984 1507 per
1002 1469 1070 1500 Nos
1095 1468 1141 1499 vel
1166 1467 1285 1497 Succes-

219 1508 293 1538 sores
312 1508 424 1538 nostros
439 1508 664 1545 justificandam:
1186 1544 1190 1549 ,
1235 1543 1240 1548 ,

256 1545 287 1576 Si
305 1548 377 1577 vero
396 1547 504 1577 easdem
523 1547 608 1578 Villas
624 1548 652 1578 in
670 1557 755 1578 manu
764 1545 860 1577 nostra
872 1547 1062 1581 tenuerimus,
1074 1545 1107 1576 ὅς’,
1124 1545 1159 1573 ita
1174 1541 1283 1586 liquido

221 1594 279 1614 non
299 1593 450 1622 potuerunt
470 1585 631 1618 Proventus
645 1588 679 1618 δε
697 1586 838 1622 Redditus
857 1584 988 1615 aestimari
1000 1607 1007 1620 ,
1025 1592 1126 1614 eorum
1145 1581 1284 1625 AEstima-

221 1624 263 1653 tio
280 1623 416 1661 Qatuor
432 1625 562 1663 legalium
581 1624 721 1655 Virorum
748 1623 913 1654 earumdem
935 1622 1074 1652 Villarum
1098 1620 1213 1666 arbitrio
1239 1628 1284 1649 re-

220 1661 362 1698 linquetur
381 1685 391 1700 ,
418 1665 466 1701 qui
486 1663 575 1701 Jurati
600 1663 678 1693 bona
705 1662 761 1692 fide
786 1661 937 1692 Summam
964 1661 1050 1690 totius
1076 1658 1219 1689 Redditus
1249 1658 1283 1688 &

220 1698 422 1733 Proventuum
441 1701 644 1739 declarabunt3
672 1701 706 1731 δι’.
723 1700 761 1730 sic
781 1700 917 1730 aestimata
937 1698 1031 1736 eisdem
1050 1700 1209 1734 Canonicis,
1229 1695 1283 1740 sta-

218 1740 285 1768 tutis
305 1740 453 1769 Terminis
462 1762 472 1777 ‚
488 1740 546 1769 fine
559 1738 789 1770 contradidiione
799 1761 809 1776 ,
823 1738 972 1775 reddetur3
991 1736 1084 1767 Poena.
1102 1735 1218 1766 Decem
1232 1734 1284 1764 Li-

216 1776 331 1807 brarum
341 1800 350 1816 ,
369 1778 440 1809 sicut
452 1778 638 1816 praedie'tum,
653 1778 821 1807 imminente
836 1776 936 1807 nostro
954 1776 1000 1807 vel
1013 1774 1214 1806 Successorum
1229 1783 1284 1802 no-

216 1814 341 1850 strorum
358 1816 516 1847 Senescallo
535 1816 581 1847 vel
601 1815 655 1845 alio
672 1815 807 1852 Baillivo‚
826 1815 860 1846 ad
878 1814 1080 1853 praedidiorum
1102 1812 1281 1856 Reddituum

215 1854 249 1884 &
268 1854 464 1886 Proventuum
485 1854 703 1891 Susceptionem
724 1853 891 1891 Deputato,
909 1853 948 1891 fi,
963 1854 991 1882 in
1015 1853 1108 1891 aliquo
1132 1852 1152 1872 ¹*
1182 1850 1283 1888 praedi-

217 1892 333 1922 ‹Sl-orum
360 1893 589 1931 Terminorum,
616 1894 647 1922 in
669 1893 819 1923 Solutione
841 1892 1027 1930 cessaverint,
1054 1891 1100 1922 vel
1126 1891 1155 1920 in
1175 1890 1282 1927 Toto,

219 1930 264 1961 vel
283 1932 312 1960 in
329 1931 426 1961 Parte:

257 1969 336 2009 Qiia
354 1971 445 2006 vero,
472 1969 537 2008 post
553 1978 666 2008 tempus
683 1969 858 2000 Donationis
877 1969 1038 2007 praedietae,
1065 1968 1134 2000 novi
1151 1966 1283 2010 Proven-

217 2016 261 2039 tus
273 2031 282 2046 ,
293 2009 359 2039 'tam
378 2009 408 2038 in
423 2007 616 2047 Molendinis,
635 2009 722 2047 quam
739 2010 769 2038 in
789 2008 889 2039 Rebus
904 2009 964 2038 aliis
975 2031 983 2046 ,
1002 2006 1202 2045 praedioarum
1220 2004 1282 2035 Vil-

216 2047 306 2076 larum
325 2045 495 2077 Redditibus
514 2056 719 2084 accreverunt,
737 2049 775 2078 ne
790 2049 851 2085 quis
862 2070 871 2085 ,
889 2047 940 2077 sub
962 2046 1008 2077 tali
1026 2046 1183 2077 verborum
1204 2044 1282 2074 scru-

215 2085 381 2124 pulositate,
399 2086 532 2123 suggerat
550 2086 651 2116 exinde
671 2086 825 2121 Decimam
837 2084 967 2125 praesatis
983 2086 1121 2113 canonicis
1146 2092 1205 2113 non
1231 2082 1282 2112 de—

216 2124 299 2161 beri,
318 2124 406 2163 Nos,
424 2134 487 2154 earn
506 2123 747 2162 Dubitationem,
764 2124 830 2155 licet
849 2125 1069 2162 supervacuam,
1092 2121 1282 2158 absolventes,

216 2161 433 2202 Decrevimus,
451 2163 510 2194 tam
529 2163 699 2194 eorumdem
715 2163 914 2194 Proventuum
926 2186 936 2201 ,
954 2163 1041 2200 quam
1058 2160 1198 2197 aliorum,
1216 2169 1282 2198 quae

216 2200 409 2239 imposterum
434 2202 538 2232 eisdem
564 2201 664 2241 Villis,
692 2202 762 2234 Deo
788 2202 890 2240 dante,
916 2201 1098 2238 accrescent,
1125 2199 1281 2234 Decimam

216 2240 322 2270 eisdem
341 2240 498 2271 Canonicis
521 2240 579 2271 esse
605 2242 716 2277 integre
743 2240 966 2281 conferendam
993 2240 1063 2270 cum
1089 2240 1281 2277 incongruum

216 2278 251 2309 fit
274 2288 364 2346 ssnam
392 2280 427 2316 ὃς
449 2279 570 2311 eandem
596 2279 787 2311 Substantiam
813 2278 920 2318 duplici
946 2278 1072 2318 quodam
1095 2276 1187 2307 modo
1212 2275 1282 2314 Jure

217 2326 272 2347 cen
284 2327 333 2348 eri⁷

256 2354 304 2386 Ut
327 2363 424 2391 autem
443 2355 507 2388 haec
523 2356 618 2392 nostra
637 2355 767 2388 Donatio
787 2356 883 2387 Firma
901 2358 935 2391 ὃς
959 2355 1071 2387 Stabilis
1092 2353 1282 2393 imperpetuhm

218 2393 377 2432 perseveret
428 2403 482 2425 nec
506 2395 666 2433 aliquorum
691 2395 776 2434 poffit
802 2396 1017 2427 Machinatione
1041 2393 1192 2430 convelli,
1219 2402 1283 2422 earn

218 2433 372 2477 praesentis.
386 2417 491 2472 Scripti
523 2435 557 2466 &
580 2434 668 2474 Sigilli
692 2434 783 2465 nostri
810 2434 973 2466 Patrocinio
1000 2433 1120 2472 dignum
1151 2431 1283 2462 duximus

220 2481 415 2502 communire.

258 2509 346 2548 Nos,
362 2520 457 2541 autem
475 2511 512 2541 de
527 2511 719 2543 misericordia
736 2511 816 2550 Dei,
830 2513 864 2543 &c
879 2512 970 2542 beatae
997 2510 1099 2540 Mariae
1122 2507 1284 2552 Genetricis

219 2549 278 2586 ejus
296 2548 416 2586 Matris,
431 2550 465 2580 &
484 2550 557 2581 beati
575 2550 691 2582 Patroni
711 2550 800 2581 nostri
817 2549 966 2587 Romani,
985 2549 1082 2580 confisi
1094 2571 1104 2586 ‚
1123 2557 1225 2577 omnes
1250 2547 1284 2576 il-

219 2586 575 2630 losanathematizamus,
602 2598 635 2621 ut
661 2591 730 2619 iram
755 2590 788 2619 &
817 2589 1041 2629 indignationem
1069 2586 1285 2624 Omnipotenris

220 2624 301 2664 Del>
325 2627 359 2656 &
377 2627 465 2658 beatae
483 2627 603 2665 Mariae‚
628 2628 661 2659 &
679 2628 754 2659 beati
776 2627 926 2665 Romani,
953 2628 987 2658 δε
1003 2627 1137 2657 omnium
1164 2624 1286 2655 Saneio-

223 2674 288 2694 rum
314 2665 478 2704 incurrant,
506 2667 669 2704 quicunque
698 2666 861 2705 praeditstam
886 2665 1084 2696 Donationem
1101 2662 1227 2694 nostram
1251 2663 1285 2694 &

222 2701 485 2734 Confirmationem
506 2707 737 2742 attemptaverint
753 2705 882 2743 violare3
905 2704 993 2735 nichil
1006 2703 1042 2733 de
1058 2712 1138 2733 novo
1156 2701 1286 2733 Statuen-

222 2749 284 2779 tes,
299 2740 344 2771 sed
363 2742 520 2781 prolatam,
539 2752 671 2781 tempore
688 2744 862 2775 Donationis
881 2744 982 2781 faetae‚
1001 2742 1176 2773 Sententiam
1202 2750 1287 2771 reno-

223 2787 328 2810 vantes.

262 2817 373 2847 Datum
398 2818 577 2858 Rothomagi,
604 2830 654 2858 per
678 2821 803 2852 Manum
829 2820 941 2854 Roberti
963 2821 995 2850 de
1021 2820 1122 2849 Sanae't'o
1137 2817 1289 2855 Nicholao,

221 2854 371 2925 ξῗὲεὶὶεηί
388 2856 497 2896 nostri,
515 2859 549 2888 &
567 2858 710 2891 Canonici
727 2859 971 2898 Rothomagenfis
982 2882 991 2897 ‚
1009 2860 1085 2889 seXto
1106 2857 1171 2890 Kal.
1192 2857 1290 2888 Osto-

671 2972 808 3004 Testibus
817 2997 827 3012 ‚

262 3046 438 3078 Venerabilis
456 3048 584 3080 Patribus
603 3049 705 3082 nostris
723 3049 870 3089 Episcopis
888 3049 1082 3082 Normanniae
1093 3072 1102 3088 ,

267 3085 382 3115 Roberto
400 3090 524 3117 Baiocen.
752 3099 755 3101 “

266 3122 415 3153 Willielmo
432 3125 614 3158 Abrincacen.

268 3164 344 3195 Luca
361 3162 501 3195 Ebroicen.

265 3199 395 3239 Silvestre
412 3204 517 3238 Sagien.

265 3237 394 3277 Jordano
411 3242 564 3270 Lexovien.

268 3280 296 3307 V
298 3280 392 3307 iviano
411 3277 594 3316 Constamien.

267 3315 351 3384 gui,
378 3315 412 3346 ad
440 3315 614 3348 Petitionem
632 3317 777 3357 nostram,
803 3319 931 3357 praesenti
951 3317 1048 3351 Cartae.
1067 3317 1160 3359 sigilla
1179 3318 1225 3349 sua
1243 3327 1293 3356 ap—

251 3363 270 3384 0
281 3363 391 3385 uerunt.

230 3363 250 3392 p
267 3392 384 3423 Ricardo
401 3391 616 3434 Rothomagensts
633 3393 756 3436 Ecclefiae
775 3398 892 3426 Decano.

269 3433 370 3469 Rogero
388 3435 513 3462 cantore.

269 3469 414 3509 Magistro
429 3472 533 3500 Simone
551 3470 726 3502 cancellario.

268 3508 385 3539 Ricardo
402 3510 516 3546 Herun,

272 3546 419 3584 Magistro
433 3550 469 3576 Gi
491 3547 579 3577 eberto
594 3548 626 3577 de
645 3549 766 3580 Marlen.

274 3584 433 3617 Canonicis
483 3587 669 3623 othomagen.

271 3624 423 3655 Willielmo
441 3625 472 3654 de
487 3626 586 3654 Sanfflo
606 3625 711 3656 Paullo.

274 3662 415 3701 Raduspho
428 3664 461 3693 de
477 3663 563 3694 Dalb.

274 3699 449 3732 Presbiteris.

275 3737 439 3777 Magistris,

272 3778 390 3807 Girardo
406 3778 547 3817 Johanne.

275 3816 409 3845 Britonne
423 3820 557 3847 Laura-m.

273 3853 345 3883 Rad.
364 3853 396 3881 de
412 3858 509 3886 Saudo
527 3858 651 3885 Macuto.'

278 3890 401 3921 Clericis
419 3893 527 3923 nostris.

276 3928 419 3968 Magistro
438 3931 529 3960 odone
547 3933 579 3962 de
596 3931 693 3971 Gisbrs.

280 3967 422 4006 Magistro
439 3971 552 3998 Ricardo
569 3971 599 3999 de
617 3971 698 4000 Flori.

278 4005 422 4044 Magistro
442 4006 563 4036 Waltero
580 4009 612 4037 de
626 4009 748 4039 Alebeio.

276 4044 396 4075 Clericis
413 4044 532 4076 Domini
549 4045 722 4086 Bajocenfis·‚

279 4081 316 4114 Et
336 4083 429 4114 multis
447 4083 511 4114 aliis.

1323 188 1804 231 PUBLICA.
2329 206 2382 246 77

1351 274 1396 304 IN
1411 283 1423 304 s
1432 282 1450 304 x>
1459 283 1476 305 E
1488 283 1504 303 x
1517 284 1528 305 1
1539 283 1564 304 Μ
1575 284 1597 305 U
1612 285 1624 305 ς
1643 277 1725 306 etiarn
1740 274 1882 314 quoddam
1899 275 2044 314 Scriptum
2057 299 2066 315 ,
2084 275 2224 314 cujusdam
2245 276 2352 307 Thomae
2362 302 2371 316 ‚
2386 275 2463 306 Ann.
2478 275 2520 307 D.

1313 314 1459 349 quondam
1475 313 1671 353 Archiepisc'opi
1688 314 1899 355 Rothomagenfis
1911 338 1921 352 ,
1937 315 1988 345 sub
2003 316 2100 355 Sigillo
2113 315 2211 346 Curiae
2228 315 2283 346 sure
2298 327 2369 347 con-

1314 350 1442 389 fe&um,
1459 352 1487 381 in
1506 351 1570 382 haec
1589 353 1694 390 verba,

1334 465 1338 470 Ι
1354 426 1484 456 Omnibus
1503 427 1569 457 Chri
1593 431 1610 471 i·
1623 427 1771 466 Fidelibus,
1797 427 1831 458 ad
1856 438 1927 467 quos
1944 429 2061 467 prensens
2077 429 2221 468 Scriptum
2239 440 2375 469 pervene-

1317 473 1353 508 rit
1364 465 1530 533 bgfflirggs,
1588 476 1611 496 ei
1629 467 1733 506 gratia,
1759 466 1973 507 Rothomagenfis
1991 468 2223 509 Archiepisiroput,
2247 470 2373 502 Salutem

1318 513 1347 532 m
1355 543 1479 571 Noverit
1495 526 1666 583 Univerfitas
1682 542 1773 582 vestra
1791 542 1871 582 quod
1882 565 1892 581 ,

1323 618 1328 623 .
1356 579 1437 610 Cum
1464 580 1578 610 Thomas
1602 583 1727 610 Decanus
1751 583 1785 612 &
1817 579 1971 619 Capitulum
1994 581 2185 622 Rothomagen.
2212 584 2375 623 Traxiffent

1321 627 1349 646 in
1377 617 1516 654 Causam,
1537 621 1566 649 in
1592 618 1682 649 Curia
1706 619 1820 657 nostra,
1844 619 2004 656 Johannem
2028 621 2060 650 de
2083 624 2249 663 Mauftgny,
2269 629 2375 658 codde-

1312 655 1421 694 fridum
1444 657 1475 687 de
1491 656 1614 695 Blarru,
1635 657 1759 696 Milites,
1777 659 1810 689 ὃς
1830 657 1947 688 Uxores
1965 659 2089 695 ipsorum
2110 662 2185 698 (quae
2196 663 2256 692 sunt
2273 666 2376 697 Haere.

1321 695 1369 724 des
1400 695 1544 725 Willermo
1569 697 1601 725 de
1625 698 1807 734 Longocampo
1831 695 1983 734 Defunffi)
2003 697 2081 736 super
2100 699 2227 730 Centum
2257 703 2358 735 solidis

1322 733 1419 763 Annui
1443 733 1601 771 Redditus,
1628 733 1762 764 Monetae
1781 734 1947 772 Currentis,
1974 745 2044 773 quos
2066 737 2142 767 idem
2164 740 2328 773 willielmus
2345 729 2378 773 il³

1321 771 1640 840 gsif'ileemosmaverat,
1660 773 1851 810 percipiendas
1871 773 1980 810 singulis
2000 774 2090 804 Annis
2118 778 2147 806 in
2173 778 2312 812 Traverio
2341 783 2377 812 de

1350 820 1375 839 al
1397 820 1403 838 l

1357 832 1492 879 Taridem
1510 849 1546 880 ita
1558 850 1695 880 convenit
1710 848 1912 887 amicabiliter,
1930 850 1960 879 in
1974 849 2052 881 hunc
2072 852 2193 883 modum
2204 877 2212 892 ,
2230 856 2302 886 inter
2317 867 2379 896 par-

1318 894 1359 917 tes

1359 910 1450 963 Qiod
1466 923 1576 956 Milites
1598 924 1789 956 Promiserunt
1807 926 1905 964 quod,
1933 925 2011 964 super
2037 928 2252 966 Quinquaginta
2278 932 2382 966 Solidis

1320 963 1552 1002 Turonensibus,
1569 964 1679 1002 lingulis
1694 964 1786 994 Annis
1804 965 2007 1003 percipiendis,
2028 966 2056 995 in
2076 967 2156 997 dieto
2174 969 2331 1008 Traverso,
2349 974 2379 1003 in

1321 1002 1405 1033 Festo
1432 1002 1527 1033 Sanniti
1554 1002 1628 1032 Petri
1653 1002 1687 1032 ad
1714 1001 1907 1041 Cathedram,
1930 1003 1962 1033 ad
1979 1003 2102 1041 ejusdem
2124 1006 2269 1037 Willielmi
2288 1010 2380 1040 Anni-

1320 1041 1675 1110 xgrsariurngecolendum
1685 1064 1695 1079 ,
1722 1040 1885 1073 satisfacient
1902 1043 2094 1080 Imperpetuimz
2108 1045 2142 1075 &
2161 1045 2219 1075 fine
2239 1048 2381 1079 contradi-

1353 1090 1419 1110 10ne
1434 1089 1458 1109 er
1490 1089 1551 1110 em:

1360 1117 1399 1149 Et
1417 1118 1502 1149 dietae
1528 1118 1660 1155 Uxores,
1688 1117 1939 1158 Compofitionem
1965 1119 2158 1160 antediCtam,
2186 1132 2236 1160 per
2263 1124 2383 1162 ipsarum

1323 1156 1446 1187 Maritos
1462 1156 1585 1194 factam,
1603 1157 1811 1195 concedendo,
1831 1157 1901 1188 Fide
1919 1158 2057 1195 praestita,
2078 1161 2263 1197 promiserunt
2283 1165 2364 1200 quod

1325 1196 1355 1225 in
1367 1195 1450 1225 dicio
1468 1193 1596 1226 Redditu
1617 1195 1830 1235 Qinquaginta
1846 1196 2010 1226 Solidorum
2019 1219 2030 1235 ,
2045 1198 2132 1228 nichil
2150 1200 2186 1229 de
2201 1210 2306 1231 caetero
2320 1188 2383 1232 Re3

1324 1234 1506 1271 clamabunt,
1525 1243 1578 1263 nec
1599 1234 1683 1270 aliqui
1705 1244 1754 1271 per
1781 1235 1868 1273 ipsas3
1886 1234 1929 1266 sed
1950 1234 2034 1265 Illum
2055 1236 2136 1267 dietis
2148 1240 2256 1268 Decano
2273 1238 2311 1274 όν
2328 1245 2384 1270 Ca-

1320 1272 1407 1311 pitulo
1432 1272 1619 1310 imperpetuion
1645 1271 1904 1310 Garrantizabunt,
1921 1282 1975 1311 pro
1999 1274 2046 1312 se,
2065 1276 2098 1306 δε
2124 1275 2294 1308 Haeredib'us
2311 1279 2383 1318 suis,

1326 1318 1426 1341 contra
1442 1320 1552 1340 ornnes.

1364 1347 1575 1379 ConceiTerunt
1590 1349 1698 1385 insuper
1714 1348 1784 1379 dieii
1804 1348 1913 1380 Milites
1953 1350 1987 1381 &
2005 1350 2119 1383 Uxores
2135 1352 2258 1390 ipsorum
2269 1379 2278 1391 ,
2302 1356 2383 1393 quod

1326 1388 1376 1417 nifi
1399 1387 1480 1417 diffisis
1506 1391 1615 1417 Decano
1637 1386 1675 1421 ὠ»
1697 1387 1838 1425 capitulo,
1856 1388 1890 1418 ad
1906 1373 2016 1419 d'ietum
2031 1390 2223 1430 Tcrminum,
2243 1394 2322 1431 super
2342 1395 2386 1425 illa

1325 1426 1444 1457 Summa
1473 1425 1607 1456 Pecuniae
1630 1425 1730 1456 fierent
1753 1426 1946 1465 Satisfatstum,
1974 1429 2053 1465 quod
2080 1430 2128 1465 ipsi
2150 1430 2230 1467 super
2246 1432 2294 1461 illo
2310 1433 2386 1462 Tra-

1326 1464 1407 1508 verso
1422 1463 1681 1509 possint-justitiam
1697 1465 1787 1495 facere
1803 1473 1913 1496 tantum
1924 1489 1933 1502 ‚
1953 1467 2097 1505 quousque
2116 1470 2195 1506 super
2212 1470 2263 1500 illis
2288 1471 2385 1509 Quin-

1325 1502 2042 1581 quffiinffigqigiissigtstisantxigffiifiltrssmsggqffffisstegiffi&
2059 1543 2161 1573 nostrae
2178 1545 2325 1585 duximus,
2350 1547 2386 1579 de

1326 1580 1458 1610 consensu
1477 1579 1621 1617 Partiurn,
1640 1580 1840 1617 apponendum
1861 1580 1926 1610 huic
1944 1580 2067 1618 Scripto.

1362 1617 1472 1648 Datum
1510 1628 1560 1656 per
1583 1618 1706 1648 Manum
1731 1618 1851 1647 Mathaei
1866 1618 1969 1656 Fabri,
1990 1621 2007 1638 ἦ*
2026 1628 2095 1650 tunc
2114 1621 2268 1658 Temporis
2288 1624 2384 1655 Curiae

1325 1656 1431 1686 nostrae
1451 1641 1584 1694 N'otarii,
1604 1657 1691 1686 Anno
1713 1656 1834 1686 Domini
1854 1656 2028 1696 Milleiimo,
2046 1659 2271 1700 Ducentefimo,
2288 1664 2385 1693 vicesi-

1326 1704 1377 1725 mo
1394 1696 1495 1734 quinto
1507 1717 1517 1732 ,
1536 1695 1583 1725 die
1602 1693 1777 1726 Inventionis
1793 1695 1904 1726 San&ae
1917 1694 2029 1727 Crucis.

1708 1770 1767 1801 Val.
1789 1771 1849 1801 Val.
1867 1771 1928 1802 Val.
1946 1771 2006 1803 Val.

1360 1848 1407 1878 IN
1419 1857 1432 1879 s
1442 1857 1460 1879 P
1470 1858 1488 1879 E
1498 1857 1515 1878 x
1526 1856 1570 1878 [Μ
1580 1857 1602 1878 U
1610 1858 1622 1880 s
1649 1849 1759 1886 insuper
1784 1848 1924 1887 quandam
1941 1849 2057 1880 Cartam
2067 1875 2075 1888 ‚
2101 1851 2244 1889 cujusdam
2262 1851 2389 1891 Jordam'

1325 1886 1502 1927 Lexoviensir
1517 1887 1652 1927 Episcopi,
1670 1888 1791 1918 similiter
1809 1888 1914 1919 saetam
1933 1888 1962 1918 in
1979 1889 2041 1919 haec
2060 1891 2162 1929 verba,

1343 1963 1491 2007 ⁴Omnibus
1509 1964 1607 2004 christi
1620 1964 1771 2002 Fidelibus‚
1799 1963 1833 1995 ad
1853 1975 1925 2003 quos
1942 1965 2058 2003 praesens
2078 1965 2221 2003 Scriptum
2251 1977 2388 2005 pervene-

1327 2011 1380 2071 ὓς,
1403 2002 1567 2047 Jordanus,
1592 2003 1650 2034 Dei
1677 2003 1785 2042 gratia,
1813 2004 1992 2044 Lexovienfis
2014 2004 2156 2044 Epzfiopus
2172 2028 2181 2043 ,
2209 2005 2332 2037 Salutem
2358 2009 2388 2038 in

1362 2051 1471 2071 omino.

1362 2081 1486 2109 Noverit
1501 2080 1671 2121 Univerfitas
1685 2078 1779 2120 vestra
1794 2079 1881 2118 Nos,
1901 2091 1954 2118 pro
1969 2080 2062 2112 Salute
2080 2081 2194 2112 Animae
2215 2083 2336 2123 nostrae,
2354 2087 2389 2117 ὃς

1325 2118 1495 2149 Animarum
1515 2119 1737 2150 Antecefforum
1759 2118 1941 2157 nostrorum,
1964 2119 2091 2159 Dedtffi,
2120 2122 2149 2150 in
2167 2131 2330 2159 perpetuam
2349 2123 2388 2154 E-

1326 2157 1493 2188 lemosinam
1504 2181 1513 2194 ,
1528 2157 1661 2188 Ecclesiae
1679 2157 1769 2189 beatae
1788 2157 1890 2188 Mariae
1909 2157 2151 2197 Rothomagensi,
2167 2159 2294 2190 Centum
2314 2161 2388 2193 Soli-,

1325 2196 1378 2226 dos
1395 2195 1551 2235 Redditus,
1569 2196 1602 2227 ad
1623 2196 1808 2227 recolendum
1830 2196 2035 2227 Aniversarium
2058 2197 2206 2236 nostrum,
2225 2198 2387 2237 Percipien-

1325 2234 1406 2303 ἓοελ
1411 2235 1502 2265 Annis
1520 2235 1649 2275 singulis,
1663 2237 1693 2265 in
1709 2235 1796 2267 Festo
1811 2234 1885 2267 beati
1901 2235 2019 2275 Hilarii,
2036 2237 2065 2266 in
2089 2236 2264 2268 Molendino
2287 2239 2387 2270 nostro

1345 2283 1361 2303 e
1409 2283 1425 2303 u
1500 2282 1550 2304 art.

1364 2282 1611 2350 Wlugnptgginsuper
1625 2311 1967 2355 quodbMolendinarius,
1984 2313 2031 2350 qui
2049 2313 2253 2344 Molendinum
2271 2316 2390 2354 tenebit,

1346 2351 1504 2389 uicumque
1523 2350 1555 2382 fit
1576 2351 1641 2388 ille,
1663 2350 1745 2382 faeiat:
1767 2351 1954 2382 Securitatem
1975 2354 2086 2381 Decano
2110 2351 2148 2387 ῤ’
2171 2353 2292 2391 capitulo
2306 2355 2392 2386 dictae

1326 2359 1481 2427 ἓεςΙεῇιε,
1506 2389 1542 2420 de
1567 2389 1759 2420 satisfaciendo
1775 2390 1899 2428 eisdem,
1925 2391 2005 2427 super
2024 2389 2104 2420 dietis
2123 2389 2250 2423 Centum
2270 2392 2391 2432 Solidis,

1326 2426 1471 2458 Termino
1489 2427 1695 2465 praeaffignato,

1366 2466 1400 2496 In
1427 2468 1505 2504 cujus
1532 2467 1572 2497 rei
1593 2466 1808 2497 Testimonium
1832 2466 1965 2503 Sigillum
1982 2466 2112 2497 nostrum
2126 2467 2243 2507 dignum
2261 2469 2393 2504 duximus

1327 2505 1537 2543 apponendum.

1330 2543 1488 2612 Κίῗέὶὲιὲημ
1500 2543 1590 2573 Anno
1615 2542 1741 2574 Domini
1762 2542 1938 2582 Millesimo,
1968 2543 2199 2583 Ducentesimo,
2226 2546 2350 2585 οᾶενο,
2374 2557 2393 2578 x

1362 2593 1396 2613 a.
1456 2592 1499 2613 an.

1365 2659 1567 2690 Insrssxwms
1592 2659 1677 2690 etiarn
1697 2658 1805 2689 Literas
1827 2657 1956 2689 Parentes
1974 2658 2119 2697 speciales,
2143 2659 2180 2690 de
2198 2660 2231 2691 δε
2250 2660 2330 2699 super
2346 2672 2395 2693 ac-

1328 2699 1476 2736 quisitione
1492 2698 1538 2736 xiij
1554 2697 1728 2728 Modiorum
1745 2697 1823 2727 Bladi
1833 2721 1843 2736 ‚
1859 2698 1888 2727 in
1901 2698 1935 2729 &
1952 2697 2033 2738 super
2050 2697 2226 2729 Molendinis
2242 2699 2277 2730 de
2294 2700 2396 2731 Gisor-

1328 2740 1371 2768 tio
1390 2738 1545 2768 Annuatim
1563 2735 1797 2774 capiendorum,

1368 2776 1500 2807 Necnon
1516 2775 1578 2805 alias
1594 2774 1699 2805 Literas
1711 2773 1840 2805 Patentes
1854 2773 1983 2812 speciales
1992 2798 2002 2812 ‚
2019 2774 2160 2813 cujusdam
2172 2776 2290 2813 odom,
2301 2787 2395 2811 ouon-

1330 2815 1394 2845 dam
1408 2813 1623 2854 Rothomagenfis
1635 2811 1775 2852 Epifiopi,
1793 2814 1829 2843 de
1848 2812 1881 2843 &
1899 2813 1980 2851 super
1997 2812 2164 2844 Donatione
2182 2815 2295 2844 illorum
2307 2815 2396 2846 Tres-

1331 2854 1426 2884 decim
1446 2851 1615 2883 Modiorum
1636 2851 1711 2882 Bladi
1724 2874 1733 2890 ,

1370 2896 1480 2923 Decano
1497 2889 1536 2925 ῥ’
1549 2894 1590 2920 Ca
1607 2889 1673 2921 itulo
1696 2889 1832 2920 Ecclesiae
1844 2889 1933 2919 beatae
1950 2888 2053 2918 Mariae
2073 2889 2298 2929 Rothomagenfi
2307 2916 2319 2930 ,

1371 2931 1467 2961 Factae
1487 2929 1581 2960 Succe
1603 2931 1652 2960 ive
1669 2930 1702 2960 ὃς
1721 2929 1839 2958 serianm
1856 2929 1885 2958 in
1901 2927 1963 2957 haec
1981 2927 2086 2965 verba,

1371 3007 1552 3043 OMNIBUS,
1578 3005 1724 3044 praesentes
1748 3005 1852 3034 Literas
1871 3003 2049 3041 inspecturis,
2077 3004 2245 3035 Guillielmur
2269 3007 2301 3036 de
2315 3005 2396 3047 Cufi-

1334 3049 1440 3076 cionunt
1451 3070 1460 3083 ,
1472 3046 1505 3076 δε
1519 3043 1656 3082 Johanna
1669 3044 1725 3082 ejus
1740 3046 1832 3079 Uxor,
1851 3042 1974 3072 Salutem
1995 3044 2021 3072 in
2038 3043 2180 3073 Domino.

1373 3084 1569 3114 Novem-ris
1595 3084 1675 3121 quod
1702 3082 1768 3112 Nos
1790 3081 1957 3111 Vendidzmus
1974 3082 2095 3111 Guiardo
2113 3082 2202 3120 Solio,
2219 3082 2286 3114 Civi
2305 3083 2394 3114 Silva-

1335 3122 1471 3160 nettenfi,
1489 3123 1522 3152 &
1547 3121 1679 3151 Emelinae
1692 3123 1777 3150 Uxori
1787 3119 1866 3160 fhae,
1895 3119 2008 3150 Decem
2027 3121 2058 3150 ὃς
2078 3120 2152 3151 Tres
2171 3121 2289 3151 Modios
2318 3122 2394 3152 Bladi

1335 3161 1509 3198 Ybernagii,
1528 3160 1624 3191 Annui
1649 3158 1809 3196 Redditus,
1827 3158 1860 3188 ad
1886 3157 2049 3188 Mensuram
2069 3158 2186 3196 Gisort,
2212 3160 2283 3196 (talis
2297 3162 2394 3191 videli-

1335 3209 1396 3238 cet,
1413 3199 1506 3236 Bladi‚
1526 3198 1607 3236 quale
1632 3196 1795 3228 Molendini
1817 3195 1906 3226 nostri
1934 3197 1969 3226 de
1991 3196 2283 3234 Gisortiolucmnmr)
2305 3198 2395 3230 Reci-

1335 3238 1454 3278 piendos
1472 3237 1643 3274 Annuatim,
1659 3235 1744 3273 Ipsis,
1763 3235 1808 3266 vel
1824 3234 1994 3276 Haeredibus
2009 3235 2076 3271 suis,
2094 3236 2122 3264 in
2148 3236 2250 3266 eisdem
2276 3238 2395 3268 Molen-

1335 3278 1407 3308 dinis
1424 3275 1546 3313 nostris,
1564 3285 1635 3313 quos
1649 3274 1782 3305 habemus
1795 3273 1868 3311 apud
1890 3273 2005 3312 Giiort,
2023 3274 2120 3304 talibus
2138 3274 2300 3314 Terminis,
2317 3277 2398 3309 vide-

1333 3317 1420 3385 mid
1438 3353 1553 3384 Festum
1573 3351 1667 3382 Santffi
1680 3350 1816 3390 Johannis
1835 3349 1985 3387 Baptistae,
2004 3350 2138 3389 Qiatuor
2153 3351 2293 3391 Modios,

1371 3392 1419 3424 Ad
1435 3391 1540 3423 Natale
1552 3390 1692 3427 Domini,
1711 3389 1850 3427 Quinque
1868 3389 2003 3427 Medios,

1371 3431 1410 3462 Et
1425 3431 1460 3461 ad
1474 3429 1579 3460 Pascha
1593 3429 1727 3466 Qatuor
1748 3426 1867 3457 Modios
1876 3451 1885 3465 ,

1372 3470 1433 3500 Pro
1448 3467 1669 3508 Qadringentis
1684 3465 1776 3496 Libris
1791 3465 2006 3504 Parifienfibus‚
2022 3465 2122 3497 Nobis
2139 3467 2306 3508 integraliter
2330 3479 2395 3507 per-

1336 3509 1439 3540 solutis.

1375 3547 1414 3580 Et
1441 3545 1548 3577 debent
1569 3542 1789 3580 Molendinarii,
1806 3543 1854 3581 qui
1879 3543 1906 3572 in
1922 3541 2024 3572 eisdem
2040 3541 2216 3574 Molendinis
2234 3552 2334 3582 erunt,
2349 3546 2395 3583 ju-

1338 3596 1419 3623 rare,
1441 3583 1569 3623 quolibet
1593 3583 1755 3618 Termino,
1772 3582 1864 3611 eidem
1886 3583 1921 3610 G.
1942 3583 2027 3621 Uxori
2039 3579 2117 3619 fine,
2133 3583 2165 3613 δε
2193 3583 2242 3613 suis
2266 3582 2396 3614 Ham-edi..

1339 3625 1409 3661 bus,
1427 3623 1507 3661 quod
1522 3622 1559 3651 de
1576 3620 1678 3656 Blado,
1698 3619 1776 3658 quod
1793 3619 1973 3650 lucrabuntur
1997 3618 2159 3650 Molendini
2183 3620 2308 3657 praeditsti
2333 3622 2398 3657 <sci-

1338 3663 1414 3697 licet)
1437 3661 1473 3691 de
1495 3660 1603 3690 meliori
1628 3658 1714 3688 Blado
1739 3659 1772 3688 δε
1791 3659 1864 3695 alio,
1883 3657 1940 3686 sine
1954 3657 2166 3695 pejoramento,
2184 3660 2286 3689 facient
2312 3659 2398 3699 Paga-

1341 3708 1473 3732 mentum
1490 3697 1583 3728 eidem
1602 3699 1636 3726 G.
1662 3697 1695 3727 ἃ.
1712 3697 1762 3727 suis
1785 3695 1976 3735 Haeredibus‚
2004 3697 2148 3727 Terminis
2169 3697 2282 3727 inferitis
2308 3707 2400 3730 anno-

1368 3748 1410 3770 tis.

1339 3749 1367 3771 ta
1379 3776 1436 3814 Et,
1451 3775 1472 3806 si
1489 3775 1666 3812 contingeret
1681 3771 1761 3811 quod
1773 3795 1783 3811 ,
1801 3773 1829 3802 in
1844 3772 1937 3810 aliquo
1954 3772 2097 3803 dierorum
2121 3773 2345 3812 Ter-minorum,
2363 3774 2400 3806 de

1343 3815 1523 3852 Pagamento
1549 3812 1760 3849 Deficeremus,
1776 3820 1924 3849 tenemur,
1942 3813 1974 3841 ὃ(
2001 3811 2034 3841 ad
2058 3811 2115 3841 hoc
2140 3811 2209 3841 Nos
2226 3811 2400 3849 obligamus

1344 3854 1441 3883 Eidem
1457 3855 1492 3882 G.
1507 3855 1591 3882 Uxori
1605 3850 1677 3890 βιῶ,
1694 3851 1727 3881 &
1746 3859 1845 3880 eorum
1861 3849 2044 3885 Haeredibus,
2064 3849 2142 3887 quod
2161 3851 2198 3879 eis
2211 3849 2398 3891 Reddamus,

1344 3892 1465 3930 qualibet
1490 3889 1549 3920 Die
1571 3889 1744 3926 Deffeetfis,
1762 3889 1831 3918 duos
1853 3887 1963 3917 Solidos
1985 3886 2145 3917 Parisxenses
2167 3898 2219 3925 pro
2241 3889 2349 3928 Poena,
2366 3892 2400 3922 &

1343 3939 1455 3998 {3¹12ss
1457 3927 1757 3998 {ffisssstessffiifflff
1761 3925 2011 3994 ffgfeggggffieg?
2029 3925 2402 4003 fflfi‘s'ffissssdieffm‘ssdssisse

1344 4006 1415 4037 dum
1435 4005 1563 4036 reddatur
1578 4006 1684 4042 integre
1702 4014 1770 4034 cum
1792 4003 1880 4032 Poena
1891 4003 1948 4039 jam
1962 4002 2048 4032 dicia.

1383 4043 1506 4075 Voluinus
1521 4044 1604 4075 etiam
1622 4042 1701 4081 quod
1712 4067 1721 4080 ,
1737 4044 1755 4072 li
1772 4042 1930 4077 contigeret
1944 4040 2023 4078 quod
2040 4040 2110 4071 dieti
2137 4041 2299 4074 Molendini
2322 4044 2402 4073 feria-

1346 4091 1425 4121 rent‚
1450 4083 1507 4115 five
1529 4083 1654 4121 jacerent
1672 4088 1787 4119 propter
1812 4078 1959 4147 Clrgrivam
1978 4078 2088 4118 Aquae,
2116 4081 2161 4113 vel
2178 4090 2292 4120 propter
2311 4081 2403 4150 {efe-

1889 4125 1904 4156 3
2357 4128 2407 4151 um

2413 323 2498 353 1422.

2392 359 2454 381 Heu.
2469 365 2497 390 j‘.

2419 1624 2433 1639 ³*
2450 1624 2487 1650 X.

2406 1672 2470 1697 244.
