2562 4274
197 87 247 128 28
616 80 1261 127 CONVENTION

51 171 129 204 Ann.
142 170 185 201 D.
197 171 366 203 conclusum
379 195 388 210 ,
415 170 449 203 δε
474 169 511 201 de
532 169 712 208 Exequendo
736 170 771 201 &
791 169 901 209 Exequi
918 171 1049 202 faciendo
1064 171 1165 201 eadem
1183 179 1253 200 cum

74 216 162 249 1417.
198 210 294 241 debita
315 209 456 249 diligentia
469 232 478 247 ,
503 209 657 239 secundum
679 209 829 240 Tenorem
848 211 882 241 &
900 210 1035 240 Formam
1057 209 1226 240 eorumdem
1242 210 1258 245 ,'

52 254 116 279 Heu.
135 258 164 285 5.
195 258 333 287 quantum
356 249 390 278 ad
416 248 485 278 Nos
505 247 658 278 dinoscitur
681 249 843 285 pertinere,
868 249 904 278 ita
927 249 1008 286 quod
1032 257 1177 286 nunquam
1204 255 1254 284 per

198 287 282 326 Nos,
299 288 343 317 seu
362 288 448 317 alium
467 285 601 316 Nomine
618 286 735 324 nostro,
750 286 908 325 Dicemus,
926 287 1073 317 Faciemus
1085 310 1094 324 ,
1112 294 1158 316 aut
1178 285 1253 316 Pro-

197 336 355 364 ponemus,
375 324 551 364 injudicio,
569 334 623 355 nec
639 334 731 363 extra,
749 327 902 364 quicquam
920 327 949 356 in
966 326 1149 356 contrarium.

193 402 218 433 P
235 365 267 394 In
292 365 370 402 cujus
397 363 454 393 Rei
473 362 689 394 Testimonium
714 364 762 394 has
788 365 894 395 Literas
919 363 1027 394 nostras
1051 363 1110 393 fieri
1134 362 1255 393 fecimus

219 411 331 432 arentes.
785 407 789 413 ¹

233 440 325 471 Teste
336 439 442 478 meipso
457 440 529 477 apud
551 440 656 470 Villam
675 439 792 477 nostram
812 442 844 471 de
866 444 981 479 Mante,
999 440 1135 472 vicesimo
1155 445 1256 477 quarto

200 478 246 509 dic
261 479 399 510 octobris
408 501 418 518 ‚
437 479 526 510 Antio
541 479 639 518 Regni
655 480 743 510 nostri
755 481 884 518 septimo.

774 559 828 587 Per
845 557 927 598 ipfimi
945 559 1049 594 Regem.

1007 633 1260 664 STURGEON.

406 777 564 811 Elcfflonis
577 779 717 810 Martini
735 780 817 822 Papae
833 775 1059 820 Notficatoria.

51 878 186 911 Arm-1>-
203 860 576 940 Mtffaissfflsssseas
597 857 1114 930 Ssizu}.{5s0iif.¹¹st3?0³sitztffi‘e
1126 857 1260 934 spitii:

51 927 168 988 AI4I7'
201 942 287 972 licam
302 913 544 972 Bgnediffti'onem.
578 925 588 939 ’
642 912 660 938 g
804 977 810 982 .
908 923 918 937 ³
1113 974 1117 978 ·
1142 973 1147 978 ¹

79 969 104 988 η’
122 968 148 993 5'
240 981 374 1012 Summus
396 980 528 1008 omnium
550 977 673 1008 Creator
693 977 727 1007 &
751 975 875 1014 Opifex,
893 975 930 1005 ab
947 974 1004 1004 alto
1027 972 1199 1015 prospiciens
1212 972 1261 1002 Sa-

51 1001 93 1063 ἔκ
105 1006 170 1063 ἔξω,
202 1018 376 1050 ετοίὶῑηᾱᾶηι
392 1017 557 1063 Romanam
570 1016 603 1047 &
618 1015 800 1083 univeffalem
820 1013 999 1082 Εεὲῐῖεῆιιξη,1
1010 1013 1158 1081 Sporsslaimf
1165 1012 1240 1080 susm
1252 1036 1262 1049 ,

51 1076 172 1140 2³⁰²:T1'23
201 1055 606 1131 scsssssfissiffnffiffldgss
627 1062 852 1131 &2333ss
874 1061 1036 1122 §mcviii
1051 1059 1263 1121 ἵκεοᾟῖξὲηἳῖἷί

52 1121 146 1178 55⁷2&-
177 1134 389 1166 'miserabiliter
403 1133 538 1176 lacessita,
565 1171 581 1200 Γ
669 1169 687 1199 h
750 1173 754 1177 Ι
802 1167 910 1199 XXIII
933 1168 966 1199 ἃ
988 1167 1024 1198 ,ῃ-
1092 1176 1125 1196 ac
1145 1165 1172 1196 se
1193 1176 1210 1196 u
1230 1176 1248 1196 n

52 1197 101 1225 53⁵
113 1192 149 1217 Α
202 1172 531 1251 [ἰεΡὲἷεὲΙίξὶὲῗῖξζιῗΙῑῗεῗῐῖι
543 1170 854 1240 (ὲὲϊῖιῐζσόἔέἕίἒηῑίίς
874 1176 1120 1245 nuncuplatgltsu'm,
1140 1176 1263 1235 Εὲηξη-

201 1252 355 1282 ciationem
372 1273 382 1289 ,
405 1249 504 1286 sponte
523 1248 608 1278 fac'las
622 1273 631 1285 ,
654 1249 688 1280 ὃς
710 1257 760 1285 per
780 1247 855 1277 hanc
878 1246 1090 1277 SacrosanCtam
1112 1244 1262 1288 Syhnodum

202 1289 376 1320 Generalem
400 1286 647 1318 Constantiensem
668 1287 820 1316 solenniter
836 1286 1020 1323 approbatas,
1038 1286 1071 1315 δε
1095 1283 1264 1321 Diipolitio-

203 1337 270 1357 nem
287 1339 301 1358 a
317 1328 423 1366 Papatu
437 1326 474 1357 de
486 1326 647 1364 Benedicta,
665 1324 748 1355 XIII.
765 1326 795 1354 in
813 1325 869 1360 ejus
887 1323 1058 1354 Obedientia
1076 1331 1241 1360 nuncupato
1255 1345 1265 1360 ,

202 1367 289 1397 etiam
316 1377 365 1404 per
391 1365 476 1404 ipsam
503 1365 652 1404 synodum
670 1373 703 1394 ex
720 1364 807 1394 tribus
825 1362 1002 1393 Obedientiis
1020 1363 1128 1404 unitam
1144 1385 1154 1400 ,
1179 1363 1209 1391 in
1232 1371 1265 1390 u-

204 1415 328 1444 namque
344 1428 353 1444 ,
372 1404 492 1442 Regum
515 1404 598 1442 Rege
621 1402 740 1441 pacifico
763 1401 976 1432 misericorditer
998 1402 1149 1438 inspirante
1163 1424 1172 1438 ,
1191 1409 1265 1430 con-

204 1444 309 1474 sectam
320 1468 329 1483 ,
348 1443 488 1474 canonice
502 1442 606 1480 facim,
977 1478 982 1483 ἡ
1019 1478 1043 1484 q

242 1482 320 1513 Non
331 1482 371 1513 est
388 1481 478 1520 paffus
493 1481 608 1511 ulterius
623 1479 742 1510 eandem
762 1477 916 1508 Ecclesiam
927 1501 935 1516 ,
954 1476 1060 1508 diutius
1079 1476 1196 1508 Pastore
1217 1487 1265 1508 ca-

203 1531 332 1560 rentem,
349 1521 404 1551 suae
422 1520 569 1550 Viduitatis
583 1517 769 1549 incommoda
783 1517 944 1555 deplorare:

240 1561 312 1629 111-ὲὲρε
332 1597 435 1628 multos
452 1621 461 1635 ,
477 1597 586 1634 varios,
605 1593 808 1632 diuturnosque
829 1594 978 1624 Tmeiatus
999 1604 1032 1624 ac
1057 1593 1183 1624 Labores
1202 1592 1265 1629 (illo

204 1638 313 1675 insuper
332 1638 498 1675 inspirante,
519 1637 566 1673 qui
586 1635 634 1665 ubi
650 1634 709 1664 vult
729 1633 809 1671 spirat
828 1634 860 1663 δε
880 1633 1060 1670 Aspirationis
1077 1632 1174 1662 Radiis
1189 1632 1267 1661 Cor-

204 1677 240 1707 da
260 1676 397 1706 Fidelium
417 1674 541 1705 vivificat
558 1675 591 1705 &
607 1672 734 1709 illustrat)
755 1672 834 1710 super
850 1671 946 1701 Modo
965 1674 997 1703 δε
1019 1672 1123 1702 Forma
1142 1670 1266 1708 eligendi

204 1723 271 1746 tunc
292 1716 456 1752 proximum
475 1714 601 1743 futurum
620 1711 791 1741 Romanum
811 1709 1001 1748 Pontificem,

242 1753 296 1783 Per
316 1763 418 1791 quem,
439 1761 553 1790 propter
573 1750 809 1782 Obedientiarum
827 1749 1030 1787 diversitatem,
1050 1750 1146 1778 omnis
1159 1749 1265 1786 ubique

203 1792 345 1823 Scismatis
363 1794 396 1822 &c
414 1792 571 1821 Divisionis
589 1790 734 1820 tolleretur
753 1787 875 1819 Occasio
891 1811 900 1826 ,
919 1788 1050 1826 nullaque
1070 1788 1265 1827 Retrac‘tatio,

202 1831 348 1899 nullusqtge
366 1830 507 1869 scrupulus
522 1831 551 1859 in
569 1828 719 1859 Mentibus
733 1827 900 1858 Hominum
913 1829 1105 1866 cujuscunque
1117 1826 1266 1857 Obedien-

216 1871 248 1900 ’τε
265 1871 313 1900 reli
334 1879 391 1899 eret

201 1879 222 1902 u
239 1908 289 1938 De
310 1893 464 1939 Voluiitate
489 1907 522 1939 ὃς
546 1906 692 1938 Consensu
715 1904 869 1944 expressis,
895 1904 1106 1937 Venerabilium
1134 1905 1263 1936 Fratrum

202 1947 383 1986 nostrorum,
402 1947 514 1978 Sanctae
534 1946 680 1976 Romanae
698 1944 833 1976 Ecclesiae
852 1944 1046 1974 Cardinalium
1069 1944 1121 1981 (de
1139 1954 1264 1981 quorum

201 1985 339 2017 Numero
362 1996 432 2018 tunc
458 1985 588 2021 eramus)
615 1994 665 2024 per
686 1984 763 2014 idem
785 1983 904 2014 Sacrum
930 1982 1099 2013 Concilium
1131 1983 1265 2013 Onni-

201 2033 359 2055 NATUM
379 2032 454 2055 EST
476 2025 509 2055 &
529 2023 796 2060 DECRETUM,

239 2064 353 2103 Quod,
369 2063 402 2094 ea
427 2064 491 2094 vice
509 2063 670 2100 dumtaxat,
688 2061 721 2092 ad
741 2060 912 2101 Eligendum
932 2060 1104 2092 Romanum
1126 2062 1160 2092 &
1179 2061 1265 2092 Sum-

200 2111 284 2132 mum
305 2101 496 2139 Pontificem,
514 2111 569 2132 una
590 2111 660 2131 cum
680 2101 741 2138 ipsis
765 2100 976 2137 Cardinalibus,
996 2100 1050 2130 Sex
1073 2099 1200 2139 Praelati,
1219 2100 1265 2131 vel

199 2140 260 2171 aliae
275 2141 454 2172 honorabiles
466 2140 595 2170 Personae
616 2138 837 2176 Eccieiiasticae,
854 2139 882 2167 in
903 2138 995 2168 Sacris
1015 2139 1173 2169 Ordinibus
1192 2149 1265 2169 con-

201 2179 304 2211 stitutae
314 2202 323 2218 ‚
342 2179 378 2209 de
392 2179 513 2218 qualibet
528 2178 658 2209 Natione
671 2185 794 2217 protunc
809 2178 838 2206 in
853 2177 956 2207 eodem
964 2176 1102 2207 Concilio
1117 2176 1264 2209 existentes

200 2218 234 2249 &
251 2220 425 2256 nominatae,
443 2227 516 2256 quos
537 2217 582 2248 seu
605 2226 670 2256 quas
693 2216 826 2254 quaelibet
847 2215 1010 2246 Nationum
1034 2215 1152 2254 ipsarum
1169 2227 1222 2255 pro
1238 2218 1265 2247 se

201 2257 316 2287 duceret
333 2256 476 2297 eligendos
492 2280 501 2295 ,
519 2256 581 2294 ipsis
604 2254 798 2286 Cardinalibus
810 2253 1042 2293 adjungerentur,
1066 2255 1167 2292 quibus
1188 2255 1266 2286 idem

200 2295 386 2334 Concilium,
404 2305 472 2325 cum
495 2295 556 2332 ipfis
578 2293 774 2325 Cardinalibus
790 2317 801 2333 ,
817 2293 937 2333 eligendi
958 2292 1127 2324 Romanum
1149 2293 1269 2326 Pontifi-

201 2344 267 2366 cem
283 2335 379 2365 tribuit
392 2333 589 2372 Potestatem3

240 2372 282 2403 Ita
298 2373 376 2411 quod
388 2373 447 2410 ille,
469 2373 502 2404 ὃς
518 2382 578 2402 non
590 2371 679 2409 aiter,
692 2371 794 2409 absque
808 2369 864 2400 ulla
882 2369 1078 2409 Exceptione,
1097 2372 1132 2402 ab
1151 2372 1266 2402 univer-

204 2412 249 2443 sali
264 2411 387 2442 Ecclesia
403 2411 554 2441 Romanus
571 2410 704 2440 Pontifex
718 2411 884 2447 haberetur,
900 2411 947 2447 qui
962 2420 976 2439 a
992 2409 1111 2440 Duabus
1136 2410 1266 2441 Partibus

205 2450 360 2481 eorundem
373 2449 585 2486 Cardinalium,
605 2449 637 2479 &
651 2449 667 2478 ὲ
681 2449 828 2487 cujussibet
842 2448 980 2478 Nationis
994 2448 1113 2479 Duabus
1135 2449 1265 2480 Partibus

206 2487 311 2520 eisdem
325 2488 523 2518 Cardinalibus
537 2487 780 2525 adjungendorum
790 2510 799 2524 ,
817 2485 930 2516 Electus
943 2487 1016 2517 foret
1031 2489 1064 2519 ὃ(
1074 2487 1227 2526 Receptus.

245 2526 377 2564 Qiibus,
394 2527 446 2556 Tri
468 2528 524 2556 inta
536 2525 689 2562 Numero,
706 2535 755 2563 per
779 2525 846 2563 ipsas
868 2524 1009 2554 Nationes
1032 2525 1155 2563 Electis,
1169 2527 1202 2558 ὃς
1217 2536 1266 2564 per

207 2563 285 2594 idem
299 2564 416 2595 Sacrum
480 2565 594 2594 ncilium
610 2563 730 2603 praefatis
746 2563 941 2593 Cardinalibus
956 2573 1025 2593 cum
1047 2563 1186 2595 Praedicia
1207 2565 1267 2595 Po-

206 2602 304 2633 testate
318 2603 469 2640 adjunctis,
487 2602 544 2632 Die
559 2602 650 2631 Lunae
660 2625 669 2639 ,
691 2602 794 2632 oCtavfi
811 2601 991 2631 Novembris
1006 2603 1142 2639 proximQ
1165 2612 1264 2642 praete-

204 2640 276 2678 titii,
295 2642 405 2672 circiter
420 2640 531 2671 Horam
547 2641 688 2677 Quartam
705 2640 769 2678 post
782 2639 935 2670 Meridiem
946 2663 955 2678 ,
971 2641 999 2669 in
1024 2641 1094 2671 illius
1114 2640 1267 2679 Nomine,

204 2681 253 2717 qui
271 2679 403 2717 perpetua
420 2679 568 2710 Mundum
582 2680 690 2709 ratione
704 2679 840 2717 gubernat
855 2677 1032 2716 cardinales,
1052 2679 1189 2710 Numero
1213 2680 1239 2710 V
1243 2683 1265 2709 i-

203 2719 277 2756 ginti
299 2718 372 2748 Tres
387 2742 397 2756 ,
419 2718 452 2748 ὅ(
473 2717 594 2756 adjunffi
609 2739 618 2755 ,
644 2716 802 2755 hujusmodi
829 2726 1002 2754 cooperante
1026 2717 1147 2755 Spiritlis
1168 2719 1264 2749 Sancti

207 2756 325 2794 Gratia,
345 2757 506 2787 Decretum
519 2757 552 2787 &
567 2755 740 2785 Ordinatum
757 2755 791 2785 ad
811 2755 869 2785 hoc
889 2754 944 2785 Co
954 2764 977 2786 N
986 2765 1002 2785 c
1011 2764 1032 2785 t.
1043 2766 1062 2786 Α
1073 2767 1093 2785 ν
1104 2766 1121 2786 Ε
1132 2779 1142 2793 ,
1162 2757 1265 2787 Liber-

204 2803 260 2826 tate
274 2804 356 2833 atque
372 2795 525 2825 Sectiritate
538 2794 721 2825 celeberrima
736 2794 772 2823 ab
788 2803 863 2824 eittra
877 2794 1016 2825 Custodia
1037 2795 1267 2835 munitissimum,

205 2833 239 2864 ad
255 2834 358 2865 Pacem
372 2834 493 2872 praefatae
507 2833 639 2864 Ecclesia:
653 2833 816 2871 aspirantes,
832 2833 984 2870 intrc'irunt,

246 2872 453 2910 Missarumque
468 2873 612 2903 celebratis
624 2872 660 2902 de
674 2871 764 2902 More
779 2871 935 2911 Solenniis,
952 2882 984 2902 ac
1004 2871 1107 2902 deinde
1126 2871 1264 2904 Conciliis

206 2911 306 2942 habitis
319 2912 441 2949 repetitis
477 2919 561 2948 prout
575 2919 659 2941 tantae
683 2910 737 2940 Rei
758 2910 918 2940 Sublimitas
940 2911 1124 2949 exposcebat,
1143 2912 1201 2942 Die
1211 2912 1265 2950 Jo-

207 2951 266 2989 vis,
283 2951 320 2980 xi.
334 2950 403 2980 dieti
420 2934 543 2988 Mensis,
561 2948 738 2980 Celebritatis
753 2949 842 2979 Beatis
856 2949 973 2979 Martini
989 2949 1167 2982 Confesloris
1182 2960 1265 2990 atque

207 2987 373 3026 Pontificis,
393 2988 428 3018 de
449 2998 533 3018 mane
555 2987 635 3018 Hora
657 2988 731 3026 quali
754 2988 773 3007 ²¹*
793 2987 919 3018 Decima
934 2988 1048 3024 (eodem
1065 2988 1168 3026 Spiritu
1184 2989 1267 3020 Para-

208 3027 278 3059 clito
295 3027 409 3058 Mentes
423 3026 530 3057 nostras
551 3026 731 3056 uniformiter
749 3037 781 3057 ac
805 3028 891 3056 etiam
911 3027 1096 3057 concorditer
1119 3028 1267 3066 inspirante

208 3066 242 3096 ad
263 3065 397 3096 Altissimi
414 3065 562 3102 Laudem,
581 3065 730 3101 Gloriam,
752 3066 785 3096 &
807 3064 962 3095 Honorem
979 3089 988 3102 ,
1003 3075 1036 3096 ac
1055 3066 1166 3097 Statum
1186 3068 1267 3103 ipsius

207 3104 340 3134 Ecclesiae
363 3127 372 3143 ,
404 3103 645 3140 Evulsionemque
664 3105 780 3133 totalem
800 3113 834 3133 ex
861 3104 939 3142 Agro
962 3104 1125 3135 Dominico
1147 3105 1267 3143 pestiferi

208 3143 345 3173 Scismatis
359 3167 367 3180 ,
393 3142 555 3172 Cardinales
579 3142 611 3172 &
637 3141 772 3175 Adiunffi
796 3142 902 3180 praefati
922 3144 950 3171 in
974 3142 1042 3173 Nos
1065 3144 1150 3175 (tunc
1172 3144 1267 3175 Sancti

209 3180 331 3220 Georgii
345 3180 379 3211 ad
395 3180 501 3211 Velum
518 3181 644 3211 Aureum
661 3179 828 3210 Diaconum
843 3179 1036 3215 Cardinalem)
1053 3182 1121 3212 licet
1133 3191 1167 3211 ex
1183 3183 1267 3222 fragi-

208 3219 284 3249 litate
300 3219 442 3250 Humanae
458 3219 642 3249 Conditionis
655 3218 688 3248 ad
705 3227 814 3248 tantum
830 3218 1082 3256 OnusRegiminis
1095 3221 1267 3252 insufficien-

208 3257 281 3287 tibus
294 3257 442 3295 Humeris,
460 3267 560 3288 eorum
581 3267 649 3287 vora
663 3258 830 3287 unanimiter
855 3256 1036 3295 (discrepante
1056 3257 1200 3295 Nemine)
1221 3259 1267 3290 di-

209 3304 340 3326 rexerunt
355 3319 364 3331 ,
380 3297 487 3333 nosque
509 3297 538 3325 in
559 3296 726 3326 Romanum
750 3297 783 3326 &
804 3295 957 3325 Summum
981 3296 1155 3327 Pontificem
1176 3297 1268 3338 elege-

210 3342 291 3371 runt,
311 3335 339 3363 in
351 3334 449 3372 Jubilo
462 3344 603 3374 ympntim
623 3334 653 3364 T
665 3343 682 3364 E
704 3334 734 3363 D
745 3342 792 3363 cu
804 3342 830 3363 ‚xi
849 3333 1043 3373 decantantes,

246 3372 396 3410 Moxque,
410 3373 486 3410 juxta
507 3373 610 3403 Ritum
633 3371 756 3410 praef-atre
779 3372 928 3409 Eccleliae,
947 3371 1108 3403 Cardinales
1121 3396 1131 3412 ,
1150 3376 1183 3406 δε
1206 3374 1268 3404 Ad-

206 3411 299 3450 junffl
317 3410 491 3449 hujusmodi,
508 3412 541 3441 ἃ·
561 3412 621 3447 alii,
642 3412 713 3441 intra
735 3410 885 3442 Conclave
903 3410 992 3447 ipsum
1015 3412 1180 3451 existentes,
1196 3412 1266 3444 Nos

209 3450 288 3488 supra
300 3449 414 3487 Altare,
432 3449 470 3478 ibi
483 3450 581 3488 fitum,
602 3449 825 3487 intronizantes,
846 3449 1074 3489 Adorantesque,
1091 3460 1159 3481 cum
1173 3451 1267 3482 Oscu-

209 3488 258 3526 lis,
276 3489 305 3518 in
323 3490 425 3526 Papam
440 3489 474 3519 ὃς
488 3490 622 3517 Summum
635 3487 792 3528 Pontificem
807 3487 919 3526 (nostro
933 3489 1007 3526 prius
1023 3489 1156 3527 requisito
1167 3491 1199 3521 δε
1214 3490 1267 3521 hu-

210 3527 313 3557 militer
325 3526 452 3557 adhibito
467 3525 624 3562 Consensu)
641 3536 809 3564 receperunt
824 3527 1020 3565 solempniter,
1036 3536 1067 3558 ut
1082 3527 1123 3558 est
1138 3529 1238 3567 moris,

247 3564 293 3596 Ac
313 3565 416 3595 deinde
438 3564 624 3595 celeberrimis
644 3565 778 3603 sacrisque
791 3589 801 3603 ,
819 3565 974 3596 undecimo
1004 3565 1069 3596 Kal.
1094 3566 1268 3597 Decembris

211 3605 346 3641 proximo
362 3603 508 3641 praeteriti,
527 3604 556 3632 in
573 3601 788 3633 Constancienfi
802 3603 943 3641 Ecciefia,
958 3605 1034 3642 juxta
1049 3604 1152 3636 Ritum
1167 3606 1267 3643 praefa-

213 3650 261 3709 tSce¹
274 3641 405 3686 Ecclesiae
421 3665 430 3680 ,
447 3651 516 3673 curn
540 3640 701 3672 Astantium
721 3641 897 3672 Exultatione
919 3643 1108 3682 permaxima,
1125 3644 1268 3675 celebratis

235 3690 253 3709 o
265 3690 364 3710 emniis

251 3704 445 3749 Cardinaiibus
467 3718 544 3757 ipsis,
560 3728 691 3755 necnon,
706 3717 847 3748 carissimo
870 3719 899 3747 in
921 3718 1039 3749 Christo
1061 3719 1133 3751 Filio
1153 3719 1270 3759 nostro,

214 3756 376 3799 Sigifitzftatdo
392 3761 571 3787 Romanorum
583 3755 620 3791 ὠν
637 3759 788 3793 Hungariae
806 3759 874 3792 Rege
889 3755 990 3787 Illustri
1013 3758 1170 3795 Regalibus
1190 3758 1270 3790 Infu-

212 3793 244 3823 lis
266 3796 395 3833 insignito
411 3819 420 3831 ,
439 3795 562 3826 Praelatis
577 3819 587 3833 ,
606 3794 800 3832 Principibus,
817 3794 966 3831 Ducibus,
984 3794 1079 3833 Cleri,
1095 3797 1271 3836 Nobilium,

214 3831 249 3861 &
263 3831 363 3869 Populi
386 3833 588 3871 Multitudine,
605 3833 754 3864 astantibus
776 3834 912 3870 copiose,
929 3834 963 3863 ad
982 3843 1102 3864 omnem
1126 3834 1270 3866 Creatoris

215 3868 342 3899 Laudem
360 3872 392 3902 &
407 3872 554 3910 Gloriam,
574 3872 678 3902 Pacem
693 3882 726 3901 ac
738 3870 894 3901 Unionem
910 3871 1032 3909 praefatae
1053 3872 1187 3904 Ecclesiae
1209 3874 1269 3904 Or-

214 3906 347 3938 thodoxae
357 3931 366 3946 ,
383 3909 461 3939 Fidei
477 3910 668 3948 Incrementa,
682 3910 841 3948 Gregisque
854 3909 998 3940 commiffi
1015 3911 1218 3949 Quietudinem
1235 3914 1268 3944 &

215 3944 359 3982 Salutem,
377 3947 481 3977 nostrae
496 3947 700 3978 Coronationis
720 3948 843 3985 Insignia
861 3947 1023 3978 Cardinales
1043 3950 1109 3988 ipsi,
1128 3950 1269 3982 humiliter

216 3993 266 4021 per
279 3982 347 4014 Nos
361 3984 497 4023 suscepta,
516 3987 700 4018 exultantibus
732 3987 844 4018 Animis
857 3995 1038 4026 peregerunt3

57 2995 77 3014 *
94 2996 147 3023 ix,

56 3042 124 3069 524-

1289 83 1416 132 ES,
1483 80 1870 135 LITERAE,
2152 77 2201 93 '¹

1329 170 1425 208 Qiae,
1443 169 1591 200 Serenitati
1604 178 1677 208 tuae,
2148 208 2153 211 .
2366 166 2443 197 Ann.
2456 165 2496 198 D.
2512 168 2515 172 ’

1329 207 1410 239 Cum
1433 208 1467 238 ad
1490 208 1600 238 Statum
1620 210 1654 239 &
1676 207 1832 239 Honorem
1854 206 1977 246 praefatae
1995 205 2155 246 Ecclesiae,
2178 205 2351 238 cunc'torum
2390 213 2478 244 1417.

1293 245 1395 277 Matris
1410 247 1443 276 &
1457 245 1603 285 Magistrae
1619 246 1777 285 Fidelium,
1795 255 1939 277 teneamus
1960 247 2094 284 indubie,
2112 254 2198 284 prout
2220 242 2351 276 Catholi-
2365 248 2429 272 Hm.
2449 253 2478 280 5.

1292 294 1361 314 cum
1374 285 1456 314 decet
1469 284 1649 323 Principem,
1666 285 1849 316 Serenitatem
1871 284 1990 315 eandem
2008 285 2166 322 suppremis
2183 293 2267 323 atque
2287 282 2351 312 Re-

1291 323 1398 361 galibus
1411 322 1514 352 Studiis
1527 322 1660 361 aspirare,
1678 334 1712 354 ac
1725 324 1882 354 Unionem
1896 323 2018 361 ejusdem
2031 322 2179 360 supprema
2191 324 2220 353 in
2240 321 2349 353 Domi-

1293 371 1333 391 no
1345 360 1468 391 Caritate
1481 361 1611 399 diligere,
1629 372 1662 392 ac
1673 371 1778 400 cupere
1790 363 1827 392 ab
1841 362 1946 392 intimis
1960 361 2129 391 Praecordiis
2140 360 2350 399 sublimare‚de

1293 399 1392 429 medio
1408 399 1535 437 quolibet
1547 399 1718 430 Scismaticae
1731 400 1875 431 Pravitatis
1887 399 1990 430 Errore
2003 399 2132 438 semoto,
2147 409 2178 431 ut
2197 400 2280 431 Grex
2299 399 2349 430 Fi·-

1293 437 1400 467 delium
1416 439 1444 467 in
1459 447 1535 468 verae
1548 437 1699 475 solid-aeque
1713 437 1793 469 Pacis
1805 439 1839 470 &
1855 438 1984 470 Unionis
1996 437 2158 477 integritate
2171 439 2307 478 quid‘cat,

1334 475 1495 506 Intimanda
1508 476 1704 515 decrevimus,

1334 515 1382 544 Ab
1394 515 1501 544 intimis
1518 513 1619 544 nostris
1626 513 1795 545 Praecordiis
1801 514 1984 546 Serenitatem
1996 515 2083 553 ipsam
2097 515 2275 547 exhortantes
2281 526 2350 555 qua-

1295 553 1386 589 tinus,
1404 563 1456 590 pro
1470 552 1656 584 Incremento
1669 552 1829 584 Catholicae
1841 554 1936 592 Fidei,
1949 564 1983 585 ac
1995 555 2073 585 totali
2093 554 2288 592 Extirpatione
2308 557 2352 593 ip-

1296 591 1347 621 sius
1363 591 1519 629 Scismatis,
1537 601 1571 621 ac
1586 591 1760 622 Exaltatione
1771 591 1892 629 ejusdem
1906 592 2051 631 Ecclesiae,
2070 602 2103 624 ac
2119 593 2253 631 perpetua
2275 593 2353 624 Glo-

1295 630 1334 659 ria
1356 631 1397 660 tui
1416 630 1528 668 Regalis
1549 629 1661 667 status,
1677 629 1832 668 Nominis,
1848 631 1882 661 δε
1901 630 2047 670 Honoris,
2065 640 2150 669 prout
2169 631 2355 664 desideranter

1295 670 1466 706 appetimus,
1484 678 1615 707 optamus
1628 669 1743 706 pariter,
1762 669 1796 700 &
1807 669 1965 707 speramuS,
1983 679 2114 709 necnon,
2131 670 2182 701 sub
2202 672 2249 711 spe
2268 670 2352 702 Mer-

1295 707 1372 737 cedis
1385 716 1516 746 aeternae,
1534 708 1639 745 placeat
1660 716 1725 746 erga
1744 706 1957 737 Redufflonem
1977 717 2228 748 quorumcumque
2244 709 2351 741 Adhae-

1296 747 1419 776 rentium
1442 745 1488 776 seu
1509 746 1665 777 Fautorum
1686 747 1770 775 Petro
1791 745 1823 775 de
1844 748 1953 783 Lunae,
1970 747 2042 776 olim
2056 748 2201 778 Benedicio
2218 748 2301 779 Xtti.
2320 750 2350 779 in

1296 786 1352 822 ejus
1365 784 1536 815 Obedientia
1550 794 1734 823 nuncupato,
1749 786 1782 816 &
1798 794 1848 824 per
1860 784 1918 814 hoc
1938 783 2059 814 Sacrum
2079 785 2219 817 Generale
2239 787 2353 818 Conci*

1298 824 1367 853 lium
1383 822 1625 862 Constanciense,
1640 824 1691 854 suis
1707 823 1796 861 culpis
1810 824 1843 854 δε
1857 822 1999 853 demeritis
2018 823 2208 863 exigentibus,
2222 834 2256 855 ac
2271 826 2352 864 justo

1298 861 1356 891 Dei
1369 862 1501 901 Judicio,
1519 862 1714 893 sententialiter
1726 861 1958 900 condempnato,
1974 862 2008 893 &
2023 861 2039 890 a
2052 861 2158 899 Papatu
2172 862 2301 899 ›depositu
2317 866 2352 896 ὃς

1297 901 1423 939 privato,
1442 909 1501 932 tam
1522 902 1593 931 intra
1614 901 1751 940 Regnum
1774 910 1856 931 tuum
1875 900 1960 939 quam
1979 901 2009 930 in
2031 899 2138 930 Vicinis
2158 900 2287 932 Partibus
2297 904 2356 933 exi-

1299 938 1452 977 stentium,
1470 947 1501 969 ut
1515 939 1543 969 se
1555 940 1590 970 ad
1603 937 1796 977 Fidelitatem,
1812 938 2012 969 Devotionem
2021 962 2030 975 ,
2047 938 2293 970 &obedientiam
2302 950 2357 971 no-

1300 976 1367 1006 stras
1379 978 1412 1008 &
1427 977 1510 1015 ipsius
1524 977 1671 1015 Ecclesiae,
1690 986 1742 1016 pro
1762 979 1942 1009 incremento
1963 976 2044 1008 Pacis
2064 979 2098 1009 &
2115 977 2244 1009 Unionis
2263 979 2359 1017 hujus-

1300 1015 1399 1054 modi,
1418 1017 1544 1053 protinus
1555 1016 1582 1046 se
1595 1016 1744 1054 reducant,

1337 1054 1460 1085 Attento
1475 1056 1599 1085 maxime
1612 1054 1692 1094 quod
1706 1054 1802 1084 caeteri
1812 1052 1908 1096 Reges
1920 1055 1954 1085 &
1969 1054 2113 1093 Principes
2127 1054 2360 1096 Christianitatis,

1301 1102 1385 1131 prout
1399 1092 1516 1123 Mundo
1525 1094 1584 1132 jam
1601 1093 1716 1123 tandem
1731 1092 1817 1123 debet
1832 1093 1888 1122 esse
1901 1102 2082 1130 compertum
2097 1102 2181 1133 atque
2196 1097 2360 1135 notorium,

1300 1131 1329 1161 id
1341 1131 1524 1171 concorditer
1539 1133 1572 1163 &
1585 1133 1615 1161 iti
1630 1131 1762 1162 Altissimi
1782 1130 1882 1161 Gratia
1900 1130 2074 1170 effecerunt,
2092 1133 2126 1163 &
2145 1133 2272 1164 Nunciis
2285 1143 2359 1172 prae-

1302 1171 1349 1201 fati
1365 1171 1492 1201 (Joncilii
1505 1170 1690 1208 jamdudum,
1704 1180 1758 1211 pro
1771 1178 1863 1208 parte,
1879 1169 2049 1200 dilectorum
2071 1170 2226 1210 Filiorum,
2243 1172 2362 1204 Guber-

1300 1210 1405 1239 natoris
1421 1209 1527 1240 Scotiae
1549 1209 1692 1240 Avunculi
1712 1210 1771 1246 tui,
1789 1210 1822 1240 &
1840 1209 1959 1238 aliorum
1981 1207 2181 1240 Domitiorum
2205 1210 2298 1250 Regni
2320 1212 2360 1242 tui

1302 1248 1410 1278 Scotiae
1424 1248 1568 1287 praedicti,
1585 1247 1621 1278 de
1637 1248 1780 1279 mittendis
1791 1247 1825 1278 ad
1837 1247 1927 1285 ipsum
1950 1245 2139 1286 Concilium,
2155 1248 2191 1279 ad
2210 1248 2360 1281 Obedien-

1302 1288 1370 1317 tiam
1384 1287 1417 1317 &
1434 1287 1608 1317 Fidelitatem
1624 1286 1807 1324 exhibendas,
1826 1286 1949 1323 plenarie
1960 1285 2172 1325 rescripserunt,

1339 1324 1371 1355 ld
1391 1334 1437 1356 tua
1459 1326 1528 1356 velit
1549 1326 1684 1356 Serenitas
1704 1324 1864 1362 Praemissa‚
1881 1323 2032 1363 Regalibus
2054 1326 2108 1355 tuis
2128 1325 2239 1365 studiis,
2257 1326 2363 1358 salutari

1302 1365 1336 1395 δε
1349 1364 1447 1394 votiva
1460 1364 1668 1402 Conclusione,
1724 1363 1820 1395 rficere
1835 1373 1888 1402 pro
1906 1363 2004 1394 eadem
2025 1362 2178 1396 Serenitate
2200 1374 2263 1403 tua,
2283 1364 2363 1405 Reg-

1303 1413 1362 1441 no,
1382 1402 1493 1440 Infulis,
1511 1403 1545 1434 &
1558 1404 1666 1434 caeteris
1704 1403 1825 1440 artibus,
1843 1401 1936 1432 eidem
1951 1401 2093 1441 Subditis,
2110 1401 2233 1434 Praelatis
2247 1405 2281 1435 &
2303 1403 2366 1435 Re-

1303 1441 1400 1479 liquis,
1417 1450 1448 1472 ut
1463 1441 1500 1472 sic
1537 1442 1584 1472 Te
1597 1441 1743 1480 Auctore,
1759 1440 1889 1472 Unionis
1902 1442 1936 1472 &
1950 1440 2030 1471 Pacis
2042 1439 2193 1478 Integritas
2214 1443 2242 1472 in
2264 1441 2363 1474 eadem

1303 1479 1426 1510 Ecclesia
1435 1503 1445 1519 ,
1462 1481 1491 1510 in
1504 1465 1700 1518 sempiternam
1715 1480 1756 1511 tui
1768 1479 1907 1510 Nominis
1921 1479 2054 1509 Gloriam
2068 1480 2101 1511 &
2114 1479 2367 1519 Honorem,con-

1303 1518 1432 1549 cludatur
1445 1519 1571 1550 celeriter
1583 1529 1616 1550 ac
1630 1519 1749 1556 votive,
1766 1528 1820 1549 nec
1837 1517 1923 1557 poffit
1947 1518 2040 1556 (quod
2064 1519 2235 1550 emersurum
2248 1520 2366 1551 nullate·-

1304 1567 1355 1587 nus
1367 1557 1543 1594 arbitramur)
1560 1557 1678 1588 eandem
1692 1557 1878 1587 Serenitatem
1892 1564 1970 1587 tuam
1983 1557 2020 1586 ab
2026 1555 2149 1588 Unione
2161 1557 2267 1596 Gregis
2280 1558 2303 1588 F
2304 1558 2366 1589 ide-

1303 1596 1477 1664 lsium,stcum
1499 1596 1608 1634 Regno
1631 1596 1832 1634 Dominiisque
1850 1604 1908 1626 tuae
1926 1594 2125 1634 Celsitudinis,
2146 1596 2367 1634 quomodolibet

1314 1645 1329 1664 e
1350 1644 1385 1664 ue
1413 1643 1498 1664 ratam

1331 1644 1409 1703 qNos
1429 1657 1524 1711 enim'‚
1539 1672 1574 1703 ad
1593 1671 1677 1703 instar
1696 1671 1784 1702 Patris
1804 1671 1981 1710 Luminum,
1996 1681 2133 1710 quantum
2153 1683 2221 1704 cum
2241 1673 2310 1704 Deo
2331 1674 2366 1705 &

1303 1711 1460 1742 Honestate
1480 1713 1635 1748 poterimus
1682 1710 1801 1741 eandem
1821 1710 2005 1741 Serenitatem
2025 1719 2102 1741 tuam
2117 1734 2127 1749 ,
2151 1721 2184 1741 ac
2206 1711 2367 1751 Regnum,

1304 1750 1451 1788 Partesque
1471 1751 1549 1787 alias,
1567 1751 1618 1779 tibi
1637 1733 1790 1787 tiibjectas,
1810 1747 1982 1790 Apostolicis
2004 1748 2127 1786 Gratiis,
2147 1757 2207 1779 tam
2228 1751 2256 1779 in
2279 1750 2368 1788 Spiri-

1303 1790 1439 1827 tualibus,
1460 1790 1546 1827 quam
1559 1789 1588 1818 in
1603 1787 1842 1827 Temporalibus,
1861 1790 2082 1825 prosequemur,
2099 1787 2133 1817 &
2153 1788 2366 1819 continebimus

1304 1829 1333 1858 in
1348 1828 1451 1857 nostine
1465 1827 1623 1857 Visceribus
1638 1826 1778 1857 Caritatis.

1341 1866 1410 1897 Dat.
1424 1864 1585 1905 Constantia:
1599 1866 1681 1896 tertio
1695 1863 1782 1896 Non.
1798 1864 1982 1896 Decembris.

1707 1946 1839 1982 Scriptum
1853 1919 2264 1982 Cadomiftcundumxcopiam

1303 2071 1330 2097 *τ
1356 2073 1415 2104 Pro
1435 2068 1580 2116 Religicfis
1591 2095 1601 2111 ‚
1627 2070 1658 2100 in
1668 2069 1795 2101 Ducam
1806 2067 2002 2101 Normanniae
2011 2094 2022 2112 ,
2050 2066 2088 2102 de
2106 2079 2163 2101 non
2176 2064 2366 2111 molestanda.
2379 2078 2395 2097 ο
2411 2080 2467 2109 IX)

2401 2128 2415 2147 2
2440 2140 2443 2145 .

1306 2153 1425 2212 REX
1436 2177 1445 2191 ,
1461 2153 1568 2184 dilecto
1590 2155 1624 2185 &
1646 2153 1721 2184 fideli
1740 2154 1807 2191 suo,
1825 2152 1955 2192 Johanm‘
1977 2154 2010 2185 de
2031 2151 2167 2193 Asfheton
2182 2177 2192 2192 ,
2209 2152 2368 2186 Senescallo
2380 2127 2456 2187 {sd-n.
2469 2155 2512 2194 D.‡

1385 2192 1485 2223 nostro
1498 2193 1534 2223 de
1548 2191 1668 2232 Baieux,
1686 2193 1822 2224 Salutem.
2400 2202 2486 2234 1417.

1339 2230 1382 2262 Ex
1408 2240 1486 2270 parte
1511 2231 1722 2271 Religiosorum
1750 2231 1889 2262 Virorum
1913 2228 2034 2262 Domi‘is
2057 2230 2154 2262 Saneti
2178 2229 2299 2263 Martini
2331 2231 2368 2262 de
2378 2237 2428 2263 An.
2447 2244 2479 2271 5.

1305 2269 1438 2301 Mondae
1452 2294 1462 2309 ,
1491 2269 1608 2301 Ordinis
1634 2269 1732 2301 Sandii
1757 2269 1934 2309 Augustini,
1951 2271 2029 2310 juxta
2050 2267 2209 2301 Civitatem
2241 2268 2366 2301 nostram
2376 2272 2412 2302 Η.
2431 2281 2459 2309 5.

1304 2309 1490 2348 praedit‘tam,
1506 2309 1590 2339 nobis
1602 2308 1661 2348 est,
1681 2309 1798 2348 graviter
1813 2317 1871 2339 con
1894 2309 2035 2348 uerendo,
2056 2308 2247 2340 monstratum
2258 2317 2308 2347 ut,
2380 2315 2504 2341 Nor-man:

1343 2347 1425 2378 Cum
1441 2349 1543 2378 omnia
1556 2347 1739 2388 Temporalia
1752 2347 1797 2378 sua
1811 2347 1839 2377 in
1909 2357 1962 2378 nus
1977 2348 2084 2379 nostras
2131 2357 2144 2378 r
2165 2357 2236 2387 νοε,
2253 2347 2298 2378 seu
2320 2345 2369 2378 sal-
2380 2359 2408 2386 5.

1304 2396 1365 2418 tem
1378 2386 1448 2417 alios
1461 2385 1625 2417 Officiarios
1641 2385 1753 2417 nostros
1766 2384 1894 2417 Civitatis
1906 2387 2067 2425 praedietae,
2107 2385 2181 2418 eifita
2203 2385 2314 2417 fuissent
2334 2385 2369 2416 &
2379 2393 2414 2416 H.
2431 2398 2457 2425 5.
2470 2397 2507 2418 nr.

1304 2425 1413 2464 Capta,
1431 2426 1507 2457 &in
1525 2425 1664 2456 Manibus
1677 2425 1779 2456 nostris
1792 2423 1886 2455 adhuc
1900 2425 2040 2470 existunt,
2058 2423 2148 2462 eaque
2163 2425 2312 2455 occasione
2326 2423 2370 2454 di-
2384 2436 2428 2462 ¹9·

1303 2467 1403 2496 vinum
1417 2464 1574 2495 Servitium
1590 2463 1697 2494 ibidem
1712 2462 1838 2494 sustineri
1851 2472 1990 2504 nequeat,
2004 2462 2056 2495 mfi
2070 2460 2122 2494 fibi
2131 2472 2181 2501 per
2195 2461 2266 2502 Nos
2277 2461 2368 2494 inhac
2380 2467 2434 2495 dor.

1305 2512 1380 2572 page
1393 2503 1538 2542 gratiosius
1550 2503 1743 2542 succurratur,

1369 2547 1411 2571 'os

1342 2565 1487 2610 Nole’ntes
1501 2578 1643 2609 Divinum
1659 2579 1830 2616 Servitium,
1848 2575 1997 2609 occasione
2017 2574 2169 2615 Captionis
2188 2577 2234 2610 seu
2255 2577 2372 2610 Seifinae

1303 2617 1523 2657 Temporalium
1540 2617 1743 2655 praedidborum
1758 2617 1788 2647 in
1809 2615 1915 2647 Manus
1941 2614 2048 2645 nostras
2087 2616 2213 2647 medietas
2238 2617 2372 2655 impediri

1304 2656 1457 2694 aliqualiter
1470 2656 1650 2699 autbturbari,
1665 2655 1702 2686 set
1716 2655 1826 2694 potius,
1842 2662 1979 2693 quantum
1998 2655 2029 2684 in
2086 2655 2150 2686 obis
2171 2654 2229 2693 est,
2247 2655 2373 2686 sustineri

1328 2704 1337 2711 .
1390 2703 1407 2718 0
1479 2703 1489 2723 s

1305 2696 1634 2763 &KikoffisenMaarilidamus
1655 2731 1736 2770 quod
1755 2732 1853 2762 omnia
1868 2731 2057 2769 Temporalia
2072 2730 2192 2762 Domi‘is
2207 2732 2371 2770 predictae,

1303 2774 1332 2803 in
1347 2771 1453 2802 Manus
1467 2770 1573 2800 nostras
1588 2780 1638 2808 per
1651 2780 1722 2808 vos,
1738 2778 1785 2800 aut
1802 2771 1910 2808 aliquos
1930 2770 1998 2801 alios
2021 2769 2190 2801 officiarios
2210 2772 2255 2801 seu
2277 2769 2371 2801 Mini-

1305 2811 1375 2842 stros
1395 2808 1507 2840 nostros
1529 2808 1656 2847 ibidem,
1674 2817 1703 2839 ut
1725 2809 1907 2846 praemittitur
1921 2831 1931 2846 ,
1947 2808 2040 2848 Capta
2059 2809 2092 2840 &
2111 2809 2205 2839 Seifita
2218 2831 2230 2847 ,
2249 2808 2370 2846 praefatis

1306 2848 1458 2886 Religiosis
1470 2847 1548 2877 Viris
1564 2847 1621 2878 sine
1634 2846 1767 2877 dilatione
1781 2846 1907 2877 Restitui
1922 2848 1954 2878 &
1974 2847 2099 2877 Liberari
2114 2847 2233 2884 faciatis,
2252 2846 2325 2877 adeo
2333 2845 2368 2876 li-

1304 2889 1373 2918 bere
1386 2887 1419 2918 ὃς
1438 2887 1548 2922 integre
1563 2885 1632 2917 sicut
1647 2895 1693 2924 ea,
1712 2893 1776 2916 ante
1791 2884 1968 2924 Captionem
1981 2885 2027 2916 seu
2042 2884 2178 2915 Seisinam
2191 2884 2372 2923 praedidtam,

1303 2932 1451 2957 tennerunt
1464 2925 1497 2956 &
1510 2925 1668 2955 habuerunt
1677 2947 1686 2962 ,

1341 2965 1396 3002 Et,
1415 2963 1434 2993 fi
1455 2963 1532 2994 causa
1552 2962 1720 2994 rationabilis
1739 2962 1873 2994 subfuerit
1895 2971 1979 2999 quare
2003 2960 2031 2991 id
2045 2960 2138 2991 facere
2151 2970 2211 2991 non
2230 2960 2372 3001 debeatis,

1305 3013 1373 3034 tunc
1388 3001 1457 3033 Nos
1470 3001 1552 3040 inde,
1570 3002 1620 3032 sub
1633 3000 1730 3041 Sigillo
1750 3000 1863 3038 vestro,
1880 2999 2013 3030 distinete
2035 3000 2068 3030 &
2092 3001 2205 3038 aperte,
2222 2999 2280 3031 fine
2300 3000 2371 3032 dila-

1306 3044 1402 3079 tione,
1420 3039 1537 3071 reddatis
1552 3041 1701 3078 certiores,
1719 3039 1776 3069 una
1789 3047 1860 3069 cum
1876 3038 1935 3068 hoc
1950 3037 2042 3068 Brevi.
2266 3047 2269 3049 “

1342 3079 1433 3112 Teste
1447 3078 1548 3117 Rege,
1565 3080 1595 3108 in
1612 3077 1746 3108 Exercitu
1760 3077 1828 3114 suo,
1845 3086 1936 3114 prope
1951 3076 2056 3106 Villam
2070 3075 2195 3117 Falefiae,
2216 3075 2372 3109 inDucatu

1306 3120 1356 3151 suo
1372 3118 1579 3155 Normanniae,
1599 3124 1699 3154 quarto
1713 3115 1761 3145 die
1774 3114 1954 3146 Decembris.

1986 3194 2041 3222 Per
2055 3191 2137 3232 ipsirm
2149 3194 2257 3231 Regem.

1303 3269 1474 3302 Confimiles
1489 3268 1592 3300 Literae
1605 3268 1766 3307 diriguntur
1781 3268 1900 3307 praefato
1911 3268 2044 3307 Johanni
2059 3280 2111 3308 pro
2126 3268 2278 3308 Religiofis
2291 3268 2366 3302 Viris

1521 3307 1679 3346 subscriptis
1687 3331 1697 3347 ,
1712 3308 1763 3338 sub
1778 3308 1878 3339 eadem
1890 3307 1986 3347 Data,
2003 3308 2135 3341 videlicet
2143 3331 2154 3347 ,

1341 3384 1496 3421 Religiosis
1512 3383 1586 3415 Viris
1603 3384 1755 3423 Hospitalis
1771 3386 1868 3415 Sanlli
1884 3384 2015 3415 Nicholai
2028 3384 2060 3414 de
2074 3386 2190 3413 BaIeux.

1340 3423 1490 3463 Religiosis
1506 3421 1580 3453 Viris
1597 3426 1699 3453 Domus
1713 3423 1801 3453 beatae
1823 3427 1927 3454 Mariae
1947 3424 1979 3454 de
1999 3426 2138 3461 Longues,
2156 3420 2274 3452 Ordinis
2293 3418 2363 3452 San-

1304 3464 1345 3495 &i
1357 3462 1520 3500 Benedieti,
1538 3471 1628 3501 prope
1644 3460 1801 3493 Civitatem
1817 3461 1907 3502 Regis
1920 3461 2096 3500 praedidtam.

1991 3538 2046 3567 Per
2057 3534 2142 3576 fisum
2155 3537 2260 3573 Regem.

1307 3614 1426 3670 REX
1446 3613 1609 3653 Omnibus,
1625 3615 1661 3646 ad
1697 3627 1766 3653 uos,
1785 3617 1846 3647 &c.
1865 3612 1999 3646 Salutem.

1355 3689 1360 3694 ,
1404 3653 1501 3684 Sciatis
1515 3654 1613 3692 quod,
1631 3654 1669 3684 de
1711 3654 1778 3686 tatia
1791 3652 1889 3684 nostra
1902 3650 2029 3689 speciali,
2045 3648 2298 3682 obReverentiam
2306 3649 2365 3682 Dei

1306 3691 1339 3720 &
1353 3699 1382 3721 in
1397 3691 1624 3722 sustentationem
1637 3691 1743 3724 Cultus
1754 3692 1812 3730 sui,
1829 3689 2032 3722 Conceffimus
2045 3687 2159 3718 Abbati
2178 3687 2217 3723 ό·
2240 3693 2368 3720 conven-

1307 3731 1350 3758 tui
1364 3730 1396 3759 de
1408 3729 1514 3768 Cerisjt,
1531 3729 1688 3762 Baiocensis
1702 3729 1847 3762 Dioecefis
1861 3729 1891 3758 in
1908 3727 2025 3758 Ducatu
2039 3726 2141 3758 nostro
2153 3726 2190 3757 N
2191 3730 2368 3767 orrnanniae,

1305 3769 1476 3798 omnimoda
1494 3768 1677 3807 Temporalia
1699 3770 1762 3807 sua,
1777 3769 1958 3803 ubicumque
1976 3765 2049 3795 infra
2068 3765 2216 3797 Ducatum
2237 3767 2369 3797 nostrum

1307 3805 1477 3843 praedictum
1499 3806 1614 3837 firmiter
1633 3807 1805 3845 constituta,
1819 3814 1884 3844 quae
1906 3803 1958 3841 ipsi
1970 3804 2147 3840 temporibus
2160 3804 2305 3836 retroaffis
2319 3805 2368 3836 ha-

1307 3845 1477 3912 buletuntr&
1492 3854 1658 3914 tgiciuerunt,
1676 3846 1721 3877 seu
1737 3845 1839 3884 quibus
1853 3842 1957 3875 melius
1971 3841 2010 3872 ufi
2025 3841 2183 3875 fuerunt&
2200 3843 2303 3882 gavisi,

1359 3892 1376 3912 n
1391 3893 1469 3919 cuius
1538 3893 1565 3914 c.

1379 3920 1468 3952 Teste
1475 3906 1570 3961 'Rege
1589 3930 1619 3952 ut
1636 3922 1723 3961 supra.

1991 3957 2045 3987 Per
2056 3955 2142 3998 ipfima
2153 3960 2259 3997 Regem.

2331 4023 2372 4061 Et
