2562 4274
192 80 245 118 16

35 160 113 194 Arin.
133 160 173 192 D.
231 161 265 193 ln
285 160 407 202 quadam
429 160 518 193 Galea
532 161 569 192 de
584 161 706 200 Venici‚
724 162 800 193 unde
815 163 947 193 Andreas
962 163 1116 200 Barbargio
1131 162 1173 193 est
1188 163 1261 194 Pos-

56 207 142 239 14·17.
193 200 279 231 seffor
295 224 305 240 ,
331 199 471 239 Carcare,
496 201 530 231 &
551 209 582 230 ea
601 200 639 230 sic
662 199 782 231 Carcata
805 202 899 232 versus
920 211 1009 239 partes
1028 201 1260 240 Transmarinas,

35 242 99 267 Hm.
118 248 146 274 5.
191 239 293 278 absque
316 238 458 269 Custuma
477 240 523 268 seu
551 238 700 277 Subsidio,
715 239 782 270 inde
803 240 837 270 ad
861 250 933 277 opus
954 239 1087 271 nostrum
1101 240 1260 279 solvendis,

190 277 278 308 libere
293 278 326 309 &
341 277 443 315 absque
456 275 667 314 impedimento
681 277 779 322 aliquo
789 277 936 309 traducere
950 279 1114 317 permittatis
1135 288 1170 309 ex
1191 288 1260 310 cau-

189 315 221 347 si
234 315 408 354 supradicsti,
425 315 460 346 ὅ(
475 314 534 345 hoc
548 315 706 346 nullatenus
718 318 862 347 omittatis.

227 392 317 423 Teste
335 391 469 430 Johanne
488 395 562 422 Duce
583 392 738 432 Beaflrdiae
760 393 891 425 Custode
910 394 1024 433 Angliae
1039 393 1113 434 apud
1128 393 1259 434 Wstmo-

187 429 332 470 nasterium
349 430 504 462 undecimo
519 431 565 462 die
578 431 763 470 Septembris.

269 573 329 604 Pro
350 569 515 604 Monachis
534 568 666 604 Abbatis
685 571 789 604 Sansli
806 569 949 617 Stephani
969 571 1005 604 de
1025 570 1164 606 cadomo.

31 678 111 711 Am·
125 678 167 710 Ι).
193 663 312 722 REX
329 663 494 715 Omnibus,
511 665 545 696 ad
561 675 650 705 quos,
668 666 730 698 &c.
749 665 883 696 Salutem.

62 728 75 748 1
105 727 115 747 Ι
291 703 389 735 Sciatis
403 705 483 744 quod
496 705 582 743 Nos,
610 743 616 750 ι
854 744 859 749 “
886 744 891 749 .
937 743 942 749 .
1028 745 1033 749 -

29 727 138 785 An4]
228 742 415 774 Attendentes
429 745 509 788 quod
524 744 581 788 Pax
595 742 731 774 heclefiae
747 742 779 774 &
794 742 955 781 Religionis
968 743 1075 788 Unitas
1096 743 1257 788 Au&orem

29 800 67 824 H·
99 773 110 793 ²
191 779 271 825 Eaffl
292 782 423 826 provehit
445 793 473 812 in
493 782 628 821 sublime,
647 781 784 825 quodque
795 781 873 825 supra
887 782 1064 825 condignum
1080 792 1104 826 ei
1119 783 1260 828 Retribu-

30 805 100 864 Par?
187 826 230 888 ᾖ)
253 830 313 889 n<l>n
330 819 442 890 {cerat²
464 831 517 866 per·
535 831 622 860 quem
643 820 726 851 nullis
746 828 820 860 rugis
839 820 966 852 Ecclesia
989 824 1158 860 iecernitur‚
1176 822 1258 853 nullis

29 878 122 902 Norm,
139 883 167 909 5,
229 869 313 914 ᾶευιιρ
362 868 448 897 eigio
461 869 597 899 variatur,

30 916 77 980 ξ’.
87 923 115 950 5⁸
128 922 167 942 ⁷⁷¹⁸
225 897 411 968 ΙΙίῗἚῗῖἔᾶυ
434 938 467 968 &
490 935 659 980 Devotione
674 936 806 974 sinceris,
822 945 893 974 quos
908 935 942 966 ad
958 935 1058 967 Deum
1094 937 1134 981 &¹
1150 935 1255 980 Eccle-

49 960 68 987 5
188 972 255 1005 fiam
263 999 273 1014 ‚
292 975 502 1020 immaculatam
516 985 573 1013 ejus
586 974 741 1015 Sponsam,
755 984 788 1005 ac
802 975 956 1014 plantatam
969 975 1005 1006 ab
1019 986 1055 1006 eo
1067 962 1256 1016 Religionem

185 1011 288 1044 sacram
307 1023 432 1058 gerimus
447 1015 479 1044 &
493 1014 647 1057 habemus,
672 1053 676 1058 .
869 1053 873 1057 ¹

31 1059 48 1077 θ
63 1060 116 1089 lx,
225 1053 245 1072 '¹‘
265 1052 313 1096 De
333 1052 433 1097 Gratia
452 1052 549 1082 nostri
569 1052 696 1091 speciali,
714 1050 1108 1097 PardonavimusnMonachis
1123 1053 1255 1084 Abbatiae

28 1107 96 1136 492e
182 1090 280 1121 Sandh
300 1090 435 1128 Stephani
455 1090 492 1121 de
515 1089 668 1129 cadomo,
693 1101 758 1129 quae
778 1090 814 1121 de
836 1090 1010 1122 Fundatione
1034 1094 1078 1122 W.
1104 1092 1254 1131 quondam

182 1131 261 1167 Regis
276 1129 406 1169 Angliae‚
424 1131 458 1161 &
474 1129 566 1160 Ducis
584 1128 795 1168 Normanniae‚
818 1128 1014 1167 progenitoris
1027 1131 1134 1170 nostri,
1152 1132 1185 1163 &
1201 1141 1255 1162 no-

182 1166 243 1198 stro
266 1168 420 1199 Patronatu
441 1167 532 1198 existit
546 1190 556 1206 ‚
582 1168 766 1199 omnimodas
787 1168 962 1206 proditiones
977 1192 986 1206 ‚
1015 1169 1254 1209 Insurreffiones,

182 1206 385 1245 Rebelliones‚
412 1206 556 1245 Felonias,
575 1206 829 1246 Conspirationes,
846 1206 1129 1247 Confoederationes,
1144 1208 1254 1240 Trans-

181 1244 354 1283 greffiones‚
373 1245 520 1284 offensas,
540 1246 573 1276 &
588 1245 802 1284 Mespdfiones,
821 1255 853 1276 ac
865 1245 915 1276 alia
930 1246 1083 1277 Malefacia
1103 1257 1255 1285 quaecum-

181 1293 237 1323 que
247 1307 256 1321 ‚
275 1295 323 1322 per
345 1285 418 1322 ipsos
442 1285 487 1315 seu
499 1294 602 1315 eorum
615 1285 739 1324 aliquem
752 1293 817 1315 ante
832 1284 895 1315 haec
910 1294 1039 1323 tempora
1053 1287 1255 1324 qualitercum-

181 1332 239 1361 que
254 1324 326 1354 faeta
341 1323 398 1354 five
412 1333 585 1362 perpetrata,

219 1361 263 1391 Ac
286 1362 358 1399 ipsos
378 1364 412 1394 ὅς
431 1372 534 1392 eorum
558 1362 712 1400 quemlibet
726 1361 761 1392 ad
779 1361 929 1393 Fidelitatis
944 1362 977 1393 &
998 1362 1153 1402 Ligeantiae
1169 1363 1254 1403 Jura-

180 1409 314 1431 mentum
329 1402 412 1431 nobis
425 1400 615 1439 praestindum
626 1400 805 1439 admifimus,

218 1439 255 1470 Et
269 1450 334 1479 eos,
351 1442 385 1471 &
399 1450 500 1470 eorum
517 1440 694 1478 Servientes,
714 1439 794 1469 Bona
810 1437 934 1469 Mobilia
949 1439 982 1470 ἃ
998 1438 1162 1472 Immobilia
1175 1451 1253 1479 quae-

181 1487 325 1516 cumque,
343 1478 413 1508 infra
430 1477 578 1509 Ducatum
593 1478 723 1508 nostrum
747 1477 942 1508 Normanniae
965 1478 1135 1518 constituta,
1154 1480 1189 1511 ad
1209 1480 1254 1511 di-

182 1516 259 1547 <stam
282 1517 434 1547 Abbatiam
448 1517 599 1555 spodiantia
616 1517 671 1546 sive
693 1517 875 1555 pertinentia,
893 1517 922 1547 in
943 1516 1071 1549 nostram
1090 1518 1254 1551 protectio-

181 1565 250 1586 nem
268 1557 425 1593 recepimus
438 1557 470 1587 ὃ(
486 1555 693 1586 Defensionem
710 1554 854 1592 speciales:

220 1593 260 1624 Et
272 1594 380 1625 idcirco
397 1594 580 1631 prohibemus
593 1604 628 1624 ne
643 1595 704 1631 quis
720 1593 872 1631 praedistos
885 1593 1067 1634 Monachos,
1086 1604 1132 1626 aut
1146 1606 1251 1628 eorum

184 1632 361 1670 Servientes‚
381 1633 426 1663 seu
442 1631 608 1670 Minimus,
629 1633 658 1662 in
673 1631 815 1669 Pcrsonis,
836 1631 938 1672 Bonis,
957 1643 1003 1665 aut
1019 1634 1119 1665 Rebus
1135 1636 1252 1673 quibus·

183 1681 309 1709 cumque
332 1671 491 1709 perturbet,
519 1670 668 1708 molestet,
690 1671 843 1709 inquietet,
869 1681 993 1711 gravet,
1016 1673 1054 1704 set
1075 1683 1124 1704 eos
1146 1673 1250 1706 eisdem

183 1709 284 1741 Rebus
298 1711 330 1740 ὃ(
347 1709 432 1740 Bonis
447 1710 485 1739 uti
502 1710 534 1741 δε
546 1710 666 1748 gaudere
682 1711 823 1748 permittat
837 1710 923 1740 libere
939 1711 971 1742 &
984 1712 1089 1749 quiete.

222 1747 440 1786 Conceffimus,
457 1748 584 1787 insuper,
602 1748 704 1778 eisdem
729 1748 884 1778 Monachis
905 1759 935 1780 ut
955 1760 1056 1781 omnes
1075 1751 1108 1781 &
1129 1751 1250 1791 singulos

182 1785 349 1856 Iglomines,
373 1786 539 1825 Tenentes‚
564 1789 596 1818 ὃ(
619 1787 777 1818 Servientes
797 1787 859 1818 suos
882 1786 1016 1820 Ducatus
1037 1789 1126 1820 nostri
1147 1791 1250 1828 praedi-

202 1836 241 1863 ri,

216 1864 264 1895 Ad
279 1864 388 1894 nostras
402 1864 501 1894 Fidem
517 1865 551 1895 ὃ(
568 1863 741 1903 Ligeantiam
758 1865 855 1894 venire
869 1864 1013 1905 volentes,

219 1902 265 1933 Ad
282 1902 406 1933 nostram
422 1902 621 1940 Praesentiam,
638 1904 682 1933 seu
697 1903 845 1941 Capitanei
861 1903 946 1934 Villae
962 1906 1066 1936 nostrae
1092 1906 1129 1938 de
1150 1906 1250 1939 Cado-

179 1951 248 1978 mo,
267 1941 311 1972 seu
329 1940 475 1979 Capit-anei
490 1940 580 1971 Cistri
598 1941 687 1972 nostri
702 1943 823 1974 ciusdem
842 1942 944 1981 Villae,

215 1979 275 2011 Pro
290 1980 454 2018 recipiendo
469 1981 503 2010 ab
519 1981 620 2010 eildem
639 1980 788 2012 Fidciitatis
802 1982 835 2012 δε
853 1980 1007 2020 Ligcantiae
1017 1983 1205 2024 Juramenm,

216 2018 369 2087 Aqducere
385 2019 493 2089 valgcant
511 2020 544 2049 &
559 2017 664 2057 poffint
678 2020 754 2051 salvo
769 2020 803 2050 &
817 2019 925 2050 secure,

271 2067 290 2087 n
306 2066 383 2090 cuius
455 2067 480 2087 c.

178 2133 199 2166 S
215 2095 317 2165 Testeb
333 2080 416 2139 Reg’e
443 2095 518 2134 apud
545 2095 702 2127 Abbati-am
725 2099 803 2136 Regis
820 2098 983 2136 praedic'lam
1007 2099 1184 2132 duodecimo
1203 2100 1250 2132 die

201 2143 216 2165 e
238 2143 297 2166 tem
318 2144 361 2165 ris.

216 2145 236 2174 P
809 2177 864 2205 Per
883 2175 965 2216 ipfiam
984 2179 1089 2215 Regem.

320 2318 379 2350 Pro
400 2314 592 2349 Monialibus
612 2317 722 2349 Sanziae
739 2319 901 2350 Trinitatis
916 2316 952 2350 a'e
972 2316 1114 2352 cadomo.

28 2407 95 2439 Αῃῃ
115 2407 155 2439 D⁸
181 2400 297 2457 REX
313 2400 477 2440 Omnibus,
496 2401 530 2431 ad
548 2411 636 2439 quos,
655 2402 716 2432 &c.
735 2401 868 2433 Salutem.

50 2456 137 2485 14¹7·
283 2440 379 2471 Sciatis
402 2440 480 2478 quod
504 2439 671 2477 suscepimus
691 2442 720 2470 in
744 2440 961 2472 Proreffionem
985 2443 1018 2473 ὃ(
1042 2442 1250 2476 Defenfionem

26 2489 80 2513 An,
97 2497 124 2522 5,
183 2478 292 2508 nostras
310 2479 438 2516 speciales
452 2501 461 2516 ‚
493 2488 594 2508 omnes
614 2479 646 2509 &
665 2478 783 2518 singulas
804 2479 963 2519 Moniales,
1016 2491 1059 2511 uae
1077 2482 1189 2513 fuerunt
1213 2484 1251 2514 de

28 2529 63 2551 H.
79 2535 107 2560 5,
185 2514 309 2546 Abbatia
328 2516 440 2546 Sandhe
457 2516 605 2552 Trinitatis
624 2518 658 2547 de
677 2517 814 2548 Cadomo
829 2541 838 2556 ,
867 2528 931 2556 quae
950 2520 987 2549 de
1033 2520 1185 2551 undatione
1206 2523 1250 2552 W

27 2562 93 2591 laid,
183 2555 332 2590 quondam
350 2557 427 2591 Regis
445 2555 574 2592 Angliae,
592 2555 625 2585 &
645 2554 738 2586 Ducis
757 2555 969 2595 Normrnniae,
988 2556 1183 2594 progenitoris
1196 2570 1250 2590 no-

183 2593 256 2630 stri,
283 2594 317 2624 &
343 2592 443 2623 nostro
468 2592 621 2623 Patronatu
640 2594 731 2624 existit
746 2618 755 2632 ,
780 2595 866 2633 usque
885 2595 988 2626 Villam
1007 2596 1104 2627 Sancti
1120 2597 1251 2629 Michae-

181 2630 213 2661 lis
230 2631 266 2662 de
284 2631 394 2662 Grama
410 2632 439 2660 in
459 2630 574 2661 Ducatu
596 2631 695 2662 nostro
715 2632 908 2663 Normanniae
924 2657 933 2672 ,
965 2645 1032 2664 cum
1051 2634 1096 2665 sex
1117 2635 1251 2666 Familia-

181 2669 257 2700 ribus
275 2670 304 2699 in
323 2669 473 2700 Comitiva
491 2669 552 2706 sua,
571 2669 756 2708 transeundo,
775 2672 808 2701 ὅς
828 2672 936 2702 ibidem
955 2673 1113 2711 morando,
1134 2684 1166 2704 ac
1184 2674 1250 2705 Ho-

181 2709 287 2747 mines,
311 2707 485 2745 servientes,
512 2707 632 2746 Terras,
659 2708 860 2748 Tenementa‚
887 2711 921 2742 &
939 2710 1018 2742 Bona
1038 2712 1082 2742 sua
1101 2722 1250 2751 quaecum-

205 2757 254 2777 ue·

182 2756 203 2785 q
222 2771 261 2816 E't
281 2784 338 2816 hoc
358 2784 511 2824 omnibus,
529 2794 654 2823 quorum
682 2785 812 2825 interest,
834 2787 1034 2818 innotescimus
1054 2798 1104 2827 per
1124 2789 1251 2821 Praesen-

184 2831 240 2855 tes·

222 2847 341 2893 l3roviso
351 2862 458 2900 semper
471 2860 551 2900 quod
566 2861 653 2892 iidem
670 2861 815 2894 Homines
828 2865 862 2895 ὃς
875 2864 1034 2896 Servicntes
1044 2866 1079 2896 de
1103 2866 1251 2906 Ligcantia

182 2901 217 2933 &
236 2900 407 2932 obedientia
426 2901 527 2931 nostris
548 2899 682 2939 existant,
701 2903 734 2933 ὃς
756 2902 805 2932 sub
825 2903 929 2933 eisdem
950 2903 1094 2944 Ligeantia
1112 2907 1145 2937 ὃς
1168 2906 1251 2937 Obe-

183 2940 287 2970 dientia
301 2947 483 2977 permaneant
497 2940 596 2977 quovis
612 2941 709 2969 modo.

219 2977 255 3008 In
269 2979 365 3016 cujus,
381 2978 433 3008 &c
460 2977 594 3015 quamdiu
614 2978 692 3016 Regi
707 2979 840 3016 placuerit
855 2979 1004 3011 duraturas.

219 3015 310 3047 Teste
324 3015 407 3056 Rege
419 3016 493 3056 apud
507 3015 665 3045 Abbatiam
680 3021 755 3054 Regis
769 3020 864 3047 Samsli
878 3020 1006 3057 Stephani
1021 3021 1048 3050 in
1064 3019 1179 3052 Ducatu
1188 3021 1249 3053 Rc-

181 3056 223 3095 gis
237 3054 431 3086 Normanniae
447 3063 495 3086 xv.
516 3054 562 3084 die
576 3055 759 3093 Septembris.

817 3135 871 3162 Per
887 3133 970 3173 ipficm
988 3137 1091 3173 Regem.

307 3279 366 3310 Pro
386 3279 520 3309 Nus—iens
539 3279 625 3323 Regis
644 3279 867 3316 Romanorum,
894 3276 929 3309 de
940 3277 1135 3323 providendo.

35 3386 102 3418 Αῃῃ
124 3385 158 3416 D
183 3372 264 3432 SIgi
278 3370 408 3408 mundus,
428 3370 486 3400 Dei
503 3370 606 3409 gratia,
624 3373 804 3400 Romanorum
825 3374 885 3401 Rex
909 3372 1017 3411 semper
1038 3374 1196 3415 Augustus,
1216 3386 1250 3408 ac

106 3410 112 3416 ”
159 3409 167 3418 ’
274 3410 412 3448 ungariae,
428 3408 598 3447 Dalmatiae,
617 3408 742 3440 Croatiae
756 3433 765 3448 ‚
783 3412 844 3442 &c.
863 3410 936 3441 Rex.

55 3434 108 3464 141
119 3434 143 3463 7.

34 3468 132 3537 2⁰55*
224 3484 358 3524 Nobilis,
375 3484 482 3524 Grate,
500 3484 631 3524 Dile&e‚

34 3543 169 3613 {Zpicr'ng‘
225 3562 302 3601 Quia
314 3562 485 3600 disponimus
499 3571 592 3593 certos
604 3563 718 3593 nostros
729 3563 864 3593 Oratores
876 3563 909 3594 ad
933 3563 1130 3602 Conspectum
1139 3589 1149 3604 ,
1165 3568 1250 3597 caris-

36 3600 126 3643 Cotton
144 3618 170 3644 in
188 3600 248 3629 simi
265 3601 365 3632 Fratris
380 3601 485 3639 nostri,
505 3603 635 3638 Hernici,
653 3601 712 3633 Dei
725 3601 828 3640 gratis,
845 3602 957 3639 Angliae
971 3603 1009 3638 ὠν
1023 3606 1147 3633 Framiae
1161 3608 1250 3644 Regis,

33 3656 56 3681 J,
70 3638 136 3684 χωρ’
188 3639 221 3668 &
238 3639 359 3669 Domini
372 3639 545 3679 Hyberniae‚
564 3638 689 3670 Domini
704 3641 745 3670 tui
760 3639 920 3678 Naturalis,
936 3640 971 3670 de
986 3641 1076 3672 arduis
1099 3642 1250 3682 Negotiis,

50 3665 67 3690 ²
131 3674 138 3682 '
181 3677 330 3712 praefatum
340 3678 465 3709 Fratrem
481 3678 610 3709 nostrum
619 3677 736 3715 Regem
748 3677 898 3715 specialiter
911 3687 995 3716 teque
1002 3682 1252 3721 concernentibus,

188 3716 326 3753 evestigio
342 3716 479 3747 destinare
488 3740 498 3755 ,

224 3752 383 3784 Hortamur
404 3756 492 3793 igitur
513 3764 570 3786 tuae
595 3754 734 3785 Fideliatis
758 3753 941 3784 sinceritatem
958 3764 1093 3792 quatenus
1105 3757 1140 3787 de
1153 3757 1249 3788 Navi-

187 3790 242 3820 bus
256 3792 343 3822 taliter
358 3793 506 3831 disponere
520 3794 603 3830 velis,
619 3803 649 3824 ut
663 3792 789 3830 praediffl
805 3791 942 3822 Oratores
954 3794 1041 3824 nostri
1057 3795 1104 3825 tua
1116 3796 1251 3826 direfflo-

187 3837 225 3857 ne
241 3830 273 3859 &
289 3832 450 3867 provilione
463 3833 573 3863 valeant
587 3832 699 3868 secure,
718 3831 796 3869 tute,
812 3832 845 3861 ὅ(
860 3831 984 3861 celeriter
1000 3832 1033 3861 ad
1050 3832 1250 3870 Conspectum

185 3870 381 3903 praenominciti
402 3869 524 3900 Domini
548 3871 587 3900 tui
611 3870 700 3906 Regis
719 3869 875 3906 procedere
896 3870 929 3900 δε
951 3874 1113 3909 pervenire,
1130 3872 1250 3903 Gratam

39 3941 58 3960 ξ
79 3943 120 3971 ΤΧ
185 3905 269 3934 nobis
283 3915 383 3942 ymmo
396 3908 429 3938 ὃ(
443 3909 561 3947 praefato
574 3909 676 3939 nostro
690 3907 766 3947 Regi
780 3907 901 3938 Duliam
916 3909 944 3937 in
957 3917 993 3938 eo
1008 3910 1102 3948 utique
1126 3911 1252 3942 ostensu-

126 3966 132 3973 .
186 3952 242 3973 τας.

38 3991 103 4018 493.
221 3980 241 4018 ἓ*
251 3979 361 4013 Datum
377 3982 539 4022 Constantiae
554 3984 669 4016 decimo
683 3984 789 4018 oustavo
803 3983 849 4016 die
857 3983 965 4015 Mensis
973 3983 1164 4026 Septembris,
1173 3988 1253 4028 Reg-

657 75 1464 126 CONVENTIONES,
1519 75 1908 132 LITERAE,

1297 173 1404 194 norum
1424 163 1588 196 nostrorum
1608 164 1697 196 Anno
1715 164 1891 205 Hungariae,
1913 164 1976 199 &c.
2001 164 2144 200 tricefimo
2167 166 2283 207 primo,
2297 166 2364 201 Ro-
2379 164 2458 199 Ann.
2472 168 2516 201 D:

1297 212 1453 234 manorum
1466 205 1539 234 vero
1554 203 1685 242 septimo.
2408 216 2494 247 1417.

1334 280 1390 309 Ad
1401 280 1571 310 Mandatum
1589 284 1700 312 Domini
1715 281 1797 322 nostri
1811 268 1898 322 Regii.
2381 249 2445 275 Hm·
2463 257 2490 284 ἲ.

1329 356 1426 426 βέἷζῖῐ
1441 394 1575 427 Henrico
1590 395 1649 436 Pey
1661 396 1693 426 de
1704 396 1819 438 Califio,
1837 398 1924 440 nostro
1934 397 2020 430 Fideli
2034 398 2074 435 ῤ’
2082 399 2186 440 finci-re*
2201 398 2322 433 Dileo‘lo:

1675 472 1900 512 JoHANNEs
1920 486 1967 508 Dis
1984 476 2251 526 STiuooruo.

1807 553 1968 594 Praepofitus
1986 552 2024 588 &
2044 556 2073 584 V
2072 558 2200 587 icecffines.

1507 679 1602 723 Super
1618 675 1747 720 Surfitm
1767 673 1942 708 Redditione
1957 675 1994 710 de
2011 679 2139 712 Baieux.

1298 762 1355 817 R
1367 760 1448 800 EX,
1465 761 1607 792 cariffimo
1626 760 1714 791 Fratri
1734 759 1802 799 suo,
1816 759 1965 801 Humfi‘ido
1986 762 2060 792 Duri
2077 761 2260 804 Glaucestriae,
2278 763 2359 796 Salu-
2373 761 2452 794 Ann.
2469 763 2511 796 D.

1377 810 1447 830 tem.
2399 811 2487 841 1417.

1332 837 1430 869 Sciatis
1443 838 1524 877 quod
1539 838 1608 870 Nos
2377 846 2430 870 An.
2448 851 2478 878 5.

1335 876 1384 907 De
1399 877 1422 906 F
1424 877 1544 908 idelitate
1557 879 1589 908 ὃ(
1606 861 1872 915 ὀίτευῐηΐρεὲὶίοῃε
1885 876 1984 909 vestris
1994 878 2104 917 plenius
2118 879 2311 919 confidentes,
2354 902 2357 903 ν
2380 886 2415 908 H.
2443 890 2472 917 5.

1334 915 1478 946 Dedimus
1498 917 1581 946 vobis
1603 917 1734 955 plenam,
1760 915 1882 947 Tenore
1901 915 2104 957 Praesentium,
2130 917 2304 951 Potestatem
2325 918 2360 950 δε
2380 924 2470 948 Norm.
2486 929 2513 956 5.

1295 952 1506 985 Auctoritatem
1529 954 1706 992 Ordinandi,
1733 954 1936 986 Constituendi
1951 979 1961 994 ‚
1985 955 2170 995 Deputandi‚
2196 959 2229 990 &
2251 951 2361 988 Substit
2379 962 2496 994 H.5.m.

1295 992 1391 1023 tuendi
1412 1002 1505 1024 certos
1523 994 1660 1024 notabiles
1680 994 1713 1024 &
1733 993 1900 1024 sufficientes
1920 994 2157 1034 Commissarios,
2173 996 2209 1028 ad
2221 996 2364 1027 Tractan-
2377 1005 2423 1032 25.

1295 1030 1367 1061 dum
1380 1031 1414 1062 &
1431 1031 1717 1062 Communicandum
1730 1032 1861 1062 cumillis
1876 1032 1913 1064 de
1926 1033 2000 1064 Villa
2012 1034 2046 1065 &
2061 1033 2166 1066 Castro
2188 1035 2225 1066 de
2245 1033 2361 1075 Baieus,

1295 1070 1323 1100 in
1344 1069 1462 1101 Ducatu
1484 1070 1584 1101 nostro
1605 1070 1799 1100 Normanniae
1814 1093 1824 1109 ‚
1848 1071 1883 1101 de
1903 1072 1937 1103 &
1955 1071 2036 1110 super
2052 1074 2187 1104 omnibus
2208 1073 2361 1118 Negotiis,

1295 1107 1392 1140 Cauiis
1405 1132 1415 1148 ‚
1446 1110 1480 1140 &
1503 1109 1630 1140 Materiis
1680 1108 1922 1140 Deliberationem
1942 1110 1999 1142 five
2018 1111 2136 1143 Sursum
2156 1111 2363 1144 Redditionem

1295 1146 1380 1179 Villae
1402 1149 1436 1180 &
1459 1147 1552 1178 Castri
1573 1133 1778 1186 praedidkorum
1801 1148 1831 1177 in
1853 1157 1952 1192 manus
1983 1148 2092 1180 nostras
2117 1150 2362 1190 qualitercumque

1293 1188 1556 1226 concernentibus,
1574 1195 1661 1225 prout
1675 1186 1781 1217 eisdem
1795 1186 2002 1218 Commiffariis
2015 1187 2115 1218 melius
2134 1199 2188 1228 pro
2212 1188 2362 1223 Commo-

1293 1225 1333 1256 do
1345 1227 1379 1258 &
1394 1225 1519 1257 Honore
1534 1225 1637 1256 nostris
1650 1224 1791 1256 videbitur
1803 1225 1951 1265 expedire,

1330 1263 1532 1296 promittentes
1551 1263 1621 1295 Nos
1640 1263 1767 1300 Ratum,
1787 1263 1929 1303 Gratum,
1947 1265 1981 1296 &
2001 1264 2131 1296 Firmum
2152 1265 2296 1298 habituros
2315 1274 2361 1298 to-

1293 1311 1355 1334 tum
1370 1304 1404 1336 δε
1420 1303 1556 1343 quicquid
1571 1303 1691 1334 nomine
1705 1302 1805 1334 nostro
1820 1303 1940 1334 feceritis
1953 1305 1983 1334 in
1997 1302 2155 1335 Praemiffis.

1331 1372 1423 1404 Teste
1438 1373 1524 1410 Rege
1536 1374 1609 1411 apud
1621 1373 1778 1404 Abbatiam
1791 1375 1869 1411 Regis
1881 1375 1976 1404 Sam‘Ii
1990 1374 2122 1414 Stephani
2137 1374 2169 1404 de
2183 1373 2316 1413 Cadmo,
2331 1374 2361 1405 in

1294 1410 1413 1444 Ducatu
1427 1411 1517 1453 Regis
1530 1412 1565 1443 N
1567 1413 1723 1444 ormanniae
1732 1436 1742 1451 ,
1758 1411 1875 1444 decimo
1888 1423 1968 1444 nono
1980 1414 2026 1445 die
2042 1413 2228 1454 Septembris,

1983 1493 2036 1520 Per
2050 1490 2135 1530 ipfiaem
2148 1492 2255 1528 Regem.

1606 1618 1666 1648 Pro
1682 1612 1926 1648 Inhabitantibns
1944 1617 2060 1649 Baieus.

1293 1700 1413 1757 REX
1428 1701 1575 1731 Omnibus
1611 1699 1646 1730 ad
1660 1709 1749 1738 quos,
1768 1701 1829 1732 &c.
1846 1700 1980 1731 Salutem.
2381 1699 2458 1731 Ann.
2467 1701 2510 1733 D.

1391 1740 1489 1771 Sciatis
1509 1724 1593 1778 quod
1613 1738 1698 1776 Nos,
1716 1738 1752 1769 de
1771 1738 1872 1769 Gratia
1895 1737 1993 1782 nostri
2007 1737 2117 1776 speciali
2153 1738 2356 1771 Conceffimus
2397 1749 2484 1779 14¹7·

1291 1779 1426 1810 omnibus
1439 1780 1472 1810 δε
1489 1778 1600 1815 singulis
1616 1776 1720 1807 Villam
1734 1776 1861 1808 nostram
1876 1776 1912 1807 de
1933 1776 2047 1820 Baieus,
2065 1779 2096 1807 in
2119 1762 2236 1809 Ducatu
2255 1778 2355 1809 nostro
2373 1782 2426 1807 An.
2442 1789 2471 1815 5.

1291 1815 1504 1854 Normanniae,
1522 1816 1743 1847 inhabitantibus
1759 1816 1792 1846 &
1807 1815 2022 1853 Inhabitaturis,
2040 1815 2075 1847 &
2090 1815 2140 1846 sub
2155 1815 2225 1847 Fide
2245 1815 2280 1846 &
2303 1816 2355 1847 Li—
2378 1823 2412 1845 H.
2433 1828 2461 1854 5.
2512 1828 2518 1851 ¹.

1290 1857 1398 1893 geantia
1418 1855 1519 1886 nostris
1542 1855 1738 1893 manentibus,
1755 1855 1855 1884 omnia
1877 1854 1910 1884 &
1932 1853 2036 1893 fingula
2059 1853 2214 1885 Libertates
2230 1876 2240 1892 ,
2265 1853 2358 1885 Privi-
2377 1855 2440 1886 rbid.

1290 1895 1378 1935 legia,
1395 1896 1428 1927 ὃς
1444 1894 1637 1931 Franchestas,
1656 1903 1720 1931 quae
1733 1893 1782 1931 ipsi
1797 1893 1843 1924 vel
1855 1891 2079 1924 Praedecessores
2091 1892 2148 1931 sui,
2162 1892 2282 1924 eandem
2297 1892 2362 1923 Vil-

1290 1933 1345 1964 lam
1364 1944 1417 1972 pro
1431 1942 1562 1969 tempore
1575 1932 1777 1970 inhabitantes,
1795 1940 1829 1961 ex
1853 1931 2050 1962 Conceslicne
2067 1931 2229 1970 aliquorum
2248 1930 2360 1969 Proge-

1290 1974 1417 2003 nitorum
1439 1972 1621 2009 nostrorum,
1640 1970 1689 2000 sub
1713 1979 1896 2009 quacumque
1915 1970 2009 2001 forma
2022 1969 2206 2009 Verborum,
2224 1970 2361 2002 hactenus

1290 2011 1467 2049 habuerunt,
1483 2019 1598 2040 necnon
1612 2010 1710 2040 omnia
1724 2009 1757 2040 &
1773 2008 1878 2047 singula
1898 2007 2058 2047 Dominia,
2078 2008 2224 2047 Maneria,
2239 2008 2362 2048 Terras,

1290 2051 1488 2087 Tenementa‚
1507 2047 1664 2086 Redditus,
1690 2046 1898 2087 Poffeffiones,
1919 2048 1953 2080 ὅ(
1975 2046 2053 2079 Bona
2072 2047 2119 2079 sua
2138 2047 2259 2080 mobilia
2281 2057 2378 2087 quat:v

1291 2098 1477 2165 cufflq333us'
1494 2128 1557 2159 &c.

1361 2136 1452 2197 Tesie
1467 2165 1597 2204 utsupra.

1961 2205 2015 2237 Per
2029 2203 2110 2246 ipsum
2122 2205 2228 2245 Regem.

1433 2333 1483 2366 De
1501 2329 1653 2365 Conduelu
1663 2343 1718 2379 pro
1738 2334 1898 2379 Capitaneo
1918 2329 2015 2375 Castri
2031 2330 2068 2364 de
2085 2329 2227 2366 Cadomo.

1292 2417 1425 2477 REX
1441 2442 1451 2458 ‚
1476 2428 1525 2456 per
1545 2416 1652 2462 Literas
1669 2418 1732 2463 suas*
1755 2399 1910 2455 Parentes,
1940 2416 2025 2455 usque
2049 2417 2230 2459 vicesimum.
2243 2415 2358 2460 tertium
2379 2414 2456 2447 Ann.
2470 2417 2512 2449 D.

1367 2458 1445 2488 diem
1462 2456 1634 2502 Septembris
1653 2458 1789 2503 proximo
1807 2456 1933 2486 futurum
1951 2456 2111 2499 duraturas,
2125 2455 2202 2486 susce
2222 2461 2244 2484 it
2259 2463 2299 2522 ιιιιζ
2308 2454 2357 2498 sal—
2378 2464 2485 2521 A1n417.

1290 2494 2077 2576 dgmdaclgocrcnopflliliielrlgtiiygatffosmugnlzlnocritenafflilaefergd
2095 2501 2358 2569 griaesensrtgffistffiis
2375 2537 2415 2577 H..
2426 2504 2475 2568 55

1290 2581 1368 2642 “ime
1384 2568 2360 2640 ai·e⁰deffffi{³31issss'⁰²¹“¹002⁰}fiiifflii’nmweffifiinmfissff‘ffoissss
2379 2572 2443 2600 '⁶¹⁴'

1290 2620 1346 2680 rgiisit
1362 2619 1658 2686 lrmadteziueascumque
1683 2620 1774 2684 §arcies
1799 2646 1896 2690 Regni
1918 2646 1957 2676 sui
1982 2646 2107 2677 Franciae
2127 2646 2177 2690 sibi
2197 2647 2333 2684 placuerit
2346 2669 2358 2686 ,

1292 2673 1459 2718 transeundo
1479 2685 1636 2724 (videlicet)
1655 2685 1779 2724 Milites,
1805 2684 1985 2722 Armigeros,
2012 2685 2046 2714 ὃς
2065 2684 2225 2723 Soldarios,
2242 2683 2268 2714 E
2291 2694 2360 2724 uos,

1291 2728 1325 2758 &
1343 2724 1480 2757 Hernefia
1495 2724 1556 2762 sua,
1582 2734 1615 2767 ac
1635 2723 1785 2768 Vesturam
1805 2722 1972 2761 Corporum
1990 2723 2105 2753 suorum
2125 2723 2260 2766 (exceptis
2302 2723 2358 2754 ale-

1291 2765 1338 2796 stis
1357 2765 1389 2796 &
1407 2764 1465 2795 aliis
1484 2762 1627 2793 Artillariis
1647 2762 1890 2801 quibuscumque)
1910 2771 2024 2791 necnon
2044 2760 2182 2792 Pecumas
2207 2762 2265 2792 suas
2290 2770 2358 2798 pro-

1291 2805 1363 2841 prias
1379 2805 1408 2833 in
1427 2802 1510 2833 Auro
1523 2825 1533 2839 ,
1557 2800 1688 2840 Argento
1705 2824 1715 2839 ,
1738 2800 1783 2845 seu
1802 2801 1858 2830 alio
1878 2809 2065 2838 quocumque
2082 2809 2186 2840 genere
2204 2798 2359 2838 Monetae,

1291 2843 1377 2880 usque
1390 2842 1541 2873 Summam
1559 2839 1694 2870 Duorum
1710 2839 1829 2883 Milium
1845 2838 2019 2877 Scutorum,

1330 2881 1375 2912 Ac
1388 2881 1472 2911 etiarn
1488 2877 1636 2917 Burgenses
1651 2877 1734 2908 Villae
1750 2877 1839 2916 Regis
1853 2877 1888 2906 de
1902 2875 2094 2914 Cadomo,&
2106 2874 2134 2905 V
2135 2874 2263 2906 esturum
2277 2875 2356 2907 suam

1291 2930 1392 2950 eorum
1413 2918 1594 2955 Corporibus
1615 2918 1820 2954 pertinentem,
1839 2917 1873 2947 &
1887 2917 1971 2958 etiarn
1981 2923 2101 2945 omnem
2115 2912 2258 2957 Ornatum
2295 2914 2359 2959 Ap-

1289 2967 1433 2996 paratum,
1452 2956 1497 2987 seu
1521 2954 1749 2986 Habilimentum
1771 2964 1824 2993 pro
1844 2953 2022 2996 Corporibus
2036 2950 2231 2995 &Capitibus
2301 2962 2358 2983 mi-

1290 3006 1389 3041 narum
1403 3021 1416 3040 ‚¹
1440 2994 1636 3033 Ancillarum,
1661 2995 1695 3026 &
1714 2993 1830 3025 aliarum
1853 2991 2053 3021 foeminarum
2072 3000 2103 3020 in
2122 2989 2228 3022 eodem
2250 2989 2358 3023 Castro

1289 3035 1488 3104 exffissrtdtirirsd
1497 3072 1606 3108 semper
1619 3069 1700 3109 quod
1711 3069 1760 3106 ipsi
1775 3068 1928 3113 quicquam
1937 3066 2032 3105 ,quod
2045 3067 2075 3097 in
2087 3066 2176 3111 Regis
2190 3065 2320 3112 Contem

1291 3122 1352 3144 tum
1367 3112 1413 3142 vel
1428 3110 1649 3149 Praejudicium‚
1666 3116 1714 3138 aut
1727 3105 2086 3182 Ifolpulriaesfflnlggrtngggffig
2094 3106 2138 3174 rigi
2159 3107 2357 3184 igalzttetzgpg

1290 3151 1833 3257 ig‚vgggdqiiggniitllfisnffiirrnt’pxgesriio
1855 3181 2002 3214 Willielmo
2017 3182 2237 3215 Transeuntium
2251 3182 2357 3216 Prodi-

1289 3237 1336 3259 tor
1381 3236 1438 3265 egis
1452 3234 1494 3269 exi
1522 3231 1558 3254 at.

1326 3264 1512 3340 Telsriecllggge
1525 3262 1600 3338 {fid
1614 3299 1770 3330 Abbatiam
1785 3302 1862 3337 Regis
1876 3299 1970 3329 Sandli
1987 3298 2118 3338 Stephani
2131 3298 2164 3329 de
2175 3297 2307 3336 Cadomo,
2323 3298 2353 3328 in

1290 3342 1408 3373 Ducatu
1422 3339 1511 3380 Regis
1525 3339 1737 3378 Normanniae,
1755 3339 1893 3371 vicesimo
1907 3338 1954 3369 die
1965 3337 2149 3377 Septembris.

2373 3085 2390 3102 ⁸
2409 3086 2462 3114 IX.

2373 3133 2441 3165 494·

1924 3417 1980 3446 Per
1992 3413 2076 3454 ipsr'cm
2088 3416 2193 3451 Regem.

1336 3561 1386 3592 De
1400 3558 1491 3604 firlvo
1510 3557 1662 3592 Conduc‘lu
1675 3569 1731 3604 pro
1750 3558 1845 3591 Mille
1860 3555 1993 3600 Persbnis
2007 3553 2048 3588 ab
2068 3551 2168 3586 eodem
2189 3549 2303 3596 Castro.

1293 3643 1431 3700 REX,
1447 3653 1496 3680 per
1517 3642 1622 3674 Lireras
1643 3644 1701 3674 suas
1719 3642 1864 3678 patentes,
1891 3649 1940 3676 per
1962 3639 2038 3670 idem
2059 3645 2170 3682 ternpus
2190 3637 2351 3682 duraturas,
2371 3644 2447 3675 Arm,
2456 3643 2499 3677 1)¹

1368 3682 1482 3717 suscepit
1501 3683 1529 3710 in
1549 3681 1672 3719 salvum,
1691 3682 1750 3712 &c.
1771 3679 1855 3710 Mille
1874 3677 2008 3708 Personas
2027 3676 2073 3708 vel
2088 3676 2176 3720 insta,
2194 3686 2224 3706 in
2244 3675 2349 3707 Castro
2389 3692 2476 3722 1417-

1290 3720 1427 3756 praedietis
1442 3719 1604 3758 existentes,
1624 3720 1827 3758 cujuscumque
1847 3715 2032 3746 conditionis
2049 3715 2224 3759 suerrum-ab
2245 3715 2348 3746 eodem
2370 3726 2422 3750 An.
2440 3732 2465 3757 5,

1290 3757 1394 3788 Castro
1409 3757 1495 3794 usque
1509 3758 1613 3788 Villam
1629 3758 1665 3788 de
1679 3757 1749 3788 Phal
1784 3756 1847 3793 s,in
1860 3753 1975 3784 Ducatu
1992 3754 2084 3791 Regis
2098 3753 2352 3798 praediCtQtrans-
2371 3765 2406 3789 Η,
2424 3769 2452 3795 ς,

1288 3796 1384 3827 eundo
1409 3795 1576 3833 (videlicet)
1603 3797 1726 3835 Milites,
1750 3766 1933 3833 Zyrmigeros,
1957 3792 1990 3822 &
2010 3792 2165 3837 Soldarios,
2183 3791 2297 3837 Equos,
2316 3793 2351 3823 &
2370 3798 2437 3828 lhu,

1289 3833 1424 3864 Hernesia
1439 3834 1500 3871 sua,
1520 3845 1553 3865 ac
1568 3835 1716 3866 Vesturam
1729 3833 1898 3870 Corporum
1910 3831 2024 3861 suorum
2041 3832 2176 3868 (exceptis
2193 3830 2305 3861 Balestis
2317 3831 2353 3861 &

1282 3872 1346 3902 'aliis
1371 3872 1513 3902 Arrillariis
1536 3872 1774 3910 quibuscumque)
1794 3880 1827 3901 ac
1848 3870 1932 3899 etiam
1952 3868 2122 3909 Burgenses,
2141 3868 2201 3904 &c.
2216 3876 2249 3900 ut
2263 3868 2352 3908 stapra

1290 3922 1307 3940 u
1321 3921 1372 3978 {Ze
1386 3910 1438 3948 ibi,
1458 3911 1652 3950 existentium,
1671 3909 1709 3945 ὠ»
1723 3908 1848 3950 tuncfic,
2309 3945 2316 3952 ⁰

1365 3959 1459 3979 ecnori
1474 3951 1570 3979 omnia
1586 3949 1665 3979 Bona
1678 3949 1738 3986 sua,
1760 3957 1824 3986 quae
1847 3945 2002 3976 secundum
2022 3946 2148 3977 formam
2170 3945 2352 3978 Conventio-

1291 3997 1380 4026 num,
1397 3988 1486 4026 inter,
1503 3987 1677 4019 carissimum
1696 3985 1952 4025 consanguineum
1972 3984 2076 4025 Regis,
2099 3984 2245 4017 Ricardum
2267 3985 2355 4052 arez
