2562 4274
731 155 843 198 ET
928 153 1192 197 ACTA

16 248 144 286 ΔΝΜ).
196 248 271 277 Duce
284 241 441 274 Hollamliae
457 241 557 273 Gemite
572 213 722 280 Hanoras'ae,

37 299 121 332 1414.

18 338 79 361 Hm.
100 338 128 365 5.
200 325 276 353 Duce
294 319 476 358 Brabantiae,

200 365 276 391 Duce
295 357 429 395 Guelriae,

203 401 304 428 comite
322 395 458 426 Marchiae
476 397 506 426 de
523 395 626 435 Scotib,

199 439 315 467 Domino
333 436 365 465 de
382 437 473 473 Man,

204 477 322 505 Domino
338 472 495 512 Infielarum
513 473 546 502 de
564 476 635 503 Scoti
642 470 673 509 ἆ,

204 512 241 543 Et
254 521 354 542 eorum
370 513 493 551 Regnis,
511 513 623 549 Terris,
643 511 804 549 Dominiis,
820 511 853 541 ὃ(
867 511 999 549 subditis,
1018 518 1068 549 per
1089 506 1182 545 Mare,
1199 506 1233 538 &

168 559 217 591 per
230 550 352 581 Terram
363 573 371 588 ,
391 552 459 582 citra
472 553 506 583 &
520 551 589 580 ultra
604 549 698 587 Mare,

207 589 262 628 Et,
282 599 332 627 per
346 589 512 626 Praesentes,
532 588 655 626 Inimus,
676 588 825 625 Facimus,
849 587 1048 618 Promittimus
1063 609 1072 625 ,
1098 586 1132 616 &
1151 583 1234 615 Con-

22 644 41 666 *
49 645 101 675 IX.
108 653 124 682 9
127 655 156 681 4·
170 628 320 659 cordamus
333 630 388 659 una
403 637 473 658 cum
489 628 508 646 *²
526 627 648 666 praefatis
661 627 908 658 Ambaxiatoribus
921 627 954 658 δε
969 626 1004 657 N
1007 627 1106 663 unciis,

209 706 270 744 Qi
283 706 368 736 etiam
381 703 549 735 Nobiscum
559 727 569 742 ,
585 714 639 741 pro
654 703 792 742 praedieto
804 703 980 742 Adversario
997 701 1109 741 Angliae
1123 722 1134 739 ,
1160 698 1238 730 Ter*

171 745 208 776 ris
222 767 232 783 ,
251 743 416 781 Dominiis,
435 742 561 774 Subditis
573 743 607 774 &
622 743 736 782 alligatis
750 745 817 782 suis,
835 743 985 780 videlicet,

209 939 280 974 Rege
287 939 468 966 Romanorum
475 959 485 975 ,

206 979 277 1012 Rege
291 974 414 1016 Castellae
426 973 464 1009 ὠ
480 977 618 1012 Legionis,

209 1016 279 1051 Rege
291 1017 403 1053 Daciae,
421 1012 540 1052 Sueffiae,
556 1011 595 1047 ό·
607 1013 779 1049 Norwegt‘ae,

207 1055 278 1090 Rege
295 1047 469 1089 Portugaliae,

172 1129 186 1159 l
209 1090 352 1121 Ludovico
365 1094 440 1121 Duce
453 1092 606 1126 Bavariae,
624 1090 725 1118 comite
738 1090 893 1127 Hanom'ae,
916 1085 1091 1127 Hollan'diae,
1111 1081 1150 1122 ὠ
1173 1082 1240 1116 Zel-

184 1131 275 1159 andire

209 1152 292 1199 Duce'
300 1166 339 1203 (φ
352 1166 753 1234 CommunitatesJanuenfium,

176 1218 179 1219 ⁷
209 1205 338 1236 Donaldo
353 1209 468 1236 Domino
485 1205 548 1244 Infit
561 1215 638 1234 arum
649 1228 658 1243 ‚

209 1244 249 1276 Et
261 1244 396 1284 Jehanne
412 1243 507 1275 Stanle
515 1251 567 1282 pro
581 1247 707 1274 Dominio
721 1244 754 1273 de
767 1245 852 1281 Man,

211 1397 249 1429 Et
264 1407 367 1430 eorum
381 1397 506 1438 Regnis,
522 1397 635 1436 Terris,
654 1396 800 1427 Dominiis
812 1396 846 1429 ὅτ,
858 1394 981 1427 Subditis
990 1418 999 1433 ,
1014 1403 1064 1433 per
1079 1393 1200 1426 Terram
1209 1391 1243 1424 &

176 1442 226 1477 per
239 1436 335 1476 Mare,
351 1447 384 1467 ac
400 1438 470 1468 citra
482 1438 516 1467 &
529 1437 598 1467 ultra
616 1435 710 1474 Mare,
1209 1469 1214 1475 ³

214 1475 357 1513 Inierunt,
377 1475 533 1513 Fecerunt,
552 1475 760 1511 promiserunt,
778 1474 812 1505 &
828 1472 1053 1504 Concordarunt
1066 1470 1167 1508 bonas,
1183 1468 1245 1500 Fir·

175 1523 235 1545 mas
251 1514 400 1552 Indubias,
418 1515 451 1545 &
465 1513 644 1544 inviolabiles
656 1512 787 1550 Treugas
801 1512 955 1551 generales,
973 1519 1031 1542 tam
1047 1518 1096 1553 pei·
1109 1509 1246 1553 Terram,

176 1554 261 1591 quam
273 1561 322 1591 per
335 1552 432 1590 Mare,
451 1562 502 1590 pro
516 1562 575 1582 uno
592 1552 678 1582 Anno
713 1550 871 1590 Incipiente
887 1551 923 1580 ab
938 1550 1015 1581 Ortu
1029 1549 1101 1580 Solis
1115 1548 1170 1578 diei
1185 1546 1243 1576 Pu-

175 1590 337 1623 rificationis
351 1591 514 1621 beatiffimae
524 1591 652 1630 gloriolae
666 1575 808 1628 v²irginis‚
826 1590 962 1628 proximo
977 1589 1095 1625 futurae,
1113 1585 1246 1630 usquead

175 1628 322 1660 Occasum
338 1628 410 1659 Solis
421 1630 477 1659 diei
491 1629 617 1667 ejusdem
633 1628 722 1658 Anno
737 1628 884 1665 revoluto,
903 1629 951 1668 qui
964 1629 1017 1659 erit
1030 1635 1106 1658 anno
1120 1624 1247 1655 Donum

174 1666 334 1699 Millefimo
349 1667 637 1706 Qadringentefimo
657 1666 898 1706 Qartodecimo.

210 1706 289 1744 Qu'ae
303 1705 419 1745 quidem
433 1707 580 1744 Treugae,
599 1706 637 1736 ἧς
651 1716 701 1744 per
716 1705 784 1736 Nos
798 1714 906 1743 captae,
923 1701 1164 1746 mittentur,infra
1171 1700 1247 1731 Tres

174 1744 291 1815 al'Yienses
305 1745 451 1789 prosimos
463 1744 527 1786 post
543 1744 651 1776 Datam
667 1744 853 1775 Praesentium
866 1767 876 1782 ‚
897 1745 931 1775 ad
955 1743 1089 1784 Alligatos
1110 1750 1193 1772 umus
1213 1740 1247 1771 &

202 1792 284 1814 terius
319 1792 381 1814 artis

212 1793 508 1862 Qiifinfra'e'osdem
526 1821 601 1853 Tres
616 1821 730 1852 Menses
746 1844 755 1859 ‚
778 1821 978 1860 Acceptabunt
992 1844 1002 1860 ,
1026 1818 1168 1859 Jurabunt
1186 1842 1196 1859 ,
1215 1819 1250 1851 δε

174 1859 416 1898 Confirmabunt,
432 1861 600 1899 Acceptari,
615 1860 720 1898 Jurari,
739 1861 773 1890 δε
786 1859 945 1890 confirmari
961 1859 1064 1889 facient
1085 1869 1136 1897 per
1149 1868 1250 1889 omnes

174 1899 341 1938 Dominos,
360 1899 541 1937 Officiarios,
559 1901 593 1931 &
607 1899 756 1937 Subjeetos
771 1897 924 1930 Patriarum
939 1898 1068 1936 suarum,
1086 1897 1122 1928 de
1144 1897 1249 1937 quibus

173 1938 224 1975 ipsi
240 1938 354 1976 Alligati
367 1947 417 1976 per
430 1936 545 1968 Partem
559 1937 702 1968 adversam
718 1937 838 1974 requisiti
853 1938 974 1974 fuerint,
991 1937 1028 1967 de
1047 1937 1182 1975 tenendo,
1197 1947 1248 1968 cu·

175 1975 346 2014 stodiendo,
365 1977 400 2007 ὃς
413 1976 546 2007 faciendo
560 1976 692 2007 teneri&
708 1975 844 2006 custodiri
865 1976 912 2006 has
935 1975 1081 2013 praesentes
1099 1975 1224 2016 Treugas
1240 1999 1249 2014 ‚

175 2015 214 2046 fic
227 2015 264 2046 de
279 2015 405 2046 unanimi
421 2015 455 2046 &
470 2023 571 2045 mutuo
595 2013 758 2053 Consensu,
777 2023 808 2044 ut
824 2014 1002 2052 praedicitur,
1019 2023 1129 2052 captas,
1146 2015 1246 2046 secun-

175 2054 246 2099 dum
264 2061 365 2085 eorum
382 2053 518 2084 Formam
533 2053 567 2084 &
580 2053 747 2092 Tenorem,
770 2053 873 2092 absque
895 2052 993 2084 fraude
1015 2053 1050 2084 &
1071 2054 1147 2084 malo
1167 2054 1250 2093 inge-

174 2102 243 2132 mo,

207 2130 247 2163 Et

175 2175 236 2201 non
254 2154 392 2208 voluerit,
407 2171 452 2200 vel
466 2179 526 2200 non
542 2170 703 2209 voluerint,
720 2171 788 2209 erit,
806 2171 840 2203 &
865 2175 948 2202 erunt
968 2168 1071 2200 exclufi
1093 2168 1129 2200 de
1149 2179 1249 2202 omm—

173 2208 226 2240 bus
240 2208 387 2240 Beneficiis
400 2208 580 2248 praesentium
592 2209 772 2246 Treugarum
780 2232 790 2247 ,

208 2246 262 2286 Et,
280 2252 419 2286 quantum
431 2246 464 2277 ad
476 2247 557 2285 illos,
574 2248 655 2278 unius
668 2247 756 2278 Partis
769 2249 803 2279 &
818 2248 944 2286 alterius,
964 2248 1012 2286 qui
1032 2243 1081 2279 has
1100 2246 1248 2286 praesentes

173 2284 302 2326 Tre-agas
315 2291 476 2324 acceptare,
490 2284 604 2324 Jurare,
624 2286 658 2317 &
671 2286 823 2318 Affirmare
836 2287 996 2325 voluerint,
1023 2285 1093 2325 Ipsae
1113 2286 1245 2325 Treugae

173 2324 254 2393 suulm
265 2333 385 2394 Iteneant
399 2325 432 2356 &
444 2323 564 2355 habeant
585 2327 598 2342 ¹*
619 2324 723 2355 Robur
745 2326 779 2358 &
799 2325 948 2357 Effectum
970 2325 1072 2365 absque
1098 2324 1195 2357 fraude
1212 2328 1246 2358 ὃ(

173 2371 249 2394 mao
281 2373 297 2393 n
319 2371 394 2393 emo.

209 2400 224 2432 I
233 2409 256 2431 T
266 2371 335 2441 1515,
350 2401 448 2441 quod,
465 2401 628 2434 durantibus
643 2402 748 2434 eisdem
762 2401 900 2443 Treugis,
919 2403 1023 2435 cessare
1038 2402 1123 2433 faciet
1139 2403 1247 2434 Domi-

173 2451 225 2472 nus
241 2441 337 2471 noster
352 2443 412 2471 Rex
429 2443 552 2471 Framiae
567 2451 615 2479 per
631 2441 685 2479 Se,
704 2442 737 2472 &
753 2441 887 2472 Subditos
899 2442 977 2480 sum,
994 2444 1028 2474 &
1042 2443 1127 2472 etiam
1143 2442 1246 2473 cessare

172 2479 277 2509 facient
291 2479 361 2510 disti
377 2479 488 2518 Alligati
507 2480 554 2518 sui,
570 2481 618 2519 qui
632 2480 783 2518 praesentes
795 2480 922 2520 Treugas
935 2489 1081 2520 acceptare
1096 2480 1247 2520 voluerint,

171 2526 220 2587 &r
235 2517 283 2556 Se,
302 2517 335 2548 δε
350 2517 483 2548 Subditos
496 2517 559 2548 suos
574 2540 584 2555 ,
609 2528 712 2549 omnes
733 2518 816 2549 Prifas
838 2519 1023 2550 Personarum
1036 2541 1047 2558 ,
1081 2518 1246 2559 Bonorum,

205 2556 313 2587 illarum
329 2554 501 2588 firmatarum
514 2581 523 2593 ,
543 2557 765 2595 Fortalitiorum,
782 2559 815 2588 ὃ(
830 2558 949 2588 aliorum
965 2558 1127 2596 Locorum,
1143 2568 1246 2590 omnes

173 2593 311 2633 Pillerias,
326 2592 482 2634 RoberiaS,
501 2594 652 2634 Incendia,
672 2595 883 2628 Demolitiones
898 2597 1064 2627 Domorum
1079 2597 1113 2628 &
1137 2595 1244 2628 Muro-

173 2643 254 2672 rutn,
274 2632 475 2665 Ptosttationes
491 2634 637 2664 Arborum
652 2636 826 2673 portantium
843 2635 979 2674 Fructus,
997 2637 1031 2667 &
1046 2635 1164 2665 aliarum
1179 2646 1247 2673 qua-

174 2682 295 2703 rumcun
319 2683 371 2712 ue,
389 2674 423 2705 &
437 2674 536 2703 omnia
551 2673 601 2702 alia
619 2673 703 2703 Facta
717 2673 857 2712 Guerrae,
873 2684 921 2713 per
937 2675 1034 2704 omnia
1051 2673 1162 2713 Regna,
1170 2673 1247 2706 Ter-

174 2721 230 2749 raS,
247 2713 280 2742 &
339 2713 448 2742 ominia
471 2712 538 2742 dib't'i
564 2712 735 2752 Adversarii
750 2735 760 2751 ,
785 2713 818 2743 ὅ(
842 2713 1031 2744 Subditorum
1052 2712 1167 2743 suorum
1184 2737 1194 2752 ,
1212 2724 1245 2746 ac

172 2751 260 2781 etiam
277 2749 460 2792 Alligatorum
475 2751 606 2789 suorum,
624 2752 653 2780 in
670 2750 850 2790 praesentibus
865 2752 986 2789 Treugis
1011 2753 1247 2792 nominatorum,

173 2790 222 2829 qui
239 2792 387 2826 praelentes
398 2789 527 2828 Treugas
539 2791 762 2829 acceptaverint,
782 2797 838 2820 tam
856 2790 883 2820 in
901 2790 1002 2829 Mare,
1021 2791 1109 2828 quarn
1125 2786 1154 2820 in
1170 2792 1244 2823 Ter—

174 2827 221 2866 ra,
240 2826 419 2859 Cel'santibus
432 2828 566 2858 omnibus
580 2828 723 2859 fraudibus
736 2830 770 2860 &
783 2829 859 2858 malo
872 2827 1002 2868 Ingenio.
1053 2850 1057 2855 ·

213 2865 250 2896 Et
263 2875 413 2904 poterunt,
432 2865 595 2897 durantibus
611 2867 791 2904 praesentibus
804 2867 945 2906 Treugis,
969 2878 1072 2898 omnes
1095 2867 1191 2898 Vasalli
1211 2869 1244 2900 &

174 2903 286 2936 Subditi
301 2905 368 2935 dicti
386 2903 573 2943 Adverfhrii,
591 2906 624 2936 &
638 2905 826 2943 Alligatorum
839 2906 951 2937 suorum
968 2906 1181 2946 praedictorum,
1196 2909 1244 2946 qui

175 2942 223 2972 has
238 2944 383 2983 praesentes
397 2943 530 2980 Treugas
543 2943 771 2981 Ratificaverint,
787 2943 967 2983 juraverint,
987 2945 1018 2975 δε
1040 2945 1222 2976 Promil'erint
1235 2970 1244 2985 ,

175 2976 236 3018 Ire,
253 2980 374 3019 Venire,
393 2984 426 3014 &
440 2981 650 3013 Mercandisare
664 2992 713 3020 per
726 2984 821 3012 omnia
838 2982 955 3022 Regna,
976 2983 1096 3022 Terras,
1119 2986 1153 3015 &
1179 2985 1244 3015 Do-

175 3019 262 3063 minia
275 3019 347 3050 dieti
361 3023 472 3051 Domini
490 3020 574 3062 nestri
592 3024 687 3059 Regis,
705 3022 774 3051 citra
791 3021 824 3051 ὃς
840 3021 909 3052 ultra
926 3022 1030 3061 Mare,
1048 3022 1084 3053 de
1106 3021 1244 3054 Mercan-

175 3056 256 3088 dizns
272 3057 366 3095 licitis,
386 3060 418 3091 &
433 3069 492 3089 non
508 3059 680 3098 Prohibitis,
699 3059 856 3097 cujusmodi
873 3060 936 3091 sunt
952 3060 1128 3099 Armaturae,
1159 3063 1245 3094 Arte-

174 3097 269 3165 ms&
288 3096 322 3127 &
335 3097 385 3127 alia
402 3095 550 3128 Machinae
565 3099 598 3130 &
615 3099 841 3137 praeparamenta
856 3098 1048 3140 Guerrarum,
1065 3100 1098 3131 δε
1115 3101 1174 3130 Res
1188 3099 1237 3131 In-

175 3143 229 3166 var
251 3144 313 3166 ies:

212 3173 252 3203 Et
265 3175 348 3217 etiam
361 3180 495 3217 poterunt
509 3173 605 3206 facere
617 3177 716 3206 omnia
731 3176 782 3207 alia
796 3175 893 3214 Opera
909 3177 944 3208 ὅ(
959 3175 1087 3216 Negotia
1101 3177 1198 3208 secure
1212 3178 1240 3208 in

175 3210 300 3250 Regnis,
318 3212 432 3250 Terris,
452 3211 563 3251 Patriis,
581 3214 614 3244 &
629 3214 779 3245 Dominiis
794 3215 864 3246 dieti
881 3215 1004 3245 Domini
1026 3215 1117 3246 nostri
1143 3215 1240 3255 Regis,

176 3252 211 3282 &
227 3250 416 3288 Alligatorum
433 3250 548 3281 suorum
562 3251 682 3290 superius
697 3255 927 3292 nominatorum,
946 3255 994 3294 qui
1010 3254 1096 3286 dietas
1110 3255 1241 3292 Treugas

176 3289 334 3327 Acceptare
349 3289 491 3327 &Jurare
505 3289 663 3327 voluerint,
682 3291 751 3322 ficut
764 3293 953 3330 supradi&um
973 3292 1015 3322 est
1040 3293 1183 3331 (inermes
1201 3303 1242 3324 ta-

176 3336 260 3367 men,
276 3328 399 3366 exceptis
414 3328 448 3358 de
463 3327 571 3358 Gladio
585 3329 618 3359 &
632 3328 774 3367 Cultello)
793 3331 895 3368 absque
907 3330 1135 3370 Impedirnento,
1157 3333 1242 3364 Arte-

177 3366 314 3405 statione,
335 3367 379 3396 vel
396 3365 600 3396 Molestatione
612 3377 662 3404 per
678 3369 754 3398 viam
767 3368 915 3408 Marquae,
934 3368 1113 3410 Reprisaliae,
1134 3372 1177 3401 vel
1195 3371 1240 3402 In-

178 3404 332 3444 tercursi‘l53
349 3404 485 3436 solvendo
497 3405 603 3442 semper
619 3404 742 3437 Deveria
757 3407 835 3444 talia,
853 3408 921 3437 sicut
937 3408 1047 3447 Alligati
1061 3410 1094 3439 &
1112 3409 1239 3440 Confoe-

177 3443 264 3476 derati
280 3445 348 3475 dieti
366 3443 489 3474 Domini
504 3443 591 3473 nostri
609 3443 696 3483 Regis
708 3454 760 3483 pro
773 3453 903 3485 tempore
915 3445 1021 3477 solvere
1045 3449 1212 3480 tenebuntur
1229 3472 1240 3488 ,

175 3483 204 3512 in
219 3483 304 3514 Locis
317 3483 351 3513 &
366 3481 463 3513 Patriis
474 3483 522 3514 ubi
537 3482 591 3520 Ips1
605 3482 721 3514 fuerint:

212 3521 333 3553 Proviso
345 3530 442 3553 tamen
457 3521 537 3560 quod
552 3531 610 3551 non
626 3523 749 3558 poterint
763 3521 812 3560 ipfi
826 3522 927 3552 intrare
943 3522 1059 3562 Castra,
1085 3524 1238 3564 Civitates,

177 3559 264 3592 Villas
280 3560 419 3598 firmatas,
436 3569 481 3591 aut
495 3560 546 3592 alia
560 3560 582 3589 F
584 3560 700 3590 ortalitia
712 3559 812 3599 absque
827 3561 953 3591 Licentia
963 3561 1238 3601 Domitiorum,Ca-

198 3599 374 3637 mineorum,
391 3599 436 3629 seu
449 3598 614 3630 Custodum
629 3600 813 3635 eorumdem,
826 3609 873 3630 aut
888 3599 1005 3630 aliorum
1019 3601 1187 3632 habentium
1202 3603 1236 3632 ad

176 3608 234 3676 goe
250 3636 443 3676 Potestatem;
461 3638 513 3676 &,
529 3639 546 3667 li
561 3639 671 3668 eveniat
688 3638 767 3675 qubd
781 3637 876 3674 aliquis
889 3638 927 3668 ibi
952 3639 1096 3670 intraverit
1118 3650 1167 3678 per
1188 3640 1235 3670 Li-

177 3677 300 3707 centiam
316 3676 428 3714 alicujus
442 3700 451 3715 ,
464 3679 512 3715 qui
534 3676 569 3706 de
589 3676 683 3706 dando
702 3676 862 3706 Licentiam
882 3675 1041 3714 hujusmodi
1062 3677 1236 3709 Potestatem

177 3723 236 3744 non
252 3715 396 3753 habuerit,
414 3713 491 3754 Ipse,
509 3717 557 3755 qui
571 3715 660 3746 taliter
675 3715 835 3753 intraverit,
852 3714 975 3754 plenarie
995 3716 1155 3747 liberabitur
1175 3740 1183 3754 ‚
1201 3718 1233 3748 ὃ(

176 3750 242 3784 inde
257 3753 404 3785 Recedere
418 3754 519 3792 poterit
533 3754 639 3792 libere,
654 3754 753 3792 absque
767 3762 802 3783 eo
816 3753 892 3791 quod
905 3753 1002 3791 aliquis
1017 3755 1052 3784 ab
1073 3755 1132 3798 ipso
1154 3756 1234 3794 quic-

177 3798 281 3833 quam,
299 3793 330 3822 efi
342 3793 508 3830 occasione,
527 3794 637 3832 exigere
652 3791 671 3811 *
690 3794 816 3832 poterit,
835 3793 867 3822 &
890 3790 949 3830 Ipse
964 3814 973 3829 ,
998 3793 1045 3829 qui
1067 3793 1158 3824 eidem
1182 3795 1234 3824 bu-

31 3830 163 3867 *1X.96.
173 3828 298 3865 jusmodi
311 3830 467 3860 Licentiam
481 3832 602 3867 dederit,
630 3832 663 3862 &
687 3831 721 3861 ad
741 3831 798 3860 hoc
819 3829 991 3860 Potestatem
1013 3841 1071 3860 non
1093 3831 1234 3870 habuerit,

175 3866 266 3905 ipsum
288 3867 473 3905 Indampnem
495 3870 658 3900 conservare
676 3870 815 3900 tenebitur
828 3893 836 3906 ,
865 3870 898 3899 δε
913 3892 922 3906 ,
941 3878 1010 3898 cum
1032 3869 1090 3899 hoc
1104 3893 1113 3906 ,
1138 3871 1235 3902 secun-

175 3906 245 3936 dum
265 3906 428 3944 exigentiam
445 3906 551 3945 Casus,
567 3908 661 3939 debite
678 3909 825 3946 punietur,
841 3907 891 3944 &,
910 3906 928 3937 si
949 3917 1008 3936 non
1030 3907 1158 3939 habuerit
1181 3920 1235 3940 un-

174 3944 210 3974 de
235 3942 370 3981 Dampna
392 3945 524 3980 praedieta
550 3947 678 3978 resarcire
697 3947 801 3984 poterit
816 3968 826 3984 ,
851 3945 962 3985 gravius
986 3955 1100 3984 propter
1124 3946 1180 3977 hoc
1204 3949 1234 3978 in

169 3980 304 4021 Corpore
318 3984 461 4020 punietur:

211 4020 252 4052 Et
266 4022 350 4052 etiam
374 4029 506 4060 poterunt
525 4021 635 4056 Gentes
657 4023 887 4062 Fortalitiorum,
912 4022 980 4053 didi
997 4023 1232 4093 Adverfiv·ii,A213c

1215 4073 1229 4086 ιι

286 2131 306 2162 si
318 2130 366 2170 ipfi
383 2129 498 2170 Alligati
517 2130 577 2162 hoc
602 2107 872 2168 facere'Recusant‚
897 2138 965 2162 tunc
981 2129 1047 2168 Ille,
1064 2130 1110 2161 vel
1122 2130 1184 2169 llli,
1198 2131 1248 2176 qui

28 2380 94 2412 *IX
112 2392 159 2420 95.

1272 146 1743 195 PUBL'ICA.
2284 164 2333 213 63

1299 238 1343 268 Le
1366 237 1434 268 Duc
1459 237 1621 269 Guillaume
1639 239 1675 270 de
1702 240 1831 272 Beaviere
1847 263 1858 279 ,
1883 236 1981 272 Conte
2010 241 2048 274 de
2072 241 2207 274 Hainault
2222 265 2232 281 ,
2256 243 2333 275 Hol-
2351 239 2484 273 AnnD,

1265 276 1346 307 lande
1361 277 1392 307 ὃς
1411 275 1563 316 Zellande,
2371 287 2459 318 1414.

1305 315 1348 345 Le
1363 314 1430 344 Duc
1449 315 1484 345 de
1505 315 1621 354 Breban,
2354 324 2418 348 Heu.
2435 327 2464 354 5.

1305 353 1349 383 Le
1368 352 1436 383 Duc
1454 354 1489 384 de
1508 353 1634 393 Guehe,

1305 391 1349 421 Le
1365 390 1462 422 Conte
1481 391 1515 422 de
1533 392 1557 422 la
1573 391 1696 424 Marche
1708 392 1864 432 d’Escoce,

1305 429 1348 460 Le
1366 429 1501 469 Seigneur
1518 430 1555 460 de
1573 430 1662 468 Man,

1306 466 1350 497 Le
1367 467 1502 507 Seigneur
1515 469 1562 499 des
1577 468 1655 499 Ysses
1670 468 1816 508 d‘iiscoce,

1311 508 1401 535 Leurs
1412 509 1568 545 Royaumes,
1582 510 1675 538 Terres
1692 506 1730 541 ὠ
1744 510 1921 546 Seigneuries,
1939 506 1977 542 &¹
1992 508 2111 548 Subgez,
2132 517 2187 548 par
2203 513 2284 551 Mer,
2298 510 2338 547 &-

1266 551 1320 581 par
1337 548 1433 583 Erre,
1450 546 1514 574 deca
1530 546 1568 581 όν
1585 545 1646 575 dela
1663 545 1691 575 la
1708 548 1783 584 Mer,

1308 583 1367 619 Et,
1382 590 1437 620 par
1450 595 1488 613 cea·
1503 584 1657 622 Prefi’ntes,
1677 582 2077 624 Enconvenancons,fa1fims,
2094 594 2277 627 promctrons,
2294 583 2333 622 &-

1270 621 1410 650 accordons
1428 644 1438 659 ,
1463 633 1531 652 avec
1556 623 1592 652 les
1616 621 1699 662 deffiaes
1720 624 1853 651 Nommez
1876 621 2092 652 Ambaxadeurs
2113 623 2150 659 ὠ,
2175 627 2332 666 Meffiziges,

1307 699 1363 726 Les
1376 697 1486 737 quieulx
1500 698 1716 735 semblablement
1729 705 1776 729 ont
1792 700 2036 736 Enconvenances,
2052 702 2173 740 Fames,
2191 701 2336 741 Promises,

1328 736 1494 775 Accurdee5‚
1522 739 1642 767 Fermees
1659 760 1669 776 ,
1693 736 1730 773 &a
1760 739 1785 765 E
1810 736 1883 766 ables
1901 739 1997 765 Treues
2016 739 2160 768 Generales
2175 761 2184 778 ,
2203 748 2266 769 tant
2286 749 2340 778 par

1273 776 1358 812 Mer,
1376 784 1472 803 comme
1492 782 1547 812 par
1568 779 1668 815 Terre,
1686 784 1753 815 pour
1779 786 1792 804 e
1810 776 1850 804 dit
1873 773 2048 813 Advevflzire
2068 776 2261 816 d'Augleterre
2274 801 2284 817 ‚
2315 788 2341 807 es

1274 815 1388 850 Terres,
1406 815 1585 852 Seigneuries,
1610 813 1649 848 ό·
1676 814 1779 852 Subgez
1793 836 1804 852 ,
1827 811 1865 848 &
1881 821 1951 851 pour
1967 813 2013 853 ses
2038 813 2162 852 Alliez,
2189 816 2244 855 c'elb
2270 816 2342 855 uffa*⁴

1274 858 1349 888 νων,

1314 927 1359 959 Le
1374 926 1442 968 Roy
1459 927 1507 959 des
1525 927 1713 967 Rommains,

1308 965 1354 997 Le
1375 967 1441 1008 Roy
1460 968 1497 999 de
1510 965 1631 998 Castelle
1644 968 1677 998 &
1691 969 1727 999 de
1741 967 1824 998 Leon
1833 990 1844 1005 ,

1310 1004 1355 1036 Le
1372 1005 1440 1047 Roy
1456 1006 1493 1037 de
1511 1006 1610 1045 Dace,
1630 1006 1743 1045 Sueffe,
1762 1007 1796 1038 &
1809 1005 1985 1046 Norvegue,

1310 1043 1353 1074 Le
1368 1043 1437 1082 Roy
1452 1045 1488 1076 de
1508 1044 1658 1084 Portugal‚

1314 1082 1392 1121 Loys
1411 1083 1480 1114 Duc
1495 1084 1531 1114 de
1544 1083 1673 1122 Baviere‚

1311 1119 1411 1152 Conte
1435 1122 1541 1153 Palatin
1557 1123 1596 1153 du
1612 1121 1692 1161 Rin,

1315 1158 1360 1190 Le
1380 1159 1450 1192 Duc
1463 1161 1499 1191 de
1510 1160 1674 1199 Bretaigne,

1277 1196 1355 1265 ZIfie
1372 1197 1442 1265 IdDuc
1456 1198 1583 1230 Guillem
1595 1200 1630 1229 de
1645 1199 1775 1238 Baviere,
1793 1198 1891 1230 Conte
1910 1198 1948 1230 de
1969 1197 2082 1231 Hainau
2095 1219 2106 1237 ,
2130 1197 2294 1239 Hollande,
2311 1199 2345 1230 &e

1308 1245 1323 1264 e
1342 1246 1376 1266 an
1397 1246 1413 1265 e

1313 1273 1356 1304 Le
1371 1259 1441 1304 Ddc
1457 1274 1491 1305 &
1504 1273 1704 1307 Communate
1719 1275 1756 1305 de
1765 1274 1882 1314 Jennes,

1311 1310 1451 1343 Donaldo
1466 1312 1601 1353 Seigneur
1613 1314 1662 1345 des
1675 1314 1757 1351 Isses,

1312 1349 1351 1381 Et
1360 1350 1451 1389 Jehan
1466 1351 1579 1391 Stanley
1594 1361 1664 1391 pour
1681 1352 1707 1383 la
1720 1352 1867 1390 Seignorie
1879 1351 1914 1382 de
1930 1351 2014 1391 Man,

1278 1426 1292 1457 I
1318 1391 1409 1458 ξοην-ς
1423 1392 1587 1431 Royaumes,
1604 1393 1719 1430 Terres,
1737 1388 1776 1425 ὠ
1792 1392 1958 1428 Seignories,
1976 1389 2014 1426 ὠ·
2032 1390 2154 1430 Subgez,
2173 1389 2236 1420 deca
2249 1387 2288 1425 ῤ’
2301 1389 2347 1419 de·-

1289 1438 1308 1458 a
1336 1440 1355 1458 a
1373 1431 1438 1459 Mer

1317 1468 1390 1497 Pour
1403 1451 1457 1504 un⁹g
1472 1471 1526 1497 An
1540 1475 1720 1498 commentam
1734 1478 1771 1497 au
1779 1465 1861 1509 Jb'leil
1871 1464 1969 1497 levant
1990 1463 2012 1496 le
2031 1465 2106 1504 Jour
2120 1466 2152 1496 de
2167 1466 2195 1496 la
2216 1466 2350 1509 Purfica-

1280 1507 1339 1535 tion
1351 1505 1437 1545 nostre
1451 1508 1543 1536 Dame
1551 1505 1697 1545 prouchein
1714 1511 1835 1544 venant,
1852 1504 1890 1540 ῤ’
1903 1503 2033 1545 finiffiznt
2048 1503 2071 1534 le
2087 1503 2162 1543 Jour
2180 1508 2209 1534 de
2234 1505 2262 1534 la
2281 1505 2351 1534 dille

1279 1543 1458 1584 Purffication
1472 1544 1546 1574 I‘An
1561 1544 1666 1575 Revolu
1676 1544 1756 1584 Joleil
1766 1542 1924 1582 Couchant,
1950 1546 1997 1584 qui
2011 1542 2075 1582 sera
2097 1542 2171 1573 I'An
2198 1543 2262 1573 Mil.
2278 1547 2309 1573 iv
2320 1546 2351 1572 C.

1279 1579 1318 1617 ὁ·
1336 1586 1399 1613 xiv.

1322 1699 1378 1728 Les
1393 1697 1492 1740 quelles
1502 1699 1618 1737 Treues,
1636 1696 1710 1737 ainsy
1718 1706 1774 1737 par
1790 1699 1867 1727 Nous
1890 1697 1996 1736 Pri]es‚
2015 1696 2290 1738 firrontssnvoiees,
2309 1694 2354 1723 de·

1285 1737 1349 1766 dens
1362 1740 1437 1768 Trois
1456 1741 1530 1769 Mois
1539 1761 1549 1776 ,
1562 1736 1724 1776 prouchains
1736 1744 1813 1775 apres
1827 1735 1857 1766 la
1873 1739 1951 1767 Date
1966 1737 1998 1766 de
2011 1747 2051 1765 ces
2063 1734 2204 1776 Presentes
2213 1743 2287 1773 ,aux
2296 1731 2354 1764 Al-

1286 1773 1343 1805 liez
1355 1776 1386 1805 de
1400 1775 1473 1806 l’une
1485 1776 1524 1811 ό»
1537 1777 1571 1806 de
1585 1774 1688 1806 l'autre
1707 1778 1803 1805 Partie
1813 1798 1824 1813 ,

1325 1817 1382 1845 Les
1397 1814 1508 1857 quieulx
1521 1814 1622 1845 Alliez
1630 1837 1641 1853 ,
1654 1815 1750 1844 dedens
1764 1813 1801 1843 les
1815 1814 1864 1843 diz
1880 1815 1956 1842 Trois
1968 1814 2041 1842 Mois
2051 1834 2062 1849 ,
2079 1813 2258 1851 Accepteront
2267 1833 2277 1849 ,
2293 1809 2354 1848 Ju-

1287 1859 1398 1890 reront,
1416 1853 1455 1889 ὀ·
1473 1852 1693 1894 Confermerout,
1711 1852 1749 1887 dr
1758 1851 1853 1892 ferant
1869 1854 2020 1890 Accepter,
2045 1849 2136 1889 Jurer
2147 1873 2158 1889 ,
2181 1848 2219 1886 ῤ’
2242 1848 2355 1888 Confer-

1290 1901 1347 1921 mer
1360 1900 1413 1930 par
1427 1898 1487 1922 tous
1502 1891 1540 1923 les
1552 1895 1707 1929 Seigneurs,
1724 1891 1863 1930 Officiers,
1881 1889 1919 1926 &¹
1942 1889 2046 1927 Subgez
2067 1889 2099 1919 de
2113 1887 2184 1920 leurs
2201 1890 2278 1919 Paiis
2312 1888 2357 1917 des

1285 1929 1396 1969 quieulx
1412 1930 1508 1961 Iceulx
1521 1930 1621 1961 Alliez
1632 1930 1728 1969 serant
1741 1933 1840 1970 Requis
1851 1937 1904 1967 par
1923 1927 1952 1958 la
1971 1930 2068 1958 Partie
2096 1926 2227 1966 Adverse
2237 1950 2248 1966 ‚
2315 1933 2358 1956 te-

1286 1971 1331 1998 nir
1351 1966 1390 2003 ὀ·
1402 1969 1523 2006 garder,
1541 1968 1581 2005 ό·
1597 1967 1673 2008 faire
1691 1973 1764 1999 tenir
1781 1967 1819 2004 ὠ
1836 1967 1955 2006 garder,
1972 1977 2012 1997 ces
2025 1963 2160 2005 prefintes
2180 1967 2358 2002 Treues,ain-

1278 2006 1312 2045 sy
1327 2015 1382 2045 par
1399 2008 1479 2039 Nous
1499 2008 1588 2048 Prtfi’s
1607 2009 1676 2039 d’un
1694 2010 1822 2037 commun
1841 2005 2052 2046 Affi’ntement,
2071 2002 2152 2045 selon
2176 2003 2236 2035 leur
2263 2006 2358 2036 Forme

1287 2043 1326 2081 ό
1345 2049 1467 2085 Teneur,
1475 2045 1545 2085 sans
1555 2045 1662 2087 fraude
1679 2044 1718 2081 &⁶
1737 2045 1797 2076 mal
1812 2047 1925 2085 Engin,
2344 2048 2345 2051 ’

1321 2127 1384 2166 Et,
1394 2127 1427 2166 [ἓ
1436 2126 1536 2167 yceulx
1552 2127 1652 2159 Alliez
1662 2125 1800 2168 Refficftnt
1819 2138 1838 2156 a
1857 2136 1885 2156 ce
1897 2122 1998 2166 faire,
2018 2123 2124 2161 Cellui,
2142 2133 2175 2154 ou
2191 2121 2296 2163 Ceulx,
2313 2124 2360 2165 qui

1283 2174 1311 2194 ce
1320 2165 1401 2205 faire
1418 2178 1451 2197 ne
1471 2166 1626 2206 vouldroit,
1643 2176 1677 2197 ou
1695 2177 1731 2197 ne
1749 2165 1896 2197 vouldront
1909 2187 1920 2203 ,
1931 2165 1997 2204 sera
2008 2185 2018 2203 ,
2035 2161 2073 2199 &⁶
2087 2161 2185 2202 seront
2206 2162 2311 2194 Exclus
2329 2163 2362 2193 de

1283 2209 1343 2236 tous
1356 2204 1491 2247 Beneficer
1508 2206 1539 2236 de
1557 2217 1597 2236 ces
1631 2205 1746 2243 refentes
1761 2207 1873 2243 Treues,

1324 2245 1386 2282 Et,
1404 2250 1495 2284 quant
1513 2256 1533 2275 a
1548 2249 1602 2275 Ceu
1614 2255 1653 2282 z,
1670 2244 1703 2273 de
1721 2243 1792 2274 l'une
1811 2242 1849 2278 ό
1872 2242 1904 2272 de
1923 2240 2026 2271 l’autre
2045 2243 2161 2280 Partie,
2176 2243 2222 2281 qui
2240 2250 2279 2270 ces
2297 2248 2361 2280 pre-

1276 2280 1369 2320 sentes
1390 2284 1486 2313 Treues
1505 2283 1655 2314 vouldront
1675 2285 1829 2321 Accepter,
1858 2281 1950 2320 Jurer
1990 2278 2029 2314 ὠ
2059 2277 2214 2318 Confermer
2232 2302 2242 2318 ,
2267 2277 2361 2310 Icelles

1284 2323 1388 2389 Treluels2
1399 2328 1500 2352 aurant
1518 2321 1557 2357 &
1574 2327 1685 2352 tenront
1704 2320 1762 2351 leur
1788 2323 1870 2351 Force
1888 2316 1927 2354 &⁶
1947 2341 1958 2357 ,
1985 2315 2077 2357 Effe&
2096 2316 2166 2358 fizns
2192 2317 2299 2348 Fraude
2318 2315 2358 2354 &-

1284 2369 1331 2389 ma
1389 2371 1407 2389 n
1424 2371 1463 2390 m.

1322 2371 1451 2437 Pri-254,
1467 2409 1518 2440 que
1536 2399 1639 2428 durans
1655 2396 1834 2437 cespresentes
1861 2398 1979 2432 Treues‚
2012 2394 2101 2435 nostre
2124 2394 2165 2424 a'it
2190 2396 2316 2432 Seigneur
2332 2390 2358 2423 le

1283 2437 1340 2476 Roy
1354 2436 1387 2466 de
1405 2439 1508 2467 France
1518 2435 1588 2476 fera
1604 2436 1681 2476 ceffer
1693 2443 1748 2475 par
1766 2439 1844 2474 Lut',
1862 2434 1900 2470 ὠ
1912 2441 1967 2472 par
1985 2431 2030 2472 ses
2056 2433 2191 2472 Subgim,
2217 2433 2256 2468 &
2284 2431 2358 2471 auffj·

1275 2474 1374 2514 ferant
1392 2475 1468 2514 ceffer
1484 2476 1528 2513 βε
1546 2476 1597 2505 diz
1615 2474 1715 2505 Alliez
1751 2477 1799 2516 qus*
1816 2484 1855 2503 ces
1867 2473 2001 2512 presentes
2019 2474 2115 2503 Treues
2134 2470 2281 2502 vouldront
2309 2482 2356 2500 ac-

1286 2520 1385 2552 cepter,
1397 2523 1452 2552 par
1468 2513 1567 2553 Eulx,
1585 2512 1623 2548 &⁶
1639 2522 1694 2552 par
1723 2523 1784 2543 eurs
1803 2513 1936 2549 Subgiez,
1955 2517 2043 2541 toules
2063 2510 2170 2548 Prinfi’s
2191 2510 2223 2539 de
2242 2509 2356 2548 Person-

1287 2562 1352 2590 nes,
1370 2553 1402 2582 de
1420 2555 1524 2591 Biens,
1544 2555 1573 2582 V
1575 2551 1635 2582 illes
1646 2552 1783 2591 fermees,
1800 2551 1832 2580 de
1853 2547 2031 2588 Fortereffi’s‚
2048 2548 2086 2584 ό
2105 2550 2225 2579 d'autres
2244 2551 2358 2587 Lieux,

1284 2597 1372 2620 toules
1390 2590 1530 2629 Pilleries,
1549 2591 1673 2620 Roberies
1683 2613 1694 2629 ,
1708 2594 1863 2628 Arceures,
1891 2587 2070 2619 Demolitions
2088 2587 2120 2618 de
2151 2586 2291 2626 Maisons,
2318 2585 2359 2622 ό»

1285 2630 1317 2658 de
1338 2633 1438 2669 Mars,
1455 2630 1626 2660 Abatemens
1645 2629 1785 2659 d'Arbres
1796 2635 1914 2667 portans
1933 2629 2033 2664 Fruit,
2050 2624 2088 2661 ὁ
2107 2633 2199 2656 autres
2216 2625 2360 2665 quelxcon-

1287 2678 1369 2707 ques,
1387 2667 1425 2702 ᾤ’
1446 2676 1507 2698 tout
1527 2676 1607 2698 autre
1624 2671 1689 2698 Fait
1706 2668 1740 2698 de
1755 2671 1877 2705 Guerre,
1890 2675 1944 2705 par
1965 2671 2026 2695 tous
2045 2664 2082 2694 les
2100 2668 2265 2706 Royaumes,
2293 2667 2360 2694 Tor·

1283 2717 1344 2745 res,
1362 2706 1400 2741 (φ
1416 2710 1565 2746 Seignuries
1583 2708 1618 2736 du
1636 2707 1678 2736 dit
1697 2704 1872 2744 Adverfaire
1892 2705 1930 2741 ὠ·
1957 2704 1990 2733 de
2000 2702 2045 2742 ses
2065 2704 2179 2741 Subgzez
2198 2725 2208 2741 ,
2226 2703 2264 2737 ῤ’
2284 2703 2357 2743 auſjj

1283 2745 1316 2774 de
1328 2746 1372 2784 ses
1390 2745 1511 2785 Alliez,
1530 2748 1664 2776 Nommcz
1681 2756 1714 2775 en
1733 2755 1772 2774 ces
1786 2742 1924 2784 presentes
1943 2745 2059 2780 Treues,
2087 2747 2134 2782 qui
2152 2741 2245 2772 Icelles
2271 2749 2354 2771 arant

1283 2792 1430 2823 acceptees,
1449 2792 1513 2815 tant
1532 2795 1566 2814 en
1586 2787 1670 2823 Mer,
1689 2795 1784 2814 comme
1803 2795 1838 2813 en
1854 2786 1936 2813 Terre
1954 2803 1964 2820 ,
1982 2781 2089 2820 Ceffaus
2107 2792 2140 2811 en
2160 2787 2246 2811 toules
2269 2780 2354 2820 choses

1284 2825 1391 2853 Fraude
1410 2822 1448 2858 &-
1469 2823 1527 2854 mal
1545 2826 1646 2860 Engin.

1320 2863 1363 2891 Et
1376 2869 1527 2900 pourront,
1544 2863 1646 2891 durans
1665 2872 1704 2890 ces
1715 2859 1850 2900 presentes
1868 2862 1984 2896 Tretaes,
2011 2865 2078 2887 touz
2103 2856 2139 2888 les
2166 2857 2297 2897 Vafflmlx
2314 2857 2355 2892 ὁ,

1283 2900 1389 2938 Subgez
1409 2901 1443 2930 du
1463 2901 1506 2930 dit
1525 2900 1699 2939 Adversaire
1718 2899 1756 2935 όν
1776 2901 1808 2929 de
1818 2899 1861 2937 ses
1881 2897 1980 2927 Alliez
1999 2895 2154 2936 defflcfilits,
2170 2901 2217 2937 qui
2234 2907 2273 2926 ces
2287 2906 2354 2936 pre-·

1274 2939 1367 2979 sentes
1386 2942 1483 2970 Treues
1501 2947 1601 2969 aurant
1620 2936 1778 2976 Rattffi'ees,
1796 2937 1915 2975 Jurees,
1934 2934 1971 2969 &¹
1990 2934 2141 2974 Promifi’s,
2160 2935 2244 2973 Aser,
2261 2939 2354 2975 venir,

1282 2977 1320 3013 ὠ
1340 2977 1529 3008 Marchander
1542 2985 1597 3016 par
1613 2984 1680 3006 touz
1706 2976 1743 3005 les
1761 2979 1926 3015 Royaumes,
1943 2976 2055 3012 Terres,
2083 2973 2120 3008 όν
2139 2977 2298 3011 Seigueuries
2316 2975 2353 3005 du

1282 3019 1338 3055 Roy
1356 3016 1443 3056 nostre
1462 3019 1502 3046 dit
1518 3021 1653 3054 Seigneur,
1671 3015 1736 3044 deca
1749 3013 1786 3049 ὠ
1805 3013 1867 3043 dela
1884 3012 1912 3042 la
1932 3016 2015 3050 filer,
2030 3013 2062 3042 de
2090 3014 2297 3051 Marchandises
2315 3013 2351 3042 li-

1282 3059 1365 3094 cites,
1382 3054 1420 3089 &
1437 3067 1491 3085 non
1508 3054 1691 3093 Dffndue55
1713 3063 1808 3083 comme
1819 3051 1887 3091 sont
1907 3054 2075 3088 Armeures,
2101 3051 2261 3081 Artilleries
2278 3075 2288 3090 ,
2308 3051 2347 3086 ό,

1281 3103 1374 3124 autres
1392 3094 1534 3124 Machines
1552 3092 1591 3129 ό·
1608 3091 1780 3123 Abillemens
1799 3092 1832 3120 de
1850 3093 1970 3127 Guerre,
1989 3087 2027 3124 ὠ
2054 3088 2149 3129 Choses
2177 3090 2348 3132 Invafibles:

1317 3172 1359 3201 Et
1385 3170 1459 3211 auſjj‘
1477 3177 1611 3210 pourront
1622 3167 1686 3209 fere
1697 3164 1852 3208 fiurement
1868 3173 1957 3197 toutes
1975 3173 2068 3196 autres
2088 3169 2210 3196 Oeuvres
2229 3164 2267 3200 (ῤ’
2287 3170 2343 3196 Be-

1269 3210 1386 3251 ]ongnes
1396 3221 1422 3240 es
1438 3214 1597 3251 Royaumes,
1614 3212 1724 3245 Terres,
1742 3206 1876 3244 paug&
1896 3209 2041 3242 Seiguories
2062 3204 2095 3234 de
2113 3204 2198 3242 nostre
2218 3206 2260 3234 a':t
2286 3209 2343 3235 Sei-

1275 3260 1361 3287 gneur
1378 3249 1402 3279 le
1418 3252 1490 3290 Ray,
1507 3247 1544 3283 ὠ
1560 3249 1590 3277 de
1601 3248 1645 3287 ses
1656 3245 1755 3277 Alliez
1773 3243 1856 3284 deffirs
1874 3247 2018 3279 Nommez,
2033 3247 2079 3284 qui
2093 3243 2132 3281 les
2148 3243 2230 3272 difies
2247 3247 2344 3274 Treues

1278 3287 1426 3318 voula'ront
1439 3294 1556 3325 accepter
1570 3286 1607 3320 ὠ
1618 3287 1714 3324 jurer,
1732 3295 1827 3314 comme
1841 3283 1925 3351 dequi-
1943 3281 1978 3322 est
1994 3282 2037 3311 dit
2059 3281 2218 3323 (desarmeaj.
2240 3289 2344 3312 toutes-

1277 3330 1351 3357 voies
1362 3349 1371 3364 ,
1390 3328 1510 3364 Excepte
1527 3324 1661 3364 d'Espee,
1685 3324 1723 3358 ό
1737 3323 1770 3353 de
1788 3327 1867 3352 Cotte
1890 3324 1900 3357 )
1913 3320 1982 3360 fizns
2001 3330 2089 3350 aucun
2107 3319 2343 3360 Empeschement‚

1277 3364 1394 3406 Arrest,
1410 3376 1442 3393 ou
1462 3363 1637 3403 Molestation
1649 3371 1703 3401 par
1723 3366 1783 3391 voie
1797 3362 1830 3391 de
1850 3363 1988 3400 Marque,
2005 3357 2220 3398 Reprfiille,ou
2238 3362 2342 3389 Eutre-

1278 3414 1369 3437 cours,¹
1390 3414 1423 3432 en
1431 3406 1533 3442 paiant
1550 3402 1681 3437 tousjours
1697 3400 1733 3430 les
1752 3403 1893 3438 Devoirs,
1912 3398 1971 3428 telz
1995 3408 2089 3426 comme
2114 3396 2151 3427 les
2174 3397 2340 3437 Consedere-2:

1275 3441 1313 3477 &
1332 3440 1433 3473 Alliez
1446 3442 1482 3471 du
1498 3445 1552 3481 Roy
1563 3440 1648 3481 nostre
1659 3440 1702 3470 du
1717 3443 1842 3477 seigneur
1847 3438 1943 3477 seront
1961 3443 2047 3467 tenuz
2065 3436 2097 3466 de
2110 3440 2198 3475 paier,
2212 3448 2238 3466 es
2246 3440 2340 3467 Lleux

1273 3480 1393 3516 &Paiis
1408 3490 1440 3509 ou
1453 3480 1493 3509 ilz
1503 3479 1578 3520 sont.

1294 3521 1437 3556 sspourveu
1456 3525 1543 3548 tontes
1560 3520 1633 3547 voies
1649 3527 1698 3556 que
1721 3514 1769 3545 Ilz
1790 3528 1824 3546 ne
1840 3521 1972 3553 pourront
1995 3520 2088 3543 entrer
2114 3522 2146 3542 en
2172 3512 2281 3551 Chastel
2301 3513 2334 3542 de

1276 3559 1386 3595 Garde,
1405 3560 1434 3588 V
1433 3556 1492 3586 illes
1512 3560 1649 3592 Fermees,
1667 3566 1699 3583 ou
1717 3561 1808 3583 autres
1826 3551 1983 3591 Fortereffi’s
1994 3575 2003 3590 ,
2014 3551 2083 3591 situs
2097 3554 2209 3580 Lirem-e
2223 3551 2267 3580 des
2276 3554 2334 3580 Sei-

1270 3607 1368 3633 gneurs
1378 3618 1389 3634 ,
1408 3598 1578 3633 Capitaines,
1593 3604 1626 3623 ou
1642 3593 1747 3623 Gardes
1765 3591 1881 3621 d‘iceulx
1893 3615 1899 3624 ,
1917 3603 1948 3621 ou
1967 3591 2087 3619 d'autres
2105 3601 2187 3619 araus
2200 3592 2300 3618 Fovoir
2313 3601 2332 3617 a

1272 3645 1318 3669 ce,’
1339 3637 1381 3664 Et
1397 3632 1442 3663 s'il
1458 3634 1590 3662 advenoit
1607 3642 1656 3672 que
1675 3641 1761 3660 aucun
1781 3641 1794 3665 γ
1810 3630 1912 3669 entrast
1922 3638 1976 3668 par
2004 3631 2114 3658 Liceuce
2132 3628 2242 3670 d'aucuu
2254 3650 2261 3664 ,
2287 3629 2335 3666 qui

1272 3673 1353 3712 n’eust
1367 3681 1418 3710 pas
1435 3671 1563 3710 puiffance
1581 3670 1643 3700 den
1662 3670 1763 3699 donner
1780 3671 1910 3706 Licence,
1946 3665 2020 3697 Celui
2031 3691 2038 3703 ,
2062 3669 2107 3707 qui
2124 3670 2198 3704 aius]
2222 3676 2233 3697 r
2250 3665 2333 3703 fhroit

1271 3709 1347 3740 entre
1358 3736 1365 3746 ,
1395 3715 1461 3739 croit
1478 3713 1527 3739 mis
1541 3721 1558 3739 a
1571 3707 1665 3746 plaine
1683 3705 1908 3742 Delivrance,&
1928 3707 1980 3735 5’en
1994 3708 2111 3743 pourroit
2129 3703 2186 3732 aler
2197 3701 2331 3741 franche-

1271 3758 1344 3779 ment
1356 3709 1424 3789 sgns
1441 3759 1467 3777 ce
1485 3759 1534 3789 que
1549 3758 1654 3784 aucun,
1670 3755 1739 3784 pour
1756 3745 1879 3786 Occafion
1898 3745 1930 3774 de
1948 3756 1991 3781 ce,
2010 3745 2067 3772 Lui
2079 3741 2139 3786 pust
2149 3752 2246 3785 aucune
2257 3741 2328 3770 Cho·-

1263 3788 1297 3828 fi’
1316 3787 1476 3823 demava'er,
1494 3788 1537 3816 Et
1555 3785 1639 3823 celui,
1657 3788 1702 3826 qui
1720 3784 1758 3814 lui
1776 3787 1866 3813 auroit
1882 3783 1969 3812 donne
1988 3781 2042 3810 lad.
2071 3782 2197 3823 Luem,
2211 3788 2248 3813 (J
2266 3780 2327 3808 n'a—

1268 3830 1329 3856 voit
1353 3834 1403 3864 pas
1425 3824 1450 3854 le
1468 3826 1569 3854 Povoir
1586 3824 1618 3853 de
1644 3823 1682 3853 lui
1700 3823 1819 3860 donner,
1859 3825 1924 3850 eroit
1943 3828 2006 3849 tenu
2024 3819 2056 3846 de
2081 3816 2105 3846 le
2129 3818 2324 3856 chdommat-

1268 3875 1333 3902 ger,
1353 3862 1391 3898 ὠ
1411 3874 1478 3893 avec
1493 3874 1519 3892 ce
1536 3857 1623 3902 feroit
1650 3864 1726 3901 Puny
1754 3863 1903 3890 Deuement
1922 3857 2000 3897 filou
2025 3855 2178 3900 [Exigeuce
2196 3856 2232 3885 du
2252 3861 2325 3887 Cas:

1270 3905 1313 3932 Et
1351 3902 1396 3931 s'il
1411 3902 1519 3931 n'avoit
1537 3902 1569 3930 de
1587 3911 1652 3941 quoy
1670 3902 1750 3929 Paier
1764 3897 1803 3933 ὠν
1823 3897 1926 3926 Rendre
1945 3895 1982 3924 les
1997 3897 2164 3931 Dommatges
2183 3893 2328 3935 deffiaefiliz,

1268 3940 1292 3971 il
1321 3944 1388 3970 eroit
1398 3947 1466 3978 pour
1486 3951 1511 3969 ce
1525 3948 1597 3980 puny
1615 3950 1648 3968 en
1663 3942 1743 3975 Corps
1756 3936 1817 3975 plus
1834 3933 1994 3973 Griefment.

1304 4022 1365 4059 Et,
1378 4029 1447 4050 avoc
1464 4030 1508 4059 ce,
1517 4025 1652 4058 pourront
1669 4016 1707 4048 les
1725 4019 1798 4048 Gens
1816 4014 1861 4044 des
1877 4010 2034 4050 Fortereffls
2052 4010 2090 4042 du
2108 4011 2151 4043 dit
2167 4013 2329 4053 Adversbi-

2297 4061 2328 4081 ΤΕ
