2562 4274
187 46 238 83 So

43 126 119 157 Ann.
138 126 181 158 D.
233 127 269 157 Et
286 128 344 159 hoc
359 136 496 166 quantum
510 127 543 157 ad
559 127 664 158 salvum
679 128 879 159 Condustum.

72 166 156 203 1418.
228 165 336 202 ITEM,
363 167 474 198 Amore
494 167 564 202 mei,
589 167 643 205 ipse
666 166 868 198 condescendit
885 166 920 197 ad
944 167 1001 198 hoc
1016 190 1025 205 ,
1051 167 1130 206 quod
1151 168 1181 198 in
1200 168 1255 205 eis,

42 209 104 233 Hm.
123 215 151 242 5.
192 213 257 241 quae
274 204 438 241 redigentur
449 206 477 235 iri
492 205 612 241 scriptis,
631 203 697 235 fiant
711 205 774 235 duae
792 205 957 243 Scripturas,
973 207 1073 245 pariter
1093 206 1254 243 subscriptae

191 252 240 280 per
263 243 449 280 Secretarios,
466 243 499 274 &
523 242 636 276 fienacae
657 244 772 281 pariter,
787 243 820 274 ὃς
862 245 941 274 ariter
958 245 1164 275 autenticentur
1187 246 1254 282 (una

192 282 223 310 in
241 281 361 319 Latino,
380 282 473 311 Altera
488 282 516 310 in
531 280 658 317 Gallico)
674 281 707 311 &
721 283 819 319 pariter
853 291 913 313 etur
929 281 996 313 fides
1015 283 1253 319 Ambabus;cum

635 16 1439 93 CONVENTioNE’s,
1499 46 1885 98 LITERAE,

1292 131 1455 169 praedillas,
1475 133 1504 160 in
1523 133 1696 163 Concordiam
1710 136 1850 171 converti,
1867 132 1902 162 ne*
1919 139 2030 164 tantum
2042 135 2148 164 Bonum
2163 144 2198 164 ex
2216 132 2267 163 hac
2287 136 2356 166 Con·
2368 137 2443 170 Ann.
2452 137 2496 172 D.

1292 169 1426 209 trouver-fia*
1437 170 1627 210 impediretur,
1638 173 1752 212 sequens
1767 171 1889 201 Medium
1903 171 2067 212 advtfiavit3
2087 171 2229 210 videlicet,
2390 185 2478 218 1418.

1331 208 1422 247 ,Quod
1430 210 1652 246 Appunetuanda
1671 209 1710 246 ῤ’
1726 217 1816 240 mutuo
1832 209 2017 241 Concludenda
2031 218 2090 240 tam
2103 215 2132 241 in
2146 214 2250 241 Latino
2268 222 2349 251 quam
2364 227 2428 251 Hm,
2445 233 2477 262 55

1291 247 1320 274 in
1335 245 1437 275 Gallico
1453 245 1543 284 (fideli
1557 247 1691 289 utriusque
1712 251 1870 287 Scriptura),
1885 258 1944 278 tam
1967 248 2097 286 Gallica,
2114 261 2195 289 quam
2214 252 2329 280 Latine

1292 283 1438 314 Collatione
1446 284 1545 324 falla‘)
1562 286 1668 316 deberet
1675 295 1726 325 per
1744 289 1842 318 Partes
1853 288 1998 326 praedicflas
2007 286 2148 327 conscribi,
2160 287 2199 324 &
2211 287 2274 319 hinc
2283 274 2349 318 ind}

193 319 251 349 hoc
268 343 278 357 ,
304 320 379 356 quod
405 320 423 349 si
444 319 534 357 aliqua
557 317 760 350 Controversia
781 321 887 351 orietur
906 330 940 350 ex
963 321 1116 351 Vocabulis
1137 320 1256 352 Gallicis
1282 321 1400 362 figillari
1412 334 1444 352 ac
1448 323 1568 364 signari,
1586 330 1617 352 ut
1630 324 1844 365 estconficetum:

195 358 273 395 (qu-:e
293 358 348 395 ipse
365 358 434 388 dicit
453 357 479 387 se
500 357 625 394 perfecte
646 367 706 387 non
721 359 890 397 intelligere,
908 369 961 389 nec
979 360 1058 389 suum
1072 358 1251 396 Concilium)

193 396 275 431 ςυὸά
291 404 359 425 tunc
374 404 530 426 recurratur
545 395 578 425 ad
600 394 781 427 IntelleSfflm
804 398 837 428 &
858 397 1031 436 Scripturam
1055 398 1203 435 Latinam,
1221 397 1254 427 &

193 434 348 464 secundum
368 433 541 471 Scripturam
563 433 694 464 Latinam
715 434 815 465 debeat
835 436 893 466 talis
916 435 1049 474 Quaestio
1065 435 1111 465 vel
1125 434 1256 466 Contro-

192 472 279 501 versia
302 471 408 501 decidi:
428 474 460 502 δε
484 472 542 502 hoc
561 473 631 503 dicit
653 483 769 512 propter
781 473 1040 512 lEquivocationes
1061 474 1093 504 &
1107 473 1256 505 Sinonima

192 510 355 541 Verborum
371 510 566 547 Gallicorum,

230 548 268 579 Et
278 547 327 578 ista
339 548 437 579 ultima
454 549 496 579 sua
512 549 670 580 Inclinatio.

232 585 305 617 Ideo
326 587 417 625 Rogo
438 587 501 618 Vos
523 595 553 618 ut
575 589 681 626 michi,
700 598 749 626 per
771 588 892 620 vestram
905 589 1046 626 Literam,
1066 588 1254 627 respondeatis

195 624 276 656 Velle
289 625 412 656 vestrum
425 626 588 664 praecisum,
606 626 685 664 super
703 627 860 666 praedietis,
880 627 1017 658 firmative
1038 627 1081 658 vel
1106 629 1252 667 negative,

192 664 250 693 sine
265 662 495 695 Modificatione:
513 666 547 696 &
559 665 678 695 habeam
697 665 821 696 Literam
836 666 956 697 vestram
973 676 1032 697 cras
1046 665 1103 695 Die
1124 666 1253 705 Sabbati,

192 701 276 733 Hora
290 703 442 734 undecima
457 703 502 733 vel
520 703 612 741 quasi,
631 713 679 742 ut,
698 704 840 736 declarato
856 705 931 743 Regi
947 705 983 736 de
1003 704 1098 736 vestro
1120 705 1252 742 Respon-

190 741 238 779 so,
257 741 361 777 possim
376 742 507 772 recedere
517 743 584 772 hinc
595 766 603 778 ,
623 743 656 773 &
670 743 726 773 esse
740 744 895 774 Vobiscum
912 754 970 774 cras
983 743 1018 774 de
1030 744 1104 774 sero:
1125 752 1156 774 ut
1171 743 1252 783 post-

189 789 222 810 ea
241 779 301 810 Die
324 779 502 818 Dominico,
518 782 545 810 in
567 779 641 811 Casu
661 781 830 820 Negationis
865 782 1001 820 poffimus
1024 782 1170 820 recedere,
1184 791 1251 813 nam

191 827 262 886 cugn
277 818 326 848 ista
343 819 518 850 Conditione
528 819 589 849 sum
606 819 762 851 licentiatus
782 821 819 851 ab
837 805 921 860 ipso,
939 822 1010 851 ultra
1029 821 1173 860 dispositus
1193 831 1253 852 non

190 867 220 887 re
242 867 287 887 ire.

230 895 320 932 Rogo
338 905 390 926 vos
413 904 442 926 ut
463 895 498 925 de
513 895 646 932 praedicta
661 896 755 928 Lites-:i
768 897 888 928 habeam
903 896 1046 935 copiam,
1065 897 1180 936 quando
1202 907 1252 930 ero

195 934 371 972 Vobiscum,
390 944 442 972 pro
458 933 577 965 Cautelfi
591 935 663 966 mei.

231 1014 300 1045 Dat.
323 1018 352 1044 in
377 1014 541 1055 Monasterio
564 1016 672 1046 SancJae
697 1020 842 1047 Katerinae
865 1029 883 1046 a
901 1017 940 1047 ud
962 1008 1136 1055 Rotomagu'm
1151 1041 1159 1057 ,
1197 1018 1255 1050 Die

193 1052 330 1091 Veneris,
349 1062 376 1082 ix
405 1052 592 1092 Decembris,
612 1053 695 1086 Hor&
718 1057 816 1094 quinta
837 1059 888 1094 pol
924 1055 1100 1096 Meridiem,
1125 1057 1255 1088 festinan-

192 1099 243 1122 ter.

229 1168 372 1207 Johannes
385 1169 523 1209 Ερξίὲοριις
540 1169 704 1211 Albanenfis
715 1195 725 1211 ,
754 1171 908 1202 Cardinalis
926 1172 957 1202 de
977 1171 1079 1212 Urfinis
1090 1197 1099 1211 ,
1115 1172 1254 1212 Apostoli-

193 1218 228 1237 cae
247 1208 321 1238 Sedis
344 1211 473 1246 Legatus.

226 1285 383 1315 Reverendo
401 1287 500 1322 Patri,
521 1285 676 1324 Illagnificis
695 1287 835 1318 Nobilibus
846 1312 855 1326 ,
880 1287 918 1323 ᾤ’
937 1290 1059 1327 Egregiis
1078 1293 1105 1319 V
1105 1293 1166 1328 iris,
1198 1294 1256 1321 Do-

193 1327 270 1353 minis
293 1324 455 1354 Oratoribus
482 1325 640 1363 Sereniffimi
669 1327 746 1364 Regis
771 1330 912 1366 Framiae,
942 1329 1164 1358 commorantibus
1180 1332 1209 1359 in
1230 1329 1256 1358 le

193 1364 264 1392 Pont
283 1363 314 1392 de
334 1362 463 1401 Larche,
482 1367 587 1393 Amicis
605 1367 667 1393 meis
684 1368 705 1394 C
706 1365 834 1405 ariffimis.

384 1418 395 1427 .

194 1491 303 1523 Litera
331 1487 587 1532 Ambaffiatorum
617 1490 789 1536 Respotfiva
813 1489 857 1524 ad
881 1493 1020 1524 Literam
1035 1493 1255 1540 praecedcntcm.

42 1577 120 1608 Ann.
135 1578 176 1609 D.

72 1618 158 1655 1418.

40 1660 93 1684 An.
110 1660 139 1683 6.

40 1699 75 1722 H.
97 1704 123 1729 5.

39 1736 103 1762 loia.
118 1738 146 1762 B.

258 1575 468 1616 Everendiffime
483 1577 568 1605 Pater
581 1574 620 1611 &
634 1579 750 1607 Domine
763 1575 850 1616 noster
863 1576 1087 1646 Priigstantiffime.

296 1614 477 1645 Omnimoda
490 1613 791 1646 Recommendatione
805 1617 904 1653 praemi
916 1615 961 1654 δὲ,
977 1617 1108 1654 dignetur
1122 1617 1191 1649 scire
1207 1629 1256 1649 ve-

194 1650 247 1682 stra
267 1652 435 1683 Reverenda
457 1652 608 1684 Paternitas
631 1653 724 1693 Qiod
745 1653 847 1685 vestras
871 1654 994 1693 Literas,
1013 1655 1072 1686 heri
1093 1656 1205 1694 scriptas
1227 1658 1256 1688 in

194 1690 375 1722 Monasterio
390 1691 502 1722 Sancitae
517 1691 659 1722 Katerinoe
672 1692 745 1730 apud
762 1693 961 1730 Rotomagum
977 1694 1048 1725 horsi
1061 1694 1171 1734 Qinifi
1211 1695 1255 1726 ost

193 1728 367 1768 Meridiem,
386 1730 460 1761 Tres
471 1729 507 1760 de
522 1729 660 1769 Collegiis
672 1731 774 1762 nostris
794 1740 960 1770 receperunt
981 1734 1010 1763 iu
1031 1733 1152 1765 secunda
1203 1735 1255 1766 ora

189 1768 253 1806 post
268 1769 394 1799 mediam
409 1768 545 1800 Noctem
560 1771 689 1807 proxime
701 1770 812 1808 lapsam.

225 1806 354 1846 Et,quia
368 1807 514 1838 Contenta
526 1808 554 1837 in
567 1808 670 1838 eisdem
680 1808 777 1840 Nobis
788 1809 924 1841 omnibus
939 1809 975 1841 de
990 1810 1165 1842 Ambasfiata
1176 1819 1254 1843 erant

187 1847 444 1883 communicanda,
462 1856 522 1876 non
536 1847 681 1886 potuimus
698 1856 766 1879 tunc
780 1847 1010 1886 Responsionem
1032 1849 1159 1881 nostram
1183 1850 1253 1881 deli-

188 1885 303 1922 berare,
324 1884 369 1915 sed
395 1884 474 1915 Luce
495 1884 586 1916 secuta
607 1886 743 1924 majorem
764 1885 958 1927 diligentiam,
984 1898 1071 1926 quam
1092 1890 1253 1928 potuimus,

188 1923 381 1992 consveniendi
395 1925 538 1963 cepimus,
555 1925 588 1956 &
604 1926 773 1957 unanimiter
788 1926 818 1956 in
832 1925 955 1958 modurn
975 1928 1024 1966 qui
1047 1927 1169 1966 sequitur
1183 1937 1255 1960 con-

169 1989 173 1995 ,
219 1972 235 1993 u
248 1972 336 1993 imus·

175 1962 216 2009 4
228 1987 381 2041 Qantiim
395 2001 429 2033 ad
444 2001 502 2032 hoc
518 2001 598 2040 qnod
610 2004 671 2033 Rex
686 2002 800 2043 Angliae
813 2003 1031 2043 condescendit,
1049 2006 1130 2043 quod
1146 2006 1174 2036 in
1197 2007 1253 2044 eis,

185 2049 254 2079 quae
267 2040 424 2080 redigentur
438 2042 466 2070 in
478 2041 599 2079 scriptis,
618 2041 685 2072 fiant
697 2041 763 2073 duae
783 2042 956 2083 Scripturae,
971 2045 1072 2083 pariter
1091 2043 1251 2082 subscriptae

183 2086 236 2116 per
253 2078 438 2117 Secretarios‚
455 2080 488 2110 δε
500 2079 623 2118 Signatae
637 2080 753 2120 pariter,
769 2081 803 2113 &
817 2083 917 2121 pariter
930 2083 1154 2114 auctenticentur
1169 2082 1252 2120 (Una

186 2119 216 2148 in
240 2118 362 2157 Latino,
389 2118 483 2149 Altera
504 2119 534 2148 in
557 2117 684 2156 Gallico)
709 2120 743 2150 ὅ(
760 2121 860 2158 pariter
879 2120 961 2152 detur
982 2120 1063 2152 Fides
1085 2121 1252 2161 Ambabus3

185 2166 256 2187 cum
270 2156 327 2188 hoc
336 2180 345 2195 ‚
361 2157 440 2195 quod
456 2156 475 2187 fi
488 2156 577 2195 aliqua
589 2157 789 2189 Controversia
801 2161 922 2190 oriretur
937 2169 971 2191 ex
985 2159 1139 2191 Vocabulis
1161 2160 1253 2191 Galli-

186 2196 227 2225 cis
249 2196 325 2234 (quae
345 2195 405 2235 Ipse
424 2195 492 2225 dicit
515 2195 542 2226 se
562 2196 690 2234 perfecie
713 2207 773 2227 non
789 2198 956 2237 intelligere,
975 2208 1028 2229 nec
1042 2198 1122 2229 suurn
1138 2198 1251 2230 Conci-

184 2234 267 2270 lium)
283 2234 364 2273 quod
378 2242 447 2265 tunc
460 2243 615 2265 recurratur
628 2234 662 2265 ad
676 2234 856 2267 Intellestum
868 2239 901 2269 ὃ(
917 2236 1092 2274 Scripturam
1109 2237 1252 2277 Latinam,

184 2273 218 2302 &
236 2272 397 2342 (ζεὲυηᾴἓηι
417 2272 591 2312 Scriptui'am
617 2273 748 2304 Latinam
769 2273 869 2306 debeat
892 2275 950 2306 talis
967 2275 1101 2315 Qiaestio
1119 2275 1251 2308 Contro-

184 2321 259 2342 vera
295 2321 337 2342 ecx
359 2322 382 2342 i:
882 2339 883 2342 ,

220 2349 288 2380 Nos
303 2350 483 2390 intelligimus
507 2350 604 2389 quod,
623 2360 676 2389 pro
690 2360 767 2389 parte
782 2351 895 2390 nostra,
913 2352 984 2383 Nos
998 2352 1147 2384 habeamus
1169 2353 1249 2385 Duas

185 2386 339 2426 Scripturas
353 2389 451 2425 (unam
463 2390 490 2418 in
508 2389 631 2428 Latino,
649 2390 682 2420 &
703 2390 786 2421 aliam
809 2392 838 2422 in
860 2391 988 2429 Gallico)
1012 2392 1045 2423 ὃς
1066 2393 1167 2430 pariter
1188 2397 1249 2423 Rex

186 2426 300 2463 Angliae
315 2427 400 2464 duas,
417 2427 436 2457 si
451 2427 532 2457 velit:

226 2463 263 2494 Et
285 2465 362 2496 dic'lfr
386 2466 582 2503 Responsione
603 2465 673 2496 diffl
692 2466 797 2507 Regis,
820 2468 861 2498 ob
883 2467 1088 2500 Reverentiam
1110 2469 1188 2508 Dei,
1213 2470 1247 2501 &

185 2501 287 2532 vestrae
301 2502 480 2535 Reverendae
494 2503 667 2535 Paternitatis
684 2515 748 2544 quae
765 2515 858 2537 tantos
872 2505 998 2538 Labores
1012 2517 1064 2544 pro
1078 2508 1131 2538 hac
1146 2518 1177 2538 re
1192 2507 1249 2538 sus-

183 2540 284 2578 tinuit,
300 2541 332 2571 &
358 2551 387 2571 ut
404 2542 453 2579 ipsi
468 2542 594 2573 Labores
610 2552 669 2573 non
684 2553 847 2576 remaneant
862 2544 1199 2584 infru&uoli,nichilque
1215 2546 1247 2577 fit

183 2577 265 2616 quod
287 2578 386 2609 Nobis
406 2580 506 2610 debeat
526 2581 676 2619 imputari,
695 2591 914 2620 contentamur3
930 2583 1041 2622 proviso
1062 2584 1159 2623 quod,
1182 2594 1246 2615 ante

183 2617 299 2655 omnia,
317 2617 467 2647 habeamus
487 2620 566 2655 super
585 2619 643 2650 hoc
665 2620 770 2651 Literas
792 2621 861 2652 dicti
882 2621 985 2661 Regis,
1005 2624 1038 2653 δε
1058 2624 1141 2654 etiam
1165 2623 1246 2661 quiid

185 2655 336 2686 habeamus
351 2655 443 2686 Proto
462 2657 586 2686 ationem
599 2657 674 2688 Salvi
691 2658 862 2690 Condufflis
883 2669 968 2697 prout
989 2661 1157 2699 petivimus,
1176 2671 1245 2692 cum

184 2694 399 2733 tempus,quod
412 2698 451 2725 rei
467 2703 493 2726 at
509 2694 545 2725 de
560 2695 717 2734 nostro,sit
735 2697 816 2728 valde
828 2708 915 2735 parvo
930 2707 990 2729 tem
1011 2709 1062 2730 ore
1075 2700 1243 2730 duraturum

184 2741 239 2762 nec
252 2732 391 2764 sufficeret
401 2733 434 2763 ad
449 2733 628 2764 enodandam
643 2735 676 2765 ὃς
692 2735 971 2773 circumspiciendam
1017 2747 1065 2768 em
1086 2747 1144 2769 tam
1164 2747 1246 2777 gran-

182 2770 250 2801 dem
265 2770 298 2801 &
311 2771 458 2803 difficilem
470 2772 538 2803 hinc
552 2771 624 2803 inde.
1149 2796 1155 2800 -

219 2807 421 2840 Reverendam
438 2809 637 2841 Paternitatem
660 2811 784 2844 vestram
805 2812 968 2845 conservare
987 2814 1116 2854 dignetur
1138 2814 1246 2846 Altiffi-

184 2856 247 2878 mus
260 2847 378 2879 feliciter
391 2850 423 2880 &
439 2849 582 2889 longaeve.

36 2938 52 2956 ⁸*
67 2938 119 2965 IX.
208 2932 238 2952 ’*
258 2931 361 2972 Script.
378 2934 406 2963 in
419 2935 504 2963 Ponte
519 2933 551 2963 de
563 2931 679 2964 I’Arche
694 2934 740 2966 die
754 2935 865 2967 decimfi
882 2936 1061 2970 Decembris.

219 3010 370 3039 Reverendi
389 3020 441 3040 ωηο
459 3013 488 3039 in
511 3010 614 3079 ChGJIo
635 3014 718 3041 Patri
739 3012 776 3049 ὠ·
800 3016 916 3044 Domino
930 3015 1015 3055 nostro
1028 3014 1244 3055 Praestantiffimo

168 3047 318 3094 ’Domino
334 3047 476 3078 Cardinali
490 3048 525 3078 de
578 3051 660 3080 riinis.

221 3085 304 3125 Vestri
319 3086 430 3116 humiles
447 3087 658 3126 Ambaffiatores
670 3092 781 3119 Domini
797 3091 879 3131 nostri
895 3091 982 3131 Regis
997 3092 1124 3124 Franciae
1132 3096 1161 3123 in
1172 3095 1245 3123 Pon-

184 3131 211 3153 to
225 3125 256 3154 de
266 3125 383 3156 l'Arche
395 3126 545 3165 extstentes.

448 3273 542 3316 Super
562 3272 763 3315 Controversia
779 3282 959 3305 memorata.

38 3374 114 3403 ‘Asm-
126 3374 158 3404 D
186 3362 288 3424 ME
298 3370 324 3392 M
335 3372 355 3392 o
367 3371 389 3392 R
400 3373 418 3393 A
432 3372 452 3392 Ν
465 3372 485 3393 D
494 3372 517 3393 υ
528 3371 553 3393 Μ
567 3362 641 3402 quod
651 3371 733 3400 nuper
765 3369 793 3394 in
804 3365 951 3406 praefintid
960 3389 969 3404 ,
987 3367 1139 3396 Reverendi
1157 3370 1205 3396 tmi
1216 3370 1246 3396 in

161 3398 167 3405 ”
533 3402 651 3432 Domini
672 3388 827 3434 Cardinalis
840 3405 876 3434 de
890 3405 1003 3435 Ursinis
1012 3428 1021 3443 ,
1035 3409 1107 3434 inter
1121 3408 1245 3435 Commis—

40 3414 144 3479 A114168
179 3440 270 3479 fiirios
279 3400 667 3478 ffll'rsgzzilgtrriie'tuendiffimi
686 3441 807 3472 Domini
825 3442 915 3472 nostri
932 3442 1020 3480 Regis
1035 3442 1073 3477 όν
1088 3443 1246 3482 Ambaffia-

40 3494 104 3523 Μ).-
187 3486 258 3507 tores
279 3477 437 3508 Adversarii
457 3477 495 3507 sui
518 3479 552 3508 de
579 3478 709 3517 Francia,
727 3481 801 3518 apud
813 3483 923 3527 Pontern
939 3481 971 3511 de
985 3481 1116 3519 I'Arche,
1133 3482 1247 3512 admvi-

40 3527 102 3554 Mid-
186 3529 238 3546 cem
265 3515 426 3556 confistentes
447 3516 486 3544 ad
502 3518 687 3546 Trallandum
709 3518 741 3547 de
765 3519 954 3560 Pacificattone
977 3524 1130 3558 Regnorum
1146 3543 1156 3558 ,
1186 3520 1247 3554 &aa

188 3555 309 3595 quiedam
326 3554 515 3594 Controversia
527 3554 583 3592 fuit
600 3564 715 3593 exorta,-
736 3557 862 3586 videlicet
873 3581 883 3596 ,

226 3593 363 3631 *Quomodo
377 3593 500 3622 deberent
514 3595 544 3621 in
560 3595 668 3630 Scriptis
688 3596 770 3631 redigi
792 3597 1028 3634 Appunc‘luanda,
1044 3595 1082 3631 ὠ·
1105 3595 1197 3626 mutuo
1217 3600 1247 3627 in

190 3632 260 3660 dieto
277 3634 354 3661 Pacis
370 3634 484 3668 Negotia
500 3630 699 3668 Concludenda,

226 3669 375 3699 Volentibus
394 3667 583 3708 Commiffizriis
598 3669 714 3708 praeefati
739 3669 860 3700 Domini
876 3672 964 3701 nostri
977 3671 1066 3711 Regis
1079 3683 1128 3710 ea,
1163 3684 1204 3702 uae
1217 3677 1247 3702 in

187 3710 323 3744 Scriptura
343 3708 492 3746 redigerent
505 3707 565 3737 hinc
578 3707 656 3746 inde,
665 3706 768 3746 scribi,
779 3709 867 3746 juxta
887 3712 993 3739 Morem
1008 3713 1117 3748 Regium
1137 3711 1247 3750 plnum,

186 3749 215 3774 in
231 3749 349 3780 Latino,

224 3783 464 3821 Ambciffi'atoribus
488 3782 613 3823 adversae
635 3786 729 3813 Partis
741 3784 831 3823 foliola³
845 3785 1006 3824 instantibus
1022 3785 1095 3827 quod
1104 3791 1133 3817 in
1161 3790 1246 3825 roprio

188 3821 321 3851 wion-:ate
336 3823 439 3852 Gallico
452 3827 554 3853 0711711‘710
570 3823 697 3853 deberent
710 3822 858 3862 hujusmodi
870 3825 1094 3862 Appunbluanda
1133 3840 1137 3847 ‹
1178 3829 1248 3855 Con-

186 3858 313 3888 cludenda
331 3861 461 3899 confiribi.

222 3897 294 3934 Sed,
321 3900 479 3936 perpendens
492 3899 627 3938 praefatur
649 3898 912 3930 Reverendiffimus
934 3900 961 3928 in
991 3897 1110 3930 Christo
1139 3900 1220 3931 Pater
1237 3925 1248 3939 ,

184 3933 245 3968 dvc.
270 3933 344 3974 quod
364 3938 435 3966 dicta
459 3937 616 3969 Altercatio
637 3949 690 3971 non
707 3941 819 3978 potuit,
844 3938 878 3970 de
898 3937 1053 3978 vrrifimili,
1075 3947 1127 3977 per
1149 3941 1248 3971 Partes

1327 362 1385 398 Et,
1395 361 1424 401 fi
1433 361 1518 401 quod,
1534 360 1588 391 ullo
1603 368 1716 400 tempore
1726 364 1832 404 postea,
1850 364 1957 395 dubium
1969 371 2020 394 aut
2029 363 2164 404 obscurum
2185 364 2346 405 resultaret,

1289 405 1356 435 aut,
1372 403 1468 437 quovis
1483 399 1592 439 quaesi'to
1608 400 1706 438 colore,
1722 404 1794 432 inter
1813 405 1909 434 Partes
1952 403 2064 433 aedic‘i'as
2079 402 2157 442 poffit
2179 407 2292 442 exoriri,
2310 403 2346 434 il-

1290 434 1340 464 lud
1345 436 1461 476 semper·
1483 448 1511 467 er
1532 441 1667 468 Latinam
1686 442 1866 479 Scripturam,
1878 442 1909 481 so
1920 452 1964 472 um
1979 439 2018 477 ό
2029 442 2176 472 dumtaxat
2185 466 2195 481 ,
2210 445 2344 481 interpre-

1290 478 1348 503 tari
1360 473 1397 509 &¹
1414 477 1458 506 dec
1469 480 1561 513 arari,
1580 488 1611 506 ac
1622 477 1796 508 determinari·
1808 479 1930 510 deberet:

1327 516 1408 551 Super
1426 525 1476 553 quo
1491 513 1627 553 praefatus
1648 515 1794 547 Dominus
1812 517 1967 549 Cardinalis
1986 517 2079 549 adivit
2087 516 2260 557 praelibatum
2279 521 2344 549 Me-

1287 551 1480 590 tuendiffi'mum
1502 553 1669 584 Dominum
1688 554 1818 586 nostrum
1839 556 1952 596 Regem
1966 581 1976 595 ,
2010 561 2032 587 ‘n
2057 557 2126 587 ando
2140 564 2219 596 penes
2239 559 2345 588 Sereni-

1286 597 1374 658 me
1386 590 1467 657 fi‘fm
1480 592 1626 659 §iligenter
1644 596 1773 632 quatinus
1792 593 1852 624 huic
1869 595 1952 625 medio
1972 607 2018 626 con
2043 595 2170 636 fiendere
2187 595 2346 634 dignaretur

1312 640 1325 658 e
1341 632 1370 658 ia
1382 633 1417 658 Ce
1438 638 1480 660 ltu
1499 641 1528 659 o·

1323 640 1368 697 {t
1379 629 1680 708 praesfhtus'Dominus
1697 670 1792 701 noster
1811 670 1894 709 Rex,
1912 672 1954 701 ad
1970 674 2104 703 Honorem
2124 675 2180 704 Dei
2188 677 2346 713 praecipuae,

1288 705 1325 740 ὠ
1347 707 1575 745 contemplatione
1593 708 1754 748 Sandtffimi
1776 713 1888 739 Domini
1906 721 1937 739 ac
1959 710 2113 740 Cardinalis
2128 711 2266 750 praedic‘li,
2284 725 2344 742 nec—

1288 755 1342 774 non
1351 749 1427 775 tanti
1439 749 1527 785 Boni,
1542 746 1695 788 prescripto
1715 749 1808 778 Medio
1822 748 2000 787 condescendit
2012 747 2063 778 hac
2076 752 2104 779 V
2102 753 2140 778 ice
2152 761 2158 767 ·
2178 761 2235 780 cum
2249 753 2345 781 Prote-

1285 782 1400 821 statione
1416 792 1524 824 tamen,
1541 784 1616 825 quod
1632 787 1673 817 ad
1691 786 1910 828 Confi-quentiam
1934 786 2010 817 trahi
2031 797 2084 817 non
2107 773 2204 818 degeat
2221 792 2251 820 in
2260 788 2344 829 futu-

1289 831 1358 853 rum·

1569 955 1628 985 Pro
1648 956 1812 987 Secretario
1831 956 1944 1002 Reginae
1956 954 2071 988 Siciliae.

1292 1033 1428 1090 REX,
1444 1045 1496 1082 per
1512 1035 1618 1067 Literas
1630 1036 1688 1068 suas
1701 1036 1848 1076 Parentes,
1861 1039 1948 1083 usque
1962 1039 2107 1084 Qartum
2122 1021 2213 1070 Dieni
2224 1039 2348 1086 Januarii
2364 1049 2437 1080 Am„
2448 1050 2489 1082 D,

1286 1109 1321 1139 ae
1339 1074 2075 1156 Prfssfflsss‘ss'oefissiffssmizflffiff‘Zsss’ii‘sssoegissniialegss
2078 1089 2126 1148 ‘¹1¹0’
2140 1079 2349 1148 &533⁰ssss
2359 1091 2468 1157 A¹4}⁸·

1289 1147 1323 1178 ad
1338 1157 1455 1188 praeiens
1476 1151 1660 1191 existentem,
1677 1154 1778 1185 abinde
1798 1154 1832 1184 ad
1853 1139 1997 1192 pr’aefatam
2019 1155 2176 1194 Reginam,
2194 1165 2262 1186 cum
2287 1166 2346 1186 uno
2360 1140 2454 1204 Hibe·

1290 1188 1411 1220 Famulo
1431 1191 1459 1220 in
1484 1190 1632 1221 Comitiva
1652 1191 1716 1230 sua,
1734 1193 1917 1231 transeundo,
1938 1193 1971 1224 &
1991 1193 2093 1225 deinde
2115 1194 2200 1231 usque
2221 1193 2347 1225 Praesen-
2358 1210 2447 1236 Norm,
2465 1208 2490 1235 6,

1290 1229 1357 1258 tiam
1382 1227 1469 1268 Regis
1490 1229 1679 1269 reveniendo,
1694 1241 1727 1263 ac
1747 1231 1864 1270 Equos,
1879 1231 1956 1271 Res,
1973 1231 2070 1272 Bona,
2087 1233 2121 1264 &
2143 1231 2280 1264 Hernefia
2301 1233 2346 1264 sua
2358 1250 2393 1274 H,
2403 1254 2493 1284 πμ,

1290 1277 1567 1344 φιῧτςέκῐιῖίὲυῗοῖηρετ
1583 1308 1663 1346 quod
1674 1308 1724 1347 ipsi
1745 1310 1916 1348 quicquam,
1935 1310 1996 1341 &c-
2015 1309 2148 1349 quodque
2168 1309 2219 1348 ipsi
2239 1309 2349 1341 nullum
2359 1295 2395 1314 m.
2410 1296 2440 1321 4·

1289 1344 1477 1383 Castrorum,
1496 1346 1557 1378 &c.

1327 1382 1360 1413 ln
1374 1385 1467 1422 cujus,
1486 1384 1546 1415 &c.

1365 1421 1473 1462 Teste,
1491 1424 1552 1455 &c.
1570 1433 1617 1456 xv.
1633 1423 1680 1455 die
1693 1424 1874 1458 Decembris.

1969 1467 2024 1495 Per
2040 1464 2122 1505 rjpficm
2138 1467 2242 1504 Regem.

1635 1593 1693 1623 Pro
1715 1592 1813 1637 Cafhn
1829 1590 1865 1624 de
1882 1593 2000 1626 Aurea.

1292 1672 1425 1730 REX,
1440 1684 1490 1712 per
1504 1673 1611 1706 Literas
1625 1674 1683 1706 suas
1697 1675 1844 1714 Parentes,
1862 1687 1911 1715 per
1926 1676 2012 1708 Duos
2026 1675 2142 1707 Menses
2154 1677 2289 1716 proximo
2305 1676 2350 1708 fu-
2361 1686 2439 1717 Anu,
2448 1685 2492 1718 D,-

1369 1722 1448 1744 turos
1465 1713 1622 1750 duraturas,
1640 1714 1755 1753 suscepit
1774 1717 1803 1746 in
1824 1714 1930 1746 salvum
1950 1716 1984 1746 ὃς
2005 1715 2133 1746 securum
2155 1714 2345 1747 ConduEtum
2383 1726 2468 1764 1418.

1286 1750 1386 1790 suum,
1403 1762 1437 1782 ac
1451 1753 1479 1781 in
1494 1752 1709 1784 Proreffionem
1719 1776 1728 1791 ,
1747 1753 1935 1791 Tuitionem,
1947 1755 1981 1785 &
1993 1753 2198 1784 Defensionem
2212 1754 2270 1785 suas
2283 1755 2345 1792 spe·
2356 1767 2409 1792 An,
2425 1767 2454 1793 ⁶,

1286 1789 1383 1829 ciales,
1402 1789 1492 1830 Cafizn
1511 1791 1543 1821 de
1565 1794 1664 1821 Aurea
1683 1791 1719 1823 de
1739 1791 1847 1831 Janua,
1865 1791 2055 1823 Prisonarium
2074 1792 2179 1832 Regis,
2196 1793 2287 1824 versus
2297 1792 2348 1832 Ja-
2358 1807 2394 1831 H.
2409 1812 2438 1839 5,

1286 1838 1372 1859 nuam
1386 1830 1570 1868 transeundo,
1735 1854 1738 1856 -
2358 1844 2445 1869 franc,
2464 1843 2492 1869 6,

1323 1867 1442 1899 Proviso
1455 1868 1563 1907 semper
1577 1868 1658 1907 quod
1673 1869 1750 1900 idern
1766 1868 1855 1908 Casan
1870 1870 1945 1900 bene
1960 1869 2125 1902 &honeste
2145 1868 2172 1899 se
2189 1868 2290 1901 habeat
2311 1870 2346 1902 &
2360 1883 2394 1907 H.
2411 1889 2441 1916 5,
2456 1889 2494 1910 m,

1285 1914 1362 1944 gerat
1383 1916 1447 1946 erga
1462 1907 1575 1947 Regem
1590 1908 1623 1939 &
1640 1907 1784 1946 Populum
1799 1908 1896 1946 suum,
2358 1927 2388 1955 4,

1319 1945 1358 1976 Et
1373 1947 1525 1984 quicquam
1534 1970 1544 1983 ,
1560 1945 1640 1984 quod
1655 1948 1683 1976 in
1697 1946 1783 1986 Regis
1796 1946 2010 1986 Contemptum
2024 1947 2070 1979 vel
2084 1945 2285 1986 Praejudicium
2299 1954 2348 1978 aut

1286 1982 1388 2022 Populi
1402 1985 1439 2015 sui
1456 1984 1626 2023 Datnpnum
1639 1985 1741 2016 cedere
1757 1986 1860 2024 valeat,
1877 1995 1937 2017 non
1948 1993 2114 2025 attemptet,
2128 1994 2176 2017 aut
2191 1987 2283 2018 facere
2302 1985 2348 2018 vel

1283 2023 2056 2132 Zl'el'rglffffrgrgfssggngigstcolffvdjurdoffi’stmonasterium
2083 2061 2220 2105 vicesimo
2252 2063 2348 2101 primo

1317 2110 1343 2132 ie
1389 2110 1469 2133 ecem
1491 2111 1535 2132 ris.

1964 2181 2017 2209 Per
2036 2177 2188 2209 Concilium.

1597 2307 1624 2333 δὲ
1649 2309 1698 2340 De
1711 2309 1849 2340 Licentia
1866 2303 2019 2354 eligendi.
2359 2314 2380 2334 ε
2397 2315 2452 2343 ix.

2362 2355 2426 2381 660.

1284 2392 1420 2452 REX,
1435 2392 1545 2423 dileffls
1561 2391 1611 2422 sibi
1627 2392 1655 2421 in
1671 2389 1791 2422 Christo
1806 2393 1895 2421 Priori
1918 2390 1956 2427 &⁶
1978 2395 2132 2423 Conventui
2153 2391 2288 2422 Abbatiae
2310 2391 2343 2420 de
2357 2390 2432 2420 Ann.
2449 2391 2491 2424 D.

1357 2437 1438 2463 Saint
1453 2430 1592 2472 Lienffroy
1603 2430 1635 2460 de
1650 2429 1679 2460 la
1692 2432 1789 2466 Croix,
1807 2428 1941 2460 Salutem.
2153 2453 2155 2455 .
2380 2430 2466 2469 ¹4¹8·

1319 2471 1362 2502 Ex
1378 2479 1455 2509 parte
1470 2470 1560 2501 vestra
1573 2469 1655 2500 nobis
1671 2468 1713 2499 est
1725 2469 1870 2499 humiliter
1883 2468 2066 2508 supplicatum
2083 2477 2130 2507 ut,
2143 2478 2210 2498 cum
2224 2467 2342 2512 Domus
2356 2472 2408 2497 An.
2424 2472 2452 2497 6.

1279 2509 1370 2540 vestra
1392 2508 1525 2548 praedidlm
1545 2508 1666 2539 Pastoris
1684 2507 1716 2538 sit
1735 2506 1834 2538 solatio
1855 2506 2001 2544 destituta,
2019 2507 2102 2537 alium
2115 2507 2198 2536 vobis
2210 2505 2342 2545 Eligendi
2356 2512 2391 2534 H.
2409 2516 2436 2541 5.

1280 2550 1309 2578 in
1323 2549 1467 2578 Abbatem
1479 2549 1513 2580 &
1527 2546 1676 2577 Pastorem
1691 2545 1814 2585 ejusdem
1830 2545 1887 2575 loci
1900 2544 2060 2576 Licentiam
2076 2545 2159 2575 vobis
2180 2545 2341 2576 concedere
2355 2550 2446 2573 Norm.
2461 2536 2491 2573 ὃ.

1279 2587 1478 2624 dignaremur,
2039 2621 2065 2627 ..
2132 2621 2137 2627 .
2191 2621 2197 2627 ¹
2249 2622 2254 2627 ι
2320 2622 2325 2627 .
2356 2588 2390 2612 H.
2402 2588 2488 2620 5.p.i.

1318 2625 1388 2655 Nos
1413 2624 1560 2662 (Precibus
1579 2622 1677 2653 vestris
1698 2622 1726 2651 in
1747 2621 1799 2652 hac
1819 2629 1895 2660 parte
1919 2620 2108 2652 favorabiliter
2131 2621 2267 2659 incllnati)
2290 2621 2342 2651 Li-
2355 2632 2392 2651 m.
2410 2633 2440 2658 4.

1280 2664 1404 2694 centiam
1425 2663 1500 2693 illam
1520 2661 1622 2700 vobis,
1649 2660 1768 2691 Tenore
1787 2659 1991 2698 Praesentiun'i,
2018 2659 2148 2690 duximus
2166 2659 2342 2691 Conceden-

1279 2701 1486 2770 daffiimdantes
1501 2737 1582 2776 quod
1597 2737 1682 2767 talem
1697 2736 1782 2767 vobis
1795 2735 1900 2774 eligatis
1917 2737 1945 2766 in
1961 2736 2104 2767 Abbatem
2120 2736 2160 2767 Ge
2180 2735 2345 2774 Pastorem,

1279 2779 1329 2817 qui
1343 2777 1412 2808 Deo
1428 2777 1567 2814 devotus,
1586 2775 1701 2806 Domui
1717 2774 1818 2818 vestrae
1833 2774 1978 2819 praedietae
1992 2775 2172 2811 necessarius,
2190 2773 2344 2813 Nobisque

1279 2818 1313 2848 δε
1328 2816 1446 2859 Regnis
1453 2815 1552 2846 nostris
1567 2815 1641 2846 utilis
1655 2815 1687 2846 &
1703 2813 1790 2844 fidelis
1804 2812 1910 2844 existat.
2187 2822 2191 2827 ·

1317 2854 1501 2932 Tgiiecllljelge
1514 2855 1748 2929 igncffixercitufiio
1762 2896 1827 2921 ante
1838 2893 1988 2921 Civitatem
2008 2886 2243 2928 Rothomagensbm
2261 2889 2341 2921 vice-

1281 2932 1353 2964 fimo
1365 2932 1490 2963 secundo
1503 2931 1550 2962 die
1566 2929 1751 2961 Decembris.

1920 3008 1973 3037 Per
1985 3006 2068 3046 ipficm
2081 3010 2185 3045 Regem.

1497 3161 1544 3192 De
1562 3155 1702 3200 Potestate
1718 3155 1763 3189 ad
1775 3159 1932 3205 Homagia
1953 3156 2128 3204 recipienda-

1281 3251 1412 3310 REX,
1429 3250 1570 3282 cariffimo
1589 3250 1809 3290 Consanguineo
1829 3250 1896 3289 suo,
1914 3251 2059 3282 Edmundo
2077 3253 2174 3281 Comiti'
2188 3249 2342 3288 Marchsae,
2357 3263 2432 3295 Ann—
2447 3262 2489 3294 D·

1319 3290 1623 3359 Βέῑιέίξεετξξὶῖἀεᾘαιτε
1636 3329 1670 3360 &
1687 3327 1821 3359 industria
1836 3329 1864 3358 in
1880 3327 2016 3359 Domino
2027 3327 2182 3367 plurimum
2196 3326 2343 3358 confideri·
2355 3302 2464 3368 Asnam}

1282 3375 1323 3397 tes
2358 3383 2386 3406 Η

1318 3389 1364 3436 Ᾰά
1378 3404 1541 3435 Petendum
1556 3406 1588 3436 &
1603 3405 1784 3443 Exigendum
1797 3404 1943 3448 Homagia
1960 3405 1994 3436 &
2013 3404 2163 3448 Fidelitatis
2181 3403 2345 3446 Sacramen-
2355 3388 2441 3447 wid?-

1284 3451 1327 3511 31²
1340 3442 1471 3512 {3333ss
1483 3443 1750 3513 {menimis
1768 3441 2348 3513 sszsszssss'ssseffinszngssslffiezssssa'ssz,‘³352

1284 3492 1378 3557 ²rliient,
1397 3530 1465 3550 cum
1481 3521 1615 3550 omnibus
1630 3521 1663 3551 &
1677 3521 1790 3558 singulis
1802 3521 1853 3551 suis
1867 3518 2022 3557 Capitulis,
2037 3504 2071 3547 ’in
2084 3527 2115 3547 ea
2133 3526 2212 3555 parte
2232 3516 2268 3546 de
2285 3517 2349 3555 jure

1284 3559 1384 3589 debitis
1396 3560 1430 3590 &
1445 3558 1599 3596 consuetis,
2178 3572 2190 3599 ‘.

1319 3596 1434 3634 Ipsaque
1457 3596 1601 3635 Homagia
1621 3597 1655 3627 &
1678 3596 1827 3628 Fidelitatis
1848 3595 2025 3638 Sacramenta
2048 3592 2214 3636 (assumptis-
2227 3601 2277 3630 per
2297 3602 2352 3623 vos

1283 3635 1412 3665 Notariis
1428 3633 1564 3672 Publicis)
1583 3635 1720 3665 Nomine
1735 3634 1835 3666 nostro
1850 3632 2064 3670 Recipiendum
2080 3631 2114 3662 &
2127 3630 2349 3662 Admittendum

1283 3673 1461 3711 personaliter
1477 3674 1513 3702 ab
1527 3673 1629 3703 eisdem
1639 3696 1648 3711 ,
2133 3707 2138 3713 ,

1322 3709 1490 3749 Caeteraque
1507 3711 1698 3750 Faciendum,
1715 3708 1952 3747 Excercendum,
1970 3709 2004 3740 &
2031 3706 2265 3745 Expediendum‚
2283 3717 2350 3747 qua

1283 3750 1312 3778 in
1324 3750 1378 3779 hac
1395 3759 1471 3786 parte
1484 3750 1635 3780 neceffaria
1650 3751 1753 3780 fuerint
1769 3750 1803 3780 &
1819 3748 1969 3784 consueta,

1320 3787 1414 3817 Vobis
1429 3788 1543 3824 plenam
1559 3786 1780 3819 Committimus
1795 3785 1986 3827 Porestarem,

1321 3824 1357 3855 Et
1379 3825 1449 3855 Nos
1470 3826 1506 3856 de
1526 3827 1694 3856 nominibus
1716 3826 1850 3856 omnium
1866 3825 1899 3854 ὃς
1915 3821 2083 3861 lingularum
2094 3821 2295 3862 Personarum,
2310 3823 2347 3854 de

1284 3863 1385 3900 quibus
1409 3864 1566 3902 hujusmodi
1588 3864 1732 3902 Homagia
1753 3865 1786 3895 &
1808 3862 1954 3892 Fidelitatis
1969 3861 2155 3905 *Sacramenta
2169 3863 2347 3900 receperitis,

1283 3902 1332 3932 sub
1349 3901 1449 3940 sigillo
1463 3902 1559 3932 vestro
1574 3902 1707 3932 distinete
1727 3904 1760 3934 &
1773 3902 1869 3939 aperte
1879 3922 1888 3936 ,
1904 3902 2079 3943 certificetis,
2117 3939 2122 3944 ι

1320 3938 1504 3975 Reservanies
1522 3941 1725 3973 nichilominus
1745 3939 1854 3977 semper
1875 3938 1959 3970 nobis
1981 3936 2212 3972 Renovationem
2234 3938 2350 4015 1333ss
