2562 4274
33 217 109 248 Ann.
119 211 160 243 D.

54 262 138 290 1420.

36 298 97 322 Heu.
113 299 139 327 5.

38 570 100 599 wil.

39 620 75 637 m·
97 617 143 643 43-

53 1598 157 1627 Ibidem.

54 1647 90 1665 m.
113 1645 155 1664 ιι.

85 2445 102 2463 ⁶
121 2444 174 2473 lx.

67 2484 133 2521 839.

71 2922 149 2953 Ann.
166 2922 210 2953 D.
223 2914 278 2969 R

95 2970 180 2999 1420.

72 3004 126 3028 An.
144 3010 170 3036 7.

73 3043 108 3066 H.
128 3049 156 3073 5.

73 3077 135 3105 Ibid.
150 3087 187 3106 m.

726 120 840 163 ET
923 119 1193 160 ACTA
1275 118 1758 162 PUBLICA.

213 209 284 240 Nos
298 215 410 246 autem,
427 207 490 238 &c.

254 247 287 278 In
300 248 394 285 cujus,
411 245 471 276 &c.
549 282 555 288 .
689 281 704 287 ..

218 285 307 318 Teste
318 293 352 317 ut
363 285 441 323 supra
451 283 514 313 xxix
527 281 574 313 die
583 279 716 320 Januarn.

815 320 867 349 Per
878 318 959 359 ipfitm
972 322 1080 365 Regem,

418 462 468 494 De
490 459 714 505 Confirmatione
729 469 784 506 pro
806 458 884 492 Bello
908 459 995 492 Loco.

2248 134 2327 175 149

1309 204 1428 236 Notum
1443 205 1560 236 facimus
1575 204 1655 243 quod
1669 205 1753 244 Nos,
1769 204 1871 236 Divini
1885 203 1989 236 Cultfis
2010 213 2194 245 augmentum
2215 205 2319 237 deside·
2334 205 2411 236 Ann.
2428 204 2469 235 D.

1272 244 1391 274 rabiliter
1404 243 1581 279 affeetantes,
1599 243 1738 280 quandam
1752 242 1962 281 Capellaniam,
1981 245 2010 273 in
2023 245 2132 274 honore
2147 243 2320 275 Gloriofiffi-
2359 252 2446 282 1420.

1273 283 1315 311 mi
1329 280 1505 312 Confefforis
1517 281 1591 312 beati
1606 282 1755 318 Ludovici,
1773 283 1905 321 quondam
1918 285 1995 319 Regis
2004 285 2139 320 Franciae,
2158 281 2213 312 Avi
2224 283 2322 320 nostri,
2340 287 2402 310 Hen.
2415 291 2445 317 5.

1272 328 1305 349 ac
1318 329 1371 356 pro
1387 320 1538 350 Parentum
1553 319 1716 349 nostrorum
1726 320 1862 357 ‚Nostrae
1877 321 1910 351 &
1919 324 1963 350 M.
1972 320 2114 359 Cartffimae
2128 320 2260 357 consortis
2276 331 2324 350 no-

1297 367 1333 386 rae
1356 358 1521 388 Animarum
1541 356 1685 388 Remedio
1705 359 1738 388 &
1756 357 1865 395 Salute,
1891 358 2067 396 fundamus,
2083 358 2270 395 ordinamus,
2289 359 2324 390 &

1310 394 1449 426 stituimus
1462 397 1491 426 in
1505 393 1667 426 Cathedrali
1679 394 1803 427 Ecclefia
1816 395 1980 428 Ebroicenfi
1989 419 1999 434 ‚
2013 398 2073 428 &c.

1311 471 1380 502 Nos
1394 479 1505 509 autem,
1523 471 1583 502 δῖε.
1601 469 1720 502 Βίῐεᾶο
1734 472 1816 503 nobis
1829 473 1859 502 in
1870 471 2007 511 Christo,
2025 483 2100 504 nunc
2117 471 2258 511 capellano
2272 475 2327 503 Ca-

1271 509 1397 549 pellaniae
1414 509 1571 548 praedi-stan,
1588 509 1648 540 &c.

189 552 307 610 REX
322 552 485 592 Omnibus,
498 553 560 585 &c.
798 591 803 597 Π
942 590 948 597 ¹
1077 591 1083 597 ι
1106 591 1112 597 .

285 592 298 624 1
308 601 331 623 N
343 602 355 623 s
363 600 381 622 Ρ
391 601 410 624 E
419 600 437 622 x
447 600 459 622 1
467 599 547 622 Μυε
569 589 686 621 Cartam
702 590 816 623 celebris
830 599 975 622 memonae
989 588 1113 622 Domini
1126 589 1239 629 Johan-

187 633 228 660 nis
242 631 375 673 quondam
389 632 465 668 Regis
477 627 606 668 Angliae,
623 629 684 660 &c.

222 707 380 746 Johanm's,
396 705 453 738 Dei
466 705 570 745 gratia,
588 708 648 736 Rex
662 705 792 744 Angliae,
811 707 872 737 &c.
891 705 1024 736 Salutem.

223 749 319 775 Sciatis
334 746 393 774 Nos
409 743 506 784 dediffe
515 767 525 783 ,
538 746 571 776 &
587 744 747 784 Conceffiffi’,
765 744 883 776 Dilecto
897 745 931 776 &
945 743 1033 774 Fideli
1048 742 1146 774 nostro
1157 764 1167 780 ,
1188 743 1242 771 Pe-

189 792 231 814 tro
245 785 276 814 de
288 782 416 814 Pratellis
427 806 436 821 ‚
453 785 514 816 &c.

225 859 271 891 IN
281 869 320 891 sp
330 869 347 891 E
356 869 394 890 XI
403 869 461 892 Μυ
470 869 482 891 s
496 861 582 891 etiam
601 860 739 898 quandam
753 859 869 890 Cariam
883 857 1009 896 praedie'ti
1035 859 1112 887 Petri
1128 857 1159 887 de
1173 858 1246 886 Pra-
1288 849 1404 904 REX
1421 849 1584 888 OmnibUS,
1598 848 1632 879 ad
1647 858 1735 888 qum,
1754 850 1814 880 ἃς.
1831 849 1963 881 Salutem.

189 898 277 937 tellis,
294 899 330 929 de
343 900 376 931 &
388 899 467 937 super
479 898 673 930 Conceffione
684 897 818 935 praedicta
834 897 938 927 factam
949 919 959 934 ,
977 897 1006 926 in
1017 896 1081 927 haec
1096 896 1212 939 verba„

229 938 359 968 Omnibus
372 946 429 968 tam
446 937 642 976 praesentibus,
659 937 746 974 quam
759 936 876 974 futuris,
893 935 927 966 ad
942 944 1014 974 quos
1026 935 1142 975 praesens
1151 933 1247 971 Scrip-

193 986 256 1009 tum
271 977 447 1015 pervenerit,
463 977 561 1005 Petrus
573 973 606 1004 de
619 973 764 1012 Pratellis,
783 974 916 1005 Salutem.
1165 1010 1172 1016 ἢ

229 1018 326 1045 Sciatis
344 1014 423 1052 quod
440 1022 515 1053 ego,
533 1023 585 1051 pro
603 1012 697 1044 Salute
717 1013 832 1043 Animae
850 1021 940 1049 meae,
963 1011 997 1042 &
1015 1010 1103 1042 Patris
1115 1020 1187 1048 mei,
1213 1010 1247 1042 &

195 1053 297 1084 Matris
313 1062 403 1090 meae,
428 1051 462 1082 ὅτ.
482 1051 612 1082 Fratrum
630 1060 784 1088 meorum,
810 1051 844 1081 &
863 1049 1081 1081 Antecessorum
1100 1058 1250 1086 meorum,

1314 548 1403 578 Teste
1417 557 1448 579 ut
1459 548 1538 586 supra
1552 546 1724 579 duodecimo
1739 547 1784 578 die
1799 548 1907 580 Martii.

1910 626 1962 654 Per
1975 625 2056 663 ipficm
2070 628 2172 664 Regem.

1434 767 1483 798 De
1506 764 1731 809 Confirmatione
1748 776 1804 811 pro
1826 762 1947 798 Abbate
1969 764 2005 798 de
2027 768 2189 800 fonteneio.

1384 887 1397 918 I
1407 896 1429 918 Ν
1438 899 1449 919 s
1456 896 1475 918 Ρ
1485 897 1503 919 Ε
1512 897 1530 918 x
1537 897 1549 918 1
1558 896 1586 919 Μ
1594 896 1617 917 u
1628 896 1641 918 s
1654 889 1794 926 quandam
1811 886 1926 919 Cartam
1934 911 1944 926 ,
1963 888 2065 919 inclitae
2081 888 2300 927 recordationis,
2354 865 2416 896 Ibd'

1323 925 1449 957 Domini
1460 929 1499 956 H.
1518 926 1663 965 quondam
1674 928 1750 965 Regis
1765 926 1893 965 Angliae,
1910 925 2099 966 Progenitoris
2112 927 2220 965 nostri,
2234 928 2339 959 faciam

1287 964 1318 995 in
1332 964 1395 997 haec
1409 965 1521 1004 Verba,

1325 1042 1365 1070 H.
1383 1044 1444 1071 Rex
1463 1039 1593 1079 Angliae,
1612 1042 1646 1074 &
1667 1041 1737 1072 Dux
1758 1041 1949 1072 Normanniae
1969 1043 2003 1074 &
2017 1042 2210 1082 Aquitanniae,
2228 1043 2262 1074 δε
2281 1040 2344 1072 Co-

196 1091 269 1122 Dedi
287 1092 320 1122 &
339 1090 451 1129 Conceffi
465 1114 475 1128 ,
496 1090 525 1120 in
544 1099 642 1128 puram
659 1090 692 1120 ὃς
708 1097 869 1134 perpetuam
888 1088 1096 1119 Eleemofimm
1113 1110 1122 1126 ³
1143 1087 1250 1117 Sanctae
1291 1088 1351 1109 mes
1366 1079 1553 1118 Andegaviae,
1569 1080 1749 1119 Justiciariis,
1766 1079 2009 1118 vicecomitibus,
2028 1082 2088 1112 &c.
2108 1081 2241 1112 Salutem.

197 1133 301 1199 ἒξανία
324 1129 356 1160 de
383 1128 460 1158 Bello
477 1130 549 1159 Loco
562 1150 574 1167 ‚
600 1129 633 1160 &
653 1128 808 1160 Canonicis
825 1127 932 1159 ibidem
950 1127 1020 1158 Deo
1037 1127 1226 1159 Servientibus
1240 1147 1252 1163 ,

232 1178 259 1199 c„
427 1185 433 1193 q

234 1242 303 1274 Nos
313 1251 424 1281 autem,
442 1244 503 1275 &c.

235 1281 324 1313 Teste
338 1290 368 1313 ut
383 1282 463 1321 supra
479 1282 596 1313 decimo
610 1281 717 1314 octavo
729 1280 775 1312 die
787 1280 920 1320 januarii.

833 1360 888 1387 Per
899 1356 981 1396 ipsum
995 1357 1099 1394 Regem.

333 1501 382 1533 De
407 1499 633 1544 Confirmatione
646 1508 703 1546 pro
724 1501 822 1532 Domo
845 1500 906 1531 Dei
928 1496 964 1530 de
990 1500 1115 1531 Vernon.

207 1589 325 1646 REX
339 1589 501 1630 Omnibus,
518 1592 579 1623 &c.

305 1629 503 1660 INSPEXIMUS
516 1630 622 1659 Literas
635 1627 765 1659 Patentes
774 1651 784 1667 ,
798 1627 906 1659 Inclitae
919 1628 1136 1665 recordationis,
1153 1626 1263 1658 Domi-

203 1667 234 1736 inni
246 1667 515 1738 ξέέῒξῑὲἔοηάαφη
537 1670 700 1697 Francorum
722 1671 818 1707 Regis,
836 1667 1028 1707 Progenitoris
1052 1666 1158 1704 nostri,
1178 1666 1264 1696 factas

413 1729 423 1745 ³

242 1781 398 1822 Philippus,
416 1781 474 1812 Dei
487 1782 592 1821 gratia,
609 1785 771 1813 Francorum
782 1784 858 1819 Rex,
873 1780 992 1813 Notum
1005 1780 1134 1812 Facimus
1149 1781 1264 1811 univer-

205 1820 238 1851 fis
249 1844 259 1859 ,
276 1829 335 1852 tam
348 1821 549 1859 Praesentibus,
566 1823 652 1859 quam
671 1820 784 1858 futuris,
802 1819 881 1857 quod
895 1819 962 1851 Nos
977 1820 1110 1859 Qatuor
1124 1819 1202 1849 Paria
1218 1820 1265 1850 Li-

206 1867 350 1896 terarum‚
373 1859 479 1889 inclitae
503 1858 721 1896 recordationis,
745 1857 876 1890 carisfimi
901 1857 1044 1896 Domini,
1062 1859 1096 1888 δε
1118 1857 1267 1888 Genitoris

208 1897 298 1968 nostri
309 1921 319 1936 ,
335 1897 471 1927 Ludovt'ci
484 1899 561 1936 Regis
573 1900 736 1928 Francorum
745 1920 756 1937 ,
772 1897 894 1929 vidimus
902 1919 913 1935 ‚
926 1906 1044 1936 quarum
1056 1895 1188 1928 Tenores
1202 1896 1268 1928 tales

222 1946 280 1968 unt.

247 2015 284 2044 In
300 2012 417 2043 Nomine
432 2013 542 2044 Sanciae
558 2011 597 2049 ᾤ’
612 2012 767 2060 Ῑπιζίνὶιίιιιε
780 2014 929 2042 Trinitatis
942 2014 1047 2045 Amen.

248 2089 402 2120 Ludovicus
435 2088 494 2120 Dei
510 2089 613 2129 gratia,
630 2092 792 2119 Francorum
810 2091 890 2126 Rex,
907 2088 1028 2120 Notum
1054 2089 1186 2121 Facimus
1209 2089 1272 2121 uni-

208 2128 308 2165 verfis,
324 2136 382 2158 tam
396 2111 598 2167 Praesentibus,
614 2128 701 2166 quam
717 2127 842 2166 Futuris,
859 2127 938 2166 quod
954 2127 1024 2159 Nos
1036 2152 1046 2167 ,
1063 2128 1152 2162 divini
1178 2129 1272 2160 Amo-

210 2168 247 2197 ris
260 2167 377 2205 intuitu,
395 2167 429 2198 δε
442 2176 494 2204 pro
508 2167 591 2198 salute
606 2166 721 2197 Animae
735 2165 858 2203 nostrae,
872 2176 987 2197 necnon
1002 2168 1035 2198 &
1051 2176 1103 2205 pro
1126 2167 1272 2198 Remedio

211 2205 384 2236 Animarum
393 2228 404 2243 ,
422 2205 526 2236 inclitae
540 2205 759 2243 recordationis,
775 2204 922 2235 Genitoris
935 2205 1023 2236 nostri
1036 2206 1169 2236 Ludovici
1185 2209 1273 2244 Regis,

210 2243 247 2274 &
266 2242 421 2274 Genitricis
435 2243 538 2274 nostrae
554 2242 696 2273 Blanchiae
709 2245 836 2282 Reginae,
855 2244 890 2275 ὅς
910 2243 1031 2276 aliorum
1052 2244 1274 2277 Antecessorum

214 2280 396 2321 nostrorum,
410 2284 511 2312 Domui
525 2285 580 2312 Dei
592 2285 715 2320 Vernon,
732 2281 793 2313 &c.

248 2357 318 2389 Nos
339 2366 452 2397 autem,
472 2358 578 2389 Literas
617 2357 759 2396 raedietas,
776 2367 810 2389 ac
830 2359 947 2396 omnia,
970 2359 1032 2391 &c.
1056 2359 1275 2400 Approbamus,

213 2404 266 2435 ac,
285 2396 407 2429 Dilectis
425 2396 524 2428 Nobis
538 2399 568 2427 in
584 2368 721 2436 ghristo,
738 2407 815 2428 nunc
833 2397 965 2438 Prioriffie
980 2397 1019 2433 ῤ’
1033 2401 1186 2430 Conventus*
1209 2402 1275 2430 Loci

208 2435 350 2474 praedieti,
363 2437 396 2467 ὃς
411 2435 431 2456 ’¹‘
446 2435 658 2467 Successoribus
672 2436 726 2467 suis
738 2438 941 2475 imperpetuum,
955 2436 1074 2468 Tenore
1083 2437 1276 2478 Praesentium,

215 2473 431 2512 concedimus,
449 2475 510 2506 &c.

250 2512 285 2542 In
300 2513 380 2550 cujus
390 2536 400 2551 ‚
417 2514 478 2545 ὅτε.

250 2550 340 2583 Teste
356 2550 444 2590 Rege
457 2559 488 2582 ut
504 2551 582 2589 supra
598 2551 736 2583 vicesimo
747 2551 851 2583 ottavo
867 2550 913 2582 die
929 2551 1080 2583 Februarii.

875 2630 929 2659 Per
943 2628 1025 2668 ipsum
1041 2631 1145 2667 Regem.

271 2773 320 2805 De
343 2773 569 2818 Confirmatione
585 2782 642 2818 pro
665 2769 804 2806 Abbatia
830 2772 935 2804 Saum
957 2771 1160 2819 Wmdrigefili
1183 2771 1220 2805 de

691 2823 802 2853 Rauen.

278 2910 337 2943 EX
350 2911 511 2950 Omnibus,
531 2910 565 2942 ad
578 2921 666 2950 quos,
683 2912 745 2943 &c.
763 2910 896 2942 Salutem.

314 2950 514 2981 Immunes
531 2951 661 2988 quasdam
679 2950 783 2980 Literas
797 2950 941 2986 patentes,
952 2949 1055 2979 inclitae
1068 2948 1281 2989 recordationis,

224 2985 348 3018 Domini
365 2988 496 3027 Philippi,
514 2989 647 3028 quondam
657 2991 779 3019 Franciae
791 2986 830 3023 ὠ·
848 2989 985 3019 Navarre
1001 2991 1095 3026 Regis,
1110 2989 1280 3028 Progenito-

223 3026 259 3056 ris
275 3026 379 3064 nostri,
396 3026 481 3057 factas
497 3028 525 3058 in
539 3028 602 3058 haec
617 3028 721 3065 verba,

259 3101 687 3170 INAN0M1NESANcTAE
711 3112 762 3135 ετ
787 3102 1040 3134 INDIVIDUAE
1060 3102 1281 3134 TRINtTA-

221 3148 289 3170 τις
343 3148 441 3170 ΜΕΝ.

259 3177 408 3217 Philippus,
427 3177 485 3207 Dei
506 3178 611 3222 gratia,
628 3181 749 3210 Franciae
769 3179 807 3215 ὠ
822 3181 967 3210 Navarrae
980 3183 1059 3217 Rex,
1083 3179 1155 3209 inter
1178 3188 1279 3210 caetera

222 3216 367 3248 Virtutum
384 3216 549 3254 Praecoma,
567 3218 667 3255 quibus
683 3218 825 3256 Regalem
839 3218 1042 3249 Excellentiam
1066 3217 1207 3248 condecet
1231 3228 1281 3248 ve-

221 3255 323 3286 nustari
334 3278 344 3294 ,
361 3254 430 3286 illud
444 3254 584 3285 credimus
599 3255 655 3285 esse
672 3265 731 3286 non
748 3258 918 3295 minimum,
937 3257 956 3287 fi
970 3257 1004 3286 ad
1019 3256 1077 3287 Dei
1090 3255 1281 3287 sacrosanctas

222 3294 377 3332 Ecclesias,
396 3293 430 3323 &
445 3294 567 3323 maxime
586 3293 721 3332 religiosas
733 3294 763 3324 in
783 3294 897 3325 suorum
919 3296 1132 3327 conservatione
1149 3294 1280 3334 Jurium,

222 3334 249 3364 se
261 3332 404 3362 liberalem
421 3331 548 3361 exhibeat
561 3332 594 3363 &
613 3332 774 3370 benignam.

258 3370 348 3408 Sane,
367 3378 401 3400 ex
417 3378 493 3408 parte
519 3369 726 3408 Religiosorum
749 3370 901 3408 Virorum,
919 3370 1043 3401 Abbatis
1065 3370 1104 3406 &
1124 3372 1280 3403 Conventus

224 3409 384 3449 Monasterii
400 3409 494 3439 Sandi‘i
509 3408 711 3448 Wzndregifili,
725 3408 949 3447 Rothornagenfi
963 3408 1115 3448 Dioecese,
1132 3411 1193 3441 &c.

258 3485 328 3516 Nos
349 3493 464 3523 autem,
483 3486 544 3517 &e
563 3484 671 3515 dileffis
692 3485 776 3516 nobis
796 3485 825 3515 in
848 3483 986 3523 Christo,
1009 3494 1087 3516 nunc
1109 3486 1218 3516 Abbati
1239 3486 1278 3522 ό·

223 3528 376 3556 Conventui
391 3526 457 3554 Loci
464 3524 606 3562 praedift'i,
623 3523 682 3559 ἅτ.
702 3561 710 3563 A

259 3563 348 3594 Teste
362 3571 392 3594 ut
404 3563 483 3603 supra
498 3563 596 3601 quinto
611 3562 658 3593 die
672 3562 779 3592 Martii.

299 3701 349 3732 De
369 3699 595 3745 Confirmatione
608 3709 662 3745 pro
684 3699 854 3746 Capellania
872 3699 998 3743 Ecclefiae
1018 3697 1206 3743 Ebroicensis.

177 3812 183 3818 .
226 3781 341 3838 REX
352 3784 516 3823 Omnibus,
529 3785 563 3815 ad
582 3794 670 3822 quos,
687 3784 745 3815 ὅτε.
765 3783 899 3814 Salutem.

318 3820 518 3853 INSPEXtMUS
529 3823 668 3860 quandam
687 3822 822 3860 Cartam,
839 3822 956 3852 celebris
972 3823 1138 3859 memoriae,
1154 3822 1280 3852 Ludovi-

226 3860 265 3925 g,
280 3861 493 3926 Registranciae
509 3861 587 3899 Filii,
603 3861 748 3900 quondam
761 3860 885 3892 Comitis
904 3860 1107 3900 Ebroycenfis,
1126 3861 1229 3892 factam
1249 3862 1280 3891 in

248 3906 289 3927 aec
304 3906 353 3928 ver
375 3907 406 3935 a,

262 3972 434 4012 Ludovicus,
452 3975 528 4010 Regis
541 3977 662 4007 Franciae
676 3976 778 4014 Filius,
793 3974 904 4007 Comes
920 3973 1122 4014 Ebroycenfis,
1140 3973 1281 4013 univerfis,

225 4012 389 4051 praesentes,
408 4012 469 4043 &c-
486 4012 619 4044 Salutem.

1330 1116 1474 1148 Concedo
1489 1118 1569 1156 quod
1582 1129 1682 1149 omnes
1696 1118 1757 1149 Res
1769 1118 1898 1149 Abbatiae
1912 1120 1946 1149 &
1963 1119 2159 1150 Monacorum
2179 1120 2216 1150 de
2239 1119 2347 1149 Fonte-

1293 1156 1359 1185 neio
1373 1156 1424 1186 sint
1437 1156 1552 1194 Qietae
1564 1156 1599 1187 de
1611 1157 1756 1194 Passagio,
1772 1156 1963 1195 Theoloueo,
1981 1157 2015 1188 &
2038 1157 2192 1196 Pontagio,
2209 1158 2242 1189 δε
2264 1157 2346 1187 omni

1293 1192 1506 1225 Consuetudine
1515 1217 1526 1232 ,
1543 1204 1592 1232 per
1607 1196 1705 1226 omnia
1721 1194 1880 1227 Dominica
1893 1205 1972 1233 mea,
1987 1197 2047 1226 &c.

1333 1269 1402 1300 Nos
1416 1279 1529 1309 autern,
1547 1270 1607 1301 ὅτε.
1627 1270 1840 1309 Approbamus,
1858 1281 1891 1302 ac
1903 1295 1912 1309 ,
1928 1271 2047 1302 Dilectis
2064 1272 2162 1310 nobis,
2179 1271 2288 1302 Abbati
2310 1270 2348 1307 &⁴

1296 1311 1449 1338 conventui
1462 1311 1529 1338 Loci
1534 1309 1675 1347 praemii,
1689 1309 1750 1340 &c.
1769 1308 1999 1349 Confirmamus,
2016 1311 2075 1341 &c.

1334 1345 1367 1376 In
1382 1348 1478 1385 cujus,
1494 1348 1556 1378 &c.

1335 1384 1425 1416 Teste
1439 1394 1469 1416 ut
1482 1385 1558 1423 supra
1572 1387 1665 1425 primo
1677 1385 1724 1416 die
1736 1384 1845 1416 Martii.

1549 1527 1576 1553 *ξ
1599 1529 1649 1562 De
1674 1526 1861 1571 Restitutione
1884 1529 2118 1575 Temperalium.
2374 1530 2393 1594 ζ
2415 1531 2465 1557 IX.

1306 1611 1424 1667 REX
1440 1611 1606 1660 Omnibus,
1621 1612 1654 1643 ad
1671 1622 1760 1652 quos,
1778 1613 1839 1645 &c.
1858 1613 1991 1646 Salutem.
2377 1578 2449 1635 ΑζἻοῑί-
2467 1603 2506 1634 D·

1402 1650 1499 1681 Sclatls
1513 1651 1593 1689 quod
1603 1673 1613 1689 ,
2397 1652 2483 1681 1420.

1341 1687 1390 1718 De
1411 1688 1508 1719 Gratia
1527 1689 1622 1720 nostra
1646 1689 1754 1727 speciali
1790 1690 1824 1721 &
1846 1698 1877 1721 ut
1898 1690 2039 1721 Divinum
2065 1689 2235 1723 Servitium,
2251 1695 2285 1716 ac
2308 1684 2358 1728 alia
2377 1686 2428 1710 Ao.
2444 1692 2470 1715 7-

1304 1722 1416 1757 Pietatis
1437 1727 1535 1765 Opera
1557 1730 1634 1766 (quae
1653 1732 1684 1757 in
1703 1713 1819 1767 Eccsefia
1839 1730 1934 1758 Sancii
1952 1727 2065 1758 Mellom‘
2087 1728 2119 1757 de
2134 1725 2278 1765 Pontisizra
2299 1723 2357 1753 fieri
2379 1726 2411 1747 H⁴
2432 1729 2461 1756 5·

1304 1762 1423 1796 debeant
1444 1766 1504 1802 plus
1526 1766 1607 1797 solito
1624 1767 1782 1798 accrescant
1801 1768 1834 1798 &
1856 1767 1963 1797 ibidem
1988 1767 2147 1798 laudabilitis
2161 1771 2359 1795 manutenean-
2376 1764 2433 1787 Par.

1305 1812 1351 1834 tur
1365 1805 1397 1835 &
1412 1803 1612 1843 sustineantur,
2380 1802 2469 1825 erm·
2486 1805 2513 1830 7·

1344 1841 1526 1882 Conceffi‘mus,
1543 1843 1662 1874 Dileffls
1677 1842 1791 1881 Nobis,
1808 1847 1948 1874 Canonicis
1965 1842 2003 1878 ὀ·
2019 1846 2047 1873 V
2047 1846 2135 1873 icariis
2148 1839 2270 1881 Ecclefiae
2290 1848 2363 1877 prae-
2382 1840 2414 1863 H·
2430 1844 2456 1871 5-
2472 1842 2495 1871 P-

1306 1881 1386 1910 a'ic‘t'ae
1405 1882 1502 1912 omnia
1522 1881 1721 1920 Temporalia,
1739 1881 1831 1912 eidem
1852 1881 2003 1919 Ecclefiae,
2021 1883 2051 1911 in
2074 1882 2212 1918 Regnum
2231 1877 2363 1909 nostrum
2385 1886 2410 1902 2.
2425 1882 2513 1907 rra-50.

1308 1919 1454 1957 Franciae,
1471 1920 1710 1959 qualitercumque
1723 1922 1889 1957 pertinentia
1905 1920 1961 1951 five
1973 1920 2140 1958 spectantia,
2282 1956 2286 1960 Ι
2346 1953 2351 1959 ,

1347 1957 1502 1996 Habenda,
1519 1960 1548 1989 in
1561 1958 1799 1989 Sustentationem
1813 1959 1913 1990 Divini
1926 1959 2037 1990 Servitii
2057 1968 2091 1989 ac
2115 1958 2235 1988 aliorum
2255 1954 2366 1986 Pietatis

1311 1995 1442 2064 Ojierum
1457 1997 1676 2066 praegicmrum,
1693 1997 1729 2027 de
1742 1996 1836 2028 Dono
1851 1996 1959 2028 nostro.

1365 2044 1383 2063 n
1398 2044 1433 2064 cu
1444 2045 1475 2066 us
1547 2045 1572 2065 c.

1349 2044 1440 2104 Testel
1453 2058 1536 2112 Rege
1550 2072 1624 2112 apud
1639 2072 1761 2112 Castrum
1767 2074 1849 2114 ficum
1864 2074 1895 2104 de
1907 2075 1998 2105 Rouen
2009 2074 2123 2113 Quarto
2140 2072 2186 2103 die
2199 2070 2332 2111 januarii.

1971 2154 2024 2182 Per
2038 2151 2121 2191 ipsum
2137 2153 2240 2187 Regem.

1315 2225 1486 2258 Consimiles
1508 2227 1612 2259 Literae
1631 2228 1666 2260 de
1687 2229 1878 2261 Restitutione
1899 2228 2052 2260 Conceffae
2067 2228 2129 2258 sunt
2143 2228 2232 2256 Priori
2249 2223 2286 2261 ὦ
2301 2226 2370 2255 (50πὲ

1514 2271 1612 2298 ventui
1627 2269 1769 2298 Priorattis
1786 2269 1817 2297 de
1832 2266 2010 2307 Estouseville
2022 2272 2051 2298 in
2065 2266 2167 2297 Caleto.

1319 2400 1531 2446 Confirmatio,
1548 2412 1604 2447 pro
1625 2405 1715 2435 Parte
1733 2403 1826 2434 Ducis
1844 2400 2038 2449 Bnrgundiae,
2064 2400 2192 2433 Foederis
2206 2411 2274 2432 cum
2297 2399 2372 2442 Rege

1363 2449 1479 2496 Angliae
1495 2477 1505 2492 ,
1537 2462 1573 2482 ac
1600 2452 1677 2496 Ligae
1703 2450 1747 2483 ad
1767 2449 1999 2497 profi’quendnm
2025 2449 2208 2495 Delphinum
2242 2449 2278 2485 &⁹
2301 2445 2374 2478 “50⁵

1367 2496 1586 2531 Murdrasores
1606 2511 1696 2545 nuper
1716 2501 1824 2532 Ducis.

1318 2586 1505 2648 PI-Iilgopus,
1523 2591 1592 2618 Dux
1606 2588 1786 2626 Burgundiae,
1805 2587 1913 2618 Comes
1931 2587 1954 2617 F
1955 2586 2067 2617 landrice
2078 2609 2087 2623 ,
2107 2584 2242 2621 Atthefii,
2263 2583 2375 2630 &Bur—
2397 2584 2472 2613 Ano.
2486 2582 2527 2614 D.

1387 2627 1520 2664 gundiae,
1538 2626 1691 2664 Palatinus,
1708 2625 1852 2656 Dominus
1877 2626 1913 2656 de
1936 2626 2052 2662 Salinis,
2070 2628 2103 2655 &
2126 2624 2160 2653 de
2188 2622 2374 2659 Machiliuza,
2416 2633 2502 2661 1420.

1318 2665 1484 2703 Univerfis,
1501 2665 1535 2696 ad
1554 2675 1624 2703 quos
1649 2664 1793 2702 praesentes
1820 2665 1935 2695 Litterae
1963 2664 2158 2702 pervenerint,
2178 2661 2321 2697 Salutem,
2341 2661 2372 2691 &
2397 2667 2445 2690 An.
2467 2672 2493 2697 7.

1319 2704 1422 2735 eisdem
1434 2703 1520 2734 fidem
1539 2703 1685 2733 indubiam
1698 2703 1835 2734 adhibere.
2397 2706 2428 2727 H.
2450 2709 2478 2734 5.

1356 2742 1436 2773 Cum
1451 2742 1561 2781 pridem
1576 2742 1729 2779 (videlicet)
1745 2741 1809 2779 post
1826 2741 1958 2771 Mensem
1971 2739 2144 2777 Septembris
2159 2739 2289 2781 ultimate
2301 2745 2373 2775 prae-
2397 2744 2435 2766 Ex
2451 2741 2512 2772 Aac-y

1319 2782 1450 2819 teritum,
1467 2783 1556 2818 inter,
1575 2779 1786 2810 Sereniffimum
1802 2788 1887 2818 atque
1903 2777 2171 2809 Christianiffimum
2195 2777 2378 2819 Prinmpem,
2395 2786 2457 2814 togr.

1319 2821 1354 2851 &
1369 2818 1634 2850 Metuendiffimum
1658 2817 1839 2855 Dominum,
1856 2819 1890 2849 &
1914 2817 2028 2847 Patrem
2050 2815 2179 2846 nostrum
2187 2837 2204 2858 ,⁴
2215 2815 2377 2845 Dominum

1320 2857 1471 2896 Karolum,
1500 2858 1557 2888 Dei
1579 2856 1684 2896 gratia,
1712 2859 1871 2886 Francorum
1895 2858 2006 2893 Regem,
2032 2864 2085 2891 ac,
2109 2853 2319 2884 Seremffitnum
2344 2852 2378 2882 &

1321 2895 1594 2927 Excellentiffitnum
1611 2896 1788 2932 Principem,
1809 2894 1975 2924 Dominum
1989 2895 2152 2930 Henricom,
2169 2891 2270 2922 eadem
2282 2889 2378 2929 gratia,

1321 2938 1418 2973 Regem
1434 2934 1564 2972 Angliae,
1576 2934 1608 2964 &
1626 2933 1793 2963 Dominum
1806 2932 1970 2969 Hiberniae,
1981 2930 2233 2967 consanguineum
2250 2929 2379 2959 nostrum

1322 2972 1572 3011 proecariffimum,
1590 2973 1623 3003 &
1641 2971 1727 3009 Nos,
1746 2971 1876 3001 nonnulli
1890 2970 2038 3002 TraCtatus
2052 2969 2148 3000 affidui
2160 2969 2245 2998 habiti
2258 2967 2378 3004 fuerint,

1322 3014 1351 3041 in
1369 3011 1504 3048 Negotio
1528 3009 1608 3040 Pacis
1625 3009 1714 3040 finalis
1730 3011 1763 3040 &
1785 3008 1977 3045 Concordiae,
1997 3009 2068 3037 inter
2081 3006 2229 3045 praefatum
2244 3004 2379 3036 Metuen-

1323 3049 1467 3080 diffimum
1490 3049 1654 3079 Dominum
1676 3048 1710 3078 &
1729 3047 1843 3078 Patrem
1863 3046 2010 3084 nostrum,
2031 3045 2195 3076 Dominum
2218 3047 2378 3073 Francorum

1321 3091 1432 3125 Regem,
1450 3088 1483 3117 &
1507 3085 1738 3123 Sereniffimum,
1757 3085 1921 3123 Principem
1941 3087 2036 3122 Regem
2061 3083 2173 3121 Angliae
2192 3081 2379 3119 praedictum,

1323 3136 1356 3157 ac
1377 3126 1471 3174 inclita
1491 3125 1618 3155 Franciae
1642 3126 1675 3157 ὃς
1698 3123 1810 3163 Angliae
1825 3122 1945 3162 Regna,
1960 3123 2073 3154 favente
2088 3122 2236 3158 Domino,
2255 3128 2378 3157 compo-

1324 3174 1426 3195 nenoae

1360 3203 1404 3233 Ac
1419 3186 1448 3233 iri
1464 3201 1566 3232 eisdem
1580 3208 1666 3232 certae
1679 3200 1902 3231 OBLATIONES
1918 3199 1952 3230 δε
1970 3198 2180 3241 Pamnpnsss
2191 3206 2240 3234 per
2255 3194 2378 3226 eundem

1324 3240 1574 3280 Consanguineum
1594 3238 1725 3270 nostrum
1745 3242 1840 3277 Regem
1861 3237 1974 3276 Angli-e
1995 3237 2077 3267 faetae
2092 3238 2211 3272 tuerint,
2229 3244 2311 3273 quas,
2327 3233 2378 3278 sub

1322 3281 1404 3310 certis
1420 3279 1569 3317 Articulis,
1587 3278 1615 3308 in
1631 3278 1733 3308 claram
1748 3277 1923 3316 Scripturam
1938 3275 2060 3306 redactas
2070 3299 2079 3312 ‚
2097 3284 2150 3318 nos
2170 3281 2257 3312 gratas
2278 3272 2378 3303 habui-

1322 3328 1385 3348 mus
1403 3319 1435 3349 &
1450 3326 1576 3355 acceptas
1593 3317 1643 3347 sub
1657 3315 1766 3352 forma,
1785 3317 1885 3347 nostris
1901 3315 2012 3346 Litteris
2028 3313 2203 3350 Potentibus,
2219 3311 2298 3349 super
2317 3310 2375 3340 boc

1323 3357 1479 3394 confectis,
1498 3355 1605 3394 plenius
1619 3353 1783 3394 expressata,
1917 3390 1922 3396 .
2026 3389 2037 3398 Α
2140 3358 2162 3396 ¹,
2176 3389 2181 3394 υ

1359 3395 1540 3433 Velimusque
1560 3394 1592 3424 δε
1617 3392 1792 3423 intendamus
1807 3414 1817 3430 ,
1842 3400 1924 3421 omni
1946 3389 2040 3420 nostra
2063 3388 2258 3431 possibilitate,
2281 3385 2374 3416 nostra

1322 3434 1485 3473 impendere
1509 3431 1713 3463 Sollicitudincs
1736 3431 1769 3461 &
1793 3430 1933 3466 Labores,
1951 3437 1982 3458 ut
2003 3427 2149 3467 praefatum
2172 3426 2251 3470 Pacis
2270 3423 2375 3462 Nego-

1321 3473 1410 3511 tium,
1429 3471 1583 3503 secundum
1599 3470 1821 3500 OBLATIONES
1837 3468 1870 3497 &
1885 3467 2096 3497 PET1T10NES
2108 3465 2232 3503 praedicti
2247 3461 2376 3492 Consan-

1321 3512 1417 3550 guinei
1439 3511 1528 3540 nostri
1549 3512 1624 3546 Regis
1643 3506 1756 3545 Angliae
1776 3505 1959 3543 supradictas,
1975 3505 2090 3535 Exitum
2107 3505 2141 3535 &
2155 3502 2301 3546 Effectum
2318 3501 2375 3530 sor-

1322 3551 1403 3580 tiatur
1418 3557 1566 3586 optatum,
1585 3556 1669 3585 prout
1684 3545 1784 3576 nostris
1799 3543 1940 3582 praedietis
1956 3543 2069 3574 Litteris
2091 3541 2238 3572 innotescit
2258 3538 2374 3570 eviden-

1323 3596 1365 3618 ter
2331 3614 2357 3622 Ν

1362 3610 1453 3664 Qiod
1468 3632 1581 3662 tamen,
1598 3631 1629 3654 ut
1645 3633 1681 3653 eo
1704 3622 1837 3658 celerius,
1853 3620 1968 3658 utilius,
1985 3618 2185 3654 commodius,
2203 3617 2236 3646 &
2252 3614 2373 3644 securius

1321 3663 1397 3695 effici
1412 3663 1517 3700 valeat,
1536 3661 1717 3691 defideramus
1732 3660 1879 3698 praefatum
1893 3658 2143 3697 Consanguineum
2157 3654 2283 3696 nostrum
2304 3655 2372 3696 Aa·

1318 3702 1382 3740 gliae
1396 3705 1490 3738 Regem
1500 3724 1509 3739 ,
1528 3702 1561 3732 ὃς
1578 3701 1637 3730 Nos
1652 3700 1766 3730 Amoris
1783 3700 1817 3730 &
1833 3696 1966 3728 Affetfitus
1987 3696 2096 3733 mutui,
2109 3704 2142 3724 ac
2157 3691 2276 3730 spec1a11s
2290 3690 2372 3721 Ami—

1323 3742 1398 3809 ςίῑΙίίῘε
1414 3739 1580 3770 Foederibus
1596 3740 1721 3769 invicem
1736 3736 1877 3775 copulari,

1396 3789 1427 3808 os

1360 3801 1594 3847 Consideratione
1612 3814 1843 3850 Praemissorum,
1868 3813 1902 3843 δε
1921 3820 1958 3840 eo
1979 3808 2077 3846 quod,
2092 3807 2126 3845 fi,
2144 3813 2282 3837 annuente
2305 3804 2374 3850 Dq-

1325 3857 1406 3886 mino
1448 3855 1539 3885 dietus
1562 3854 1712 3884 Tractatus
1733 3851 1812 3882 Pacis
1830 3850 1898 3880 Fine
1916 3847 2070 3878 desiderato
2091 3844 2292 3888 concludatur,
2321 3853 2379 3875 erit

1322 3904 1371 3931 per
1389 3878 1625 3929 Matmmonium,
1648 3893 1718 3922 inter
1735 3890 1820 3927 ipsum
1836 3884 2044 3917 Sereniffimum
2059 3885 2091 3915 ὃς
2106 3881 2376 3926 Εκςεῐίεοῑιίᾙῐηυω

1322 3933 1503 3970 Principem,
1521 3931 1687 3961 Dominum
1708 3931 1853 3959 Henricum
1873 3923 1985 3967 Angliae
2008 3920 2376 3965 Regem‘Coniangumeum

1322 3970 1451 4002 nostrum
1472 3969 1720 4008 praecariffimum,
1739 3968 1771 3996 &
1794 3961 2003 3994 Illustnsfimam
2022 3959 2197 3995 Dominam,
2216 3958 2375 3989 Dominam

1323 4009 1506 4040 Kathen'nam
1518 4008 1584 4038 dmi
1601 4003 1807 4042 Metuendiffimi
1815 4003 1952 4070 Tpomini,
1968 3996 2007 4033 (θ’
2029 4000 2122 4027 Patris
2144 3997 2242 4036 nostri,
2259 4001 2379 4063 &azzon-n
