2562 4274
206 96 284 133 160

49 176 140 207 Arm.
150 176 191 207 D.
210 181 247 207 mi
270 176 391 217 Epistopi
411 181 478 208 Loci
496 176 585 214 illius,
603 177 696 209 eidem
717 178 853 211 Ecclefiae
866 181 902 212 de
916 179 1056 219 Persona,
1075 181 1169 213 dilesti
1188 182 1272 213 nobis

91 224 174 254 1420.

60 256 122 282 Hm.
141 265 169 291 5.

38 1106 105 1135 thid.

68 1792 127 1833 Η

47 1834 62 1848 ’
83 1834 133 1861 IX.

29 1871 93 1905 867.

28 1910 105 1939 Anii.
119 1908 158 1938 D.

49 1956 133 1987 1420.

25 1990 79 2014 An.
98 1990 124 2014 S.

27 2031 62 2053 H.
86 2035 111 2060 5.

25 2068 115 2093 Norm.
135 2065 164 2092 8.

24 2108 59 2130 H.
72 2110 123 2139 5.p.
137 2114 162 2131 i.

23 2151 60 2169 m.
81 2150 125 2179 33.

211 217 241 246 in
266 215 401 253 Christo,
416 221 511 253 Rogeri
534 216 625 246 Ele&
643 215 835 258 Karliolenfis,
851 228 919 251 tunc
940 219 1077 252 Re&oris
1101 220 1271 252 Parochialis

212 254 348 285 Ecclesia:
377 255 412 285 de
442 254 611 293 Burghclere
641 255 853 295 Wyntoniensis
881 257 1022 290 Dioecesis
1035 283 1045 297 ,
1079 258 1219 290 Bacallarii
1243 261 1273 290 in

211 292 388 336 Theologia,
407 294 576 336 providerit,
592 293 736 332 ipsumque
747 295 778 325 in
793 295 966 335 Episcopum
983 297 1057 328 Loci
1078 297 1148 328 illius
1170 298 1271 335 praefe-

209 340 278 361 cerit
291 331 324 361 ὃς
339 327 500 367 Pastorem,
518 335 586 362 iicut
601 342 650 368 per
667 332 772 363 Literas
786 333 901 366 Bullatas
918 336 999 373 ipsius
1014 336 1140 366 Domini
1155 336 1269 367 Summi

208 368 371 437 Polrthificis,
389 370 474 399 nobis
489 369 555 400 inde
566 370 703 410 diretstas,
719 372 804 402 nobis
818 372 948 412 constat,

282 417 330 444 0⁵:
578 442 581 445 .

241 446 366 489 ,Pro-eo-
384 445 462 482 quod
484 446 553 476 idem
574 445 712 486 Epifiopus
724 449 859 480 omnibus
874 450 907 480 &
925 450 1037 488 singulis
1053 451 1159 489 verbis,
1178 452 1206 481 in
1225 451 1267 481 di-

206 483 260 514 ctis
283 483 380 513 Literis
401 483 512 515 Bullatis
529 488 688 524 contentis,
706 486 803 517 Nobis
822 490 855 520 &
877 488 1004 520 Coronae
1029 489 1132 520 nostrae
1153 490 1266 527 Angliae

205 522 455 566 praejudicialibus,
479 533 579 553 coram
593 525 675 554 nobis
690 525 780 562 palam
796 526 829 557 &
855 527 980 565 expresse
1003 527 1214 567 Renunciavit‚
1233 530 1266 560 &

205 560 314 591 Gratiae
328 560 432 590 nostrae
443 562 585 593 humiliter
600 563 627 593 se
638 564 779 602 submisit,

240 598 376 629 Volent&
390 609 458 629 cum
475 611 510 631 eo
526 602 555 630 in
569 601 620 631 hac
635 610 710 638 parte
723 612 806 639 agere
818 605 954 642 gratiose,

240 637 413 668 Fidelitatem
426 638 502 678 ipfiur
513 639 647 678 Episcopi,
656 639 753 670 Nobis
765 651 817 678 pro
832 641 1052 680 Temporalibus
1063 642 1115 673 suis
1129 642 1264 681 debitam,

202 685 256 715 pro
271 675 379 715 Viginti
396 676 513 715 Solidis,
532 680 614 708 nobis
628 678 722 708 solutis
739 681 766 708 in
784 679 944 718 Hanaperio
961 681 1077 718 nostro,
1103 681 1188 719 usque
1204 680 1263 711 Re-

203 714 295 744 ditum
311 713 441 745 nostrum
457 717 485 745 in
501 716 650 755 Angliam,
670 717 938 759 Respectuavimus,
954 721 987 752 &
1002 719 1185 758 Temporalia
1201 720 1262 758 illa,

201 762 286 791 prout
302 755 388 783 moris
404 753 462 790 est,
479 754 664 786 Restituimus
679 756 787 794 eidem,

238 791 278 822 Et
292 791 356 822 ideo
371 793 422 822 tibi
439 792 623 831 Praecipimus
638 794 716 831 quod
732 794 825 825 eidem
840 796 965 836 Episc'opo
983 796 1169 834 Temporalia
1189 806 1260 834 prze-

199 828 292 869 dicta,
311 840 378 860 cum
394 830 593 870 Perrinentiis,
612 833 640 862 in
665 831 767 862 Balliva
789 842 851 873 tua,
871 836 928 865 line
945 835 1096 872 dilatione,
1114 835 1211 865 liberes
1231 837 1259 865 in

199 867 293 903 forma
307 868 457 906 prcediEh,
477 869 627 908 salvoJure
640 870 794 907 cujussibet.

237 907 326 938 Teste
337 906 484 947 Humfrido
501 910 577 937 Duce
589 908 755 946 Gloucestriae
770 907 900 941 Custode
919 907 1032 949 Angliae
1045 910 1119 950 apud
1133 910 1259 950 Wstmo-

200 945 342 986 nasterium
358 946 473 976 decimo
488 946 606 984 septimo
623 947 670 977 die
687 946 794 978 Martii.

828 1026 882 1055 Per
895 1024 980 1065 ipficm
996 1028 1101 1064 Regem.

152 1107 158 1111 ·
194 1099 310 1157 REX
327 1099 468 1131 Escaetori
482 1099 529 1130 suo
544 1100 572 1130 in
588 1096 735 1132 Comitatu
750 1098 991 1141 Northumbriae,
1007 1102 1141 1134 Salutem.

287 1138 386 1177 Cum,
404 1137 462 1173 &a
480 1140 601 1177 utsupra
614 1139 694 1179 ufique
703 1139 758 1178 ibi,
770 1140 911 1180 debitam,
927 1142 965 1177 ὠ·
979 1150 1043 1172 tunc
1049 1142 1106 1183 fic,
1144 1151 1176 1172 ro
1185 1151 1257 1180 quo·

192 1176 258 1207 dam
281 1177 368 1214 Fine,
394 1176 494 1207 Nobis
521 1177 610 1208 soluto
635 1179 664 1207 in
688 1177 850 1217 Hanaperio
871 1180 990 1218 nostro,
1009 1181 1094 1219 usque
1148 1180 1255 1212 editum

192 1216 324 1247 nostrum
341 1217 369 1246 in
386 1215 540 1255 Angliam,
558 1215 619 1250 &a
636 1215 770 1256 utficpra.

229 1253 316 1286 Teste
331 1262 361 1285 ut
374 1254 462 1292 supra.

853 1296 906 1325 Per
920 1294 1003 1335 ipfiam
1017 1298 1122 1334 Regem.

210 1368 377 1402 Confirnilia
390 1368 490 1402 Brevia
503 1369 661 1409 diriguntur
675 1369 868 1402 Escaetoribus
881 1371 1053 1411 subscriptis,
1070 1371 1119 1404 sub
1134 1371 1233 1404 eadem

591 1409 684 1448 Data,
703 1411 852 1448 videlicet,

227 1487 366 1525 Efiaetori
381 1490 458 1525 Regis
475 1490 504 1517 in
520 1489 591 1516 Com.
611 1484 736 1517 Lincoln.

228 1526 369 1565 Efiaetori
385 1529 461 1563 Regis
476 1529 504 1555 in
519 1529 589 1555 Com.
609 1524 694 1554 Derb.

227 1564 368 1604 Efiaetori
382 1568 461 1602 Regis
474 1567 502 1593 in
518 1567 590 1593 Com.
609 1564 702 1594 Mfdd.

225 1640 265 1672 Et
280 1640 452 1672 Mandatum
467 1639 509 1670 est
525 1639 686 1679 Militibus,
706 1640 767 1672 ὅτε,

471 1765 491 1786 '⁴‘
521 1766 566 1798 De
580 1764 814 1799 Haereditaribus
828 1765 965 1810 conceffis.

184 1850 298 1908 REX
315 1849 478 1888 Omnibus,
495 1850 530 1881 ad
543 1860 634 1890 quos,
651 1851 711 1883 ἃς.
729 1846 864 1883 Salutem.

275 1889 373 1920 Sciatis
396 1890 491 1926 quod,
508 1889 686 1920 Auctoritate
705 1890 801 1921 nostra
820 1890 927 1930 Regia,
944 1891 978 1922 &
1002 1891 1035 1922 ad
1058 1891 1247 1931 Supplicatio-

183 1937 248 1958 nem
265 1928 405 1967 Johannis
420 1930 528 1967 Crespin
544 1929 576 1958 δε
597 1927 697 1958 Thomu
707 1940 741 1958 ιι
757 1932 855 1959 Uxoris
873 1932 942 1967 ejus,
958 1929 1121 1968 Juratorum
1144 1934 1247 1972 Ligeo-

182 1977 246 1997 rum
265 1966 446 2005 nostrorum,
472 1968 508 1996 de
527 1965 625 1996 Gratia
644 1972 693 1997 noi
710 1969 738 1998 ri
758 1968 882 2005 speciali,
911 1968 1048 1999 Dedimus
1064 1971 1096 2000 &
1116 1969 1246 2004 Conces-

184 2006 267 2037 fimus
291 2007 328 2036 eis
347 2003 531 2036 Haereditates
544 2028 554 2042 ,
582 2004 721 2036 Redditus
733 2029 742 2044 ,
770 2007 803 2038 &
822 2005 1008 2038 Poffeffiones
1026 2009 1222 2048 quoscumque
1236 2036 1246 2050 ‚

183 2055 254 2083 quos
274 2044 321 2082 ipsi
338 2052 404 2074 ante
422 2042 552 2074 Primum
572 2042 662 2073 Diem
683 2044 820 2082 Augusti,
840 2045 928 2075 Anno
948 2044 1042 2085 Regni
1061 2047 1148 2078 nostri
1163 2052 1245 2087 qun-

182 2093 213 2115 to
226 2109 235 2121 ,
260 2082 331 2114 infra
357 2081 504 2114 Ducatum
523 2081 652 2112 nostrum
670 2082 861 2114 Normanniae
880 2084 1049 2115 Tenuerunt
1065 2087 1099 2118 ὃς
1118 2087 1246 2119 Poffide-

179 2124 247 2154 bant

218 2146 402 2192 Hi’ani-:rsmos
418 2159 452 2192 &
464 2160 652 2191 ΤΕΝΕΝῡος
674 2158 877 2200 Haereditares,
895 2160 1056 2201 Redditus,
1075 2164 1108 2195 &
1133 2163 1246 2196 Posses-

179 2200 267 2231 siones
285 2200 436 2238 praedic'tos
450 2200 568 2238 praefatis·
584 2199 712 2237 Johanni
730 2201 763 2230 δε
785 2200 886 2230 Thomu
898 2212 948 2239 ιιι),
967 2202 1070 2231 eisdem
1096 2204 1187 2234 modo
1210 2206 1244 2236 &

179 2238 294 2276 forma,
314 2239 415 2274 quibus
437 2238 521 2269 iidem
543 2238 687 2277 Johavmes
707 2239 740 2269 &
764 2239 865 2268 Thomu
877 2251 904 2267 za
921 2250 987 2278 eos,
1004 2250 1068 2271 ante
1079 2241 1155 2272 diem
1171 2253 1244 2281 pne-

177 2277 305 2315 diffi‘tum,
323 2277 494 2308 Tenuerunt
509 2278 542 2308 ὃ(
556 2277 753 2315 Poffidebant,

214 2315 270 2347 Per
295 2316 473 2353 Homagium
496 2316 515 2346 {i
539 2316 571 2346 ὃ(
587 2316 637 2345 ubi
651 2316 769 2346 debetur
783 2315 945 2347 faciendum
959 2340 968 2354 ,
987 2316 1141 2349 secundum
1161 2318 1242 2351 Con—

176 2354 349 2384 suetudinem
372 2354 500 2385 Duc-itus
522 2354 610 2384 nostri
635 2355 778 2392 praediCti,
797 2365 829 2385 ac
855 2355 988 2386 faciendo
1010 2356 1060 2386 alia
1086 2357 1183 2389 Onera
1208 2362 1241 2390 δε

176 2393 294 2423 Servitia
310 2393 375 2422 inde
390 2393 483 2424 debita
498 2394 529 2424 &
545 2393 676 2424 consueta
686 2416 695 2430 ,

214 2430 365 2461 Reservata
385 2431 492 2469 semper
513 2430 611 2461 Nobis
630 2432 662 2461 &
685 2431 853 2462 Haeredibus
874 2431 976 2462 nostris
997 2433 1050 2464 alta
1066 2435 1098 2465 &
1114 2435 1241 2473 suprema

172 2468 302 2508 Justitia,
320 2479 352 2498 ac
366 2471 446 2499 omni
465 2470 519 2499 alio
534 2468 603 2506 Jure
617 2471 694 2507 quod
707 2469 740 2500 ad
758 2469 826 2499 Nos
843 2473 945 2507 porerit
963 2474 1117 2510 pertinere3

214 2506 332 2537 Proviso
352 2507 458 2544 semper
478 2508 554 2544 quod
576 2507 760 2538 Hereditates
777 2531 787 2546 ,
812 2508 970 2547 Redditus,
999 2511 1031 2541 &
1053 2511 1239 2542 Polieffiones

175 2545 302 2583 praediffi
322 2545 367 2575 seu
390 2545 478 2583 aliqua
496 2545 620 2575 Parcella
639 2547 809 2576 eorumdem
829 2571 838 2584 .,

175 2584 266 2614 nostri
288 2584 413 2620 praedicti
428 2608 437 2620 ‚
466 2593 513 2613 aut
530 2584 611 2613 alicui
630 2585 672 2613 alii
693 2584 825 2614 Personre
842 2595 889 2621 per
913 2585 980 2615 Nos
1000 2597 1064 2616 anie
1084 2588 1145 2619 haec
1166 2598 1241 2619 tem—

888 2625 928 2691 s,

174 2670 313 2692 tuSia
364 2671 458 2690 nora
586 2671 687 2697 12,v
853 2673 894 2691 ia
948 2673 1240 2696 norameao—

177 2709 245 2737 mo,
262 2708 308 2729 aut
325 2699 360 2729 de
380 2699 543 2736 Lapidicina
559 2698 603 2728 seu
620 2699 770 2728 Ouarreris
790 2709 878 2736 prope
897 2701 1015 2730 eandem
1036 2701 1063 2731 V
1066 2703 1239 2741 illam,quos

175 2738 211 2769 ad
229 2747 300 2773 opus
320 2737 449 2768 nostrum
467 2737 619 2773 specialiter
634 2726 870 2774 Reservavimus,
886 2748 932 2769 aut
949 2739 986 2769 de
1006 2740 1090 2771 Loco
1109 2742 1153 2772 seu
1173 2742 1241 2780 Spa-

175 2778 217 2807 tio
246 2775 347 2806 Terrae
373 2786 425 2813 pro
452 2774 636 2806 AEdificando
660 2775 760 2806 Nobis
784 2775 893 2806 Palatio
918 2777 988 2808 infra
1006 2778 1160 2810 Civitatem
1185 2791 1238 2811 no-

176 2815 263 2846 stram
281 2814 317 2844 de
336 2814 459 2851 Rouen,
477 2815 533 2845 sive
551 2822 629 2843 exrra
649 2823 736 2852 prope
756 2813 861 2844 Muros
879 2815 1002 2852 ejusdem
1018 2840 1028 2856 ,
1046 2819 1124 2856 juxta
1144 2818 1239 2850 Com-

177 2854 349 2920 posin'Ionem
368 2854 398 2882 in
414 2854 469 2922 ἕξις
488 2861 564 2891 parte
582 2851 687 2883 faciam
703 2862 764 2883 non
785 2851 911 2884 existant.

268 2901 285 2920 n
301 2901 378 2926 cuius
449 2901 474 2921 c.

218 2929 309 2960 Teste
321 2914 403 2968 Reg’e
416 2929 488 2967 apud
500 2927 709 2969 Castrumfimrn
729 2928 888 2968 Rothomagi
912 2931 1049 2964 vicefimo
1074 2936 1169 2973 primo
1192 2935 1239 2967 die

180 2967 296 3008 Martii,
316 2968 403 2999 Anno
420 2968 518 3006 Regni
533 2967 620 2998 nostri
635 2967 749 3000 octavo.

871 2547 907 2577 de
926 2547 1088 2579 Dominico
1110 2550 1240 2581 Ducatus

809 3049 862 3077 Per
877 3047 960 3088 ipficm
976 3051 1082 3086 Regem.

285 3121 454 3155 Confimiles
469 3121 575 3154 Literas
591 3121 678 3162 Regis
691 3123 794 3154 habent
811 3123 973 3163 subscripti,
985 3125 1134 3165 videlicet,

218 3199 353 3230 Gilbertus
367 3203 475 3230 Louvet
494 3198 625 3238 Armiger
640 3200 673 3230 &
690 3202 788 3230 Maria
806 3203 881 3230 Uxor
892 3200 948 3239 ejus
959 3201 1064 3240 Jurati,
1084 3203 1145 3234 &c.

219 3237 363 3277 Johannes
379 3237 487 3267 Martel
498 3237 624 3276 Juratu3,
641 3238 702 3268 δίς.

221 3275 334 3306 Thomas
349 3276 380 3304 de
395 3279 523 3305 Tierroux
532 3276 661 3314 juratus,
681 3277 740 3314 &c.

224 3313 364 3352 'Johannes
380 3317 523 3352 Fourmage
533 3314 660 3352 JuratuS,
679 3316 739 3345 ἃς.

220 3352 334 3383 Thomas
349 3351 459 3389 Parlene
475 3354 610 3390 Armiger
621 3352 748 3390 juratus,
765 3353 825 3384 &c-

222 3391 336 3421 Thomas
351 3392 508 3419 Mai71tai71t
521 3390 648 3429 Juratus,
665 3391 726 3421 &c.

224 3427 390 3459 Guillielmus
402 3427 428 3457 le
446 3431 538 3457 (ἐναγεῖ
551 3428 679 3467 Juratus,
697 3430 758 3460 &c-

223 3471 340 3504 Rogerus
353 3468 422 3495 Peen
440 3466 571 3503 Armiger
585 3467 708 3505 Juratus,
726 3467 788 3498 &c.

223 3505 390 3536 Guillielmus
405 3506 475 3534 Peen
488 3505 618 3543 Armiger
628 3505 739 3542 Juratus
749 3529 758 3543 ,
778 3505 839 3535 δῖε.

224 3543 390 3574 Guillielmus
405 3542 437 3571 de
455 3542 596 3572 Meherent
613 3543 866 3580 ArmigerJuratus
877 3567 886 3581 ‚
904 3544 964 3575 ἃς,

226 3585 324 3612 Petrus
339 3585 460 3611 Dumont
475 3583 507 3612 δε
520 3583 683 3618 Margareta
697 3584 772 3610 Uxor
784 3582 840 3619 ejus
850 3581 954 3621 jurati,
973 3583 1034 3614 &c.

225 3619 361 3650 Nicholaa
371 3620 402 3648 de
420 3622 526 3656 Lignon
539 3619 649 3657 Jurata,
667 3621 728 3649 &c.

227 3658 371 3696 Johannes
385 3658 416 3687 de
429 3661 505 3687 Seint
520 3660 612 3686 Marie
629 3657 762 3693 Armiger
772 3655 882 3693 Juratus
892 3680 901 3695 ,
919 3658 980 3688 &c.

228 3696 371 3735 Johannes
384 3696 408 3726 le
426 3700 490 3726 Sene
509 3696 541 3726 &
558 3694 655 3725 Belota
666 3696 742 3724 Uxor
758 3706 813 3732 ejus
823 3694 927 3734 Jurati,
943 3697 1003 3727 &c.

230 3734 382 3764 Guillielma
396 3734 516 3763 Bourdet
527 3733 620 3771 Jurata
629 3757 639 3771 ,
656 3733 716 3763 &c.

233 3771 362 3808 Julianus
375 3772 498 3802 Gaultier
513 3773 547 3802 &
562 3776 656 3809 Agnes
669 3773 744 3800 Uxor
759 3770 814 3807 ejus
824 3770 931 3808 Jurati,
949 3772 1010 3803 &c.

233 3810 385 3839 Guillielma
400 3812 432 3840 a'e
448 3810 607 3840 condevilla
621 3809 712 3840 Vidua
727 3808 831 3846 lurata,
851 3810 911 3840 &c.

191 3918 212 3959 f
233 3883 428 3959 Coqrvslifnzilesque
442 3889 552 3917 Literax
565 3886 667 3926 Jurati
676 3888 755 3924 Liger·
767 3887 861 3924 Regis,
878 3882 1015 3924 utriusque
1024 3889 1123 3925 Sexus,
1142 3887 1244 3918 habent

207 3931 249 3950 ure
265 3932 292 3950 m
315 3929 373 3951 mli.

669 88 1892 152 CONVENTIONES,LITERAE,

1420 301 1469 333 De
1488 292 1734 344 Co‘nfirmatione,
1753 313 1808 348 pro
1830 301 2059 336 Mercatoribus
2075 306 2257 351 Aquitania.

1305 382 1421 450 RE}
1434 382 1597 422 Omnibus,
1613 385 1654 429 ad
1661 395 1749 423 quos,
1764 387 1826 417 &c.
1843 387 1993 433 Salutem..
2019 427 2024 432 .

1336 462 1339 465 Ι
1412 430 1595 467 memmius
1618 423 1729 467 Literas
1748 424 1879 456 Patentes
1901 426 2025 458 Domini
2045 429 2086 457 H.
2105 436 2188 467 nuper
2202 431 2280 469 Regis
2295 434 2364 462 An-

1298 457 1378 497 gltae,
1397 458 1484 491 Patris
1501 460 1609 500 nostri,
1623 462 1706 492 factas
1721 472 1750 492 in
1765 462 1827 494 haec
1845 466 1947 505 verba,
2287 473 2292 479 '

1339 538 1488 575 Henricus,
1515 537 1571 569 Dei
1591 528 1693 576 gratia,
1717 541 1777 568 Rex
1803 539 1916 578 Angliae
1938 541 1976 577 ὠ·
1997 546 2138 581 Franciae,
2163 544 2197 576 ὃ(
2215 544 2362 578 Dominus

1301 573 1466 643 fflssaniae,
1482 577 1635 616 omnibus,
1650 576 1684 608 ad
1697 587 1769 615 quos
1779 579 1925 616 praesentes
1944 581 2047 613 Literae
2067 584 2263 624 pervenerint,
2282 584 2361 617 Salu-

1337 688 1535 738 Irrsmxrrms
1547 691 1677 737 quasdam
1699 692 1805 723 Literas
1821 692 1952 725 Patentes
1973 694 2097 739 Domini
2116 701 2151 728 R.
2177 709 2266 738 nuper
2284 700 2362 740 Regfs

1299 728 1430 772 Augure,
1449 732 1574 762 becundi
1586 731 1650 770 post
1667 730 1884 771 Conquestum,
1902 732 1988 764 factas
2001 740 2031 763 in
2043 733 2106 766 haec
2122 738 2224 777 verba,

1335 807 1486 849 Ricardus,
1511 806 1567 837 Dei
1588 806 1688 847 gratifi,
1710 810 1770 837 Rex
1797 808 1909 847 Angliae
1930 807 1968 844 ὠ
1992 812 2129 848 Franciae,
2154 812 2187 842 &
2212 812 2358 847 Dominus

1298 842 1466 884 Hiberniae,
1484 847 1634 884 omnibus,
1650 847 1685 877 ad
1705 857 1776 885 quos
1793 848 1940 885 praesentes
1954 848 2057 880 Literae
2073 851 2270 890 pervenerint,
2284 853 2363 885 Salu-

1297 890 1366 912 tem.

1333 920 1458 964 Constat
1480 923 1577 960 nobis,
1595 933 1645 960 per
1667 922 1872 961 inspectionem
1893 924 2069 956 Rotulorum
2092 924 2277 957 Cancellariae
2297 928 2364 959 Do-

1299 961 1368 1001 mini
1382 961 1417 988 Ε.
1434 960 1499 990 Filii
1516 963 1593 998 Regis
1611 963 1739 999 Henrici,
1755 962 1888 1001 quondam
1906 966 1984 1001 Regis
2001 963 2131 1003 Angliae,
2150 966 2168 984 ¹*
2190 965 2360 1003 Progenito-

1298 1007 1333 1026 ris
1356 997 1460 1036 nostri,
1478 999 1556 1037 quod
1575 999 1650 1030 idern
1671 999 1843 1039 Progenitor
1862 1001 1958 1032 noster
1983 1003 2123 1041 quandam
2145 1003 2281 1036 Chartam
2301 1005 2360 1037 fieri

1297 1036 1365 1067 fecit
1379 1037 1409 1066 in
1422 1036 1484 1068 liaec
1499 1038 1599 1075 verba,

1333 1113 1508 1153 Edwardu5‚
1525 1114 1583 1147 Dei
1602 1114 1718 1154 Gratia,
1736 1118 1798 1146 Rex
1814 1115 1926 1154 Angli&
1937 1140 1946 1155 ,
1967 1117 2112 1149 Dominus
2130 1118 2280 1152 Hiberniae
2295 1144 2304 1160 ,
2321 1122 2357 1153 &

1296 1151 1366 1183 Dux
1387 1154 1588 1193 Aquitanniae,
1613 1154 1862 1192 Archiepiscopis,
1887 1155 2048 1196 Episcopis‚
2077 1157 2251 1198 Abbatibus,
2275 1159 2359 1192 Prio-

1295 1193 1389 1230 ribus,
1413 1191 1596 1232 Comiribus,
1621 1193 1793 1231 Batonibus,
1813 1193 1991 1233 justiciariis,
2016 1195 2263 1237 vicecomitibus,
2281 1198 2358 1230 Prae-

1296 1231 1393 1267 politis
1405 1255 1414 1268 ,
1439 1230 1579 1262 Ministris
1594 1256 1604 1270 ,
1631 1233 1665 1263 &
1684 1232 1820 1262 omnibus
1838 1231 1949 1264 Ballivis
1967 1235 2001 1265 &
2023 1233 2164 1266 Fidelibus
2182 1236 2232 1267 suis
2247 1259 2257 1274 ,
2276 1237 2358 1269 Salu-

1295 1277 1363 1299 tem.

1333 1307 1419 1337 Circa
1433 1306 1542 1338 Statum
1556 1308 1719 1346 prosperum
1739 1307 1935 1340 Mercatorum
1951 1310 1987 1340 de
2003 1309 2118 1342 Ducatu
2135 1312 2233 1342 nostro
2255 1313 2357 1351 praedi-

1294 1345 1363 1383 ἂο,
1389 1356 1441 1376 nos
1463 1349 1603 1384 praecipua
1626 1346 1703 1377 Cura
1723 1347 1838 1378 solicitat
1860 1349 1976 1386 qualiter
1996 1349 2046 1379 iub
2069 1349 2167 1381 nostro
2192 1351 2358 1391 Dominio,

1292 1384 1516 1422 Tranquillitatis
1536 1387 1569 1416 &
1593 1386 1683 1424 plena:
1701 1385 1860 1417 Securitatis
1880 1385 2046 1418 Immunitas
2067 1390 2171 1420 eisdem
2185 1389 2356 1422 Mercatori-

1293 1422 1361 1458 bus,
1379 1423 1477 1454 futuris
1492 1425 1684 1462 temporibus,
1704 1435 1886 1463 praeparetur,

1333 1461 1380 1491 Ut
1399 1463 1491 1499 itaque
1510 1471 1575 1493 vota
1591 1463 1714 1501 ipsorum
1731 1487 1740 1501 ,
1766 1463 1799 1493 ad
1818 1463 1913 1494 nostra
1933 1465 1966 1495 &
1984 1463 2077 1504 Regni
2101 1464 2188 1496 nostri
2211 1467 2330 1499 Servitia
2342 1489 2354 1507 ,

1291 1499 1403 1530 uberius
1421 1510 1654 1539 augmententur,
1681 1501 1803 1541 ipsorum
1824 1501 2007 1532 Petitionibus
2025 1503 2212 1535 favorabiliter
2229 1516 2354 1537 annuen-

1291 1545 1332 1567 tes
1351 1561 1359 1576 ,
1389 1548 1440 1576 pro
1463 1540 1540 1569 Statu
1568 1539 1736 1570 eorumdem
1763 1540 1871 1577 plenius
1889 1541 2072 1572 assecurando
2091 1564 2101 1580 ,
2128 1544 2156 1572 in
2175 1543 2265 1574 forma
2285 1555 2351 1583 quae

1292 1575 1411 1613 sequitur
1429 1576 1560 1606 duximus
1578 1578 1607 1607 O
1617 1587 1640 1608 R
1651 1586 1672 1607 i)
1681 1587 1693 1607 1
1705 1587 1726 1608 N
1739 1588 1759 1608 A
1769 1587 1790 1608 N
1800 1587 1821 1608 D
1830 1587 1853 1609 u
1865 1587 1892 1609 M
1909 1602 1919 1617 ,
1946 1579 1979 1609 &
1997 1580 2100 1610 eisdem
2119 1580 2331 1614 Mercatoribus
2340 1607 2351 1622 ,

1291 1624 1343 1651 pro
1363 1615 1479 1652 Nobis,
1499 1618 1531 1647 δε
1548 1615 1717 1647 Haeredibus
1736 1616 1857 1656 nostris,
1881 1615 2220 1651 IMPERPETUUM
2242 1620 2351 1653 Con-

1290 1662 1307 1682 c
1317 1661 1335 1682 Ε
1348 1661 1369 1682 D
1379 1662 1395 1683 i:
1409 1662 1429 1683 N
1440 1662 1460 1683 D
1470 1662 1491 1683 U
1503 1663 1530 1685 M
1540 1678 1548 1692 ,

1325 1730 1370 1764 IN
1395 1743 1445 1766 PR
1458 1744 1468 1765 1
1479 1743 1525 1765 Mi
1538 1744 1568 1774 s,
1589 1733 1737 1772 videlicet,
1754 1733 1832 1773 quod
1847 1743 1948 1765 omnes
1964 1730 2142 1766 Mercatores
2158 1733 2293 1768 Vinetarii
2313 1738 2350 1772 de

1289 1771 1404 1803 Ducatu
1426 1774 1581 1813 praedifto,
1599 1773 1673 1805 salvo
1696 1774 1729 1804 &
1747 1774 1860 1811 secure,
1878 1774 1928 1804 sub
1948 1772 2089 1804 Tuitione
2113 1773 2145 1804 δε
2167 1774 2351 1808 Ρῐοῑεᾶἰοηε

1288 1811 1400 1850 nostra,
1420 1814 1449 1842 in
1464 1813 1574 1843 dietum
1591 1810 1726 1851 Regnum
1740 1812 1872 1843 nostrum
1891 1811 2021 1850 Angliae,
2039 1812 2072 1842 &
2092 1812 2196 1850 ubique
2209 1813 2279 1845 infra
2292 1814 2352 1846 Po-

1288 1849 1414 1881 testitem
1431 1851 1575 1890 nostram,
1594 1853 1704 1882 veniant
1719 1860 1787 1882 cum
1801 1850 1880 1882 Vinis
1896 1852 1929 1883 &
1952 1850 2136 1881 Mercandisls
2156 1851 2213 1882 aliis
2234 1853 2352 1891 quibus-

1289 1898 1357 1919 cum
1382 1899 1432 1919 ue:

1327 1899 1476 1967 inodque
1494 1928 1561 1960 infra
1580 1928 1655 1959 idem
1673 1927 1809 1968 Regnum
1824 1928 1856 1959 &
1873 1927 2046 1958 Potestatem
2061 1927 2205 1966 nostram,
2222 1929 2251 1959 in
2267 1928 2353 1961 Civi-

1289 1967 1408 2004 tatibus,
1427 1966 1542 2005 Burgis,
1562 1967 1595 1998 &
1612 1967 1692 1998 Villis
1707 1967 1904 2005 Mercatoriis,
1924 1966 2024 2004 poffint
2042 1966 2169 1997 Mercari
2187 1968 2215 1997 in
2229 1967 2351 2008 Grosso,

1289 2012 1347 2034 tam
1362 2015 1430 2035 cum
1446 2005 1584 2044 indigenis
1597 2005 1641 2035 seu
1656 2005 1759 2036 Incolis
1774 2005 1899 2044 ejusdem
1908 2005 2118 2044 Regni,quam
2127 2015 2195 2037 curn
2204 2006 2350 2046 Alienige-

1288 2044 1347 2080 nis,
1364 2043 1525 2082 Exrraneis‚
1546 2044 1591 2074 vel
1604 2043 1735 2074 Privatis:

1333 2081 1370 2112 Et
1395 2083 1474 2120 quod
1498 2082 1687 2113 Mercandisas
1712 2083 1768 2113 suas
1783 2107 1793 2121 ,
1826 2092 1892 2120 quas
1918 2081 1989 2120 ipsos
2007 2081 2041 2113 ad
2059 2082 2135 2113 idem
2155 2082 2291 2123 Regnum
2312 2084 2348 2116 <Sc

1288 2119 1462 2152 Potestatem
1481 2120 1607 2152 nostram
1623 2121 1762 2152 adducere
1775 2144 1784 2160 ,
1807 2120 1852 2152 seu
1870 2121 1940 2151 infra
1956 2121 2065 2151 dietum
2082 2120 2221 2159 Regnum
2238 2123 2272 2154 &
2288 2121 2350 2153 Po-

1287 2158 1415 2190 testaiem
1438 2159 1563 2190 nostram
1589 2165 1684 2191 emere
1699 2183 1709 2199 ,
1736 2161 1781 2190 vel
1804 2159 1867 2190 alias
1881 2160 2025 2197 adquirere
2042 2161 2219 2198 contigerit,
2244 2159 2350 2198 poffint

1286 2208 1345 2236 quo
1370 2198 1508 2230 voluerint
1521 2222 1531 2237 ,
1558 2208 1614 2229 tarn
1645 2198 1715 2229 infra
1736 2198 1877 2235 Regnum
1895 2198 1929 2229 ὃς
1945 2197 2116 2229 P0testatem
2133 2198 2257 2230 nostram
2275 2209 2348 2237 prae-

1285 2237 1377 2274 dieta,
1396 2247 1481 2276 quarn
1500 2239 1583 2267 etiam
1601 2246 1694 2274 extra,
1710 2237 1815 2268 ducere
1834 2237 1878 2267 seu
1900 2245 2010 2274 portare
2029 2237 2133 2276 facere,
2158 2238 2192 2268 &
2210 2238 2285 2268 suam
2303 2238 2348 2269 in-

1284 2276 1320 2306 de
1337 2276 1428 2306 facere
1444 2276 1645 2307 Voluntitem·
1668 2275 1804 2306 solvendo
1823 2274 2048 2306 Consuetudines
2067 2285 2134 2314 quas
2149 2275 2309 2307 debebunt:

1321 2313 1453 2353 Exceptis
1467 2314 1610 2345 dumtaxat
1624 2300 1722 2352 Vinis,
1742 2323 1822 2351 quae,
1840 2323 1915 2344 extra
1939 2314 2015 2344 idem
2039 2313 2172 2353 Regnum
2195 2315 2239 2344 seu
2263 2314 2350 2346 Pote-

1285 2352 1383 2383 statem
1407 2353 1549 2421 nostbain,
1567 2354 1649 2392 ipsis,
1665 2353 1722 2383 sine
1744 2352 1899 2384 Voluntate
1923 2352 2036 2391 nostra,
2062 2353 2167 2384 ducere
2189 2363 2249 2384 non
2268 2353 2349 2386 liceat

1307 2402 1344 2421 uo
1367 2402 1405 2422 uo
1420 2402 1471 2422 nio
1490 2403 1520 2422 o.

1285 2402 1304 2430 q
1319 2402 1426 2468 hqssiu,
1444 2431 1523 2469 quod
1543 2430 1611 2461 dieti
1631 2429 1806 2461 Mercatores
1831 2429 1985 2468 Vinetarii,
2003 2428 2040 2461 de
2062 2429 2142 2461 dicto
2165 2429 2300 2471 Ducatu,
2314 2429 2345 2460 in

1284 2467 1454 2499 Civitatibus
1473 2470 1505 2499 δε
1533 2468 1612 2499 Villis
1636 2469 1792 2507 praediCtis,
1817 2479 1868 2506 pro
1887 2467 2041 2498 Voluntate
2061 2469 2123 2506 sua,
2139 2469 2276 2505 hospitare
2297 2477 2346 2498 va-

1283 2506 1357 2538 leant
1372 2509 1404 2538 &
1420 2509 1541 2545 morari,
1560 2517 1628 2538 cum
1643 2507 1727 2538 Bonis
1738 2507 1805 2545 suis,
1819 2507 1852 2537 ad
1866 2515 1976 2546 gratum
1998 2506 2121 2544 ipsorum
2143 2514 2264 2544 quorum
2284 2504 2345 2538 fu&

1282 2546 1335 2575 rint
1352 2546 1480 2583 Hospitia
1495 2546 1551 2576 sive
1566 2546 1691 2576 Domus.

1319 2583 1392 2614 Iri:
1402 2592 1430 2614 Μ
1441 2607 1450 2621 ,
1469 2586 1547 2622 quod
1570 2584 1686 2621 quilibet
1711 2583 1884 2614 Contractus
1895 2605 1905 2620 ,
1922 2591 1972 2620 per
1993 2581 2067 2620 ipsos
2081 2581 2259 2620 Vinetarios,
2274 2592 2343 2615 cum

1281 2623 1505 2660 quibuscumque
1519 2621 1664 2659 PersoniS,
1682 2622 1883 2659 undecumque
1904 2620 2021 2658 fuerint,
2038 2621 2120 2651 initus
2140 2621 2176 2650 de
2197 2621 2346 2651 omnimo-

1281 2661 1321 2690 dis
1341 2660 1562 2699 Merchandilis,
1578 2659 1674 2690 firmus
1689 2660 1720 2689 fit
1735 2663 1768 2690 ἐξ
1786 2659 1905 2697 stabilis3
1924 2659 1960 2688 ita
1977 2657 2054 2696 quod
2080 2668 2177 2689 neuter
2197 2658 2348 2690 Mercato—

1279 2707 1342 2728 rum
1363 2697 1555 2729 Contractum
1573 2697 1653 2727 illum
1676 2697 1759 2734 possit
1784 2698 1930 2735 dedicere,
1950 2696 1996 2727 seu
2019 2697 2054 2726 ab
2076 2697 2180 2727 eodem
2195 2697 2346 2737 recedere,

1278 2736 1431 2774 postquam
1452 2736 1635 2768 DENARius
1655 2735 1806 2771 D1312inter
1815 2735 2022 2767 Contrahentes
2036 2734 2126 2766 Datus
2140 2735 2223 2766 fuerit
2237 2735 2342 2768 &Re-

1281 2785 1315 2805 ce
1337 2784 1397 2805 tus:

1316 2786 1370 2852 fit,
1391 2814 1409 2844 si
1428 2814 1517 2844 forsan
1533 2836 1543 2852 ,
1557 2815 1638 2853 super
1655 2813 1817 2845 Contracta
1837 2811 2020 2851 hujusmodi,
2039 2811 2221 2857 contentio,
2231 2813 2344 2852 oriatur,

1280 2851 1327 2883 fiat
1346 2853 1413 2883 inde
1431 2853 1566 2883 Probatio
1582 2878 1591 2891 ‚
1621 2852 1775 2884 secundum
1794 2852 1854 2883 usus
1873 2852 1906 2882 &
1932 2850 2342 2894 Coniuetudinemieriarum

1280 2892 1314 2922 &
1334 2891 1488 2928 Villarum,
1509 2893 1555 2922 ubi
1569 2891 1678 2922 dictum
1696 2889 1887 2921 Contractum
1904 2889 1962 2920 fieri
1975 2889 2123 2926 contigerit
2138 2890 2170 2919 ὃς
2184 2890 2246 2919 iniri

1316 2929 1360 2960 I'r
1371 2939 1387 2959 Ε
1399 2939 1428 2966 M
1437 2956 1445 2966 ,
1465 2930 1647 2962 Remittimus
1661 2931 1693 2961 &
1715 2930 1882 2967 Qiietamus
1898 2928 1978 2957 dietis
1991 2925 2197 2958 Mercatoribus
2211 2927 2246 2957 de
2262 2929 2343 2959 dieto

1280 2967 1395 2999 Ducatu
1410 2970 1484 2999 illain
1500 2968 1603 2999 Prilam
1619 2971 1764 3006 antiquam
1777 2966 1812 2996 de
1829 2966 1949 2996 Duobus
1973 2964 2068 2995 Doliis
2091 2964 2179 3003 Vini,
2197 2975 2282 3003 quam
2304 2967 2345 2998 de

1280 3008 1402 3044 qualibet
1417 3007 1520 3043 Nive,
1542 3006 1568 3037 V
1571 3009 1621 3037 inis
1639 3005 1780 3041 Carcata,
1798 3005 1868 3034 insra
1885 3003 2018 3042 Regnum
2034 3003 2079 3033 seu
2096 3003 2266 3034 Potestatern
2288 3015 2342 3035 no-

1281 3045 1366 3076 stram
1389 3047 1545 3084 applicante
1565 3050 1683 3083 (unum,
1701 3043 1849 3080 videlicet,
1866 3051 1928 3072 ante
1952 3042 2080 3079 Malum,
2099 3042 2131 3073 δε
2150 3042 2223 3073 aliud
2250 3044 2341 3081 retro)

1280 3094 1313 3115 ca
1333 3095 1378 3115 ere
1393 3085 1609 3115 consuevimus:

1342 3131 1594 3154 ROMITTENTsss
1606 3144 1615 3159 ,
1634 3119 1742 3157 insuper
1753 3142 1763 3157 ,
1782 3117 1943 3157 eisdemque
1959 3117 2169 3149 Mercatoribus
2179 3142 2188 3155 ,
2203 3129 2256 3157 pro
2270 3119 2342 3151 No-

1280 3162 1341 3200 bis,
1360 3163 1393 3192 &
1411 3161 1579 3192 Haeredibus
1593 3158 1694 3189 nostris
1710 3157 1966 3188 IMPERPETUUM
1987 3156 2240 3189 CONcEDENTEs
2259 3159 2340 3197 quod

1302 3200 1444 3230 raedidlam
1457 3199 1578 3236 Prisam,
1597 3197 1642 3227 vel
1656 3206 1867 3235 quamcumque
1880 3196 1960 3226 aliam
1970 3219 1980 3233 ,
1998 3196 2140 3226 Vinorum
2154 3196 2201 3226 vel
2218 3196 2338 3228 aliorum

1302 3237 1542 3268 ‹iercimoniorum
1559 3237 1690 3273 suorum,
1710 3245 1758 3273 per
1773 3245 1840 3271 nos,
1859 3234 1903 3265 vel
1926 3234 2028 3271 alium,
2049 3234 2094 3264 seu
2114 3234 2198 3273 alios,
2217 3245 2269 3272 pro
2290 3236 2340 3266 ali-

1280 3286 1333 3313 qua
1349 3275 1521 3306 Neceffitate
1534 3275 1579 3306 seu
1593 3274 1682 3312 Casu,
1701 3274 1873 3310 nullatenus,
1890 3281 1988 3303 contra
2005 3272 2190 3304 Voluntatem
2213 3274 2338 3314 ipsorum

1281 3314 1494 3352 Mercatorum,
1512 3314 1548 3344 de
1562 3322 1667 3344 caetero
1682 3312 1833 3350 faciemus,
1851 3321 1905 3342 nec
1920 3311 1978 3341 fieri
1993 3312 2145 3350 patiemur,
2161 3312 2262 3350 absque
2284 3311 2339 3342 So-

1280 3353 1406 3390 lutione,
1424 3352 1533 3390 statim,
1546 3353 1624 3391 juxta
1646 3351 1799 3388 Precium,
1818 3360 1870 3388 pro
1892 3359 1950 3387 quo
1971 3349 2041 3380 dieti
2063 3348 2238 3393 Mercatores
2262 3349 2337 3393 Vina

1280 3391 1314 3421 &
1333 3392 1382 3421 alia
1408 3389 1600 3421 Mercimonia
1619 3389 1742 3420 vendent
1763 3389 1837 3425 aliis,
1856 3387 1999 3424 facienda,
2016 3387 2061 3418 vel
2075 3387 2127 3417 alia
2146 3387 2339 3418 Satisfaffione

1281 3430 1318 3459 de
1331 3439 1387 3467 qua
1401 3438 1529 3466 reputent
1541 3430 1567 3460 se
1579 3437 1746 3465 contentos,
1765 3429 1803 3457 ita
1815 3426 1891 3465 quod
1901 3449 1911 3464 ,
1929 3426 2009 3463 super
2027 3425 2105 3456 Vinis
2121 3425 2166 3455 vel
2178 3425 2234 3455 aliis
2256 3424 2340 3469 Mer-

1282 3467 1413 3498 cimoniis
1432 3467 1572 3505 ipsorum,
1591 3477 1639 3504 per
1658 3466 1742 3505 Nos,
1768 3466 1811 3496 vel
1835 3464 1985 3496 Ministros
2004 3463 2132 3501 nostros,
2157 3463 2338 3501 Appreciauo

1283 3506 1328 3537 vel
1344 3505 1512 3536 AEstimatio
1527 3516 1587 3536 non
1600 3514 1750 3542 ponantur.
2316 3541 2322 3546 .

1320 3543 1448 3582 ITEM,
1465 3544 1544 3581 quod
1558 3544 1593 3574 de
1609 3543 1735 3581 quolibet
1755 3541 1847 3572 Dolio
1868 3541 1935 3572 Vini
1954 3539 2209 3582 Gaugeat0,1ficut
2228 3538 2338 3571 Vendi—

1282 3591 1329 3613 toi·
1350 3583 1418 3614 Vini
1440 3582 1516 3619 quod
1539 3582 1574 3612 de
1595 3582 1743 3620 Gaugeato
1766 3580 1883 3611 defuerit
1904 3578 2026 3616 supplere
2045 3578 2182 3619 tenebitur
2199 3600 2209 3616 ‚
2234 3578 2272 3609 sic
2295 3581 2336 3609 ei-

1281 3620 1367 3660 dem,
1384 3630 1432 3658 per
1455 3620 1645 3659 Emprorem,
1662 3621 1698 3651 de
1717 3630 1754 3650 eo
1773 3618 1849 3657 quod
1871 3617 1943 3647 ultro
1960 3614 2137 3660 Gaugeatum
2152 3616 2335 3660 iup'erfuerit,

1280 3660 1358 3697 juitta
1372 3660 1508 3696 praecium
1524 3659 1557 3689 ad
1571 3659 1648 3697 quod
1665 3658 1786 3688 Dolium
1803 3656 1871 3686 Vini
1883 3653 2031 3685 venditum
2043 3653 2144 3691 fuerit,
2159 3654 2272 3686 satisfiat.

1319 3695 1366 3726 Ιτ
1379 3706 1396 3727 E
1409 3704 1454 3733 M,
1472 3697 1566 3734 quod,
1585 3698 1797 3735 quamprimum
1816 3693 1932 3730 Naves,
1946 3700 2016 3735 curn
2041 3692 2122 3734 novis
2143 3691 2241 3731 Vinis,
2266 3694 2337 3725 infra

1284 3733 1420 3772 Regnum
1444 3735 1478 3765 &
1500 3735 1671 3766 Potestatem
1689 3734 1815 3764 nostram
1835 3731 2030 3773 applicuerint,
2049 3728 2122 3760 Vina
2141 3739 2253 3774 vetera,
2273 3733 2338 3763 ubi-

1284 3782 1410 3810 cumque
1423 3773 1619 3811 inveniantur,
1637 3775 1666 3803 in
1681 3773 1762 3802 Villis
1775 3771 1818 3801 vel
1831 3768 1918 3799 Locis
1931 3768 2004 3804 aliu,
2019 3767 2052 3810 ad
2076 3778 2140 3811 quae
2162 3769 2246 3800 dltstae
2272 3770 2338 3801 Na-

1284 3820 1332 3841 ves
1347 3812 1492 3849 venerint,
1507 3812 1667 3849 videantur,
1685 3813 1719 3842 &
1731 3809 1886 3849 probentur
1902 3806 1921 3836 si
1934 3806 2011 3836 causa
2023 3810 2106 3838 tuerit
2129 3807 2162 3838 &
2181 3809 2265 3839 etiarn
2289 3809 2336 3840 in..

1281 3858 1365 3879 corru
1387 3857 1429 3878 ta:

1319 3887 1356 3917 Et
1367 3858 1406 3917 lde
1421 3887 1491 3925 hiis,
1509 3889 1557 3925 qui
1570 3887 1647 3918 dieta
1659 3884 1734 3917 Vina
1749 3882 1902 3921 videbunt,
1920 3882 1952 3913 sit
1966 3893 2019 3913 una
2037 3882 2176 3915 Medietas
2197 3884 2233 3916 de
2253 3884 2336 3916 Mer-

1281 3925 1423 3955 catoribus
1440 3925 1466 3955 V
1468 3926 1584 3956 inetariis
1599 3924 1730 3955 Ducatus
1743 3921 1868 3961 praedic'ii
1879 3943 1888 3959 ,
1905 3921 1938 3951 δε
1952 3922 2001 3952 alia
2023 3921 2058 3951 de
2083 3922 2183 3953 Probis
2200 3922 2339 3954 Homini-

1283 3964 1334 3993 bus
1347 3962 1416 3993 illius
1429 3963 1512 3993 Villae
1529 3964 1576 3993 ubi
1590 3963 1654 3993 haec
1668 3962 1735 3992 fient
1747 3962 1780 3991 &
1798 3960 1848 3990 sint
1878 3960 1911 3990 ad
1930 3959 2073 3990 Praemissa
2089 3960 2205 3992 fideliter
2225 3962 2258 3992 &
2280 3961 2338 3991 fine

1279 4000 1377 4070 {raude
1387 4001 1514 4033 facienda
1525 4001 1632 4039 jurati,
1642 4001 1674 4032 ὃς
1686 4000 1721 4031 de
1736 3997 1817 4030 Vinis
1830 3981 1980 4037 C'orruptis
1987 3998 2132 4038 Justiciam
2146 3998 2252 4066 ἱεςίεῑηὲ
2263 4007 2337 4029 σου·

1292 4048 1390 4070 uerarn.
2261 4044 2339 4077 EM,

2381 198 2457 231 Arm.
2473 199 2518 232 Da·

2404 247 2489 278 1420.

2382 279 2446 306 ΗΜ.
2466 289 2494 316 5.

2376 401 2430 427 An.
2447 398 2474 430 8.

2375 441 2411 465 H.
2433 446 2460 471 ἲ.

2380 477 2444 513 Vasc.
2460 476 2488 504 8.

2380 518 2411 542 H.
2421 523 2494 550 μοι.

2395 971 2414 992 ¹¹¹
2433 975 2486 1006 IX.

2377 1010 2441 1043 868.
