2562 4274
224 87 302 122 116

62 157 139 189 Afln·
156 157 195 188 D·
255 166 344 196 Teste
362 166 466 203 meipso
479 166 551 204 apud
568 166 686 203 Melros,
707 167 820 203 Quinto
835 164 893 195 Die
908 165 1025 205 Aprilis,
1043 165 1130 194 Anno
1145 162 1273 193 Domini

92 205 177 236 1425-
220 205 390 243 Miilelimo³
410 205 715 242 Quadringenteiimo,
735 203 879 235 vicelimo
896 205 1025 242 Qum,
1043 204 1077 234 δε
1102 202 1200 241 Regni
1221 210 1275 230 no-

61 238 126 264 Hm.
143 240 172 272 ⁶2
218 243 267 274 stri
283 244 413 274 Decimo
428 242 532 273 Nono.

372 318 425 349 Sub
439 322 543 356 Magno
554 318 644 355 sigillo
657 321 734 356 Regis
748 322 857 356 Scotiae,
875 319 907 348 de
920 318 981 348 cerci
995 316 1076 347 Albd
1086 341 1095 354 ,
1106 316 1241 355 pendente
1255 326 1274 345 a

409 357 504 396 duplici
515 357 599 388 cauda*
616 360 797 395 Pergamenae.

213 485 271 515 Pro
300 480 405 515 Amba
426 481 568 515 tatoribus
591 485 678 530 Regis
702 487 855 516 Scotorum
880 481 924 515 ad
949 485 1076 515 Curiam
1102 483 1271 514 Romanam

652 532 846 576 Profhffluris.

57 623 133 654 Αηῃ,
148 623 189 656 Β,
214 615 353 676 REX,
370 625 418 652 per
441 616 547 647 Literas
567 617 625 648 suas
640 616 784 661 Patentes,
800 617 885 655 usque
905 615 1019 647 Festum
1040 613 1274 659 Paschae-Rroxi-

83 672 166 703 1425,
295 657 346 685 mo
362 655 491 685 futurum
504 655 659 693 duraturas,
675 656 711 686 de
726 655 897 686 awsamento
910 656 943 685 &
959 653 1199 698 alsensu'Concilu
1216 652 1272 696 sui,

54 705 106 729 Aa.
123 713 151 739 3,
211 691 328 730 suscepit
341 694 369 723 in
382 694 487 724 salvum
502 695 534 725 &
546 693 676 725 securum
689 693 879 725 Condueium
899 692 996 737 suum,
1013 703 1046 724 ac
1067 703 1096 722 in
1112 691 1272 738 Protea-10-

52 747 87 771 Η,
110 744 135 770 6⁸
211 741 303 769 nem,
323 731 492 763 Tuitionem
506 756 515 771 ‚
533 733 566 763 &
586 733 793 763 Defenfionem
815 735 871 762 suas
890 731 1018 769 speciales
1032 754 1041 770 ,
1065 734 1210 761 Henricum
1228 732 1271 759 Ε-

52 786 116 809 είρς,
138 792 161 818 3·
207 768 336 809 pistopum
350 770 572 812 Abara'enensem
581 794 591 809 ,
611 771 786 801 Willielmum
800 770 954 812 Eptfiopum
967 768 1269 810 Dumblenensem,Jo-

52 825 81 847 H
99 821 125 846 6,
142 830 178 848 m,
211 807 328 839 hannem
346 810 487 839 Abbatem
509 811 541 840 de
561 810 664 840 Melros
678 834 687 848 ,
711 809 846 848 Jacobum
868 811 988 839 Priorem
1010 809 1104 840 Saneli
1125 808 1268 845 Andreae,

81 843 86 848 ⁸
208 846 368 885 Johannem
382 848 523 878 Abbatem
539 849 572 878 de
587 848 795 888 Balmirynach,
814 851 856 878 W
854 847 991 878 illielmum
1005 848 1037 877 de
1051 846 1202 886 Borthwyk
1214 845 1268 885 Ju-

207 886 320 916 niorem
331 911 340 923 ,
359 887 392 918 &
408 886 583 917 Willielmum
597 888 628 917 de
640 890 739 928 Haya,
758 887 882 924 Milites,
904 886 1074 926 Magistrum
1089 885 1218 915 Thomam
1235 885 1268 914 de

205 927 352 965 Myreton,
374 925 548 961 Magistrum
567 927 738 955 Edwardum
751 926 784 955 de
797 925 956 962 Laueadre,
975 925 1008 955 &
1025 923 1197 963 Magistrum
1209 923 1267 967 Jo-

206 961 325 993 hannem
349 967 441 994 Steises
454 987 462 1002 ‚
492 964 711 995 Ambaffiatores
723 987 734 1002 ,
752 964 893 994 Cariffimi
915 962 1125 1000 consanguinei
1154 962 1242 1001 Regis
1256 984 1267 999 ‚

205 1003 284 1039 Regis
299 1006 449 1039 Scotorum,
468 1004 515 1040 qui
531 1004 559 1032 in
577 1002 748 1032 Ambaffiata
765 1003 826 1040 sua,
844 1011 912 1032 cum
936 1002 1150 1070 (Ἧῃςυαὲίηῑα
1171 1000 1266 1032 Fami-

203 1039 318 1069 liaribus
341 1041 373 1070 ὃς
397 1040 484 1078 Equis
509 1042 537 1070 in
558 1051 659 1070 eorum
675 1040 839 1078 Comitiva‚
857 1039 948 1070 versus
996 1042 1082 1070 uriam
1099 1039 1265 1070 Romanam

202 1079 356 1116 profeKMri
371 1078 448 1118 sunt,
464 1079 498 1108 ad
512 1078 753 1110 Proficiscendum
770 1080 861 1110 versus
876 1078 994 1109 Curiam
1008 1078 1190 1116 supradictam
1201 1101 1210 1116 ‚
1228 1079 1263 1108 &

201 1115 307 1146 deinde
319 1116 353 1146 ad
369 1116 463 1147 Partes
477 1118 603 1155 proprias
616 1117 780 1155 redeundo,
799 1127 848 1156 per
860 1118 982 1147 Terram
998 1119 1044 1148 vel
1065 1127 1113 1155 per
1128 1117 1259 1154 Aquam,

199 1154 302 1191 absque
317 1153 533 1186 Perturbatione
548 1156 602 1186 slve
616 1155 829 1194 Impedimento
846 1165 1046 1194 quocumque,

237 1192 355 1223 Proviso
379 1193 489 1232 semper
511 1195 592 1232 quod
615 1195 758 1233 praediffl,
775 1194 913 1234 Episcopi,
930 1195 1073 1233 Abbates,
1094 1192 1260 1224 Willielmus·

196 1230 229 1259 de
250 1231 425 1271 Barthujyk,
444 1232 607 1263 Willielmus
629 1234 661 1264 de
682 1237 766 1270 Haya
777 1258 786 1272 ,
804 1233 937 1271 Thomas,
954 1233 1111 1263 Edwardus
1125 1255 1135 1271 ‚
1151 1232 1183 1263 &
1202 1231 1260 1270 Jo-

196 1268 299 1299 hannes
318 1274 422 1308 Stena,
442 1281 475 1301 ac
498 1271 656 1302 Familiares
677 1274 715 1303 sui
730 1272 858 1311 praedicii
869 1295 878 1310 ‚
897 1272 972 1303 bene
988 1274 1022 1304 &
1036 1272 1156 1302 honeste
1171 1270 1196 1301 se
1211 1272 1259 1301 ha-

195 1308 279 1338 beant
295 1310 327 1339 &
341 1318 435 1347 gerant
451 1319 514 1349 erga
529 1310 640 1349 Regem
660 1312 693 1342 &
707 1311 851 1352 Populum
865 1311 962 1349 suum,

233 1346 271 1376 Et
302 1349 457 1385 quicquam
471 1372 480 1387 ,
514 1351 593 1387 quod
620 1351 648 1379 in
678 1350 767 1390 Regis
795 1350 840 1381 vel
870 1349 1026 1388 Ligeorum
1048 1349 1162 1380 suorum
1183 1358 1256 1386 prae-

189 1384 331 1421 judicium
355 1386 457 1418 cedere
478 1389 583 1425 poterit
599 1413 608 1426 ,
628 1388 721 1420 facere
747 1388 793 1420 vel
815 1397 967 1426 procurare
989 1387 1048 1417 fieri
1070 1397 1130 1417 non
1154 1387 1258 1425 praesu-

192 1431 272 1453 mant

231 1461 269 1492 Et
280 1447 362 1500 ’quod
377 1473 437 1493 non
452 1464 556 1495 intrent
570 1465 684 1504 aliquod
708 1463 841 1496 Castrum
863 1463 965 1503 Regis,
986 1463 1163 1494 Fortalitium
1173 1486 1183 1502 ,
1200 1463 1257 1494 five

196 1499 300 1531 Villam
320 1500 470 1532 firmatam
482 1527 490 1540 ,
507 1503 609 1541 absque
624 1514 660 1534 eo
676 1504 755 1541 quod
770 1504 818 1541 ipsi
834 1503 978 1541 praesentes
999 1502 1105 1533 Literas
1120 1502 1207 1542 Regis
1219 1503 1256 1533 de

193 1538 270 1569 salvo
280 1538 437 1570 Conducs‘tu
453 1540 629 1581 Capitaneis,
648 1542 820 1580 Majoribus,
840 1541 967 1579 Ballivis,
987 1540 1178 1579 Custodibus,
1198 1541 1254 1572 five

193 1576 439 1609 Gubernatoribus
451 1580 618 1610 eorumdem
636 1581 764 1617 primitus
777 1579 982 1612 demonstrent.

229 1615 319 1647 Teste
336 1616 417 1656 Rege
433 1618 505 1656 apud
520 1618 778 1658 westmonasterium
789 1642 799 1659 ,
817 1619 844 1648 ix
853 1619 900 1649 die
910 1618 997 1657 Junii.

57 870 97 887 12.

662 1698 715 1725 Per
733 1699 824 1726 Breve
838 1696 870 1726 de
884 1699 1003 1726 Privato
1019 1693 1118 1732 sigillo.

219 1816 269 1847 De
294 1815 463 1861 Recipiendo
487 1819 556 1850 Duo
578 1819 678 1851 Militi
705 1821 893 1852 Marcarum
919 1816 1019 1851 debita
1037 1829 1091 1864 per
1116 1821 1224 1866 Regem

632 1871 797 1902 Scotorum.

186 1947 324 2010 REX,
345 1949 496 1982 Carissimo
512 1951 733 1989 consanguineo
745 1953 811 1992 suo,
829 1955 946 1985 Henrico
962 1955 1043 1993 Perty
1057 1956 1155 1983 Comiti
1171 1955 1247 1984 Nor-

221 2024 241 2055 S
264 1987 426 2058 ,thorah-43,
442 1990 600 2029 Capitaneo
616 1990 643 2022 V
646 1992 698 2022 illae
711 1992 818 2024 nostrae
833 1992 986 2031 Berewici,
1005 1992 1140 2024 Salutem.

243 2036 319 2057 clatls
356 2038 394 2058 UO

222 2064 304 2095 Cum
326 2038 396 2097 §los
415 2051 452 2097 r’iu
475 2077 505 2097 er
521 2090 531 2106 ,
551 2067 587 2099 de
609 2068 783 2099 avisamento
803 2069 837 2100 &
856 2068 961 2100 assensu
988 2068 1116 2099 Concilii
1138 2068 1246 2107 nostri,

184 2101 425 2141 Affignaverimus
471 2106 533 2137 obis
551 2116 583 2137 ac
600 2107 732 2138 Soldariis
746 2106 832 2138 Villae
847 2107 994 2145 praediffle
1011 2108 1044 2138 &
1059 2107 1246 2139 Estmarchiae

182 2142 276 2172 versus
291 2143 436 2182 Scotiam,
453 2144 606 2176 Summam
623 2145 760 2177 Duorum
782 2145 902 2176 Milium
926 2145 1110 2185 Marcarum,
1130 2147 1160 2176 in
1177 2146 1245 2177 Par-

181 2186 241 2211 tem
256 2181 457 2214 satisfactionis
470 2184 504 2214 ὃς
520 2184 744 2224 Aggreamenti,
761 2185 820 2216 tiim
835 2184 871 2215 de
885 2185 990 2222 veteri,
1006 2185 1093 2222 qussarn
1107 2184 1144 2215 de
1163 2195 1244 2216 novo

181 2218 297 2259 debito,
317 2231 370 2259 pro
386 2221 480 2252 Vadiis
493 2224 575 2254 vobis
588 2233 621 2254 ac
633 2223 764 2254 Soldariis
780 2223 920 2262 praediffls
932 2232 947 2252 a
960 2232 1037 2254 retro
1048 2223 1246 2263 existentibus,

181 2266 337 2326 proutxper
360 2270 449 2292 certas
471 2260 575 2293 Tallias
587 2286 597 2302 ,
616 2261 650 2294 ad
671 2261 833 2301 Receptarn
853 2261 992 2293 Scaccarii
1018 2261 1106 2293 nostri
1126 2263 1245 2301 levam,

183 2306 204 2334 p
214 2307 295 2328 emus
307 2309 322 2329 a
379 2309 420 2331 ret

207 2336 243 2380 ᾗ*
262 2336 312 2368 De
326 2309 389 2376 22³0
402 2322 520 2378 qtiidem
535 2338 750 2379 Assignamento
761 2349 814 2370 vos
829 2339 1009 2370 Solutionem
1024 2338 1155 2371 Summae
1173 2350 1246 2378 prae-

184 2372 270 2419 dieiae
283 2377 412 2409 nondum
425 2376 527 2409 habere
542 2378 668 2418 potuistis
683 2387 729 2410 aut
743 2379 835 2410 adhuc
850 2379 954 2410 habere
968 2378 1102 2418 potestis,
1121 2388 1151 2411 ut
1175 2380 1246 2411 affe-

182 2422 243 2444 ntis

217 2437 299 2488 N’os,

220 2490 366 2534 Praemisih
382 2492 607 2532 considerantes,
625 2495 659 2526 &
675 2493 812 2525 Volentes
825 2504 877 2533 pro
891 2504 928 2524 eo
942 2494 1033 2526 Vobis
1049 2496 1077 2525 in
1092 2495 1146 2527 hac
1167 2504 1246 2534 parte

182 2526 405 2561 Aviiiamentum
423 2531 530 2571 facere,
547 2533 583 2563 de
594 2534 765 2564 avisamento
779 2534 812 2565 &
825 2533 930 2564 assensu
947 2534 1104 2572 praedietis,

222 2567 267 2598 Ac
287 2578 338 2606 pro
363 2579 398 2599 eo
425 2570 502 2607 quod
525 2570 586 2601 Vos
605 2572 724 2610 Tallias,
743 2572 893 2602 Summam
908 2572 1073 2610 praediCiam
1094 2574 1247 2604 continen-

182 2611 224 2635 tes
238 2628 248 2643 ,
272 2607 306 2636 ad
331 2606 490 2650 Receptam
512 2609 652 2640 Scaccarii
675 2610 764 2640 nostri
783 2609 939 2641 restituistis
959 2610 1161 2649 Dampnandas
1174 2635 1184 2651 ‚
1209 2613 1243 2644 δε

183 2644 294 2712 effidem
316 2644 418 2675 Talhae
440 2646 494 2676 unii
513 2657 581 2678 cum
606 2648 690 2679 Foliis
704 2650 868 2680 earumdem
883 2649 989 2679 ibidem
1010 2649 1182 2689 Dampnatae
1196 2660 1244 2681 ex-

183 2693 193 2713 1
221 2692 287 2721 unt,

221 2721 301 2752 Sicut
324 2721 522 2753 Thesaurarius
544 2724 577 2754 ὅ(
601 2723 757 2754 Camerarii
776 2723 864 2755 nostri
887 2727 971 2757 nobis
993 2728 1022 2756 in
1037 2726 1244 2758 Cancellariam

183 2759 310 2791 nostram
323 2760 360 2789 de
376 2760 517 2791 Mandato
531 2761 629 2792 nostro
647 2762 852 2800 certificfirunt‚

217 2798 417 2829 Conceffimus
433 2799 524 2829 Vobis
538 2801 618 2836 quod
630 2800 692 2831 Vos
706 2800 777 2831 Duo
795 2800 879 2829 Milia
899 2800 1064 2833 Marcarum
1086 2802 1123 2833 de
1145 2804 1244 2841 primis

181 2836 327 2874 Denariis,
345 2837 444 2867 Nobis
458 2848 506 2874 per
522 2837 705 2870 Cariffimum
726 2838 979 2877 consanguineum
1002 2840 1131 2871 nostrum
1154 2841 1244 2880 Jaco-

181 2875 242 2906 bum
266 2878 360 2912 Regem
381 2879 514 2906 Scotorum
537 2877 654 2916 debitis,
671 2878 793 2915 recipere
812 2876 936 2916 pomus,
954 2878 988 2909 ad
1013 2879 1242 2911 Satisfaciendum

181 2915 240 2945 tum
256 2915 337 2944 vobis
352 2914 436 2952 quiam
451 2915 581 2946 Soldariis
595 2916 750 2954 praediffis:

219 2953 256 2983 Et
274 2952 339 2983 ideo
351 2953 434 2983 vobis
448 2953 620 2985 Mandamus
633 2955 714 2993 quod
730 2954 879 2985 Summam
893 2955 1058 2993 praeditfhim
1068 2981 1078 2997 ,
1096 2958 1126 2986 in
1151 2956 1244 2988 forma

182 2991 334 3028 praedieia,
353 2990 474 3029 Capians
495 2993 528 3023 &
550 2993 719 3030 Recipiatis,
735 2993 769 3024 &
790 2993 909 3030 praefatis
933 2994 1063 3025 Soldariis
1089 2996 1136 3033 id,
1165 2996 1243 3035 quod

183 3029 271 3097 cisIde
285 3029 383 3072 eudem
380 3029 518 3100 &Summa
531 3031 660 3062 debitum
672 3031 773 3069 fuerit,
790 3031 900 3062 solvatis
916 3041 946 3063 ut
962 3033 1003 3063 est
1012 3034 1132 3072 justum.

234 3079 253 3097 n
266 3078 301 3098 cu
316 3078 345 3097 us
415 3078 440 3098 c.

217 3078 311 3137 TesteJ
320 3091 403 3146 Rege
417 3106 490 3145 apud
505 3107 776 3149 llsestmonasterium,
795 3109 823 3138 ix
835 3107 881 3138 die
891 3108 979 3147 Junii.

658 3187 711 3214 Per
724 3187 816 3214 Breve
830 3186 863 3215 de
879 3188 998 3216 Privato
1010 3187 1108 3226 sigillo.

393 3308 440 3339 De
456 3309 674 3353 Acquietantia
687 3318 742 3353 pro
756 3311 884 3341 Summa
896 3308 1049 3355 praedisia.

35 3397 102 3430 Ann
123 3398 164 3430 D.

60 3446 148 3476 1425.

36 3479 89 3505 An.
105 3488 129 3514 3.

187 3388 306 3446 REX
324 3389 488 3430 Omnibus,
504 3391 540 3422 ad
551 3400 641 3430 quos,
658 3393 718 3424 &c.
735 3392 870 3424 Salutem.

282 3428 379 3459 Sciatis
402 3428 470 3459 Nos
492 3430 618 3469 Recepiffi
634 3432 667 3463 &
687 3430 817 3470 Habuiffe
836 3431 872 3461 de
892 3431 1000 3470 Jacobo
1022 3435 1090 3471 Rege
1104 3437 1239 3463 Scotorum

186 3463 407 3504 Confinguineo
430 3467 528 3498 nostro
543 3491 552 3506 ,
575 3479 625 3506 per
652 3479 747 3500 manus
766 3469 895 3500 carissimi
918 3470 1128 3510 Conssnguinei
1151 3471 1240 3501 nostri

188 3506 299 3535 Henrici
311 3507 392 3545 Percy
404 3509 512 3535 Comitis
525 3507 730 3538 Northumbriae
751 3507 898 3546 Capitanei
924 3509 1006 3539 Villae
1029 3510 1133 3540 nostrae
1156 3509 1239 3540 Bere-

187 3544 269 3580 wici,
289 3543 360 3574 Duo
374 3543 458 3574 Milia
477 3544 658 3583 Marcarum,
678 3547 706 3576 in
721 3546 833 3578 Partem
850 3547 1003 3578 Solutionis
1019 3547 1139 3587 Majoris
1155 3548 1240 3579 Sum-

186 3590 242 3611 mae
257 3582 356 3612 Nobis
366 3593 415 3621 per
424 3582 571 3622 praefatum
587 3584 699 3622 Regem
717 3584 836 3622 debitae,

225 3621 303 3659 Quae
317 3622 433 3659 quidem
447 3621 519 3651 Duo
535 3621 617 3652 Milia
631 3622 811 3661 Marcarum,
829 3625 901 3654 inter
920 3623 983 3654 alias
1001 3623 1149 3664 Summas,
1168 3636 1240 3665 prae-

186 3658 244 3689 fato
258 3662 393 3698 Henrim,
409 3670 458 3697 per
473 3660 579 3690 Literas
597 3660 703 3691 nostras
720 3661 865 3700 patentes,
883 3663 965 3693 certis
984 3663 1021 3693 de
1040 3664 1125 3695 causis
1145 3665 1240 3704 Affig-

185 3698 244 3726 nari
261 3698 379 3728 fecimus
393 3697 551 3736 Solvenda,

223 3735 271 3765 De
285 3737 386 3774 quibus
399 3737 512 3774 quidem
526 3737 635 3767 duobus
651 3736 771 3767 Milibus
785 3736 951 3768 Marcarum
963 3739 1084 3771 fatemur
1105 3750 1158 3772 nos
1177 3742 1240 3774 fore

186 3771 289 3840 solIutos
298 3797 308 3812 ,
324 3776 473 3815 diciumque
484 3778 579 3814 Regem
593 3775 658 3806 inde
672 3776 830 3814 Quietum,
849 3786 897 3814 per
910 3776 1071 3809 Praesentae.

238 3821 255 3841 n
269 3814 345 3843 cu'us
380 3815 439 3844 &c.

224 3823 312 3881 Testg
325 3836 407 3892 Rege
419 3851 492 3891 apud
505 3851 778 3892 Wstmonasterium,
794 3852 821 3882 ix
840 3851 887 3883 die
898 3851 977 3891 Julii.

36 3556 102 3581 Scor.
113 3539 135 3592 '3
146 3573 154 3582 .

37 3596 72 3618 H.
81 3594 152 3622 6.m.

45 3638 87 3661 τι,

643 3931 696 3959 Per
710 3932 804 3960 Breve
818 3929 851 3960 de
865 3930 984 3960 Privato
999 3926 1098 3966 Sigillo.

639 74 1438 122 CONVENTIONES,

1505 72 1891 128 LITERAE,

2395 161 2472 192 Ann.
2487 162 2529 193 D.

2424 209 2512 240 1425·

1386 281 1387 287 ,
1634 249 1682 280 De
1699 245 1856 291 Obstdibus
1873 246 2045 283 liberandis.
2394 244 2457 269 Hen.
2477 241 2508 272 6.

1374 330 1451 369 EX,
1468 331 1575 376 ᾀίἰεξὶο
1590 332 1623 363 &
1640 332 1714 363 fideli
1729 333 1817 364 Militi
1832 333 1881 364 suo
1891 355 1901 372 ,
1918 333 2054 365 Richardo
2069 335 2217 377 Hastynges
2226 360 2236 376 ,
2254 334 2379 368 Consta·
2395 349 2449 374 An,
2465 356 2492 384 3,

1390 369 1500 400 bulano
1517 369 1609 401 Castri
1622 371 1658 400 de
1672 370 1856 411 Knaresburg
1867 395 1876 410 ,
1894 371 2029 403 Salutem.
2395 389 2432 412 H.
2447 386 2477 414 6,

1352 407 1466 456 Vobis,
1486 408 1523 438 de
1546 409 1717 440 avisamento
1738 411 1771 440 &
1793 410 1898 441 assensu
1925 409 2052 442 Concilii
2070 412 2176 451 nostri,
2202 413 2375 460 Mandarnus
2392 423 2479 461 Claus.
2500 433 2527 462 3,

1315 447 1398 482 quod
1416 447 1560 477 Robertum
1580 447 1689 488 Erskyn
1713 447 1864 497 Militem,
1889 450 1923 481 &
1946 449 2083 489 Jacabum
2103 452 2221 482 Dunbar
2239 453 2375 492 Armige-
2391 464 2528 493 H.6m.1.

1315 492 1476 555 runO‘bsides
1490 534 1542 563 pro
1557 524 1711 555 Securitate
1723 524 1924 557 observationis
1936 526 2078 564 cuiusdam
2098 527 2359 567 Appunetuamenti
2369 553 2381 570 ‚

1316 562 1390 593 inter
1403 572 1496 594 certos
1509 562 1729 597 Commissarios
1745 563 1854 594 nostros
1866 574 1901 595 ex
1914 565 1986 605 unii,
2005 567 2039 598 &
2053 567 2188 605 quosdam
2202 566 2379 600 Commiffii-

1316 601 1372 631 rios
1385 600 1482 641 Regni
1497 601 1602 632 Scotiae
1617 610 1692 639 parte
1706 610 1740 631 ex
1762 601 1864 639 alterii,
1881 603 1966 642 faeti,
1984 613 2034 642 per
2054 605 2227 637 carissimum
2250 607 2380 639 Consan-
2403 611 2405 614 '

1316 640 1454 678 guineum
1477 640 1608 670 nostrum
1630 639 1766 678 Jacobum
1788 643 1883 678 Regem
1904 645 2053 682 Scotorum,
2070 644 2150 683 super
2164 645 2245 683 ipfius
2259 645 2379 677 Libera.

1316 679 1412 723 tione,
1430 678 1530 709 Nobis
1542 679 1674 716 traditos,
1693 680 1727 710 &
1743 679 1773 709 in
1787 678 1928 710 Custodia
1943 680 2034 712 vestra
2054 682 2091 713 de
2109 683 2252 715 Mandato
2277 684 2378 716 nostro

1317 717 1484 787 emss‘ilreteeiso'
1499 755 1532 786 &
1553 755 1628 787 fideli
1658 754 1746 785 Militi
1767 755 1867 786 nostro
1887 755 2018 794 Johanm'
2048 760 2177 797 Langton
2200 760 2377 793 vicecomiti

1313 793 1415 826 nostro
1428 794 1558 825 Eborum
1574 796 1607 826 &
1622 793 1744 838 Custodi
1760 793 1854 824 Castri
1871 794 1961 825 nostri
1979 795 2088 827 ibidem
2098 821 2108 834 ,
2145 808 2175 828 er
2194 798 2375 840 Indenturas‚

1312 833 1386 878 inter
1406 843 1460 866 vos
1477 834 1511 865 &
1535 834 1682 872 praefatum
1706 832 1919 864 Vicecomitem
1943 834 2044 865 exinde
2062 844 2120 866 con
2142 837 2272 877 ciendas,
2289 839 2376 871 Libe-

1312 880 1437 942 ressgste
1454 909 1538 949 Rege
1552 909 1626 949 apud
1640 909 1916 951 westmonasterium,
1935 911 1981 942 xix
1996 910 2139 951 dieJunii.

1786 990 1840 1018 Per
1852 991 1946 1019 Breve
1964 990 1996 1020 de
2011 991 2130 1020 Privato
2145 989 2244 1028 Sigillo.

1308 1063 1423 1121 REX
1432 1088 1441 1103 ‚
1458 1064 1564 1096 dilesto
1577 1064 1645 1104 sibi,
1665 1067 1782 1096 Henrico
1796 1065 1910 1095 Lounde
1924 1064 2095 1105 Armigero,
2110 1066 2245 1098 Salutem.

1400 1103 1588 1143 Praecipimus
1601 1105 1671 1134 Tibi
1689 1105 1768 1142 quod
1782 1104 1886 1133 David
1901 1103 1997 1134 Filium
2014 1107 2121 1135 Comitis
2132 1105 2275 1145 Atholiae‚
2295 1105 2364 1136 Tho-

1304 1150 1377 1170 mam
1402 1145 1529 1172 Comitem
1550 1146 1690 1173 Moraviae
1705 1168 1715 1181 ,
1740 1146 1866 1172 Comitem
1885 1141 2053 1181 Craufordiae
2069 1167 2080 1181 ,
2103 1144 2249 1174 Robertum
2268 1145 2364 1183 Ketia,

1304 1179 1455 1210 Walterum
1475 1181 1662 1220 Haliburton,
1687 1181 1884 1211 Alexandrum
1900 1185 1997 1219 Seton‚
2021 1181 2152 1212 Thomam
2170 1183 2261 1222 Boyde
2274 1206 2284 1221 ,
2307 1184 2364 1222 Jo-

1302 1215 1420 1249 hannem
1442 1220 1474 1249 de
1495 1218 1653 1261 Lyndesby,
1672 1223 1820 1251 Patricium
1840 1222 1918 1259 Lyon
1928 1243 1938 1257 ,
1955 1222 2094 1258 Georgium
2109 1222 2245 1260 Cambell,
2262 1223 2368 1253 David

1303 1257 1415 1297 Ogilby‚
1434 1258 1577 1288 Robertum
1592 1259 1686 1297 Lrlle,
1703 1263 1866 1289 Duncanum
1883 1258 2020 1298 Cambell,
2037 1260 2070 1291 &
2087 1261 2190 1291 David
2201 1264 2365 1301 Meyngnes,

1302 1295 1442 1334 Oblides,
1458 1296 1518 1331 &a
1539 1298 1665 1337 utsupra
1675 1301 1815 1335 ,Mutatis
1828 1297 1976 1327 mutandis.

1340 1334 1430 1366 Teste
1447 1335 1529 1374 Rege
1543 1337 1617 1374 apud
1633 1336 1909 1376 tffistaenonasterium,
1928 1336 1973 1375 xvj
1987 1335 2034 1366 die
2043 1333 2131 1375 Junii.

1782 1414 1837 1443 Per
1851 1414 1944 1443 Breve
1957 1412 1991 1442 de
2002 1414 2123 1443 Privato
2135 1411 2235 1452 sigillo.

2393 1530 2464 1559 '‘X.

1300 1537 1328 1564 ᾖ
1352 1543 1446 1586 Super
1468 1539 1658 1574 Liberatione
1681 1540 1803 1583 diversis
1821 1543 1952 1573 Francia
1968 1541 2057 1574 Eccle
2066 1544 2121 1584 iis,
2140 1541 2240 1586 juxta
2257 1541 2357 1586 Testa-
2380 1571 2444 1605 346·

1575 1600 1710 1622 mentum
1727 1591 1857 1621 Heanci
1869 1600 1962 1635 nuper
1982 1592 2079 1637 Regis.

2376 1652 2454 1685 Ann.
2464 1653 2508 1688 D.

2400 1701 2487 1735 1425.

2370 1734 2423 1760 An.
2445 1743 2472 1770 3.

2371 1773 2406 1799 H.
2427 1774 2454 1801 6.

2372 1811 2433 1836 Pat.
2450 1819 2477 1846 3.

2372 1849 2506 1885 H.6.p.2;

2372 1894 2411 1914 m.
2427 1895 2472 1924 ιο3

1294 1672 1411 1728 REX
1433 1673 1595 1711 Omnibus,
1617 1673 1650 1704 ad
1665 1683 1752 1711 quos,
1770 1673 1831 1704 ὅτε.
1851 1672 1985 1705 Salutem.

1388 1712 1486 1742 Sciatis
1503 1712 1602 1750 quod,
1714 1726 1716 1729 ·

1335 1747 1434 1789 Cum,
1454 1750 1570 1781 dileetus
1585 1749 1712 1780 Clericus
1726 1748 1839 1787 noster,
1857 1748 1995 1788 Magister
2009 1749 2138 1780 Robertus
2159 1751 2284 1791 Gilbert,
2301 1763 2355 1784 nu-

1293 1794 1344 1821 per
1360 1787 1494 1820 Decanus
1511 1788 1636 1826 Capellae
1651 1787 1780 1818 carissimi
1795 1787 1918 1818 Domini
1933 1789 1966 1819 &
1982 1790 2076 1817 Patris
2092 1788 2175 1827 nostri
2190 1792 2269 1828 Regis
2291 1790 2354 1823 De-

1291 1823 1403 1865 funcffi,
1420 1838 1468 1865 per
1483 1828 1664 1865 Praeceptum
1679 1825 1810 1857 carissimi
1827 1825 2038 1866 Consanguinci
2058 1827 2147 1857 nostri
2167 1829 2252 1858 Ducis
2277 1831 2354 1859 Exo—

1291 1866 1360 1902 m'ae,
1379 1868 1430 1903 &,
1455 1866 1624 1896 dilestorum
1649 1866 1683 1896 &
1707 1864 1832 1895 fidelium
1856 1865 2037 1903 nostrorum,
2061 1867 2174 1895 Domini
2195 1866 2228 1896 de
2251 1869 2356 1907 Bourg-

1290 1901 1361 1932 chier
1376 1927 1385 1941 ,
1414 1905 1532 1935 lValteri
1552 1903 1730 1943 Hungerford
1739 1928 1748 1941 ,
1774 1904 1807 1934 &
1830 1906 1872 1934 W
1872 1902 1975 1934 illielmi
1999 1906 2096 1933 Porter
2110 1928 2121 1942 ,
2145 1903 2276 1936 Militum
2290 1930 2301 1944 ,
2322 1916 2357 1938 ac

1291 1939 1414 1973 Domini
1435 1947 1501 1974 Fitz
1522 1943 1605 1982 Hugh
1625 1945 1683 1981 jam
1700 1942 1856 1980 Defunffi‚
1875 1942 2070 1974 Executorum
2089 1943 2303 1974 nominatorum
2326 1947 2358 1977 in

1290 1979 1478 2012 Testamento
1501 1982 1570 2012 dieb
1590 1981 1678 2012 Patris
1699 1980 1804 2018 nostri,
1832 1982 1940 2012 liberari
1960 1982 2058 2013 fecerit
2076 1980 2189 2012 diverfis
2207 1981 2358 2023 Ecclefiis,

1289 2018 1318 2047 in
1340 2021 1461 2057 partibus
1483 2020 1579 2059 Regni
1602 2019 1690 2050 nostri
1709 2019 1852 2058 Franciae,
1878 2020 1939 2050 Res
1963 2021 1997 2053 &
2019 2018 2155 2050 Parcellas
2177 2020 2358 2061 subscriptas,

1290 2067 1344 2095 pro
1372 2058 1626 2090 Exonerationibus
1646 2058 1763 2089 Animae
1787 2058 1857 2090 dieti
1882 2058 1970 2089 Patris
1993 2058 2083 2088 nostri
2104 2057 2228 2098 fiendis,
2258 2060 2359 2093 videli-

1291 2105 1356 2135 cet,

1329 2172 1497 2204 ΑΒΒΑτῐΑε
1519 2173 1647 2205 SANcrx
1667 2172 1821 2203 Dromsn
1846 2183 1930 2204 unam
1949 2175 2059 2203 Crucem
2073 2176 2246 2212 Argenteum
2264 2178 2356 2206 Deauss

1288 2219 1398 2280 zetam,
1413 2224 1470 2242 cum
1485 2223 1537 2243 uno
1554 2223 1648 2251 magno
1664 2212 1736 2242 Pede
1747 2211 1856 2250 stante,
1875 2213 2003 2242 Ponderis
2014 2215 2122 2251 Viginti
2146 2212 2185 2249 ὠ·
2207 2215 2278 2245 Οδῖο
2301 2217 2356 2246 Li-

1307 2261 1400 2280 rarum
1417 2254 1470 2281 Tro
1485 2263 1499 2281 e

1328 2292 1417 2320 Unam
1431 2262 1520 2320 alizzm
1533 2288 1700 2321 Frontellam
1736 2287 1774 2325 ό·
1790 2300 1873 2319 unam
1885 2288 1987 2330 baffiem
2001 2288 2186 2329 Frontellam,
2204 2290 2237 2321 de
2256 2289 2357 2325 Velvet

1289 2328 1400 2367 rubeas,
1418 2340 1475 2359 cum
1488 2328 1570 2359 Foliis
1585 2331 1689 2359 Aureis
1718 2328 1896 2367 nudentur,

1326 2369 1416 2398 Unam
1430 2370 1566 2398 Paruram
1574 2367 1690 2408 pofitam
1704 2378 1761 2397 cum
1772 2369 1885 2397 Perreia
1903 2365 1943 2401 ὠ·
1957 2368 2057 2397 Armis
2070 2367 2193 2406 Angliae.

1327 2408 1392 2437 Tres
1409 2409 1496 2445 Capas
1517 2407 1548 2436 de
1568 2406 1664 2437 Velvet
1686 2406 1802 2446 rubeas,
1819 2417 1875 2437 cum
1896 2405 1969 2447 Rofis
1991 2410 2115 2446 Aureis,
2139 2406 2290 2447 Leonibus,
2312 2406 2353 2445 ό·

1289 2443 1408 2475 Floribus
1424 2445 1456 2476 de
1469 2448 1609 2475 Liciarum
1622 2445 1797 2475 brouderatas
1811 2455 1818 2462 ·

1327 2487 1408 2514 Duas
1423 2487 1554 2521 Tunicas,
1572 2483 1610 2520 ὠ·
1627 2495 1710 2514 unam
1724 2468 1870 2522 casulum,
1885 2483 1918 2513 de
1929 2483 2026 2523 eifiiem
2042 2485 2139 2514 Panno
2151 2482 2190 2519 ό·
2205 2484 2312 2523 Colore,

1324 2525 1388 2591 ἶνες
1406 2522 1499 2553 Albas
1511 2534 1568 2553 cum
1581 2525 1694 2553 Paruris
1709 2523 1804 2562 stolis,
1821 2520 1861 2558 ὠ·
1876 2524 2001 2553 Pavones
2016 2521 2049 2552 de
2070 2522 2167 2568 eisdem
2188 2525 2285 2554 Panno
2309 2520 2350 2561 &z

1288 2564 1324 2591 Co
1337 2573 1398 2600 ore,

1326 2603 1369 2630 Et
1382 2604 1465 2630 etiam
1475 2623 1485 2638 ,

1325 2641 1414 2668 Unum
1426 2641 1485 2667 Par
1498 2641 1675 2668 cortinarum
1688 2637 1721 2668 de
1735 2640 1856 2678 Tartryn
1872 2636 2022 2667 rubearum.

1325 2677 1430 2715 ITEM,
1448 2677 1520 2715 apud
1536 2677 1714 2715 MAUNTE,
1731 2687 1813 2706 unum
1827 2678 1863 2705 Ve
1885 2679 2014 2705 intentum
2025 2684 2135 2704 aureum
2156 2676 2248 2706 Panni
2272 2678 2348 2705 Viri-

1287 2715 1349 2754 dis,
1368 2727 1425 2745 cum
1444 2714 1525 2744 Foliis
1544 2719 1646 2752 aureis,
1663 2713 1701 2750 ὠ·
1722 2724 1805 2744 unam
1825 2725 1844 2743 a
1855 2721 1915 2743 tam
1935 2711 2102 2743 Frontellam
2121 2723 2181 2742 cum
2202 2724 2259 2744 una
2273 2712 2350 2753 baffix

1288 2752 1427 2783 Frontella
1440 2752 1555 2792 ejusdem
1571 2755 1664 2782 Panni
1670 2775 1680 2790 ,
2011 2788 2017 2793 .

1324 2791 1415 2822 ITEM
1424 2813 1435 2829 ‚
1451 2790 1525 2828 apud
1534 2790 1681 2822 VERNON
1697 2801 1778 2820 unum
1792 2789 1977 2830 Vestimentum
1991 2788 2107 2828 ejusdem
2129 2790 2221 2820 Panni
2245 2788 2350 2820 Vindio

1286 2834 1506 2909 Argilfmiliter
1528 2867 1601 2906 apud
1620 2866 1897 2904 ROTHOMAGUM,
1915 2868 1991 2895 Duos
2001 2866 2112 2895 Pannos
2125 2865 2220 2896 Blodei
2231 2864 2350 2904 eoloris,

1285 2919 1342 2938 cum
1356 2906 1511 2937 Falconibus
1524 2909 1612 2936 aureis
1621 2929 1630 2943 ,
1641 2913 1691 2944 pro
1704 2905 1867 2944 Vestimentis
1882 2905 1944 2934 inde
1947 2902 2102 2942 faciendis,

1323 2949 1365 2976 Et
1381 2956 1462 2976 unum
1476 2947 1602 2975 Pannum
1616 2944 1701 2974 Rubei
1715 2943 1816 2974 coloris
1833 2945 1958 2973 Aureum
1968 2951 2020 2981 pro
2036 2941 2149 2982 Orsi-ait
2161 2939 2224 2971 inde
2236 2938 2348 2980 facien·

1288 2986 1345 3054 dns
1346 3031 1368 3052 T
1378 3031 1397 3053 Ε
1407 3030 1435 3052 Μ
1444 3045 1453 3060 ,
1467 3022 1542 3060 apud
1555 3020 1585 3051 O
1595 3029 1613 3051 F
1622 3029 1641 3051 1·-
1648 3031 1669 3051 A
1677 3030 1695 3051 Y
1713 3031 1795 3051 unum
1806 3021 1932 3050 Pannum
1942 3027 2053 3048 aureum
2066 3015 2163 3047 Blodei
2178 3016 2279 3048 Coloris
2289 3029 2347 3049 cum

1285 3061 1442 3092 Falconibus
1456 3060 1494 3096 &
1511 3063 1637 3090 Heronis.
2179 3094 2183 3099 ι

1323 3101 1368 3132 IT
1379 3109 1398 3131 ε
1409 3108 1436 3130 Μ
1451 3122 1461 3138 ,
1483 3099 1558 3138 apud
1575 3099 1603 3129 A
1612 3107 1635 3129 R
1646 3105 1668 3127 K
1677 3106 1695 3127 Ε
1705 3106 1736 3134 s,
1763 3106 1845 3126 unum
1865 3097 1993 3125 Pannum
2014 3096 2140 3124 Aureum
2158 3093 2273 3134 ejusdem
2296 3097 2349 3125 Co-

1281 3139 1363 3207 larg}
1386 3175 1553 3215 confimiliter
1572 3174 1647 3212 apud
1663 3172 1753 3204 Ewss
1765 3194 1775 3210 ,
1792 3181 1874 3202 unum
1903 3172 2027 3201 Pannum
2047 3169 2144 3201 Blodei
2157 3169 2272 3210 coloris,
2289 3181 2347 3201 cum

1283 3216 1369 3285 fain-i·
1379 3225 1540 3291 {liuzen-xpm!
1548 3250 1580 3280 H
1592 3259 1610 3281 E
1623 3259 1642 3280 E
1654 3257 1676 3279 D
1684 3258 1703 3278 Y
1714 3257 1737 3278 Ν
1744 3271 1754 3287 ,
1773 3259 1855 3278 unum
1869 3250 1996 3279 Pannum
2007 3251 2133 3279 Aureum
2143 3247 2229 3278 Rubei
2243 3246 2345 3278 Coloris

1284 3305 1340 3323 cum
1352 3291 1433 3322 Foliis
1449 3292 1560 3320 Aureis.

1321 3333 1362 3360 Et
1377 3328 1451 3366 apud
1460 3327 1632 3360 Tmewm
1641 3349 1651 3366 ‚
1667 3337 1749 3357 unum
1766 3327 1893 3357 pannum
1904 3327 2029 3356 Aureum
2043 3324 2127 3356 Rubei
2145 3323 2246 3356 coloris
2255 3347 2266 3364 ,
2283 3334 2344 3355 cum

1282 3369 1364 3400 Foliis
1379 3370 1491 3398 Aureis.

1318 3448 1407 3487 Nos,
1424 3449 1460 3480 de
1474 3447 1580 3479 assensu
1601 3445 1728 3477 Concilii
1743 3444 1849 3483 nostri,
1867 3443 2090 3476 consideratione
2108 3443 2342 3486 Praetnifl'orum,

1281 3488 1424 3519 Volumus
1444 3487 1524 3526 quod
1545 3487 1672 3524 praefatus
1691 3483 1820 3513 Robertus
1839 3483 1875 3513 de
1895 3483 2030 3513 omnibus
2048 3482 2146 3514 Rebus
2158 3483 2191 3514 &
2207 3480 2339 3512 Parcellis

1281 3526 1441 3566 praediCtis,
1456 3536 1505 3564 per
1528 3525 1619 3562 ipsum
1639 3534 1670 3555 ut
1690 3523 1865 3560 praemittitur
1889 3521 2030 3559 liberatis,
2049 3530 2114 3561 erga
2134 3520 2217 3564 Nos,
2234 3518 2338 3561 Haere-

1280 3567 1345 3604 des,
1363 3566 1396 3596 ὃς
1414 3564 1588 3595 Executores
1602 3562 1727 3598 nostros,
1745 3562 1775 3590 in
1791 3560 1942 3591 Scaccario
1955 3558 2071 3598 nostro,
2088 3560 2133 3590 seu
2146 3559 2228 3596 allbl,
2245 3556 2336 3594 Que-

1280 3615 1324 3637 tus
1340 3604 1372 3634 fit
1388 3604 1421 3634 &
1435 3602 1610 3633 Exoneratus
1624 3603 1831 3641 imperpetuum
1846 3608 1895 3636 per
1912 3598 2072 3629 Praesentes.

1317 3642 1350 3672 In
1364 3643 1458 3680 cujus,
1476 3642 1538 3671 ὅτε.
2025 3673 2031 3679 ⁸
2125 3672 2142 3678 ..

1318 3680 1410 3713 Teste
1422 3678 1506 3719 Rege
1520 3677 1593 3718 apud
1610 3674 1884 3717 Wstmonasterium‚
1903 3683 1987 3712 xxan
2003 3672 2048 3704 die
2063 3671 2152 3711 jumi.

1776 3754 1830 3782 Per
1844 3750 1937 3781 Breve
1950 3750 1983 3781 de
1997 3751 2117 3781 Privato
2129 3745 2230 3786 Sigillo.

2295 4004 2341 4040 De.
