2562 4274
758 174 871 215 ET
955 174 1223 215 ACTA

62 256 137 288 Ann.
153 253 193 286 D.
210 257 343 290 alleetivis
368 258 538 290 Muneribus
564 258 755 298 (Indulgentiis
768 283 778 298 ‚
803 259 953 296 videlicet,
977 260 1010 289 δε
1024 258 1259 301 Remiffionibus)

82 303 167 333 1420·
212 298 379 344 invitamus,
397 306 428 328 ut
442 299 542 329 exinde
554 298 702 329 reddantur
718 297 835 328 Divinae
854 297 961 327 Gratiae
977 299 1103 334 aptiores.

61 338 124 363 Hm·
143 342 172 370 5·
245 335 324 367 Cum
340 337 435 373 itaque
453 336 532 373 (sicut
547 338 718 374 accepimus)
737 336 876 367 Prioratus
893 335 921 365 S.
943 335 1102 375 Laurentii,
1119 337 1155 367 de
1170 337 1262 369 Mon-

210 382 240 406 te
258 374 350 414 gaudii
363 396 373 411 ,
401 373 517 405 Ordinis
536 375 633 406 Sancti
655 374 830 412 Augustini,
849 374 1044 404 Norwicensis
1059 375 1213 414 Dicecesis,
1232 379 1262 408 in

212 414 269 450 ejus
282 412 426 442 Domibus
438 413 471 444 &
487 413 632 444 ‘AEdificiis
652 412 777 444 Ruinam
797 413 919 443 minetur
931 436 940 449 ,
965 414 998 443 &
1019 414 1100 451 ipfius
1117 414 1262 446 Prioratsis

209 450 335 481 Ecclesia
356 450 429 481 adeo
453 450 581 483 Ruinosa
602 450 700 483 existat
721 451 800 488 quod
826 452 874 481 vix
896 451 1003 482 ibidem
1025 453 1139 489 poffunt
1156 451 1262 485 Divina

209 487 316 519 Officia
330 489 417 527 digne
434 491 571 529 exerceri,
588 491 623 521 ad
640 499 762 527 quorum
776 489 995 526 Reparationem
1011 491 1044 521 δε
1059 489 1261 524 Conservatio-

207 537 283 596 11chT
292 526 399 558 Christi
414 527 554 560 Fidelium
569 528 702 566 Suffragia
716 530 778 558 sunt
790 529 945 567 plurimum
958 538 1114 568 oportuna,

284 575 317 596 os

245 588 402 642 Cupientes
422 613 454 635 ut
474 603 597 634 Ecclesia
619 604 692 642 ipsa,
710 615 742 635 ac
757 604 888 643 Domus,
905 606 939 636 &
954 604 1087 636 AEdificia
1103 605 1261 644 hujusmodi

209 641 306 673 debite
329 643 504 681 Reparentur
524 643 663 685 &tetiam
685 642 896 674 Conserventur
909 666 920 681 ,
944 645 978 674 &
993 653 1023 674 ut
1039 644 1145 674 Fideles
1159 646 1206 682 ipii
1225 656 1260 676 eo

209 680 340 712 libentius
360 681 444 712 causa
464 681 636 711 Devotionis
655 683 797 712 confluant
811 683 844 712 ad
859 681 994 719 eandem,
1013 683 1090 713 &ad
1106 683 1262 721 hujusmodi

210 719 433 758 Reparationem
447 718 479 748 &
492 717 743 751 Conservationem
759 719 865 751 Manus
881 721 1038 757 promptius
1056 723 1199 758 porrigant
1214 722 1262 753 ad-

207 759 320 797 jutrices
333 780 342 795 ‚
365 767 424 795 quo
444 765 478 786 ex
502 757 559 788 hoc
574 758 681 789 ibidem
700 758 792 789 Dono
808 758 930 790 coelestis
942 758 1051 788 Gratiae
1067 760 1179 791 uberius
1190 771 1262 791 con-

212 796 349 834 spexerint
362 795 387 825 se
400 795 536 834 resedios,

250 834 299 864 De
312 833 525 872 Omnipotentis
540 834 597 865 Dei
610 834 816 873 misericordia,
834 837 868 867 &
881 835 1028 867 Beatorum
1046 834 1122 866 Petri
1136 837 1169 868 ὃς
1185 836 1263 867 Pauli

211 871 419 910 Apostolorum
435 873 491 911 ejus
505 873 686 911 auctoritare,
705 873 801 903 confisi
811 896 820 910 ,

247 910 394 942 Omnibus
406 935 415 949 ,
433 912 500 942 vere
516 911 720 942 Poenitentibus
735 912 767 941 ὃ(
782 910 944 949 Confeffis,

302 950 310 979 i
328 951 357 980 in
372 950 476 988 praefati
491 949 586 980 Sancti
602 950 743 980 Laurentii
753 972 762 987 ,

283 988 427 1026 advitans,
444 988 691 1025 circumcisionis,
710 987 893 1025 Epiphaniae,
904 987 1265 1027 Resurre&ionis‚Ascen-

212 1026 313 1064 fionis,
332 1028 366 1059 ὃς
378 1026 518 1063 Corporis
529 1025 654 1056 Domini
667 1025 755 1056 nostri
764 1026 837 1064 jehu
851 1026 975 1064 Christi,
993 1037 1025 1058 ac
1041 1027 1239 1065 Pentecostes,

250 1064 287 1095 Et
301 1064 478 1102 Nativitatis,
497 1064 732 1096 Annunciationis
745 1089 754 1103 ,
773 1064 995 1104 Purificationis‚
1011 1066 1044 1096 &
1061 1066 1266 1105 Ass'umptionis

212 1102 304 1134 Beatae
320 1102 420 1133 Mariae
436 1102 487 1133 Vir
507 1104 574 1140 inis,

249 1141 286 1172 Et
303 1141 465 1172 Nativitatis
480 1111 556 1172 gean
567 1141 705 1180 Johannis
719 1141 866 1181 Baptistae,

249 1180 296 1210 Ac
312 1179 387 1210 Petri
401 1181 433 1210 ὃς
446 1180 524 1210 Pauli
540 1180 765 1218 Apostolorum,

248 1217 380 1248 Necnon
398 1218 478 1258 ipsius
494 1218 625 1249 Ecclesiae
643 1218 856 1257 Dedicationis,

248 1255 451 1287 Nativitatibus
465 1258 498 1288 &
511 1257 681 1287 Celebritate
696 1257 839 1288 Omnium
856 1256 1043 1293 Sanctorum,

246 1294 379 1326 Necnon
393 1295 613 1335 praedictorum,
632 1295 811 1334 Nativitatis,
830 1295 1010 1333 Epiphaniae,
1030 1294 1267 1333 Resurretstionis,
1304 1296 1322 1324 q

210 1331 403 1372 Ascenfionis,
423 1335 456 1365 &
472 1334 608 1371 Corporis
625 1334 767 1371 Domini,
787 1345 820 1364 ac
835 1333 999 1364 Nativitatis
1014 1334 1046 1363 ὃς
1063 1334 1268 1371 Aliumptionis

211 1370 304 1403 Beatae
321 1372 440 1409 Mariae,
457 1374 491 1403 &
505 1373 539 1403 N
542 1374 668 1403 ativitatis
682 1372 758 1404 Beati
768 1372 922 1411 Johannis,
932 1374 965 1404 &
981 1371 1186 1410 Apostolorum
1197 1383 1268 1410 prae-

210 1410 374 1449 dictorum,
394 1411 582 1442 festivitatum
597 1410 719 1441 Oetavas
729 1434 739 1449 ‚
757 1413 790 1442 &
804 1421 852 1448 per
865 1411 918 1441 Sex
933 1410 1005 1441 Dies
1021 1411 1129 1440 dictam
1150 1410 1268 1442 Festivi-

210 1456 295 1479 tatem
310 1449 490 1480 Pentecostes
506 1450 669 1481 immediate
684 1451 844 1488 sequentes,

247 1487 375 1518 Eandem
384 1487 540 1519 Ecclesiam
555 1489 659 1519 devote
673 1489 840 1519 visitaverint
850 1488 1011 1525 annuatim,
1030 1487 1063 1518 &
1077 1487 1110 1517 ad
1124 1487 1268 1525 hujusmo-

209 1525 238 1555 di
257 1525 478 1564 Reparationem
499 1528 532 1559 ἅτ
556 1526 810 1558 Conservationem
829 1525 934 1556 Manus
959 1527 1129 1564 porrexerint
1157 1526 1268 1564 adjutri-

209 1573 275 1602 ces,

244 1602 371 1640 Singulis
395 1603 551 1642 (videlicet)
575 1603 769 1634 Festivitatum
790 1603 823 1634 &
841 1601 1017 1632 Celebritatis
1030 1602 1104 1632 Tres
1118 1601 1217 1632 Annos
1232 1603 1266 1633 δε

207 1641 330 1671 totidem
352 1642 549 1681 Qiadragenas
564 1663 573 1678 ‚
597 1641 773 1672 octavarum
797 1643 830 1671 &
848 1640 902 1672 Sex
921 1640 1032 1671 dierum
1048 1640 1268 1679 praedictorum,

209 1678 321 1711 Diebus
335 1683 435 1718 quibus
449 1680 607 1711 Ecclesiam
624 1680 708 1717 ipsam
724 1679 912 1716 visitaverint,
930 1681 963 1710 &
978 1679 1012 1709 ad
1030 1680 1191 1717 hujusmodi
1206 1679 1267 1710 Re-

209 1720 384 1756 parationem
407 1719 441 1749 ὃς
462 1717 717 1749 Conservationem
736 1718 881 1756 adjutrices
902 1717 1007 1748 Manus
1029 1719 1216 1757 porrexerint,
1235 1726 1267 1749 ut

209 1757 357 1794 praefertur
372 1780 382 1795 ,
408 1756 538 1787 Centum
559 1756 631 1787 Dies
645 1780 655 1796 ,
671 1756 708 1787 de
721 1755 855 1795 InjunCtis
874 1755 893 1775 ²*
912 1757 950 1786 eis
964 1755 1145 1787 Poenitentiis
1162 1756 1266 1787 miseri-

209 1795 334 1826 corditer
348 1794 533 1826 Relaxamus:

243 1834 427 1864 Praesentibus
443 1833 508 1871 post
523 1833 707 1864 Decennium
722 1834 840 1863 minime
858 1833 991 1864 valituris.

245 1872 388 1903 Volumus
401 1879 493 1902 autem
507 1872 600 1910 quod,
619 1872 637 1901 si
654 1872 717 1902 alias
730 1871 909 1902 Vifitantibus
925 1870 1082 1902 Ecclesiam
1097 1870 1164 1901 dicti
1180 1869 1262 1901 Prio-

205 1917 293 1949 ratuS,
311 1919 357 1941 aut
377 1910 410 1941 ad
431 1910 649 1947 Reparationem
670 1911 703 1941 ὅ(
715 1909 969 1941 Conservationem
984 1909 1144 1947 hujusmodi
1159 1908 1264 1940 Manus

226 1949 418 1986 orrigentibus
432 1948 593 1986 adjutrices,
612 1957 659 1980 aut
672 1949 734 1979 alias
747 1950 816 1979 inibi
833 1948 893 1979 Pias
907 1948 1096 1979 Eleemoiinas
1121 1949 1265 1985 eroganti-

205 1959 276 2025 ἕως,
294 1988 340 2017 seu
359 1988 420 2018 alias
431 2010 441 2025 ,
458 1987 546 2025 aliqua
566 1986 741 2026 Indulgentia
757 2010 767 2025 ,
793 1988 999 2027 imperpetuum
1014 2009 1024 2025 ,
1040 1986 1085 2016 vel
1100 1987 1134 2016 ad
1150 1995 1264 2017 certum

205 2033 318 2062 tempus
334 2048 343 2063 ‚
366 2026 495 2056 nondum
516 2025 637 2064 elapsum
653 2048 663 2063 ,
688 2025 838 2062 duratura,
860 2035 908 2065 per
931 2024 999 2055 Nos
1021 2024 1154 2056 concessa
1166 2025 1265 2064 fuerit,

206 2063 352 2096 Presentes
369 2064 483 2095 Litterae
497 2064 597 2094 nullius
612 2063 727 2094 existant
743 2065 853 2094 roboris
869 2063 912 2095 vel
929 2064 1079 2094 momenti.

78 1763 97 1780 ⁸
115 1763 168 1793 IX.

58 1809 124 1835 92²·

207 2139 314 2209 seDacti.
332 2140 475 2172 Florentiae
493 2140 594 2180 quinto
617 2139 736 2172 Calend.
750 2140 839 2180 julii,
865 2138 1051 2172 Pontificatfis
1073 2138 1163 2170 nostri
1175 2139 1265 2171 Anno

236 2188 291 2210 cun
312 2189 340 2209 0.

242 2258 272 2285 S.
289 2258 427 2286 Garnerii.

246 2334 277 2362 T.
297 2330 459 2372 Batenffien.

1017 2368 1045 2400 L
1054 2379 1075 2400 o
1084 2377 1106 2400 G
1116 2378 1139 2401 G
1148 2378 1161 2401 1
1170 2378 1193 2400 υ
1204 2378 1228 2401 s.

835 2449 877 2482 G.
897 2459 945 2481 DE
967 2450 1189 2482 LAPoRTA.

471 2526 707 2597 SigillodePIumbeo
721 2540 739 2558 a
745 2527 807 2569 filis
813 2527 906 2568 fi’ricis
914 2527 995 2567 flavi
1007 2528 1129 2569 rubeique
1142 2527 1231 2558 coloris

501 2575 556 2606 pen
589 2574 643 2598 nte.

1305 153 1786 221 PUBLICA.

2277 201 2293 227 1
2305 189 2325 228 8
2334 202 2351 228 1

2347 313 2350 315 >
2371 301 2447 332 Ann.
2462 303 2503 335 D.

1348 351 1404 381 Pro
1425 350 1537 380 Comite
1558 351 1690 392 Sarum,
1708 350 1799 395 fhper
1817 350 2060 397 Equitarionilms
2072 353 2241 398 faciendis,
2266 356 2302 390 de
2371 350 2484 417 Ηζέμζζ

1729 399 1916 434 Intendendo.

1298 480 1425 548 REX
1441 505 1450 519 ,
1474 480 1616 512 cariffimo
1633 481 1852 521 Consanguineo
1873 485 1923 516 suo
1940 485 2046 518 Thomae
2061 491 2157 517 comiti
2169 490 2284 528 Sarum,
2301 489 2351 520 Sa·
2374 504 2423 529 An.
2438 501 2466 530 3,

1382 529 1465 549 utem.

1337 556 1433 588 Sciatis
1457 557 1533 597 quod
1546 582 1556 595 ,
1585 558 1750 596 quibusdam
1770 560 1851 589 certis
1872 561 1903 591 &
1919 563 2087 594 notabilibus
2102 564 2136 595 de
2150 564 2263 604 Ciu'is,
2282 566 2351 598 Nos
2371 544 2419 605 Zp
2427 549 2454 575 ς’

1299 595 1332 626 &
1352 595 1505 640 Honorem
1527 596 1656 640 nostrum
1678 599 1778 628 intime
1803 601 2037 631 concernentibus
2052 624 2062 640 ‚
2082 603 2286 642 Affignavimus
2301 616 2351 636 vos
2376 598 2450 643 Vns»,
2477 615 2494 643 3

1301 634 1357 677 (de.
1373 644 1449 672 cujus
1466 634 1610 666 Fidelitate
1630 636 1663 665 &
1684 636 1935 673 circumspefflone
1955 640 2071 675 provida
2088 641 2196 678 plenam
2217 643 2348 674 fiduciam
2372 659 2399 681 H
2453 637 2459 644 ’
2477 638 2504 681 ,Ϊ

1299 674 1471 710 opnnemus)
1493 673 1525 703 ad
1539 683 1613 705 certa
1628 673 1724 712 Viagia
1740 675 1771 705 ὃς
1787 674 1976 712 Equitationes
1987 700 1996 714 ,
2019 679 2095 716 juxta
2107 684 2184 718 quod
2200 681 2349 719 specialiter
2374 661 2503 721 m'z'p'i

1300 712 1382 741 vobis
1399 712 1527 742 dedimus
1542 713 1572 741 in
1591 711 1749 749 Mandatis,
1768 712 1894 743 celeriter
1908 715 2047 754 facienda,
2405 715 2411 721 ’
2440 702 2468 730 9“
2498 714 2505 729 ³

1335 748 1372 779 Et
1391 750 1424 780 ad
1447 750 1529 780 talem
1551 749 1718 780 Numerum
1741 750 1905 781 Hominum
1926 753 1959 783 ad
1977 754 2062 784 Arma
2075 756 2108 786 &
2126 756 2333 789 Saoittariorum

1299 795 1383 825 prout
1406 798 1458 826 pro
1482 787 1584 826 Viagiis
1604 790 1637 820 &
1656 788 1880 828 Equitationibus
1895 790 1945 820 illis
1958 792 2148 832 perficiendis,
2161 784 2239 833 JuXta
2249 781 2351 829 disere:³

1300 827 1410 856 tionem
1430 825 1548 857 vestram
1562 828 1708 863 expediens
1721 827 1879 866 videbitur,
1896 830 1977 859 vobis
1992 830 2185 863 ass'umendum
2196 857 2205 871 ,

1324 863 1383 907 *Ac
1396 874 1500 908 'omnes-
1516 865 1549 895 &
1568 865 1689 903 singulos
1710 866 1921 905 (cujuscumque
1934 867 2042 907 Status,
2060 869 2191 910 Gradus,
2209 872 2254 903 seu
2270 873 2353 905 Con-

1301 901 1414 932 ditionis
1432 902 1546 938 fuerint)
1563 902 1654 933 Vobis
1671 905 1700 933 in
1716 904 1768 934 hic
1787 913 1862 942 parte
1877 929 1886 941 ,
1912 906 1967 935 five
1986 905 2145 939 Itinerando
2158 933 2166 946 ,
2191 918 2237 940 aut
2261 912 2355 951 aliter,

1302 942 1501 971 contrariantes
1518 941 1563 972 seu
1583 942 1789 979 inobedientes,
1809 942 2010 982 Castigandum
2030 947 2061 976 ὃς
2080 946 2356 987 Punfendum,pro-

1302 987 1332 1022 ut
1344 980 1420 1023 juxta
1437 989 1538 1010 eorum
1553 979 1716 1019 Demerira,
1735 982 1766 1012 ὃς
1781 980 1871 1012 Cissis
1886 983 2051 1022 exigentiam
2061 1009 2070 1022 ,
2086 987 2281 1017 rationabiliter
2295 988 2356 1019 fue-

1303 1026 1340 1048 rit
1359 1018 1538 1055 faciendumz,

1338 1055 1376 1088 Et
1403 1057 1469 1087 ideo
1496 1057 1578 1087 vobis
1602 1056 1774 1088 Mandamus
1798 1058 1876 1096 quod
1896 1060 1971 1090 circa
1987 1059 2131 1091 Praemissa
2149 1062 2299 1100 diligenter
2316 1065 2358 1095 in-

1303 1095 1439 1133 tendatis,
1457 1096 1490 1126 &
1509 1106 1541 1126 ea
1562 1095 1666 1126 faciatis
1684 1097 1716 1126 ὅ(
1735 1098 1910 1134 exequamini
1926 1099 1956 1127 in
1974 1097 2067 1129 forma
2087 1100 2233 1138 praediCta:

1341 1132 1452 1164 Damus
1476 1142 1568 1163 autem
1592 1135 1725 1164 universis
1747 1136 1780 1165 ὃς
1803 1135 1911 1175 lingulis
1930 1135 2108 1175 Capitaneis,
2126 1138 2305 1179 C.stellani.⁰‚
2324 1142 2359 1172 &

1301 1181 1403 1202 eorum
1421 1171 1674 1210 Locatenentibus,
1692 1172 1846 1211 Militibus,
1862 1174 2185 1214 Armigeris,Geniibus
2200 1179 2358 1210 Armorum

1303 1211 1335 1240 &
1347 1209 1387 1253 *de
1401 1209 1526 1253 ΤΥᾳεΊ-μ,
1545 1210 1669 1248 Balltvis,
1689 1211 1915 1243 vicecomitibus
1931 1236 1940 1251 ,
1958 1223 1989 1244 ac
2004 1215 2061 1244 aliis
2077 1214 2248 1255 Officiariis,
2267 1218 2359 1249 Mini-

1304 1247 1366 1278 stris
1380 1272 1390 1285 ,
1415 1247 1509 1286 Ligeis
1523 1270 1532 1285 ,
1554 1249 1587 1278 ὃ(
1609 1248 1732 1279 Subditis
1754 1251 1854 1281 nostris
1876 1252 2099 1290 quibuscumque
2111 1278 2121 1291 ,
2140 1265 2198 1284 tam
2217 1256 2341 1295 Anglicis

1325 1287 1391 1330 uam
1405 1286 1599 1324 Normannis,
1610 1286 1729 1330 Tenore
1743 1287 1943 1327 Praesentium,
1954 1289 2068 1321 firmiter
2081 1293 2109 1321 in
2125 1292 2266 1325 Manaatis
2282 1280 2360 1332 quod

1305 1324 1414 1368 Vobis,
1433 1324 1477 1354 seu
1500 1323 1648 1361 Deputatis
1667 1325 1784 1363 vestris,
1803 1328 1831 1356 iri
1844 1327 1895 1357 hac
1911 1338 1985 1365 parte
2001 1328 2178 1361 Intendentes
2193 1332 2259 1370 sint,
2275 1333 2359 1363 Obe-

1305 1361 1637 1401 dientes,Consulentes‚
1648 1364 1680 1393 &
1697 1363 1885 1403 Aiixiliantes,
1903 1368 2031 1403 quotiens
2043 1370 2075 1398 ὅ(
2090 1370 2219 1408 quando,
2237 1381 2287 1408 per
2296 1371 2360 1401 Vos

1306 1403 1350 1431 [eu
1364 1401 1530 1445 ‘Deputatos
1555 1402 1662 1446 vestros
1679 1402 1835 1442 hujusmodi
1851 1404 1952 1435 fuerint
1967 1405 2064 1436 debite
2081 1408 2203 1446 requisiti
2215 1409 2261 1440 seu
2275 1410 2361 1446 ratio-1

1306 1439 1612 1483 nabiliter-praemumti.

1342 1479 1473 1547 InTceli'iJe⁵
1480 1479 1567 1556 ’ἕξ-,ἑ
1579 1517 1652 1556 apud
1668 1517 1790 1557 Castrum
1803 1518 1835 1549 de
1850 1517 2019 1558 Monstereau
2040 1529 2139 1558 quarto
2154 1522 2200 1553 die
2211 1523 2289 1562 Julii.

1983 1597 2037 1627 Per
2051 1596 2136 1637 ipsam
2153 1601 2258 1637 Regem.

1305 1720 1332 1748 ,ἒ
1358 1722 1408 1755 De
1425 1718 1616 1754 conducendo
1638 1723 1753 1754 Ducem
1779 1719 1945 1755 Bourboniae
1961 1723 2052 1770 usque
2075 1725 2196 1758 Villam
2215 1724 2251 1758 de
2270 1727 2362 1772 Depe.
2400 1731 2419 1750 ²*
2441 1733 2494 1762 IX.

2400 1780 2413 1797 2

1306 1811 1363 1866 R
1375 1809 1442 1841 EX
1460 1809 1565 1842 dilecto
1588 1810 1622 1842 &
1642 1809 1715 1841 fideli
1733 1810 1783 1842 suo
1801 1810 1915 1841 Roberto
1927 1814 2043 1843 Domino
2060 1814 2092 1843 de
2113 1816 2265 1855 Ponynges,
2283 1816 2362 1849 Salu-
2379 1780 2456 1838 3³⁸¹}ss-
2471 1808 2513 1839 D·

1339 1858 1479 1932 Cutriissos
1496 1888 1563 1932 (una
1576 1897 1645 1919 cum
1659 1887 1716 1918 aliis
1727 1886 1866 1932 Personis)
1883 1888 1916 1918 ad
1924 1888 2155 1921 Conducendum
2164 1894 2265 1922 Ducem
2274 1896 2363 1924 Bour-
2381 1857 2489 1914 All-4:³3?-

1301 1924 1402 1970 bqqfae,
1423 1927 1504 1971 usque
1521 1925 1629 1971 Villam
1643 1926 1679 1956 de
1690 1926 1775 1964 Depe
1789 1937 1817 1956 in
1832 1926 2030 1967 Normannia,
2051 1931 2086 1960 de
2099 1931 2269 1962 avisamento
2279 1932 2362 1963 Con-
2382 1929 2415 1951 H.
2434 1934 2462 1960 5·

1303 1963 1357 1994 etln
1375 1965 1481 2004 nostri,
1499 1964 1711 2004 affignavimus,
1969 1982 1971 1984 ·
2383 1962 2474 1992 Pat.8.

1337 2001 1375 2033 Et
1398 2003 1475 2047 Nos.
1487 2004 1626 2040 (volentes
1644 2003 1722 2042 quod
1739 2002 1878 2034 sufficiens
1904 2003 1983 2034 Navi
2005 2006 2062 2035 ium
2079 2016 2133 2044 pro
2154 2008 2238 2039 vobis
2259 2019 2293 2040 ex
2309 2009 2361 2042 hae
2383 2006 2409 2028 H
2423 2010 2440 2036 5
2444 2004 2496 2037 .m,'

1302 2041 1379 2071 causa
1395 2042 1520 2072 celeriter
1535 2041 1724 2079 provideatur)
1745 2041 1952 2079 Affignavimus
1995 2054 2028 2074 os
2041 2044 2074 2074 ad
2090 2053 2132 2075 tot
2147 2045 2182 2075 N
2184 2057 2247 2077 aves
2259 2049 2292 2079 &
2302 2049 2360 2080 Va·
2384 2041 2427 2069 ¹⁶·

1302 2080 1343 2116 sa,
1362 2089 1432 2118 quot
1448 2091 1501 2118 pro
1522 2080 1600 2125 Passa
1620 2081 1648 2110 io
1672 2080 1765 2124 vestro
1786 2081 1818 2110 &
1837 2079 1939 2111 Gentis
1954 2081 2051 2124 vestrae
2063 2083 2188 2114 sufficere
2209 2095 2343 2123 poterunt

1302 2118 1532 2187 einim?
1556 2129 1596 2188 ¹0
1628 2119 1870 2188 aaran&
1887 2118 2067 2190 Cevs
2082 2124 2115 2153 ἃ
2131 2111 2364 2191 Peri-effi

1303 2168 1396 2225 mocio
1409 2167 1545 2226 cggsupetg
1556 2208 1566 2234 ὅ
1597 2167 1637 2188 on
1659 2168 1675 2188 u
1843 2169 1858 2188 v
1873 2168 1889 2188 u
2028 2170 2138 2191 aorum
2162 2171 2217 2199 prae
2239 2165 2362 2194 ictorum

1341 2233 1378 2264 Et
1395 2234 1461 2264 ideo
1484 2235 1567 2265 vobis
1590 2234 1759 2265 Mandamus
1771 2233 1847 2272 quod
1866 2235 1943 2265 circa
1955 2236 2095 2273 praemiffi
2110 2237 2257 2275 diligenter
2269 2240 2364 2271 inten-

1303 2270 1390 2309 datis,
1408 2273 1441 2303 ὅ(
1457 2282 1488 2302 ea
1504 2272 1611 2304 faciatis
1625 2274 1658 2304 &
1674 2274 1852 2310 exequamini
1866 2274 1893 2302 in
1909 2273 1999 2303 forma
2015 2275 2165 2311 praeditfta:

1340 2309 1451 2341 Damus
1474 2319 1567 2341 autem
1591 2311 1722 2341 univerfis
1745 2312 1777 2341 ὃς
1795 2311 1906 2350 singulis
1920 2311 2162 2352 Vicecomiribus,
2182 2314 2363 2356 Majoribus,

1304 2347 1429 2387 Ballivis,
1447 2348 1686 2387 Constabulariis,
1705 2348 1845 2388 Magistris
1861 2349 2009 2387 Navium,
2027 2352 2061 2382 &
2078 2352 2291 2392 Marinariis,ac
2306 2356 2363 2386 aliis

1303 2396 1429 2424 quorum
1444 2387 1573 2424 interest,
1592 2387 1923 2427 Tenore-Praesentium,
1943 2388 2057 2420 firmiter
2073 2392 2100 2421 in
2124 2391 2262 2423 Mandatis
2283 2393 2363 2432 quod

1303 2425 1395 2455 Vobis
1408 2450 1417 2463 ,
1445 2428 1473 2456 in
1494 2426 1645 2456 Praemiffis
1665 2427 1798 2457 faciendis
1820 2427 1853 2457 &
1875 2429 2044 2464 exequendis
2058 2451 2069 2467 ,
2093 2429 2274 2463 Intendentes
2295 2432 2348 2464 sint

1305 2464 1560 2532 Cilinsuientes,&&
1576 2464 1762 2504 Auxiliantes,
1778 2474 1862 2504 prout
1877 2467 1968 2497 decet.
2353 2455 2364 2472 ²

1357 2514 1374 2533 n
1395 2513 1431 2533 cu
1444 2513 1473 2533 us
1543 2514 1570 2533 c.

1342 2514 1596 2584 Testejrrbmfredo
1610 2546 1683 2572 Duce
1699 2541 1865 2582 Gloucestriae
1883 2541 2012 2573 Custode
2029 2542 2140 2583 Angliae
2152 2545 2225 2583 apud
2235 2546 2363 2586 Wflmo-

1305 2579 1448 2619 master-ium
1462 2582 1583 2618 leptimo
1597 2580 1656 2612 Die
1670 2580 1745 2620 Julii.

2037 2622 2092 2650 Per
2105 2620 2261 2652 Concilium.
2304 2631 2307 2634 ·

426 2733 637 2768 FINIS
685 2733 896 2768 TOMI
948 2734 1010 2767 1X.
1059 2734 1503 2770 EDITIONIS
1553 2737 2144 2774 LONDINENSIS.

217 2849 2362 2900 Ὄξῳὥὲῖἐῆῦᾶἇῇἢυῗᾰῇἣεΐῖὲῦῦῧίὲῆῦξῇἢῶᾒῑῶἓῖὣῇἢῦῦᾒῒῦξὲὒῦξῇἢῶἓῆῦῦἓὲυξῇἢῶᾒῆ

86 2967 103 3002 .'
117 2967 155 2996 X.
176 2976 199 2996 ι.

64 3089 141 3120 Ann-
153 3090 196 3121 D·
217 3093 350 3153 REX,
359 3093 497 3130 cariffimo
507 3099 724 3139 Consanguineo
734 3098 831 3129 nostro
840 3124 848 3135 ,
857 3101 964 3138 Hugoni
973 3099 1098 3139 stafford
1110 3101 1146 3131 de
1159 3100 1269 3140 Bourg-

84 3136 172 3167 1420.
293 3135 372 3166 chier
385 3136 488 3176 Militi,
505 3148 557 3177 ac,
576 3138 698 3169 Dilectis
713 3138 747 3169 ὃς
762 3138 902 3169 Fidelibus
919 3138 987 3177 suis,
1006 3139 1146 3168 Willielmo
1161 3139 1269 3178 Alyng-

64 3171 118 3196 An·
138 3169 165 3196 3·
215 3173 464 3241 ίοκᾸΤΙιεΓειυι-ειτὶο
477 3175 576 3206 nostro
590 3177 803 3215 Not-manniae,
822 3177 951 3215 Johanni
965 3175 1097 3215 Assheton
1114 3177 1219 3216 Militi,
1235 3180 1268 3210 &

65 3211 101 3234 H.
122 3215 139 3241 5
219 3214 267 3242 W
280 3212 366 3242 lielmo
381 3214 516 3244 Alnewik
531 3213 726 3246 Decretorum
740 3214 885 3254 Doctori,
902 3215 1034 3246 Salutem.

69 3248 128 3273 ΡΜ·
255 3251 403 3290 Qioniam
427 3253 470 3290 (ut
487 3262 575 3290 nuper
596 3254 769 3293 accepimus)
797 3254 927 3284 nonnulli
954 3254 1033 3293 Ligei
1053 3277 1061 3292 ,
1088 3254 1217 3291 Subditi,
1235 3254 1268 3285 ὅτ.

67 3287 157 3311 NOVW·
174 3281 198 3310 8·
216 3288 326 3320 Vassalli
359 3290 417 3321 tam
437 3290 555 3328 Nostri,
573 3293 659 3328 quam
681 3291 781 3322 Fratris
800 3292 887 3322 nostri
902 3292 1040 3330 Johanm‘s
1056 3295 1138 3322 Ducis
1152 3295 1267 3322 Britan-

69 3325 197 3358 H.5.p.2.
215 3331 290 3367 niae,
315 3313 441 3360 Comitis
468 3329 580 3360 Montis
605 3330 696 3360 Fortis
711 3352 721 3367 ,
745 3330 933 3368 multipliciter
957 3331 1172 3370 attemptatum,
1189 3332 1221 3363 &
1234 3330 1270 3362 de

67 3369 105 3387 ''¹-
124 3369 172 3396 25·
215 3366 276 3397 Die
291 3369 319 3397 in
332 3367 422 3398 Diem
439 3376 604 3404 attemptare
621 3377 679 3397 non
693 3367 845 3406 desistunt,
864 3378 964 3400 contra
981 3369 1131 3408 Treugas,

253 3404 328 3437 Inter
344 3409 421 3443 Nos,
441 3416 494 3444 pro
507 3405 624 3444 Nobis,
642 3406 751 3444 Ligeis,
771 3406 894 3437 Subditis
904 3429 914 3445 ‚
932 3408 965 3438 &
981 3407 1121 3445 vassallis,
1141 3407 1268 3446 Regnis,

214 3442 328 3482 Terris,
345 3447 377 3476 δε
394 3444 540 3475 Dominiis
562 3444 681 3482 nostris,
699 3454 732 3474 ex
753 3453 829 3482 parte
845 3445 900 3475 una
936 3447 969 3476 ὃς
984 3445 1130 3484 praefatum
1145 3450 1269 3476 Fratrem

216 3483 348 3522 nostrum,
365 3493 417 3521 pro
433 3483 488 3521 Se,
506 3483 614 3526 Ligeis,
633 3482 757 3513 Subditis
768 3505 777 3521 ‚
795 3483 828 3513 ὅ(
846 3468 986 3521 Vassallis,
1003 3493 1036 3513 ac
1052 3483 1271 3522 Ducatu‚Ter-

215 3521 252 3551 ris
264 3546 274 3561 ,
299 3523 332 3553 ὃς
351 3522 494 3552 Dominiis
514 3521 565 3551 su1s
582 3544 592 3560 ‚
619 3530 653 3551 ex
673 3531 750 3559 parte
766 3521 849 3552 altera.
864 3545 873 3558 ,
891 3522 949 3552 tam
966 3531 1015 3560 per
1029 3522 1166 3561 Terram,
1184 3522 1270 3561 quam

215 3560 387 3628 perNAquas,
405 3561 438 3592 δε
452 3560 553 3598 Mare,
569 3569 658 3598 nuper
673 3561 767 3597 initas,
786 3559 870 3590 saetas
880 3583 889 3599 ,
907 3561 940 3592 ὃ(
954 3560 1090 3599 firmatas,

291 3609 323 3629 os

252 3622 388 3669 Voleiites
412 3636 480 3675 ipsas
502 3636 648 3676 Treugas,
662 3636 849 3667 Tollerantias
860 3659 870 3675 ,
897 3636 931 3667 &
948 3636 1154 3674 Abstinentias,
1172 3636 1271 3666 secun—

217 3673 286 3705 dum
310 3678 478 3713 exigentiam
499 3675 663 3706 earumdem
686 3675 882 3710 inviolabiliter
904 3675 1061 3706 conservari
1082 3675 1186 3705 debere
1199 3699 1208 3711 ,
1236 3685 1270 3705 ac

217 3710 352 3752 Dampna
364 3737 375 3753 ,
399 3713 552 3744 Violentias
566 3737 575 3752 ‚
594 3715 627 3745 &
646 3713 818 3750 Attemptata
834 3723 1038 3752 quaecumque,
1056 3723 1190 3750 quatenus
1203 3712 1270 3743 Nos

217 3750 251 3780 &
265 3750 376 3782 Partem
391 3752 515 3783 nostram
529 3753 694 3789 concernit,
712 3752 807 3782 debite
823 3751 939 3788 Corrigi
954 3753 987 3784 &
1004 3751 1169 3782 Reform-ari
1179 3774 1188 3790 ,

257 3789 301 3818 Ad
318 3789 561 3822 Conveniendum
575 3793 609 3823 &
631 3789 914 3821 Communicandum
928 3814 938 3827 ,
961 3800 1030 3821 cum
1045 3789 1272 3828 Commissariis,

218 3834 272 3863 pro
295 3836 370 3864 parte
391 3829 518 3865 praedieti
542 3829 641 3860 Fratris
664 3828 773 3865 nostri,
793 3838 869 3866 uno,
887 3837 932 3858 aut
946 3828 1086 3866 pluribus,
1105 3830 1132 3858 in
1147 3828 1272 3859 Civitate

220 3864 315 3894 nostra
338 3865 533 3898 Ambrincensi
546 3891 556 3907 ‚
583 3868 642 3899 Die
660 3867 748 3905 prima
764 3867 869 3897 Menfis
882 3867 1000 3905 Augusti
1018 3868 1150 3904 proximo
1165 3866 1273 3905 futura,

219 3911 289 3969 {um
312 3902 536 3937 Continuatione
558 3908 591 3939 &
615 3906 822 3944 prorogatione
847 3905 969 3935 Dierum
986 3906 1019 3936 &
1033 3905 1188 3937 Locorum
1204 3914 1273 3936 tune

232 3950 242 3969 i
255 3948 408 3979 oporteat,
491 3973 494 3978 ,

257 3978 390 4017 Necnon
400 3979 440 4015 *ad
457 3979 671 4019 Corrigendum
688 3984 721 4014 δε
734 3981 962 4013 Reformandum
976 3990 1069 4012 totum
1082 3983 1116 4014 ὃς
1130 3981 1274 4020 quicquid,

223 4024 324 4050 contra
334 4018 421 4049 distas
433 4018 495 4056 Tre
532 4031 581 4057 as,
597 4021 801 4059 Tollerantias,
819 4022 851 4051 ὅ(
869 4020 1071 4059 Abstinentias,
1089 4031 1138 4060 per
1155 4021 1273 4060 Ligeos,

228 4056 378 4096 Subditos,
396 4051 442 4089 seu
453 4056 497 4089 Va
519 4058 585 4090 allos
595 4058 725 4099 nostros,
741 4060 948 4098 Attemptatum
963 4059 1063 4097 fuerit,

193 4124 218 4135 «—

806 2969 832 2995 *
861 2965 933 3006 De
956 2965 1246 3020 Reformatione
1269 2967 1310 3007 T
1303 2980 1504 3020 reugarum
1523 2967 1756 3008 Britanniae.

1343 3099 1382 3131 Et
1404 3101 1432 3130 in
1455 3099 1590 3138 Negotio
1611 3099 1768 3138 hujusmodi
1790 3099 2007 3133 Procedendum
2024 3125 2034 3141 ‚
2052 3103 2311 3145 cognoscendum,
2329 3108 2363 3139 &
2380 3114 2446 3146 Am,
2468 3116 2500 3147 D

1306 3138 1509 3176 statuendum,
1527 3148 1596 3170 cum
1618 3139 1670 3169 suis
1684 3139 1891 3179 Iticidentibus,
1913 3140 2131 3181 Dependentiis,
2149 3145 2182 3174 ὃς
2200 3143 2362 3186 Connexis,
2409 3139 2485 3193 14'20
2502 3142 2509 3148 ’

1307 3178 1340 3209 &
1356 3177 1426 3207 Fine
1441 3177 1539 3208 debito
1554 3178 1802 3215 Terminandum‚
2381 3198 2433 3221 Heri
2488 3178 2494 3184 “

1342 3215 1538 3254 Partibusque‚
1555 3215 1609 3246 soli
1625 3218 1756 3255 veritate,
1775 3215 1940 3255 summarie,
1958 3217 1994 3248 de
2010 3219 2111 3256 plano,
2131 3227 2177 3249 aut
2191 3220 2243 3251 alia
2255 3221 2300 3252 via
2311 3221 2365 3261 Jii-
2439 3216 2444 3222 ⁵
2463 3204 2491 3229 5'

1307 3254 1345 3297 ris¹
1365 3264 1545 3322 ςίιέεευὲηςυε
1556 3278 1565 3292 ,
1584 3254 1709 3292 inspecta
1726 3277 1735 3293 ,
1756 3253 1877 3291 Justitiae
1892 3256 2139 3294 complementum
2153 3258 2314 3291 faciendum
2329 3263 2363 3293 &

1307 3301 1377 3322 mini
1405 3302 1450 3322 ran
1473 3303 1540 3328 um,

1344 3330 1512 3369 Caeteraque
1534 3331 1750 3362 Excercendum
1767 3356 1776 3370 ‚
1802 3331 2028 3363 Discernendum
2045 3357 2054 3370 ,
2080 3333 2290 3367 Diffiniendum
2303 3362 2312 3375 ,
2329 3338 2362 3369 &

1308 3366 1533 3407 Exequendum,
1552 3380 1616 3407 quae
1630 3371 1657 3399 in
1676 3370 1728 3401 hac
1744 3380 1819 3406 parte
1836 3371 1983 3402 necessaria
1996 3371 2098 3403 fuerint
2119 3372 2164 3404 seu
2181 3382 2336 3414 oportuna,

1345 3407 1452 3446 Vobis,
1468 3416 1515 3438 aut
1530 3407 1653 3439 Duobus
1665 3408 1791 3440 vestrum
1802 3431 1812 3446 ,

1342 3447 1361 3464 ¹¹
1382 3447 1519 3489 Qiorum
1542 3456 1594 3477 vos
1608 3469 1617 3484 ,
1642 3447 1748 3484 praefati
1772 3446 1949 3486 Thestius-arie
1970 3448 2002 3478 ὅτ.
2026 3448 2171 3479 PVillielme
2198 3450 2361 3491 Alnewyk,
2381 3466 2398 3485 ῃ
2411 3466 2434 3492 X
2464 3469 2489 3492 2-

1308 3483 1390 3515 Duos
1406 3485 1462 3515 esie
1478 3484 1630 3522 volumus,
2441 3487 2446 3494 '
2482 3486 2490 3502 ’·

1348 3523 1392 3553 Ac
1416 3523 1452 3553 de
1475 3532 1597 3560 quorum
1620 3522 1750 3554 fidelitate
1770 3525 1803 3556 &
1818 3523 2075 3564 circumspeetionis
2097 3524 2230 3556 industria
2250 3526 2362 3564 plenam

1309 3561 1342 3592 &
1359 3561 1468 3592 firmam
1486 3561 1571 3592 fidem
1587 3562 1739 3600 habemus,

1346 3599 1564 3629 Committimus
1580 3599 1753 3630 Potestatem
1764 3622 1774 3638 ,
1791 3610 1860 3630 cum
1876 3599 2023 3638 cujussibet
2041 3600 2224 3633 Cohertionis
2237 3602 2270 3633 &
2285 3602 2361 3635 Exe-

1309 3638 1448 3675 cutionis,
1466 3647 1531 3676 quas
1549 3637 1756 3676 Decreveritis,
1774 3638 1930 3669 Potestate:

1345 3675 1472 3713 Damus,
1491 3676 1620 3713 insuper,
1638 3678 1772 3707 omnibus
1783 3678 1817 3708 ὃς
1831 3676 1941 3717 lingulis
1957 3677 2051 3716 Ligeis
2065 3679 2098 3709 &
2119 3677 2240 3709 Subditis
2257 3679 2360 3710 nostris

1308 3714 1521 3752 (cujuscumque
1543 3715 1726 3746 Auctoritatis
1749 3715 1876 3753 fuerint,
1902 3716 2012 3753 majoris
2033 3715 2077 3745 vel
2100 3718 2226 3752 minoris)
2243 3716 2363 3750 Tenore

1309 3752 1490 3782 Praesciitiurn
1504 3775 1513 3791 ‚
1538 3752 1653 3784 firmiter
1674 3754 1703 3783 in
1730 3753 1886 3791 Mandatis,
1905 3754 1983 3791 quod
1998 3754 2098 3791 vobis,
2115 3763 2160 3785 aut
2176 3754 2299 3786 Duobus
2313 3768 2362 3788 ve-

1310 3789 1400 3821 strum
1426 3792 1561 3833 (quorum
1584 3802 1636 3822 vos
1647 3816 1656 3830 ,
1705 3792 1791 3823 raefati
1805 3792 1980 3832 Thefhurarie
1997 3792 2027 3819 &
2045 3791 2192 3821 Willielme
2205 3792 2361 3834 Alaewyk‚

1311 3829 1395 3898 DtIios
1407 3829 1464 3871 esle
1477 3829 1620 3898 voggmus)
1633 3831 1661 3860 in
1701 3829 1824 3861 raemissis
1838 3830 1980 3861 intendant
1996 3830 2028 3860 &
2048 3839 2157 3866 pareant
2172 3841 2239 3861 cum
2247 3832 2361 3864 effectu.

1364 3878 1381 3898 n
1398 3877 1433 3897 cu
1446 3877 1475 3897 us
1546 3877 1572 3899 c.

1383 3877 1473 3936 Tei'te
1484 3890 1572 3947 ²Rege
1587 3906 1661 3946 apud
1678 3906 1800 3946 Castrum
1811 3906 1844 3936 de
1861 3904 2017 3946 Monstreau
2028 3905 2148 3944 septimo
2161 3906 2206 3938 die
2216 3907 2292 3947 Julii.

1989 3982 2043 4011 Per
2057 3981 2140 4022 ipsum
2152 3986 2259 4024 Regem.

1801 4094 1830 4125 Z
1851 4104 1865 4133 3
2312 4099 2365 4128 Li-
