2562 4274
754 156 866 199 ET
949 157 1213 199 ACTA

13 244 91 278 Ann.
102 242 258 276 D-litatem
273 243 342 275 disti
357 243 457 281 Regni
473 242 512 275 sui
525 252 557 274 ac
568 242 755 275 Subditorum
769 244 890 281 ejusdem
907 244 1164 282 concernentibus,
1181 242 1216 273 ad

32 292 117 322 1420.
154 283 183 314 se
196 284 253 314 illic
272 284 375 314 fecerat
394 284 526 320 evocari,

12 327 79 351 Hm.
95 331 126 358 5.

35 628 101 655 ·X.

18 676 62 704 31·

40 3635 59 3656 ει
75 3637 113 3668 χ,

37 3683 84 3712 3²·

193 321 413 359 Exponebantur
433 322 467 351 ad
490 330 578 359 tunc,
593 321 628 351 de
652 319 792 350 Mandato
812 320 894 357 ipsius
917 323 1028 349 Domini
1048 322 1124 357 Regis
1139 343 1148 356 ,
1166 328 1216 358 per

155 358 299 390 Nobilem
312 360 346 390 &
360 359 515 398 Egregium
528 360 631 390 Virum
640 358 810 397 Magistrum
825 357 983 395 Jahannem
999 358 1023 387 le
1035 358 1108 387 clerc
1117 380 1127 396 ,
1136 357 1216 387 Can-

158 399 300 429 cellarium
317 398 417 435 suum,
436 397 524 428 causae
545 397 772 428 Convocationis
793 397 899 426 Trium
918 397 1045 427 Statuum
1067 396 1216 434 praediCto-

160 447 225 467 rum

196 459 271 505 Int’er
291 483 358 512 quas
380 484 465 505 unam
488 474 569 505 fuisse
591 476 624 506 &
651 473 707 504 esse
725 471 852 510 asseruit,
871 481 906 504 utv
920 473 976 503 illic
994 473 1160 503 avisarentur
1182 472 1215 502 δε

157 512 255 543 fierent
270 522 302 542 ea
324 522 388 550 quae
409 513 465 543 effe
483 513 596 550 possent
617 513 650 543 &
676 513 827 549 excogitari
845 512 879 541 ad
896 512 1032 549 ampliora
1053 513 1098 541 seu
1113 512 1215 548 majora

159 550 354 589 Firmitatem,
372 550 615 587 Stabilirnentum,
634 551 667 580 &
683 549 786 580 Robur
805 550 898 581 Pacis
918 550 1057 580 Finitus
1076 551 1109 581 ὃ(
1129 549 1215 579 PER-

160 597 287 620 PETUAE

199 628 218 646 '¹‘
237 612 315 658 Intdr
335 628 482 666 praefatum
503 626 669 657 Dominum
694 625 824 664 Regem,
840 625 876 656 de
895 626 1024 657 Conlilio
1048 626 1081 656 δε
1100 625 1215 655 Aliensu

159 664 336 704 Procerum,
353 667 387 696 &
397 666 567 705 Magnarum
577 688 586 702 ,
596 664 767 703 Nobilium,
785 666 817 695 δε
831 665 948 695 aliorum
959 665 1054 701 Regni
1069 664 1215 701 sui,prout

160 711 233 735 tanta
256 704 314 735 Res
335 704 482 741 exigebat,
500 711 533 732 ex
556 702 636 732 Parte
657 702 727 733 Una
742 726 751 741 ,
769 713 801 733 ac
824 703 1033 734 Inclinffimum
1053 701 1215 739 Principem

159 743 306 772 Henricum
320 745 416 779 Regem
430 741 542 779 Angliae
558 741 660 771 Filium
675 741 754 771 suum
772 751 806 771 ex
830 741 941 779 Altera,
961 740 1102 771 Vicesima
1122 739 1216 769 Prima

158 781 219 812 Die
237 780 345 811 Mensis
363 779 459 818 Maii,
486 780 587 810 ultimo
607 781 736 817 praeteriti
752 802 762 818 ,
785 783 872 809 Trecis
890 787 1106 816 coMPOSITAE,
1136 787 1217 808 coN-

161 827 294 856 cLusAE,
308 819 342 849 &
362 826 617 855 CONCORDATAE,

199 857 288 895 Cujus
306 856 398 886 Pners
413 857 555 888 Articulos
569 857 645 887 idem
657 855 802 887 Dominus
821 855 1008 887 Cancellarius
1021 863 1090 886 tunc
1110 855 1217 885 ibidem

161 897 190 926 in
210 895 313 932 Specie
331 895 495 926 declaravit:

198 933 315 972 Qibus
333 933 421 963 taliter
439 933 555 971 perac‘tis
572 932 774 970 consequenter
795 933 829 964 ὃς
852 932 1013 964 immediate
1039 932 1130 963 dictus
1151 930 1218 961 Do—

161 973 255 1003 minus
273 974 333 1001 Rex
345 974 478 1008 Francise,

201 1010 273 1048 Quo
299 1012 384 1049 magis
406 1010 474 1040 dicii
499 1009 573 1039 Tres
598 1008 689 1039 Status
713 1009 929 1040 certiorarentur
951 1009 986 1039 de
1004 1009 1164 1040 Intentione
1182 1008 1215 1039 &

160 1049 316 1080 Voluntate
333 1049 386 1079 suis
402 1049 430 1077 in
449 1058 481 1078 ea
500 1047 599 1084 Parte,
613 1057 645 1077 ac
665 1047 729 1084 quid
749 1048 804 1084 ipse
820 1049 952 1079 hacstenus
970 1049 999 1077 in
1019 1047 1142 1078 Persona
1160 1046 1217 1085 sua,

160 1097 215 1126 pro
237 1088 336 1125 majori
354 1086 448 1116 Paeis
465 1086 550 1116 dietae
570 1085 730 1122 Firmitate,
748 1085 862 1125 egiffet,

198 1125 259 1156 Illic
279 1133 347 1155 mox
365 1125 467 1154 eisdem
486 1125 593 1154 Tribus
612 1124 734 1154 Statibus
749 1146 758 1160 ,
778 1124 869 1161 palam
885 1125 918 1155 δε
938 1124 1051 1162 publice
1071 1124 1132 1154 Ore
1149 1133 1217 1163 pro-

162 1165 226 1201 prio
243 1164 381 1194 intimavit
398 1164 431 1193 δε
447 1163 572 1200 exposuit
590 1162 626 1192 Se
644 1172 704 1192 non
722 1162 812 1192 solum
830 1162 943 1193 PAcEM
962 1163 1127 1200 praedictam
1149 1172 1217 1192 cum

161 1202 242 1232 dieto
262 1201 444 1233 Sereniffimo
459 1201 593 1238 Principe
611 1204 680 1237 Rege
698 1199 828 1237 Angliae,
846 1201 900 1239 sic,
919 1209 949 1231 ut
968 1201 1130 1238 praefertur,
1146 1210 1219 1230 con-

162 1240 290 1270 cordaffe
304 1241 337 1271 δε
357 1239 475 1277 fecisse,
492 1242 562 1277 ymo
583 1240 668 1269 etiam
686 1238 880 1276 subsequenter
902 1239 1020 1268 eandem
1043 1239 1166 1276 Pacem,
1183 1248 1217 1268 ac

163 1279 262 1309 omnia
274 1287 407 1308 contenta
422 1279 451 1307 in
471 1278 570 1308 eadem
592 1277 627 1307 de
647 1275 693 1306 sua
709 1276 777 1314 pura
799 1278 832 1308 ὃς
848 1276 996 1314 spontanea
1010 1277 1169 1314 voluntate,
1188 1278 1216 1306 in

161 1316 276 1355 propria
289 1316 412 1346 Persona
422 1339 431 1354 ,
450 1317 478 1345 in
492 1315 591 1346 Verbo
609 1315 719 1353 Regio,
737 1324 851 1345 necnon
864 1317 898 1345 ad
912 1315 1013 1345 Saneta
1020 1315 1078 1346 Dei
1091 1314 1219 1354 Evange-

161 1355 215 1392 lia,
234 1365 249 1385 a
263 1354 290 1385 se
305 1355 486 1392 corporaliter
499 1355 586 1391 taeta,
601 1353 725 1392 Juraffe,

201 1393 302 1433 Qam
320 1393 435 1430 quidem
452 1393 584 1430 PACEM,
603 1401 634 1422 ut
649 1391 779 1429 affer-uit,
793 1391 852 1421 saris
867 1392 946 1422 scivit
962 1393 996 1423 ὃς
1014 1392 1096 1422 novit
1112 1391 1166 1421 esse
1185 1392 1218 1422 δε

163 1431 226 1462 fore
240 1432 273 1461 ad
289 1430 347 1461 Dei
362 1431 490 1462 Laudem
504 1432 536 1462 δε
552 1431 722 1466 Honorem,
742 1439 855 1460 necnon
875 1430 909 1460 ad
928 1430 1040 1460 Bonum
1056 1430 1220 1469 publicum,

163 1470 330 1501 Utilitatem
341 1493 350 1507 ,
368 1471 401 1500 &
418 1469 588 1499 Comodum
602 1469 682 1506 ipsius
697 1468 729 1498 ὃ(
749 1467 846 1507 Regni
859 1468 897 1499 sui
914 1468 1040 1499 franciae
1056 1468 1220 1506 supradicti,

162 1519 196 1540 ac
209 1510 294 1540 etiam
306 1509 439 1538 omnium
447 1507 631 1540 Subditorum
648 1507 777 1544 suorum,

202 1546 241 1577 Et
259 1547 368 1577 idcirco
386 1546 527 1576 mandavit
541 1569 550 1584 ,
577 1545 610 1575 ad
631 1553 699 1574 tunc
717 1567 727 1582 ,
745 1543 853 1575 ibidem
871 1544 977 1575 Tribus
996 1544 1116 1575 Statibus
1131 1544 1222 1582 supra-

163 1583 264 1622 dit‘tis,
283 1585 417 1615 omnibus
430 1586 463 1616 ὃς
481 1584 589 1623 lingulis
604 1583 655 1613 suis
668 1582 808 1620 Subditis,
828 1583 908 1619 quod
924 1584 1027 1613 dictam
1047 1583 1151 1612 Pacem
1163 1607 1172 1619 ,
1189 1592 1223 1613 ac

162 1624 262 1653 omnia
282 1624 315 1654 ὃς
334 1622 437 1662 singula
455 1624 485 1652 in
512 1622 611 1652 eadem
633 1629 767 1651 contenta
783 1645 792 1657 ‚
817 1620 936 1651 firmiter
964 1622 998 1652 δε
1028 1621 1224 1652 inviolabiliter

163 1658 371 1699 observarent,
389 1662 423 1692 ὃς
438 1660 562 1691 facerent
575 1669 628 1696 pro
644 1658 722 1695 posse
732 1658 884 1689 Observari
894 1682 903 1696 ,

200 1699 246 1730 Ac
266 1699 346 1737 quod
366 1699 451 1737 ipsam
468 1698 601 1736 Jurarent
624 1697 661 1726 illi
686 1696 721 1726 de
741 1697 848 1726 Tribus
870 1697 992 1728 Statibus
1013 1697 1172 1735 supradietis
1187 1698 1221 1727 &

164 1735 290 1768 Subditis
305 1738 372 1775 suis,
389 1738 438 1774 qui
455 1737 574 1766 eandem
593 1734 723 1765 nondum
735 1735 889 1773 Jurass'ent,
908 1737 941 1766 &
955 1735 1034 1773 quod
1059 1746 1111 1772 pro
1137 1735 1223 1765 Poffe

163 1775 229 1813 suo,
246 1776 404 1806 laborarent
419 1775 640 1805 &intenderent
657 1775 732 1803 circa
756 1782 788 1803 ea
813 1783 878 1811 quae
907 1774 963 1804 esse
986 1773 1099 1811 possent
1114 1773 1224 1804 Stabili-

164 1822 296 1845 mentum
313 1815 346 1845 δε
365 1813 467 1843 Robur
485 1813 566 1843 Pacis
584 1812 756 1849 supradictae.

203 1852 241 1882 Et
260 1852 455 1888 subsequenter
468 1873 478 1887 ,
499 1849 564 1888 post
583 1850 670 1881 multa
688 1849 744 1879 illic
760 1849 860 1879 eadem
877 1849 960 1881 Sexta
978 1848 1036 1879 Die
1054 1850 1226 1888 praelocuta,

165 1891 252 1920 didius
267 1893 397 1920 Dominus·
413 1891 473 1917 Rex
484 1888 614 1925 assignari
634 1888 702 1918 fecit
715 1887 798 1918 dietis
817 1888 923 1918 Tribus
936 1888 1055 1918 Statibus
1070 1888 1225 1920 Decimam

166 1928 238 1959 dieti
253 1928 378 1965 Meniis,
394 1926 451 1965 qua
465 1925 494 1955 in
508 1926 612 1957 eodem
630 1926 733 1964 Loco,
751 1925 814 1963 post
830 1926 1075 1957 Deliberationem
1087 1934 1226 1957 maturam

168 1967 251 2004 super
268 1965 420 2004 Propositis
438 1965 562 1995 habitam
580 1966 708 2002 interim,
723 1974 821 1995 coram
839 1964 866 1995 se
883 1966 1078 1995 convenirent.

208 2003 279 2043 Qia
296 2004 355 2035 Die
373 2004 551 2034 Adveniente
565 2025 574 2040 ,
598 2004 631 2033 &
650 2003 712 2040 ipsis
725 2003 832 2033 Tribus
851 2003 972 2033 Staribus
988 2003 1148 2042 supradietis
1163 2027 1173 2042 ,
1196 2005 1226 2034 in

169 2042 320 2074 Praesentifi
337 2043 403 2072 dicii
420 2044 530 2071 Domini
544 2045 620 2078 Regis
635 2044 774 2078 Franciae,
793 2041 823 2070 in
838 2041 917 2072 dieto
934 2041 1034 2079 Loco,
1051 2044 1228 2072 convenien-

168 2082 261 2120 tibus,
277 2079 369 2111 Iidem
387 2079 461 2110 Tres
480 2080 571 2110 Status
577 2102 587 2118 ,
606 2079 835 2118 Deliberatione,
855 2088 886 2110 ut
910 2079 1054 2118 dixerunt,
1071 2081 1150 2118 super
1167 2082 1229 2118 qui-

169 2119 283 2150 busdam
300 2119 336 2150 de
357 2117 523 2156 Praemiffis,
541 2119 594 2154 eis,
611 2125 643 2148 ut
662 2118 826 2156 praefertur,
845 2118 993 2158 expofitiS,
1007 2118 1086 2156 juxta
1106 2118 1229 2149 Manda-

167 2166 232 2228 ἓηέ
246 2157 373 2198 Regium
387 2156 498 2196 habita,
518 2155 735 2194 Responderunt
744 2157 823 2195 quod
832 2164 987 2195 ,quantum
997 2157 1031 2188 ad
1041 2157 1146 2188 Pacem
1154 2167 1228 2196 prae-

190 2207 200 2226 i
231 2206 276 2228 am

206 2235 219 2265 Ι
242 2220 413 2274 si,’eandem
428 2234 545 2266 PAOEM
565 2233 706 2266 censentes
725 2233 759 2265 &
774 2241 929 2272 reputantes
941 2234 1143 2273 Laudabilem,
1162 2234 1229 2265 Ne-

170 2284 205 2306 ce
229 2275 331 2312 ariam,
349 2275 382 2305 &
397 2273 512 2304 Utilem
527 2273 648 2311 utrisque
663 2273 772 2310 Regnis
787 2274 820 2304 &
834 2273 955 2304 Subditis
965 2273 1141 2310 eorundem,
1158 2283 1228 2313 ymo

169 2314 270 2345 &toti
285 2308 505 2350 Christianitati,
522 2311 608 2349 ipsam
628 2311 760 2349 PAOEM,
778 2321 811 2342 ac
833 2313 931 2342 omnia
952 2312 985 2342 &
1009 2311 1113 2348 singula
1134 2313 1163 2341 in
1185 2322 1229 2341 ea-

171 2351 239 2382 dem
257 2359 409 2388 contenta,
426 2359 564 2388 quantum
579 2351 606 2379 in
622 2350 660 2380 eis
675 2359 745 2388 erat,
765 2350 799 2380 δε
813 2350 897 2380 velud
912 2350 962 2388 ipsi
975 2349 1048 2380 Tres
1060 2350 1150 2380 Status
1157 2350 1228 2381 dieti

171 2389 288 2429 Regni,
307 2388 530 2427 Approbarunt,
559 2388 722 2418 Laudarunt
735 2410 745 2425 ‚
772 2388 967 2425 Acceptfirunt
981 2411 990 2425 ,
1008 2390 1042 2420 &
1068 2388 1231 2420 Austorisa-

172 2436 254 2466 runt,
271 2437 305 2458 ac
330 2427 449 2458 eandem
469 2427 524 2465 Se,
543 2427 575 2457 &
594 2436 694 2457 eorum
717 2427 888 2465 quemlibet,
907 2437 959 2464 pro
983 2426 1020 2457 Se
1039 2426 1144 2464 suisque
1158 2426 1230 2457 Suc-

172 2467 328 2497 cessoribus
342 2489 352 2504 ,
368 2466 450 2503 plene
473 2468 506 2497 &
527 2464 642 2495 fideliter
657 2488 667 2503 ,
687 2466 823 2502 perpetuis
845 2465 942 2495 futuris
963 2465 1159 2502 Temporibus
1172 2487 1181 2502 ,
1201 2466 1230 2494 in

173 2505 308 2535 omnibus
322 2505 517 2535 observaturos
531 2504 564 2535 &
577 2503 756 2541 impleturos,
772 2513 805 2534 ac
818 2503 958 2535 observari
973 2503 1007 2534 &
1021 2503 1132 2541 impleri
1140 2503 1233 2534 faCtu-

176 2553 240 2579 τος,
259 2543 464 2580 promiserunt,

212 2581 379 2611 Referenres
393 2581 551 2611 humillime
568 2581 689 2618 utrisque
702 2579 845 2619 Regibus,
862 2579 898 2609 de
915 2578 1031 2616 eximia,
1049 2578 1153 2609 devota
1170 2602 1180 2616 ,
1198 2579 1232 2609 δε

174 2619 304 2689 Ιὲιὲξαὺίἱί
320 2618 480 2657 diligentia,
498 2620 527 2649 in
553 2618 586 2650 ea
610 2628 686 2657 parte
708 2617 849 2656 exhibita,
869 2619 1051 2648 omnimodas
1071 2617 1231 2648 Gratiarum

235 2668 322 2689 iones.

215 2696 398 2735 Ulteriusque
412 2704 481 2727 tunc
496 2695 683 2734 supplicarunt
697 2695 766 2724 dicio
780 2697 896 2724 Domino
905 2693 955 2733 sim
972 2697 1036 2731 Regi
1060 2696 1183 2724 Franciae
1199 2695 1233 2726 ὃς

177 2736 332 2773 petierunt,
350 2736 479 2773 quatinus
495 2736 550 2772 ipse
568 2733 716 2772 providere
729 2734 762 2764 &
776 2733 903 2763 ordinare
913 2733 1072 2771 dignaretur
1082 2733 1160 2770 quod
1169 2742 1234 2762 om-

179 2782 229 2803 nes
245 2774 277 2804 &
295 2773 392 2811 singuli
406 2773 516 2803 Subditi
533 2774 589 2811 sui,
607 2773 702 2802 saltem
719 2772 768 2809 qui
782 2771 887 2801 dietam
904 2770 1020 2801 PAcsM
1038 2771 1166 2801 nondum
1181 2771 1234 2809 Ju-

179 2819 326 2849 raverunt,
344 2811 435 2848 Ipsam
451 2813 484 2842 &
502 2811 559 2848 ejus
576 2810 719 2842 Articulos
740 2809 870 2848 Jurarent
881 2831 891 2848 ,
908 2809 942 2840 &
965 2809 1162 2840 inviolabiliter
1184 2819 1235 2840 cu-

178 2849 333 2887 stodirent,
350 2850 383 2880 δε
401 2850 612 2886 promitterent,

217 2888 262 2920 Ac
277 2888 356 2926 quod
370 2889 424 2926 ipsa
443 2886 507 2917 Pax
524 2887 554 2916 in
571 2886 674 2918 eodem
692 2887 798 2924 Regno
812 2895 865 2924 pro
888 2885 967 2924 Lege
986 2886 1098 2926 publica
1120 2886 1236 2917 habere—

178 2934 224 2958 tur
240 2928 273 2958 &
288 2927 436 2958 servaretur
446 2949 455 2963 ,

220 2965 258 2995 Et
270 2964 349 3002 quod
362 2968 463 2995 omnes
478 2965 511 2995 ὅ(
526 2963 622 3003 singuli
645 2962 756 2993 Subditi
778 2962 843 2992 dicii
865 2966 942 2999 Regis
965 2963 998 2993 &
1018 2963 1132 3002 Regni,
1150 2962 1236 3001 ipsam

179 3003 295 3034 PAcEM
311 3004 401 3041 jurare
416 3003 450 3033 &
464 3003 611 3032 observare
631 3001 814 3037 Resutantes,
832 3000 877 3031 seu
893 3000 1011 3030 eandem
1028 2999 1238 3040 ImpugnanteS,

179 3049 227 3071 aut
241 3040 332 3071 eidem
346 3042 472 3078 quolibet
484 3040 739 3071 contravenientes
748 3063 757 3076 ,
773 3039 926 3068 habeantur
940 3040 973 3069 ὅ(
992 3047 1153 3075 reputentur
1176 3039 1238 3069 Re-

181 3079 266 3111 belles
281 3088 314 3108 ac
335 3078 392 3109 Rei
409 3078 545 3109 Criminis
566 3078 653 3109 Laesae
679 3076 848 3115 Majestatis‚
866 3078 899 3108 ὃς
914 3076 1011 3115 ςυὸᾱ,
1028 3084 1058 3106 ut
1073 3078 1155 3115 tales,
1173 3077 1237 3108 Co-

181 3118 290 3148 herceri
305 3116 424 3147 debeant
440 3118 473 3148 &
488 3118 586 3154 puniri.

218 3156 356 3193 Qiorum
383 3154 638 3192 Supplicationibus
658 3152 819 3191 supradietis
840 3153 909 3182 idem
934 3156 1065 3183 Dominus
1088 3156 1149 3183 Rex
1173 3153 1235 3184 An-

180 3204 288 3231 nuens,
304 3192 399 3231 Regio
418 3193 467 3223 suo
489 3191 613 3229 Edicto,
629 3193 708 3229 super
728 3193 786 3222 hoc
799 3191 875 3222 facto
889 3192 921 3221 &
940 3193 1066 3230 prolato,
1083 3201 1151 3221 mox
1165 3201 1235 3223 tunc

178 3232 286 3263 ibidem
305 3254 315 3270 ,
332 3232 368 3262 de
387 3230 530 3261 Consensu
543 3252 553 3267 ,
573 3229 690 3260 Affensu
710 3252 719 3266 ,
735 3231 768 3260 ὃς
793 3229 946 3261 Voluntate
965 3230 1108 3260 dictorum
1130 3230 1235 3260 Trium

177 3272 325 3308 Statuum,
343 3271 372 3299 in
388 3279 419 3298 ea
434 3276 509 3306 parte
522 3269 665 3305 exhibitis,
683 3268 909 3307 ORmNAVtT,
924 3268 1101 3306 STATmT,
1119 3269 1152 3299 ὃς
1166 3268 1235 3298 DE—

177 3317 307 3342 cmzvrr
324 3307 404 3346 quod
418 3316 518 3337 omnes
533 3307 566 3337 &
588 3305 685 3344 singuli
705 3305 815 3336 Subditi
838 3306 894 3343 sui,
911 3307 1058 3343 praesentes
1077 3308 1110 3337 ὃς
1132 3307 1235 3345 futuri,

179 3349 286 3379 dietam
306 3345 420 3376 Paean
439 3347 473 3376 &
493 3346 548 3382 ejus
568 3343 709 3374 Articulos
731 3344 928 3375 inviolabiliter
941 3367 950 3382 ,
976 3346 1115 3382 perpetuis
1135 3345 1234 3375 futuris

179 3385 370 3424 temporibus,
387 3383 536 3414 observent
547 3391 631 3419 atque
646 3381 820 3419 custodiant,
836 3391 869 3411 ac
884 3382 964 3419 quod
976 3384 1005 3412 in
1019 3383 1113 3414 forma
1123 3405 1133 3421 ‚
1153 3384 1180 3413 in
1191 3394 1236 3414 ea-

179 3425 247 3455 dem
266 3424 350 3454 Paci:
370 3420 560 3458 concordata,
578 3421 652 3450 illam
666 3421 813 3451 observare
824 3419 926 3458 Jurent
938 3421 987 3459 ipsi
1004 3423 1053 3459 qui
1064 3421 1192 3452 nondum
1202 3423 1236 3452 il-

181 3464 239 3494 lam
254 3464 411 3498 iuraverunt
420 3484 430 3499 ,
875 3493 877 3497 Ι

221 3501 370 3539 Quodque
386 3500 441 3538 ipsa
460 3498 524 3528 PAx
541 3499 570 3528 in
585 3497 688 3536 Regno
706 3496 833 3538 Francia
843 3505 896 3534 pro
910 3496 992 3534 Lege
1008 3496 1120 3534 publica
1134 3497 1236 3529 habea-

181 3546 227 3570 tur
243 3542 276 3571 &
294 3540 476 3575 observetur,

221 3577 266 3608 Ac
280 3579 365 3609 etiam
380 3577 460 3614 quod
475 3583 574 3606 omnes
595 3575 627 3605 ὃς
652 3573 763 3613 finguli,
782 3574 810 3602 in
828 3571 1012 3603 Affecutione
1029 3572 1236 3605 Beneficiorum

182 3617 216 3648 δε
232 3615 408 3648 Officiorum
429 3616 457 3644 in
477 3614 579 3644 eodem
601 3613 724 3651 Regno,
740 3620 853 3642 necnon
875 3613 902 3640 in
929 3611 1079 3650 Homagiis
1099 3612 1117 3631 ²*
1135 3613 1168 3642 ὃς
1181 3612 1236 3651 Ju-

181 3656 313 3722 igtgentis
321 3654 497 3689 Fidelitatum
511 3651 660 3689 faciendis,
671 3651 764 3688 jurent
779 3651 809 3679 in
823 3648 898 3679 dieta
904 3649 995 3680 forma
1009 3649 1125 3680 PAcEM
1142 3650 1236 3688 supra-

207 3703 215 3722 ι
246 3702 291 3722 am

220 3730 259 3761 Et
281 3717 392 3762 niter-ius
435 3730 494 3761 und
514 3738 613 3760 omnes
634 3728 667 3759 &
690 3725 808 3765 singuli,
824 3724 928 3756 dieram
948 3725 1064 3756 PAcirM
1080 3727 1171 3764 jurare
1190 3727 1234 3758 seu

184 3768 331 3799 obiervare
347 3778 412 3800 recu
423 3779 518 3806 antes,
532 3777 578 3798 aut
595 3766 713 3799 eandem
728 3766 941 3801 impugnantes,
957 3764 1001 3794 vel
1019 3764 1111 3795 eidem
1133 3766 1235 3802 quovis

183 3805 318 3845 exquisito
334 3805 444 3837 Colore
459 3807 717 3841 contravenientes,
735 3803 887 3832 habeantur
900 3803 933 3832 &
948 3812 1112 3840 reputentur
1128 3803 1236 3834 Rebel-

185 3845 224 3875 les
242 3853 274 3874 ac
289 3843 346 3872 Rei
360 3843 495 3874 Criminis
517 3844 605 3876 Laesae
621 3842 789 3881 Majestatis,
804 3841 838 3873 &
852 3840 949 3879 quod,
967 3851 998 3873 ut
1022 3841 1104 3880 tales,
1122 3840 1235 3873 Coher-

187 3883 246 3915 ceri
262 3882 382 3913 debeant
397 3882 431 3913 ὅ(
445 3884 547 3920 puniri.
622 3890 624 3892 ’

233 4079 307 4113 nm.
324 4079 374 4114 ιγ.
392 4061 426 4108 13.
443 4060 503 4112 nr,
544 4057 548 4063 '

1287 158 1772 201 PUBLICA.
2231 172 2306 217 193

2275 300 2283 304 .
2318 273 2394 305 Ann.
2407 272 2448 306 D.

1631 350 1679 380 De
1704 349 1932 394 Praesbntirtione.

1256 436 1390 494 REX,
1409 440 1569 471 Venerabili
1584 441 1611 470 in
1634 440 1749 470 Christo
1771 427 1873 479 Pratri,
1889 443 1928 470 H.
1949 439 2164 482 eademgratifi,
2182 429 2302 470 Archiess

2339 320 2424 351 1420.

2319 355 2382 379 ΗΜ.
2400 363 2430 388 5.
2445 372 2451 376 -

2323 435 2395 465 Arm.
2408 436 2450 468 D.

1326 476 1425 516 pifiopo
1442 478 1643 519 Canruarienfi,
1662 480 1744 508 totius
1761 480 1870 516 Angliae
1892 479 2082 516 Primati,1eu
2103 480 2159 516 ejus
2182 478 2300 509 Vicario
2345 478 2431 513 1420.'

1253 512 1403 553 Generali,
1423 519 1481 554 ipio
1497 518 1717 554 Archiepiscopo
1730 519 1757 545 in
1775 517 1905 547 Remotis
1918 526 2032 554 agente,
2049 517 2172 547 Salutem

1280 553 1334 593 *Ad
1349 553 1508 585 Cantariam
1545 564 1675 585 vocatam
1691 555 1716 584 le
1731 554 1868 586 Rodeloft
1882 556 1910 584 in
1924 555 2047 585 Ecclesia
2069 556 2163 585 Sancti
2183 554 2300 585 Nicho-

1251 589 1285 619 lal
1301 591 1382 622 Villae
1398 592 1498 623 Calelii
1512 578 1680 623 Morinenlis
1697 592 1854 631 Dioecesis,

1288 628 1444 661 Vacantem
1459 641 1507 668 per
1522 632 1637 661 liberam
1651 630 1882 669 Relignationem
1898 629 1987 660 ultimi
2010 630 2143 661 Custodis
2165 631 2303 669 ejusdem,

1253 666 1285 696 δί
1298 667 1330 696 ad
1346 668 1470 698 nostram
1487 670 1678 699 Donationem
1693 670 1861 706 spectantem
1878 677 1907 698 ut
1921 669 2039 706 dicitur,

1252 740 1269 770 s
1290 704 1438 736 Dilec'tum
1456 706 1553 738 Nobis
1575 706 1735 737 Nicholaum
1756 707 1893 745 Midylton
1912 706 2096 744 Capelianum
2115 706 2206 737 Vobis
2225 707 2304 737 Prte-

1263 751 1388 774 entamus

1270 819 1274 824 ι
1291 767 1405 812 Inruitu’
1416 782 1545 814 Caritatis
1557 784 1700 821 Rogantes
1715 784 1841 820 quatinus
1856 779 1941 821 ipsiim
1960 780 2121 811 Nicholaum
2142 783 2175 813 ad
2198 782 2304 813 Canta-

1253 829 1321 862 riam
1336 820 1498 857 praedictam
1509 844 1518 859 ,
1539 820 1711 851 Auctorirare
1724 822 1889 858 Apostolica
1899 843 1907 858 ,
1927 821 2030 857 VobiS,
2047 822 2080 849 ad
2094 821 2304 858 omnchuris*

1253 857 1410 900 dictionem
1429 860 1598 889 ordinariam
1612 860 1641 888 in
1656 859 1781 888 Partibus
1797 860 1846 888 iliis
1868 859 2081 895 Exercendum,
2101 858 2249 888 commus-a
2273 867 2303 889 ut

1255 895 1570 966 diclitur,.Adtrgittatis,
1587 898 1620 928 &
1635 896 1792 928 Custodem
1807 896 1956 927 Instituatis
1972 899 1999 926 in
2015 898 2121 926 eadem.

1306 943 1323 963 n
1341 944 1436 974 cujus,
1475 943 1515 966 ἐ.

1289 1008 1377 1040 Teste
1390 1011 1534 1050 Humfaido
1549 1016 1623 1042 Duce
1636 1010 1803 1051 Glaucestriae
1817 1010 1947 1042 Custode
1963 1010 2072 1051 Angliae
2086 1010 2158 1049 apud
2182 1009 2307 1049 Westmo-

1253 1047 1395 1088 nasterimn
1404 1073 1414 1088 ,
1429 1050 1546 1083 Ostavo
1560 1051 1618 1081 Die
1634 1050 1815 1081 Decembris.

1473 1191 1530 1221 Pro
1554 1188 1686 1234 Capitale
1714 1188 1835 1230 Ecclqfiae
1857 1185 2100 1231 Rothomagensts.

2313 515 2367 540 Au.
2379 514 2413 540 ’8.

2318 555 2351 578 H.
2372 560 2399 584 5.

2320 593 2404 617 Franc,
2422 590 2457 619 8.-

2319 632 2352 655 H.
2370 636 2398 662 5.
2413 636 2450 653 m„

2318 674 2345 701 3.

1319 1278 1396 1317 EX,
1411 1280 1517 1310 dileffis
1532 1279 1565 1310 δε
1580 1279 1721 1310 Fidelibus
1734 1280 1785 1309 suis
1795 1302 1804 1317 ,
1824 1278 2009 1309 Thesaurario
2026 1278 2159 1308 Generali
2176 1278 2306 1308 Norma-
2321 1265 2397 1296 Ann-
2411 1263 2457 1297 D=

1336 1319 1407 1355 niae,
1425 1329 1457 1348 ac
1476 1319 1633 1348 Praelidenti
1652 1320 1684 1348 ὅ(
1700 1317 1843 1347 Gentibus
1857 1318 1892 1346 de
1915 1318 2037 1347 Carnem
2054 1317 2147 1346 nostr:
2172 1316 2307 1353 Compo-

1255 1365 1369 1393 torum,
1386 1366 1498 1387 necnon
1514 1357 1645 1386 universis
1661 1357 1692 1385 δε
1712 1355 1820 1393 singulis
1841 1355 1966 1392 Ballivis,
1986 1354 2227 1392 Vicecomitibus,
2246 1356 2306 1384 Re-

1256 1395 1436 1432 ceptoribus,
1454 1405 1487 1426 ac
1501 1395 1557 1425 aliis
1576 1394 1729 1424 Otiiciariis
1746 1395 1779 1424 &
1799 1392 1933 1422 Mirum-i.-
1950 1393 2187 1429 nolti‘is,ubilibet
2203 1404 2252 1431 per
2261 1405 2306 1424 to-

1257 1441 1318 1463 tum
1337 1432 1481 1463 Ducatum
1498 1433 1625 1462 nostrum
1643 1432 1811 1461 Normaniae
1826 1432 1999 1467 constitutis,
2018 1432 2149 1460 flantem.

1297 1470 1373 1509 Quia
1398 1472 1484 1501 Diem
1498 1494 1507 1509 ,
1526 1471 1633 1501 dilectis
1657 1471 1739 1505 nobis
1757 1471 1786 1499 in
1811 1468 1928 1499 Christo
1943 1492 1951 1505 ,
1971 1470 2090 1505 (aetatula
2111 1468 2147 1503 Q?
2171 1471 2308 1498 Canonicir

1259 1508 1394 1539 Eccleliae
1408 1511 1495 1540 beatae
1511 1510 1612 1539 Mariae
1631 1508 1883 1544 Rothomageniis,
1902 1517 1934 1536 ac
1954 1506 2109 1543 Capelianis
2125 1511 2156 1537 ὥς
2183 1509 2238 1537 auis
2256 1509 2306 1537 :bi-

1259 1547 1326 1576 dem
1342 1547 1410 1577 Deo
1425 1549 1622 1585 servientibus,
1641 1550 1673 1576 ad
1688 1546 1926 1576 Confirmandum
1945 1544 2060 1582 CartaS,
2082 1546 2198 1582 hirei-as,
2216 1548 2248 1575 ὃς
2270 1546 2308 1575 Ε-

1261 1586 1394 1616 videntias
1410 1587 1465 1616 suas
1481 1588 1517 1616 de
1531 1596 1631 1616 eorum
1646 1585 1866 1615 Poii'effionibus
1881 1585 1914 1615 δε
1930 1583 2136 1620 Libertatibm,
2155 1585 2235 1622 nique
2256 1584 2310 1613 Fe-

1261 1624 1335 1667 stum
1352 1624 1460 1655 Natalis
1476 1624 1611 1662 Domini,
1625 1625 1685 1662 jam
1701 1624 1836 1661 elapsum,
1855 1632 1904 1659 per
1919 1632 1970 1651 nos
1985 1631 2073 1659 nuper
2095 1620 2193 1651 datum
2214 1622 2246 1651 &
2268 1632 2309 1652 as·-

1260 1666 1279 1692 ii
1301 1671 1394 1692 natum

1281 1672 1525 1738 gUlque’Festum
1540 1701 1654 1732 Paschae
1670 1700 1803 1738 proxim&
1820 1699 1963 1737 futurum,
1981 1697 2018 1728 de
2036 1697 2134 1728 Gratia
2151 1697 2309 1737 nostraspe-

1260 1740 1339 1777 ciali,
1356 1739 1575 1778 Prorogavimus
1587 1740 1619 1769 δε
1636 1740 1853 1778 Elongavimus,

1297 1778 1404 1815 Vobis,
1420 1780 1452 1808 &
1466 1778 1579 1808 cuilibet
1598 1777 1743 1814 vesti-sini,
1763 1785 1846 1814 prout
1860 1774 1894 1805 ad
1907 1785 1972 1806 eum
1991 1775 2172 1814 pertinuerit,
2192 1774 2312 1805 Manda-

1261 1826 1323 1846 mus
1339 1816 1418 1854 quod
1440 1817 1585 1854 praefatos,
1603 1815 1771 1854 Capitulum,
1789 1818 1948 1850 Canonicos,
1967 1813 2138 1851 Capellam,
2157 1816 2189 1843 ὅ(
2213 1813 2312 1851 Alios,

1261 1854 1428 1885 omnimoda
1442 1854 1588 1892 proficua,
1608 1855 1821 1890 obventiones,
1839 1851 1993 1890 Redditus,
2014 1852 2143 1889 Fructus,
2163 1853 2196 1882 δε
2217 1853 2310 1883 hmo-

1262 1894 1386 1923 lumenta
1407 1903 1610 1931 quaecumque,
1628 1894 1682 1923 una
1702 1902 1770 1922 cum
1793 1892 1945 1929 Arreragiis
1969 1890 2137 1920 eorumdem
2153 1913 2162 1926 ,
2180 1890 2214 1919 ad
2238 1889 2311 1927 ipsos

1263 1933 1364 1970 quovis
1380 1932 1468 1961 modo
1482 1933 1628 1968 speiranna
1641 1931 1697 1961 five
1711 1930 1890 1969 pertinentia,
1909 1930 1941 1959 &
1957 1938 2020 1967 quae
2041 1929 2176 1958 haetenus
2195 1929 2313 1958 rationa-

1262 1970 1352 2001 biliter
1368 1970 1470 2000 habere
1483 1972 1516 2001 ὃς
1529 1971 1670 2010 percipere
1688 1970 1892 1999 consueverunt
1902 1989 1912 2005 ,

1300 2009 1378 2038 Tam
1394 2009 1455 2046 illa,
1471 2018 1535 2047 quse
1554 2009 1631 2046 supra
1648 2007 1823 2037 Domanium
1839 2007 1871 2038 &
1889 2006 2048 2043 Receptam
2063 2005 2155 2036 nostra
2178 2015 2228 2043 per
2253 2014 2314 2036 ma-

1264 2057 1316 2077 nus
1330 2046 1524 2085 Receptorum
1540 2048 1573 2078 &
1590 2046 1807 2076 Officiariorum
1821 2044 2000 2081 nostrorum,
2017 2044 2101 2081 quirin
2119 2055 2149 2076 ea
2162 2046 2257 2075 omnia
2277 2047 2312 2077 &

1267 2084 1371 2122 singula
1386 2109 1396 2123 ,
1412 2095 1477 2122 quae
1499 2085 1577 2124 supra
1594 2084 1847 2122 Temporalitatem
1867 2082 2129 2120 Arcnepisconatirs
2150 2084 2324 2114 ΚοιΙῑοῑηει-Δ

1265 2124 1369 2164 geniis,
1387 2132 1501 2161 propter
1524 2123 1687 2155 Absentiam
1705 2121 1915 2158 Archiepiscopi
1937 2121 2012 2150 Loci
2034 2122 2109 2157 illus,
2126 2123 2154 2151 in
2180 2122 2316 2152 Manibus

1266 2162 1367 2193 nostris
1377 2163 1413 2192 de
1429 2162 1557 2200 praesenti
1572 2161 1753 2198 existentem,
1774 2161 1803 2190 in
1819 2159 1891 2192 Villa
1906 2159 2000 2189 nostra
2013 2159 2048 2189 de
2063 2158 2177 2198 Dieppe
2193 2162 2226 2191 &
2241 2162 2316 2199 alibi,

1265 2202 1410 2240 percipere
1426 2202 1457 2231 &
1477 2201 1577 2231 habere
1592 2201 1732 2238 solebant,

1304 2239 1406 2276 Usque
1425 2239 1541 2269 Festum
1557 2239 1744 2276 supradistum
1762 2237 1877 2268 Habere
1889 2261 1898 2275 ‚
1917 2236 2066 2274 Percipere
2079 2261 2087 2273 ,
2104 2238 2137 2268 &
2156 2236 2320 2278 Colligere,

1264 2289 1298 2309 ac
1317 2278 1381 2307 inde
1398 2277 1486 2307 libere
1505 2278 1661 2315 Disponere
1677 2299 1687 2315 ,
1705 2286 1818 2307 necnon
1839 2276 2026 2306 Libertatibus
2039 2298 2048 2313 ,
2068 2276 2233 2314 Qiietantiis
2247 2301 2256 2315 ,
2283 2279 2317 2308 &

1266 2317 1417 2355 privilegiis
1441 2316 1513 2353 suis,
1540 2326 1587 2352 per
1613 2316 1685 2353 ipsos
1711 2316 1756 2345 seu
1782 2324 1883 2344 eorum
1905 2314 2124 2344 Praedeceffi-,res
2139 2337 2148 2351 ,
2173 2325 2236 2346 ante
2251 2316 2314 2347 liaec

1266 2364 1412 2392 tempora,
1431 2356 1626 2384 rationabiliter
1641 2354 1756 2388 usitatiS,
1772 2353 1814 2383 uti
1831 2352 1863 2382 δε
1879 2353 1995 2390 gaudere
2009 2353 2169 2389 permittitis
2184 2356 2216 2385 ὃς
2231 2354 2318 2385 eriam

1267 2394 1467 2432 respondeatis,
1487 2402 1569 2431 prout
1585 2393 1619 2422 ad
1633 2391 1790 2429 quemlibet
1806 2390 1934 2421 vestrum
1948 2392 2084 2427 pertinet,
2102 2401 2133 2421 ac
2144 2394 2179 2422 ab
2193 2393 2318 2431 aliisqui-

1266 2433 1441 2469 buscumque
1458 2433 1565 2470 integri:
1583 2433 1615 2461 ὃς
1635 2431 1754 2468 plenarie
1773 2429 1933 2467 responderi
1948 2430 2068 2467 faciatis,

1302 2470 1432 2509 Ipsosque
1442 2492 1451 2507 ,
1467 2471 1499 2501 ὅτ,
1517 2479 1617 2499 eorum
1632 2470 1766 2508 ungulos,
1783 2478 1816 2498 ac
1831 2467 1953 2504 ipsorum
1962 2468 2162 2498 Procuratores
2176 2470 2209 2499 ὃε
2219 2469 2330 2500 ἔλπομ’

1268 2520 1348 2541 natos
1359 2534 1367 2546 ,
1384 2509 1417 2539 ad
1433 2508 1663 2546 Prosequendum
1682 2508 1714 2537 &
1732 2506 1970 2543 Defendendum,
1989 2516 2087 2536 coram
2105 2508 2206 2544 vobis,
2225 2509 2318 2539 &fin-

1268 2550 1338 2587 gulis
1361 2546 1487 2577 vestrum
1503 2570 1512 2584 ,
1535 2548 1563 2576 in
1587 2545 1811 2583 quibuscumque
1831 2544 1941 2574 Placitis
1962 2548 1994 2574 ὅ(
2019 2546 2149 2579 Querelis
2174 2548 2257 2577 motis
2274 2547 2320 2577 vel

1269 2587 1437 2623 movendis,
1456 2595 1508 2622 pro
1523 2585 1581 2622 iplis
1597 2585 1640 2615 vel
1655 2592 1754 2614 contra
1773 2583 1859 2622 ipsos,
1875 2582 1910 2612 de
1932 2584 1964 2612 ὃ(
1991 2583 2068 2619 super
2090 2582 2256 2623 Praemiffis,
2273 2584 2321 2616 vel

1269 2627 1361 2664 aliquo
1383 2623 1614 2659 Praemifforum,
1632 2623 1720 2652 libere
1741 2623 1773 2652 &
1795 2621 1898 2658 absque
1924 2619 2087 2651 difficule-..re
2109 2623 2216 2660 aliqua,
2235 2623 2320 2661 m'que

1271 2666 1345 2695 idem
1363 2662 1476 2692 Festum
1487 2662 1621 2698 recipiatis
1636 2662 1668 2691 ὃ(
1679 2660 1840 2697 admittatis,
1860 2660 1925 2696 quia
1940 2660 1975 2689 sic
1990 2659 2121 2688 volumus
2136 2660 2192 2690 fieri
2203 2661 2238 2690 de
2245 2661 2321 2693 Gra-

1269 2705 1306 2734 tia
1323 2701 1418 2732 nostra
1441 2700 1564 2737 speciali,
1581 2700 1674 2736 aliquo
1696 2697 1834 2728 Mandato
1857 2696 1957 2727 nostro
1966 2720 1977 2736 ,
1995 2698 2094 2736 vobis,
2112 2698 2156 2729 reu
2178 2700 2258 2731 alicui
2272 2711 2323 2731 ve-

1271 2742 1376 2778 strum,
1391 2741 1419 2769 in
1436 2739 1609 2769 contrarium
1625 2738 1719 2774 facto,
1738 2746 1796 2766 non
1809 2735 1945 2766 obstante.

1308 2816 1398 2848 Teste
1413 2815 1496 2854 Rege
1510 2813 1584 2853 apud
1604 2812 1734 2853 Parifius,
1750 2811 1921 2843 Undecimo
1936 2811 1994 2842 Die
2007 2811 2186 2844 Decembris.

1605 2943 1631 2969 ³?
1657 2945 1705 2975 De
1722 2940 1811 2986 fhlvo
1835 2937 1996 2974 conductu.

1276 3031 1393 3091 REX
1413 3028 1583 3062 univerfis&
1601 3027 1725 3065 singulis,
1743 3027 1803 3057 &c.
1822 3024 1957 3056 Salutem.

1372 3072 1469 3101 Sciatis
1487 3067 1565 3106 quod
1580 3066 1745 3103 suscepimus
1764 3066 1791 3093 iri
1810 3064 1913 3094 salvum
1929 3085 1939 3100 ,
1966 3063 2025 3093 &c
2043 3064 2153 3093 Petrum
2171 3063 2201 3094 de
2220 3065 2322 3104 Lippe‚

1272 3111 1298 3141 se
1314 3109 1457 3140 dicentem
1474 3106 1658 3144 Capitaneum
1674 3104 1708 3134 de
1724 3103 1829 3133 Monte
1844 3102 1947 3140 Acuti,
1965 3111 2050 3138 penes
2065 3102 2239 3133 Praesentiam
2251 3114 2322 3140 pra:-

1272 3148 1401 3180 carissimi
1416 3149 1509 3176 Patris
1523 3143 1603 3184 nostri
1619 3145 1739 3172 Franciae
1752 3150 1834 3178 atque
1848 3139 1996 3180 Nostram,
2011 3149 2057 3170 aut
2073 3140 2185 3171 iliorum
2211 3151 2260 3178 per
2279 3142 2321 3179 ip-

1272 3189 1331 3218 sum
1348 3186 1459 3216 Patrem
1476 3182 1603 3213 nostrum
1618 3183 1650 3212 &
1670 3180 1736 3210 Nos
1755 3180 1788 3209 ad
1807 3181 1864 3209 hoc
1884 3178 1930 3208 affi
1951 3178 2124 3215 nandorum,
2145 3179 2227 3217 usque
2243 3179 2321 3210 Pari-

1271 3226 1340 3263 sius,
1360 3223 1404 3256 vel
1419 3232 1511 3260 extra,
1530 3230 1597 3251 cum
1613 3219 1720 3249 Viointi
1739 3219 1771 3248 ὃ(
1790 3217 1927 3256 Quinque
1967 3216 2086 3254 erfonis,
2103 3217 2147 3247 vel
2161 3217 2247 3254 infra,
2266 3217 2319 3248 Ar.

1273 3265 1353 3294 matis
1365 3262 1411 3293 vel
1423 3270 1483 3291 non
1495 3260 1614 3290 Armatis
1625 3281 1634 3296 ,
1652 3243 1801 3294 Pedestre,
1820 3256 1866 3286 vel
1879 3254 2033 3293 Equestre,
2053 3255 2194 3285 veniendo
2227 3258 2260 3287 &
2270 3257 2321 3286 ab.

1270 3303 1335 3333 inde
1358 3301 1434 3331 salvo
1455 3300 1488 3330 δ’.
1510 3298 1604 3329 secure
1622 3294 1784 3332 redeundo,
1802 3304 1916 3325 necnon
1931 3294 2022 3332 Bona,
2041 3292 2114 3331 Res,
2130 3294 2163 3324 δε
2186 3280 2331 3328 I-'Iernefia

1271 3342 1315 3372 sua
1330 3346 1537 3379 quaecumque,
1807 3371 1812 3376 ¹
1829 3371 1833 3377 ·
1940 3374 1943 3378 ι
1976 3374 1980 3378 ¹
2069 3373 2073 3378 ι

1308 3379 1344 3410 Et
1358 3378 1424 3408 ideo
1440 3375 1530 3405 Vobis
1539 3398 1548 3412 ,
1566 3374 1661 3410 Ligeis
1676 3372 1708 3403 &
1725 3369 1848 3401 Subdms
1857 3370 1980 3408 praedillz
1992 3373 2086 3400 Patris
2098 3369 2193 3410 nostri,
2213 3381 2247 3402 ex
2261 3382 2323 3409 par.

1272 3426 1299 3449 te
1312 3417 1358 3448 su&
1372 3417 1403 3447 δε
1419 3413 1522 3454 Nostri
1531 3435 1540 3451 ,
1557 3423 1590 3443 ac
1603 3412 1696 3448 Ligeis
1707 3410 1740 3440 &
1750 3409 1980 3439 Subditisnostris
1997 3409 2181 3446 Praecipimus
2195 3410 2227 3440 &
2237 3410 2322 3441 Man-

1272 3457 1387 3491 damus,
1407 3453 1522 3489 Vosque
1540 3450 1659 3481 Amicos
1674 3450 1706 3480 δε
1723 3448 1880 3478 Benevolos
1902 3446 2084 3483 Requiriiuus
2107 3447 2140 3478 ὃς
2159 3447 2320 3486 Rogamus,

1272 3493 1352 3532 quud
1369 3491 1457 3530 ipsum
1475 3492 1601 3526 Petrum,
1621 3497 1688 3519 cum
1703 3485 1829 3516 Personis
1845 3485 2000 3523 praedietis,
2015 3484 2161 3516 Praemissa
2174 3487 2267 3517 debite
2282 3487 2322 3516 r‘a-

1273 3532 1375 3564 ciendo
1386 3554 1395 3570 ,
1414 3530 1627 3564 manuteneatis,
1645 3528 1705 3567 8(εῆ-

1309 3568 1428 3600 Proviso
1443 3568 1548 3605 semper
1565 3564 1644 3603 quod
1658 3566 1708 3601 ipli
1723 3562 1892 3601 quicquam,
1911 3561 1989 3599 quod
1999 3562 2028 3592 in
2038 3563 2163 3600 praediffl
2177 3565 2322 3593 Patris-no-

1263 3609 1318 3648 stri
1335 3617 1380 3638 aut
1398 3605 1586 3636 Subditorum
1602 3603 1714 3632 suorum
1725 3624 1735 3638 ,
1753 3601 1797 3630 vel
1812 3600 1905 3639 Nalm
1920 3608 1966 3630 aut
1981 3600 2135 3639 Ligeorurn
2153 3602 2196 3631 seu
2217 3602 2327 3635 Subdi-,

1272 3656 1366 3679 torum
1380 3643 1541 3675 nostrorum
1550 3664 1559 3680 ,
1578 3648 1776 3676 contemptum
1792 3639 1835 3669 vel
1849 3638 2044 3676 praejudicium
2057 3639 2207 3676 aliqualiter
2221 3639 2320 3670 cedere

1272 3685 1376 3721 valeat,
1396 3692 1454 3712 non
1468 3688 1633 3716 attemptent
1643 3701 1652 3716 ,
1670 3677 1713 3707 seu
1727 3677 1827 3707 faciant
1842 3676 2057 3715 quomodolibet
2073 3678 2247 3716 attemptari,

1310 3721 1457 3758 Quodque
1471 3718 1518 3755 ipsi
1535 3717 1641 3747 nullum
1659 3715 1843 3752 Castrorum,
1862 3716 1921 3745 &c.

1308 3760 1342 3792 In
1361 3760 1456 3797 cujus,
1473 3758 1532 3789 &c
1549 3766 1597 3794 per
1612 3756 1682 3785 orfito
1698 3754 1767 3784 Dies
1783 3754 1914 3791 proximo
1929 3753 2037 3783 futuros
2052 3753 2199 3783 duraturas.

1308 3797 1397 3831 Teste
1413 3796 1499 3834 Rege
1514 3795 1587 3833 apud
1603 3793 1735 3831 Parisius,
1754 3791 1882 3823 Decimo
1895 3793 1978 3823 tertio
1992 3791 2037 3820 die
2052 3789 2230 3821 Decembris.

1957 3871 2009 3901 Per
2021 3867 2102 3908 ipfitm
2115 3871 2218 3906 Regem.

1734 4059 1757 4093 B
1775 4060 1795 4090 b
2278 4061 2331 4090 Pro

2347 1315 2430 1342 ¹40·
2456 1332 2459 1342 ,

2317 1347 2369 1370 An.
2385 1343 2413 1370 S.

2322 1388 2356 1409 Η.
2378 1392 2403 1412 ²·-

2322 1425 2413 1449 Norm.
2427 1417 2454 1443 8.

2324 1462 2455 1492 H,5‹p·2a

2325 1496 2361 1523 ⁷73³.
2381 1492 2455 1521 imd-

2345 2975 2419 3005 ·X.

2343 3052 2419 3082 Arm.
2432 3052 2472 3082 D.

2364 3100 2449 3128 1420.

2339 3133 2391 3156 Ati.
2412 3131 2439 3157 5.

2341 3171 2375 3193 Η.
2396 3177 2420 3200 5.

2341 3210 2430 3233 Norm.
2447 3205 2474 3233 8.

2342 3248 2374 3270 H.
2384 3252 2406 3273 ς’.
2418 3251 2471 3278 pa..

2339 3292 2375 3310 m.
2396 3290 2437 3309 υ..
