2562 4274
187 138 265 188 196

45 220 122 252 Am.
135 219 176 249 D.
229 219 297 252 Nos
312 226 407 250 autem
421 217 538 248 Cartam
549 238 559 254 ,
574 216 637 247 &e.

76 268 162 299 1421.
233 259 301 289 Dat.
320 268 350 289 ut
365 257 444 296 supra
460 265 495 286 xx
508 255 554 286 die
567 255 651 284 Febr.

44 303 107 326 Hm.
127 308 157 334 ς’
520 334 574 362 Per
586 331 669 371 ipst'aem
683 332 780 368 Regem
796 329 837 360 ad
849 327 1019 360 Relationem
1037 326 1156 358 Concilii.

387 460 446 490 Pro
465 455 593 502 Ecclesia
612 457 704 488 Beatae
718 458 833 488 Mariae
851 454 887 488 de
905 453 1074 488 Medunta.

45 563 109 591 ΠΜ,
124 572 161 591 Μ.
196 544 314 600 REX
331 542 497 580 Omnibus,
515 541 548 571 ad
564 551 653 585 quos,
669 543 731 573 &c.
748 542 885 587 Salutem.
1089 579 1094 584 ¹
1112 579 1117 587 μ
1157 577 1162 582 1
1177 577 1192 582 ..

291 592 304 612 l
315 591 337 612 N
349 592 361 612 s
370 591 387 612 P
399 591 416 612 E
428 590 445 610 x
455 590 465 611 1
476 590 502 611 M
513 589 536 611 υ
546 590 557 610 s
573 581 703 618 qualdam
720 581 824 610 Literas
835 578 967 610 Parentes
981 577 1117 608 Ludavm
1132 575 1194 607 Ftln
1209 578 1263 606 Re-

46 610 66 638 5
69 623 75 629 '
191 624 231 692 {s
256 625 391 659 Franciae,
413 620 556 659 quondam
580 619 706 650 Comitis
728 617 925 656 Ebroicenfis,
951 617 1036 648 factas
1057 616 1088 646 in
1111 617 1176 646 haec
1197 625 1262 646 ver-

216 671 230 690 a
244 683 254 699 ²

232 743 309 778 Nos,
328 739 482 770 Ludovicus
490 762 499 778 ,
518 741 594 777 Regis
607 741 730 770 Franciae
745 738 832 770 Filius
841 762 851 776 ,
869 740 960 768 Comes
973 735 1155 780 Ebroicenfis‚

230 782 337 810 Notum
351 779 467 810 facimus
486 777 635 816 univerfis,
652 777 798 816 praesentes
811 777 916 808 Literas
933 775 1111 813 inspectum,
1126 772 1224 812 quod,

229 819 330 855 Cum,
348 818 431 849 clarae
454 816 625 854 Memoriae,
648 819 831 854 Margareta,
850 814 996 854 quondam
1020 812 1155 844 cariffima
1176 811 1261 843 Con-

192 857 249 888 sors
267 857 378 895 nostra,
396 858 424 887 in
442 856 491 887 suo
504 855 710 893 Testamento,
729 856 773 885 seu
789 855 836 886 sua
849 853 966 885 Ultima
979 852 1149 891 Voluntate,
1169 852 1261 890 Lega-

192 898 283 935 verst,
299 897 370 927 inter
386 895 452 933 alia,
468 893 589 934 Ecclest'ae
602 894 688 923 beatae
705 896 806 924 Mariae
819 893 851 922 de
866 892 1022 929 Medunta,
1040 889 1101 926 (ἑνί.

231 973 301 1005 Nos
314 981 407 1004 autem
421 972 536 1008 omnia,
553 971 614 1001 &e.

231 1012 301 1043 Dat.
320 1020 350 1043 ut
369 1011 445 1049 supra
458 1011 552 1049 primo
567 1009 613 1040 die
625 1007 733 1039 Martii.

827 1048 880 1076 Per
892 1043 974 1084 ipficm
994 1046 1098 1083 Regem.

419 1186 479 1218 Pro
493 1181 600 1226 Nostre
617 1185 738 1217 Damne
758 1181 816 1215 deu
834 1181 894 1216 Val
911 1182 1020 1215 Guion.

60 1288 123 1318 'bid'
138 1298 177 1318 ἠ’
196 1274 315 1345 RE}
329 1274 495 1343 omnifflyss'
511 1272 651 1342 ada‘llldcxlln
664 1269 894 1342 ffitisdalkdtxcglcri
916 1318 1008 1340 turam
1042 1307 1072 1338 Si
1093 1306 1142 1337 illo
1162 1315 1260 1337 caren-

45 1330 87 1357 Μ’
194 1361 271 1392 tem,
291 1323 440 1384 Plaltsgrlztleln
455 1322 602 1390 quoctlldam
622 1322 758 1380 Ludwig·
778 1319 941 1379 Francorgm
964 1331 1041 1384 Reg’is
1065 1346 1258 1391 ‚rogerritoris

191 1392 279 1423 nostri
295 1401 325 1422 ut
343 1391 484 1430 apparuit,
503 1390 580 1422 cuius
596 1389 813 1426 Transcriptum
831 1389 859 1417 in
875 1386 1001 1425 quodam
1013 1394 1133 1428 antiquo
1148 1383 1258 1430 Indice,

189 1431 290 1467 Sigillo
309 1428 459 1462 Ballivatiis
475 1429 511 1459 de
529 1427 609 1459 Caen
634 1427 775 1465 Sigillato,
794 1429 1007 1463 incorporatum
1028 1423 1154 1455 similiter
1176 1423 1259 1453 Vult-

188 1482 263 1510 mus,
283 1480 347 1509 quae
362 1469 488 1501 formam
502 1467 713 1506 subsequentem
728 1466 856 1496 continet
871 1466 900 1495 in
914 1465 978 1496 haec
993 1462 1097 1501 verba,

58 1559 77 1579 ιιι
98 1560 122 1587 χ
227 1548 247 1566 *
267 1546 448 1583 Ludo-wicus,
465 1543 522 1574 Dei
537 1543 644 1581 gratia,
660 1545 824 1573 Francorum
837 1545 914 1580 Rex,

43 1608 87 1636 39·
129 1582 135 1588 '
231 1588 338 1629 Notom
357 1584 477 1615 facimus
498 1582 822 1628 universisypraesentes
845 1580 1015 1628 Literas'ins
1077 1580 1147 1624 uris,
1175 1579 1258 1623 quod

194 1627 254 1655 Nos
274 1624 380 1654 Literas
395 1621 539 1660 quondam
553 1621 682 1651 Gurdoms
697 1620 729 1650 de
745 1619 825 1650 Malo
840 1623 950 1664 Vymo,
962 1629 991 1650 in
1039 1618 1122 1650 allico
1133 1618 1258 1657 scnptaS,

189 1662 225 1694 de
241 1663 330 1694 verbo
346 1662 380 1692 ad
396 1661 516 1692 verbum
530 1661 653 1690 Vidimus
665 1661 693 1690 in
710 1660 763 1690 hac
776 1659 890 1697 forma,

224 1739 259 1778 je
274 1742 339 1769 Guis
362 1736 519 1778 Mauvefins
530 1736 579 1767 fais
595 1736 683 1767 savoir
697 1746 711 1766 a
725 1744 789 1766 tous
806 1745 887 1766 ceaus
900 1759 909 1772 ,
927 1736 977 1774 qui
990 1742 1107 1767 verront
1123 1744 1170 1766 ces
1188 1734 1257 1765 Let-

189 1787 243 1810 tres
253 1802 262 1816 ,
280 1788 334 1813 que
347 1776 383 1816 Je
401 1776 466 1807 Lais
479 1786 494 1806 a
510 1775 596 1815 nostre
611 1779 700 1806 Dame
714 1775 763 1805 deu
778 1774 832 1805 Val
845 1777 933 1806 Guion
956 1784 992 1806 en
1012 1784 1081 1813 pure
1100 1775 1134 1806 &
1157 1783 1258 1813 perpe-

189 1817 262 1855 tuel,
280 1817 341 1848 &c.

225 1892 295 1925 Nos
309 1900 405 1923 autem
420 1891 513 1930 dona,
531 1892 593 1924 &c.

226 1932 294 1964 Dat.
311 1941 341 1963 ut
355 1931 434 1970 supra
449 1931 624 1962 duodecimo
638 1929 685 1961 die
700 1928 808 1961 Martii.

522 2010 576 2038 Per
589 2007 671 2047 ipficm
687 2009 784 2046 Regem
798 2006 840 2036 ad
850 2005 1018 2037 Relationem
1032 2003 1150 2036 Concilii.

235 2144 295 2175 Pro
315 2139 478 2175 Monachis
493 2138 529 2173 de
545 2139 630 2173 malle
650 2139 760 2173 Sanffl
777 2141 892 2173 Alariae
909 2136 1013 2183 verstas
1033 2135 1209 2179 Pontefiam.

41 2238 107 2268 Ibid.
123 2247 158 2266 m.
195 2229 314 2289 REX
329 2231 495 2268 Omnibus,
512 2229 547 2260 ad
561 2238 648 2268 quos,
664 2229 725 2260 &c.
742 2228 876 2260 Salutem.
1116 2264 1122 2270 .

41 2287 71 2313 4,
294 2269 494 2301 [met-:xmus
513 2269 652 2307 quandam
667 2266 783 2299 Cartam
793 2291 802 2303 ,
820 2265 982 2298 recolendae
998 2273 1166 2301 memoriae,
1182 2265 1260 2293 Hen-

190 2311 255 2378 ΞΜ,
275 2308 420 2379 ςυῗὲἀεῐη
432 2311 509 2346 Regis
521 2306 653 2346 Angliae,
670 2307 758 2339 incliti
775 2305 973 2344 Progenitoris
987 2303 1095 2342 nostri,
1113 2302 1218 2334 factam
1232 2303 1261 2333 in

213 2357 255 2379 aec
271 2358 320 2379 ver
363 2372 372 2387 ,

231 2428 271 2456 H.
291 2427 351 2456 Rex
368 2422 496 2460 Angliae,
514 2421 585 2453 Dux
606 2422 804 2454 Normanniae
825 2421 859 2452 &
879 2419 1079 2459 Aquitanniae,
1097 2420 1131 2451 &
1150 2418 1261 2449 Comes

193 2463 366 2501 Andegaviae
377 2485 386 2500 ,
397 2463 529 2492 omnibus
539 2461 701 2499 justiciariis
711 2485 722 2500 ,
740 2463 773 2493 &
788 2460 1017 2491 vicecomitibus
1026 2482 1035 2498 ‚
1054 2459 1088 2490 &
1102 2457 1244 2488 Ministris
1253 2479 1262 2496 ,

195 2501 337 2532 Fidelibus
356 2502 421 2538 suis,
442 2499 576 2530 Salutem.

235 2539 377 2575 Praecipio
390 2538 470 2576 quod
482 2548 582 2569 omnes
599 2538 659 2569 Res
676 2538 893 2569 Monachorum
909 2536 944 2567 de
962 2535 1039 2566 Valle
1063 2535 1172 2567 Sanaae
1194 2536 1264 2565 Ma-

200 2579 248 2607 riae
263 2577 353 2607 versus
367 2577 528 2608 Pontefiam
539 2599 549 2616 ,
567 2587 633 2615 quas
646 2577 790 2608 Homines
805 2585 924 2614 eorum,
943 2576 1006 2607 &c-

239 2657 309 2688 Nos
322 2664 416 2687 autem
425 2679 435 2694 ‚
450 2657 512 2688 &c.

240 2695 309 2727 Dat.
327 2705 359 2727 ut
372 2695 451 2734 supra
464 2694 640 2726 duodecimo
655 2694 701 2725 die
715 2694 823 2725 Martii.

532 2778 585 2806 Per
598 2774 681 2814 ipficm
696 2776 793 2814 Regem
807 2774 849 2804 ad
858 2772 1026 2804 Relationem
1041 2771 1159 2803 Concilii.

512 2901 562 2933 De
582 2899 846 2934 Archidiaconatu
862 2901 956 2932 Dato.

59 3005 188 3039 Arm-D.
208 2985 327 3042 REX
344 2989 453 3016 Decano
468 2985 506 3021 ὠν
522 2985 643 3023 Capitulo
657 2985 794 3016 Ecclesiae
811 2983 983 3015 Cathedralis
995 2984 1085 3015 beatae
1104 2982 1206 3014 Mariae
1215 2982 1267 3014 Ba-

80 3055 167 3084 1421·
206 3061 225 3093 S
242 3061 248 3090 1
270 3072 280 3093 t
283 3024 422 3063 jocenfis,
440 3024 485 3055 seu
510 3024 627 3055 Vicariis
649 3026 678 3055 in
695 3024 887 3063 Spiritualibus
902 3022 1009 3054 ibidem
1020 3046 1030 3061 ,
1047 3021 1121 3054 Sede
1133 3031 1268 3062 vacante,

227 3073 241 3092 a
252 3073 268 3091 u
282 3073 339 3094 em.

58 3088 112 3152 2⁷¹·
132 3085 159 3111 8.
240 3100 349 3139 Vobis,
367 3100 485 3132 Tenore
505 3100 707 3139 Praesentium,
727 3100 919 3138 significamus
942 3099 1023 3139 quod
1047 3097 1270 3130 Archidiacona-

60 3132 142 3190 Ριξξι·
205 3147 267 3169 ‘Um
284 3140 487 3178 oximensem,
502 3140 530 3169 in
546 3138 672 3169 Ecclesia
686 3139 822 3177 praedicta
836 3149 912 3169 nunc
928 3138 1047 3169 liberum
1061 3138 1094 3169 &
1110 3147 1271 3177 vacantem,

61 3204 152 3229 Nori-n,
165 3197 193 3225 8¹
207 3178 426 3247 &citrL'mSanib-gs
435 3176 1105 3247 gogidshldffignlsssifffflslAEaeczidliesnoegollatio
1117 3215 1151 3246 &
1174 3216 1256 3245 omni

62 3242 98 3266 H·
108 3244 159 3275 Η·
169 3246 194 3263 ²·
211 3227 467 3293 modzluDllplosletio
483 3255 566 3284 nobis
581 3227 900 3291 noscuntur’pgrctixlere,
950 3238 959 3254 ²

63 3285 100 3304 'n‘
136 3299 142 3304 ·
247 3292 365 3323 Dilecto
381 3293 480 3324 Nobis
499 3292 642 3330 Magistro
657 3295 774 3322 Henrico
787 3291 937 3331 Grenffils,
954 3301 1022 3322 cum
1038 3291 1090 3322 suis
1103 3290 1215 3330 Juribus
1236 3292 1270 3323 &

209 3330 387 3362 Pertinentiis
403 3331 554 3369 universis,
568 3330 735 3369 conferimus
751 3332 783 3361 δε
799 3335 955 3366 Donamus,

246 3368 415 3400 Mandantes
428 3370 554 3407 quatinus
565 3369 653 3407 ipsum
667 3372 814 3399 Henricum
831 3371 859 3399 in
869 3368 1109 3399 Archidiaconatu
1123 3369 1272 3408 recipiatis,

210 3417 243 3439 ac
256 3406 345 3445 ipsum
355 3430 364 3446 ‚
382 3406 426 3437 seu
438 3408 496 3445 ejus
511 3409 539 3437 in
552 3408 604 3438 hac
619 3416 695 3445 parte
709 3407 923 3438 Procuratorem
934 3430 944 3446 ,
960 3408 989 3436 in
1003 3406 1179 3443 corporalem
1188 3431 1197 3445 ,
1207 3408 1269 3438 &c.

212 3455 298 3485 prout
314 3446 402 3477 moris
417 3445 458 3475 est
468 3469 478 3482 .‚
496 3446 588 3475 eidem
600 3445 761 3484 affignantes
772 3470 781 3483 ,

249 3484 381 3515 Necnon
394 3483 516 3514 eundem
530 3487 675 3514 Henricum
684 3483 935 3521 obventionibus,
944 3482 1005 3513 &c.
1022 3481 1272 3520 Solempnitatibus

212 3522 242 3553 in
255 3523 355 3553 talibus
370 3521 428 3553 fieri
448 3521 595 3553 consuetis.

253 3561 286 3591 In
302 3562 398 3600 cujus,
415 3561 475 3592 &c.

246 3600 336 3644 Teste
360 3600 440 3640 Rege
461 3598 534 3639 apud
559 3599 679 3640 Castrum
692 3599 773 3639 fimm
793 3597 968 3637 Rothomagi,
987 3598 1103 3631 decimo
1123 3601 1206 3630 tertio
1227 3599 1273 3630 die

209 3635 342 3676 Januaru.

889 3716 942 3743 Per
962 3712 1042 3753 ipsimi
1057 3717 1161 3752 Regem.

76 3772 152 3804 Ann.
166 3771 210 3803 D.
231 3790 317 3797 —-
797 3792 898 3795 -ῌ

96 3820 184 3849 1421.

75 3853 128 3878 Aa.
149 3851 175 3876 ὃ.
564 3839 616 3872 De
638 3838 832 3870 sacramento
849 3835 945 3880 fallo.

73 3893 110 3916 H.
128 3897 155 3922 5.

74 3930 135 3954 Tar.

133 3975 137 3978 ῃ
223 3923 339 3980 REX
350 3947 358 3962 ,
374 3925 480 3956 dileffis
501 3926 535 3957 &
556 3924 682 3956 fidelibus
697 3924 766 3965 suis,
784 3924 946 3968 Praefidenti
959 3924 992 3954 &
1007 3925 1150 3957 Gentibus
1162 3925 1198 3970 de
1216 3924 1277 3956 Ca-

75 3969 165 3991 Nsrrm.
180 3964 206 3992 8.
302 3972 376 3991 mera
398 3963 494 3994 nostra
509 3963 727 4000 Compotorum
738 3987 747 4002 ,
764 3973 877 3994 necnon
892 3963 1025 3994 universis
1038 3965 1070 3994 &
1089 3964 1202 3998 finanus
1214 3964 1276 3995 Bal-

74 4005 109 4029 Η.
120 4012 143 4036 5-
152 4010 166 4039 p
182 3998 294 4043 2.liyis,
316 3998 559 4043 Vicecomitibus,
577 4012 609 4032 ac
626 4003 683 4032 aliis
699 4002 853 4035 Officiariis
871 4000 1001 4035 Ducatfis
1012 3999 1102 4034 nostri
1122 4002 1276 4034 Norman-

75 4043 184 4075 m.4.d.
215 4047 271 4070 111ae
289 4038 532 4078 quibuscumque,
549 4040 682 4071 Salutem.

654 123 1467 177 coNvaNTroNES,
1523 120 1915 176 LITERAE,

1332 209 1453 241 Notum
1472 210 1557 241 vobis
1600 211 1678 250 uod,
1697 211 1817 242 dilectus
1840 210 1942 242 Nobis
1963 211 1990 241 in
2012 209 2147 250 Christo,
2171 209 2318 248 Galfridue
2336 212 2369 242 de
2384 209 2461 240 Ann.
2477 209 2517 241 D.

1297 248 1571 294 Beaueuqis2Abbas
1579 221 1874 294 ‘lxionasterii-sanffi
1896 249 2016 293 Martini
2036 249 2073 280 de
2098 250 2170 280 Seez
2204 250 2369 281 Sacramen-
2405 257 2492 288 1421.

1297 296 1360 331 tum
1374 287 1529 318 l⁴1de11tatis
1543 288 1589 324 (ad
1606 289 1703 327 quod,
1721 297 1827 333 ratione
1845 289 2064 332 Temporalium
2084 287 2154 318 dieti
2175 273 2350 332 Monasterii
2385 292 2451 317 Heu.
2471 297 2497 323 5.

1296 325 1368 395 }Zgriati
1380 325 1680 402 guggls‘txisitmstmm
1694 326 1863 366 praedietum
1879 326 2078 364 existentium,
2096 326 2193 358 Nobis
2207 313 2369 366 tenebatur}

1335 401 1474 444 Adquod
1487 387 1605 440 quidem
1621 402 1837 435 Sacramentum
1851 403 1976 435 eundem
1990 403 2137 434 Abbatem
2156 406 2314 444 recepimus
2333 405 2367 436 δε

1296 439 1478 478 admisimus,
1497 441 1597 471 nostro
1610 442 1644 473 &
1660 441 1753 472 alieno
1765 442 1835 480 Jure
1848 443 1925 474 salvo
1935 467 1945 481 ,

1333 478 1425 509 Vobis
1439 480 1472 511 &
1490 480 1606 510 cuilibet
1619 479 1750 510 vestrt'tm
1765 480 1936 512 Mandantes
1949 481 1988 511 ne
2009 479 2180 520 praedictum
2202 480 2347 513 Abbatem
2356 506 2366 520 ,

1295 526 1434 555 praetextu
1449 518 1536 548 dietae
1552 517 1701 549 Fidelitatis
1714 518 1884 551 Sacramenti
1900 521 1984 551 nobis
2000 529 2060 549 non
2073 519 2203 558 praestiti,
2221 521 2251 550 in
2267 521 2367 559 praefa-

1296 565 1324 587 ta
1343 556 1483 593 Abbatia‚
1502 558 1599 588 necin
1616 556 1741 595 ejusdem
1753 559 1928 594 pertinentiis
1953 558 2181 597 quibuscumque
2202 559 2368 597 perturbetis

1296 603 1344 625 aut
1367 595 1517 633 inquietis,
1534 596 1581 626 vel
1602 596 1774 634 perturbari,
1792 596 1950 635 molestari,
1969 598 2015 629 seu
2033 597 2182 635 inquietari
2203 598 2368 635 permittatis

1296 643 1312 663 a
1326 643 1634 711 augetektlffnslugiaedieta
1647 671 1769 703 Abbatia
1784 671 1830 702 vel
1844 672 1948 711 aliquid
1962 673 2085 712 ejusdem
2100 673 2132 705 fit
2147 674 2181 706 ad
2197 674 2256 706 hoc
2271 674 2364 712 impe·
2379 674 2399 695 Ψ
2419 676 2458 705 X.

1295 709 1369 779 gite,
1387 711 1416 741 id
1439 709 1544 743 Abbati
1567 711 1711 743 antedicto
1734 711 1890 742 deliberetis
1905 734 1915 750 ,
1934 713 1982 744 seu
1998 713 2143 744 deliberari
2166 714 2271 745 faciatis
2288 713 2363 745 indi·
2379 724 2428 750 40·

1291 824 1310 865 J
1325 758 1419 856 Tseste
1441 787 1522 828 Rege
1542 788 1616 828 apud
1641 788 1765 829 Castrum
1775 786 1858 828 ficum
1869 787 2046 827 Rothomagi,
2064 788 2180 821 decimo
2196 800 2296 830 quarto
2316 790 2364 823 die

1313 837 1328 856 a
1351 837 1425 858 uaru.

1296 907 1485 975 d'gonfimiles
1498 911 1613 940 Literar
1629 911 1707 948 Regis
1720 907 1803 939 habet
1816 907 1915 939 Abbas
1929 908 2092 949 Monasterii
2113 908 2211 940 Sancti
2229 908 2359 941 waltarini

1355 956 1450 977 ureux.

1333 1025 1424 1058 Teste
1439 1035 1469 1059 ut
1482 1027 1569 1067 supra.

1524 1166 1583 1196 Pro
1609 1165 1759 1198 Katerina
1782 1163 1903 1210 Duciffiz
1927 1165 1958 1196 in
1981 1165 2131 1198 Bavaria.

1299 1252 1419 1308 REX
1432 1252 1599 1296 Omnibus,
1617 1253 1651 1284 ad
1666 1263 1755 1292 qu05,
1774 1255 1836 1287 &c.
1853 1252 1988 1286 Salutem.
2379 1256 2512 1290 Ann.De

1396 1291 1522 1322 Humilis
1541 1293 1574 1323 δε
1599 1292 1704 1323 devota
1727 1292 1832 1324 Petitio
1849 1317 1859 1330 ,
1884 1293 2032 1324 cariffimae
2058 1291 2288 1332 Consanguineae
2303 1303 2359 1324 no·
2398 1305 2485 1335 1421.

1296 1325 1376 1374 strae,
1391 1333 1535 1361 Katerinae
1553 1335 1583 1361 in
1606 1333 1738 1362 Bavaria
1749 1332 1880 1373 Ducrffae,
1897 1332 2008 1371 pridem
2025 1333 2109 1364 nobis
2127 1332 2277 1372 porresta,
2295 1332 2359 1370 sup·-
2372 1339 2428 1364 An.
2449 1336 2476 1366 8.

1296 1366 1404 1404 pllciter
1417 1370 1582 1400 continebat
1592 1394 1601 1408 ,
2377 1378 2412 1402 H.
2427 1383 2458 1410 5.

1335 1406 1426 1445 Qod
1444 1408 1543 1439 eadem
1560 1407 1776 1448 Consanguinea
1793 1409 1906 1448 nostra,
1920 1417 1984 1440 ante
2000 1408 2114 1440 felicem
2129 1408 2260 1441 nostrum
2276 1408 2362 1440 Con·
2378 1416 2436 1440 Pat.

1318 1446 1444 1486 uestum,
1463 1448 1598 1478 nonnulla
1610 1448 1730 1485 Terras,
1750 1448 1905 1486 Redditus,
1923 1449 1957 1480 &
1973 1447 2130 1486 Dominia,
2141 1450 2237 1489 magni
2250 1447 2361 1479 Valoris
2378 1455 2469 1479 Norm.
2484 1450 2502 1478 8

1325 1486 1408 1523 nnui,
1428 1486 1540 1517 tenebat
1564 1487 1592 1516 in
1617 1485 1734 1516 Ducatu
1754 1486 1855 1518 nostro
1878 1487 2087 1526 Normanniae‚
2103 1487 2139 1518 de
2152 1489 2255 1527 quibus
2268 1488 2360 1525 perci·
2376 1494 2411 1518 H.
2418 1497 2510 1527 5.p.3.

1294 1533 1359 1562 pere
1373 1524 1477 1556 solebat
1490 1524 1649 1564 peramplos
1662 1524 1820 1557 Proventus
1833 1526 1954 1557 Annuos
1967 1526 2003 1557 ad
2023 1527 2062 1557 sui
2082 1525 2169 1558 status
2189 1528 2358 1566 exigentiam
2373 1538 2412 1558 m.
2430 1538 2474 1556 ιο.

1294 1563 1328 1594 &
1340 1562 1580 1596 Sustentationem
1595 1571 1785 1602 oportunam,

1330 1602 1468 1645 ,Quibus,
1487 1612 1503 1632 a
1518 1610 1646 1641 tempore
1661 1602 1728 1632 dieti
1743 1601 1930 1641 Conquestus
1948 1602 2038 1633 nostri
2051 1603 2138 1642 citra,
2156 1603 2182 1635 se
2198 1602 2361 1634 destitutam

1296 1638 1376 1670 futsse
1389 1642 1590 1678 conqueritur,
1608 1642 1637 1671 in
1650 1640 1690 1671 sui
1708 1640 1803 1672 Status
1818 1642 1951 1672 anredifti
1968 1641 2209 1674 Deminutionetn
2223 1643 2362 1681 perquam

1295 1686 1413 1717 gravem
1427 1680 1461 1710 &
1478 1678 1710 1717 Detrimentum,

1334 1716 1425 1756 Super
1444 1728 1504 1757 quo
1522 1717 1575 1749 fibi
1592 1717 1628 1748 de
1647 1716 1792 1748 Remedio
1808 1717 1952 1757 provideri
1969 1719 2051 1757 igitur
2067 1717 2265 1757 supplicaverat
2275 1729 2362 1758 opor-

1296 1763 1385 1793 tuno,

1335 1793 1405 1825 Nos
1422 1794 1524 1833 icitur,

1569 1802 1648 1825 raeter
1664 1793 1881 1827 Praemifl'orum
1901 1794 2060 1826 Eletstivam
2077 1793 2196 1833 seriem,
2216 1796 2363 1826 attenden-

1295 1841 1335 1863 tes
1356 1821 1518 1871 praeclaram

1571 1835 1660 1864 enei-is
1678 1833 1868 1864 Nobilitatem
1881 1858 1890 1873 ,
1912 1844 1997 1872 quarn
2016 1833 2128 1871 praefata
2147 1833 2364 1873 Consanguinea

1296 1871 1393 1903 nostra
1414 1873 1450 1902 ab
1476 1872 1639 1903 inclitorum
1665 1871 1885 1912 progenitorum
1910 1872 2076 1904 nostrorum
2095 1870 2216 1904 Domus
2234 1872 2363 1903 Franciae

1296 1910 1390 1950 Regia
1408 1911 1492 1949 stirpe
1508 1912 1672 1948 contraxit,
1694 1921 1779 1950 quam
1798 1913 1832 1944 &
1851 1911 1906 1950 ipsa
1924 1936 1933 1949 ,
1958 1912 2072 1942 suorum
2092 1911 2190 1951 insigni
2208 1910 2362 1942 Venustate

1297 1948 1420 1980 Morum
1446 1951 1479 1980 &
1506 1950 1690 1988 multiphariis
1715 1950 1860 1981 Virtutum
1879 1950 1983 1981 Titulis
2007 1949 2160 1989 illustrata,
2187 1950 2303 1981 decorat
2327 1950 2362 1980 δε

1297 1988 1420 2026 attollit,
1446 1988 1550 2020 horum
1569 1989 1794 2020 consideratione
1813 1989 1905 2019 eidem
1925 1988 2152 2028 Consanguineae
2170 1988 2274 2019 nostrae
2325 1988 2364 2020 de

1298 2026 1398 2058 Gratia
1415 2027 1509 2057 nostra
1523 2028 1650 2065 speciali,
1668 2028 1800 2058 duximus
1811 2027 2045 2065 Providendum,
2065 2027 2146 2066 quod
2166 2026 2225 2066 Ipsa
2237 2027 2272 2058 de
2317 2036 2365 2057 ro—

1297 2066 1430 2097 ventibus
1448 2065 1579 2097 Ducatiis
1596 2066 1685 2097 nostri
1700 2066 1826 2104 praedicti
1837 2089 1847 2105 ,
1863 2066 1973 2106 singulis
1985 2066 2093 2105 Annis,
2109 2076 2160 2104 per
2173 2075 2272 2097 manus
2281 2065 2366 2096 The-

1297 2104 1405 2135 saurarii
1422 2104 1509 2135 nostri
1526 2104 1739 2143 Normanniae,
1768 2106 1905 2144 percipiet
1921 2104 2070 2136 Summam
2089 2104 2225 2136 Duorum
2246 2103 2365 2135 Milium

1299 2143 1450 2212 kib-rarum
1467 2143 1698 2183 Turonenfium,
1714 2144 1748 2175 ad
1769 2145 1902 2182 Qatuor
1920 2145 2000 2175 Anni
2014 2144 2171 2175 Terminos
2187 2143 2306 2182 usuales,
2320 2143 2366 2175 vi-

1322 2192 1337 2212 e
1349 2191 1421 2219 icet,

1338 2220 1469 2258 Paschae,

1339 2259 1375 2290 N
1377 2259 1507 2290 ativitatis
1518 2258 1614 2290 Sancti
1628 2258 1767 2298 Johannis
1783 2258 1914 2299 Baptistae
1923 2281 1935 2298 ‚

1339 2298 1435 2329 Sancti
1451 2297 1600 2337 Remigii,

1341 2336 1378 2367 Et
1393 2337 1501 2369 Natalis
1516 2336 1656 2375 Domini,

1339 2375 1499 2413 Videlicet,
1512 2375 1546 2405 ad
1582 2375 1717 2406 uemlibet
1729 2374 1932 2413 praedidmrum
1946 2374 2155 2406 Terminorum
2163 2397 2173 2413 ,
2189 2374 2368 2414 Quingentas

1303 2414 1404 2446 Libras
1415 2415 1557 2446 Turonen
1569 2425 1613 2453 es,
1631 2414 1725 2445 donec
1744 2414 1823 2452 super
1838 2413 2002 2452 quibusdam
2016 2413 2067 2445 suis
2081 2413 2252 2452 Requestis,
2267 2414 2368 2444 Nobis

1303 2454 1383 2484 faffls
1393 2478 1402 2493 ,
1422 2454 1514 2484 eidem
1528 2453 1606 2484 aliter
1620 2452 1784 2483 duxerimus
1798 2451 1998 2483 Ordinandum
2007 2474 2017 2490 ,

1344 2493 1546 2532 Quamobrem
1566 2492 1692 2522 districte
1711 2490 1893 2529 Praecipimus
1908 2492 1941 2522 &
1958 2489 2150 2529 Mandamus,
2167 2490 2275 2520 dilecto
2294 2488 2366 2520 No·

1304 2532 1364 2570 bis,
1381 2533 1424 2561 W
1425 2530 1533 2561 illielmo
1550 2530 1710 2569 Alyngton,
1728 2530 1916 2560 Thesaurario
1940 2529 2038 2559 nostro
2060 2527 2193 2559 Generali
2214 2527 2366 2558 Norman-

1304 2571 1359 2600 niae
1370 2592 1379 2608 ‚
1397 2580 1431 2601 ac
1450 2569 1582 2600 Generali
1597 2569 1782 2600 Thesaurario
1796 2568 1897 2598 nostro
1913 2567 2105 2598 Normanniae
2118 2568 2291 2604 cuicumque
2315 2567 2366 2604 qui

1304 2619 1357 2677 1¹33}
1371 2608 1772 2684 ffissssssofrffier‘rltfioiifgffl
1781 2604 2242 2682 ,eggigffiiesnffidegggsdffiffig
2252 2604 2368 2673 3233·

1304 2694 1371 2716 ratae
1388 2685 1613 2722 Consanguineae
1627 2683 1749 2722 nostrae,
1766 2683 1810 2713 seu
1827 2684 1884 2721 ejus
1899 2691 1979 2713 certo
1996 2666 2169 2720 A’ttornato,
2183 2680 2367 2720 solvant‚seu

1305 2724 1375 2754 solvi
1395 2723 1431 2753 de
1454 2732 1559 2754 caetero
1573 2722 1692 2760 faciant,
1708 2721 1895 2759 supradieram
1914 2721 2063 2752 Summam
2085 2719 2223 2751 Duorum
2247 2720 2367 2750 Milium

1305 2762 1456 2792 Librarum
1472 2761 1685 2792 Turonenlium
1697 2783 1707 2798 ,
1725 2761 1887 2799 annuatim,
1904 2760 1938 2789 ad
1959 2759 2092 2798 Qatuor
2115 2759 2193 2790 Anni
2211 2758 2368 2789 Terminos

1304 2801 1582 2870 {upgameinoratos}
1589 2799 1623 2830 ad
1637 2799 1793 2838 quemlibet
1806 2799 1927 2839 ipsorum
1943 2797 2172 2837 Terminorum,
2191 2797 2370 2836 Quingentas

1327 2849 1345 2869 ,l
1368 2850 1407 2868 YssS
1457 2848 1564 2869 uronen
1577 2848 1604 2868 CS

1305 2917 1323 2947 d
1343 2877 1431 2917 Ipsam
1446 2877 1576 2908 faciendo
1591 2861 1660 2907 dicti
1674 2876 1793 2907 Decreti
1811 2875 1902 2907 nostri
1915 2874 1961 2906 seu
1968 2874 2168 2907 Conceffionis
2181 2871 2290 2904 effectu
2302 2881 2372 2912 gau-

1326 2926 1372 2946 ere

1346 2939 1390 2985 Et’
1405 2963 1454 2992 per
1476 2953 1674 2985 Traditionem
1695 2952 1895 2992 Praesentium,
1913 2953 1959 2984 seu
1979 2950 2104 2983 Vidimus
2118 2949 2302 2989 earumdem,
2320 2949 2372 2980 sub

1308 2993 1410 3031 Sigillo
1426 2992 1538 3032 Regio,
1556 3003 1609 3031 pro
1624 2992 1717 3032 prima
1732 2994 1795 3023 vice
1809 2992 1954 3022 dumtaxat
1964 3014 1974 3028 ,
1985 2990 2042 3021 una
2053 2999 2123 3021 cum
2138 2989 2303 3028 Qiietantia
2317 2988 2374 3019 suf-

1309 3032 1415 3063 ficienti
1432 3031 1672 3070 saepememoratae
1687 3030 1912 3069 Consanguineae
1933 3028 2055 3067 nostrae,
2075 3027 2212 3067 quicquid
2232 3027 2282 3058 fibi
2298 3026 2374 3070 solu-

1311 3080 1373 3102 tum
1392 3071 1492 3108 fuerit,
1512 3070 1676 3108 supradictae
1692 3068 1864 3099 Provifionis
1877 3067 1923 3099 vel
1937 3066 2137 3099 Conceffionis
2153 3066 2254 3103 causa,
2271 3065 2373 3096 admit-

1311 3118 1382 3141 tetur
1395 3109 1430 3140 ad
1447 3107 1596 3146 Compota
1611 3108 1736 3146 praedicti
1750 3107 1924 3139 Thesaurarii
1938 3105 2027 3137 nostri
2048 3105 2214 3144 Generalis,
2229 3104 2264 3136 &
2283 3103 2372 3148 defal-

1311 3149 1423 3179 cabitur
1439 3147 1484 3178 seu
1502 3147 1657 3178 deducetur
1676 3145 1711 3176 de
1733 3145 1865 3183 Recepta
1886 3146 1986 3184 ipfius,
2004 3146 2180 3183 ubicumque
2204 3152 2277 3182 opus
2299 3151 2372 3180 ent,

1312 3187 1370 3217 fine
1386 3185 1550 3216 difficultate
1564 3194 1753 3223 quacumque.

1349 3225 1383 3254 In
1398 3225 1476 3261 cujus
1486 3246 1496 3261 ‚
1513 3225 1574 3255 &c.
2350 3256 2355 3261 ¹

1308 3300 1326 3339 J
1348 3262 1437 3306 Teste
1458 3261 1541 3301 Rege
1563 3260 1636 3299 apud
1656 3258 1777 3300 Castrum
1787 3259 1867 3300 suum
1885 3259 2060 3299 Rothomagi,
2077 3259 2192 3291 decimo
2213 3264 2314 3297 quarto
2327 3255 2374 3287 die

1329 3310 1441 3331 anuaru.

2003 3369 2058 3397 Per
2070 3365 2152 3406 ipficm
2167 3368 2271 3405 Regem.

1660 3493 1710 3525 De
1732 3489 1899 3525 Praebendis
1923 3494 2028 3525 Datis.

1309 3577 1473 3649 Johanpes
1487 3574 1623 3621 Gernafir'
1634 3575 1765 3607 Clericus
1807 3576 1946 3621 Magister
1962 3578 1993 3607 in
2010 3574 2143 3611 Artibus,
2167 3571 2252 3602 habet
2269 3569 2374 3602 Literas
2391 3586 2521 3620 Arm-D·

1363 3615 1447 3655 Regis
1467 3615 1503 3644 de
1522 3614 1683 3645 Collanone
1701 3615 1734 3645 ad
1753 3599 1966 3646 (fanomcatum
1981 3615 2014 3645 &
2033 3609 2217 3643 Praebendam
2235 3608 2273 3640 de
2291 3609 2371 3641 Ven-
2411 3636 2498 3666 1421.

1314 3653 1357 3696 dis
1375 3655 1403 3683 in
1423 3653 1547 3683 Ecclesia
1564 3652 1724 3684 Cathedrali
1742 3653 1883 3692 Bajocenfi
1937 3659 2065 3683 vacantes
2082 3658 2132 3688 per
2151 3648 2284 3679 Mortem
2303 3648 2370 3679 Ma·
2383 3672 2438 3694 An.
2457 3667 2486 3695 8·

2384 3709 2419 3732 H.
2435 3711 2465 3742 5.

1314 3690 1548 3760 ffllriJohannif
1567 3693 1600 3722 de
1617 3697 1731 3730 crepone
1745 3715 1755 3731 ‚
1777 3692 1870 3723 ultimi
1886 3677 2054 3733 ssoffefforis
2071 3686 2238 3719 eommdem
2248 3711 2267 3731 ,Ι
2286 3687 2320 3718 &
2339 3689 2369 3718 in

1351 3731 1453 3775 *ambus
1472 3729 1557 3769 Regis
1570 3731 1587 3769 J
1598 3739 1620 3760 u
1632 3739 1655 3761 R
1667 3740 1684 3761 E
1711 3730 1742 3761 R
1753 3738 1832 3761 noa
1843 3739 1864 3760 L
1875 3739 1887 3760 1
1897 3738 1929 3760 ,ΔΕ
1947 3727 2112 3765 existenteS‚
2134 3727 2195 3758 &c.
2213 3735 2245 3757 ut
2260 3735 2290 3756 m
2306 3726 2367 3757 for·
2392 3747 2480 3771 Norm.
2493 3741 2523 3770 g·

1315 3777 1383 3825 ma?
1393 3804 1430 3835 Et
1443 3805 1600 3843 diriguntur
1616 3807 1720 3838 Literae
1733 3807 1790 3838 illae
1805 3808 1916 3841 Demnv
1931 3801 1969 3838 ὅ)
1984 3800 2107 3842 evilah
2122 3801 2256 3834 Ecclefiae
2270 3802 2372 3841 Pl'aedi·
2388 3786 2521 3848 ἕξεω-

1317 3844 1389 3881 ctae,
1408 3844 1452 3874 seu
1470 3844 1587 3875 Vicariis
1598 3846 1626 3875 in
1637 3846 1828 3883 spiritualibus
1837 3842 1945 3874 ibidem
1961 3840 2034 3872 Sede
2050 3849 2175 3886 vacante.
2346 3880 2352 3887 ¹
2389 3860 2406 3875 ι
2421 3859 2457 3885 χ,
2478 3842 2484 3848 “

1312 3881 1444 3960 Ιωᾞξξὶίῗ
1462 3881 1545 3923 Rege
1563 3884 1636 3922 apud
1657 3883 1779 3924 Castrum
1794 3882 1872 3922 fiam
1893 3878 2070 3918 Rothmagi‚
2092 3879 2209 3912 decimo
2226 3879 2305 3913 sexto
2324 3880 2371 3911 die
2391 3905 2440 3933 4¹.

1945 3957 1999 3987 Per
2014 3957 2098 3997 zpsr‘m
2111 3960 2218 3996 Regem.

1352 4037 1490 4079 Magister
1507 4037 1642 4079 Diooifiut
1659 4035 1799 4079 eastimet,
1813 4035 1952 4078 Magister
1969 4037 2001 4069 in
2019 4037 2138 4073 Artibus
2153 4038 2188 4070 &c
2203 4037 2238 4069 in
2254 4044 2381 4113 nezem
2393 4040 2457 4071 thid.
