2562 4274
5 244 82 277 Ann.
99 240 141 273 D.

27 289 115 322 1414.

5 326 68 351 Heo-
83 329 112 356 5-

13 677 33 696 ἴ
49 677 100 704 tx.

17 715 78 752 ¹33·

17 1839 96 1871 Ann.
107 1836 149 1867 D.

38 1885 125 1916 1414.

17 1923 72 1948 Ari.
88 1927 114 1943 2.

18 1962 52 1985 H.
76 1965 104 1991 5.

15 2000 104 2023 franc.
123 2005 149 2022 2·

17 2038 53 2062 Η,
68 2042 95 2069 5.

16 2082 54 2102 m.
71 2081 115 2100 10.

0 3400 166 3454 Δ1111111).

57 3470 143 3500 1414.

35 3506 89 3528 An.
110 3510 135 3527 2.

39 3544 72 3567 H.
93 3548 119 3573 5.

69 3576 137 3605 ibid.

56 3695 73 3713 ‘¹‘
102 3697 152 3724 IX.

44 3736 104 3771 ¹84.

765 152 876 193 ΕΤ
933 151 1188 193 ACTA

200 243 246 274 Ad
268 237 498 272 Promittendum
520 237 554 268 ὃς
572 234 748 274 Jurandum,
767 246 819 274 pro
840 236 953 275 Nobis,
970 238 1003 268 ὃς
1023 238 1156 269 Nomine
1171 249 1224 269 no-

163 282 221 313 stro
247 282 280 312 δε
297 280 403 311 Literas
417 277 474 307 suas
490 276 569 313 super
584 275 640 304 hoc
655 275 832 311 competenti
845 274 938 305 forma
952 275 1224 314 faciendutii,quod,

161 304 247 360 usque
268 319 361 354 diem,
383 325 432 353 per
453 313 545 353 ipsum
567 312 601 342 ad
625 313 682 342 hoc
707 312 901 350 limitandum,
927 313 1050 352 nullum,
1070 324 1137 345 cum
1158 325 1224 352 qua-

160 367 285 396 cumque
306 354 446 390 Muliere,
463 352 514 382 alia
535 353 550 381 a
564 351 638 379 dista
661 353 816 388 Katerina,
835 349 1055 382 Matrimonium
1073 355 1224 384 contrahe-

160 407 239 435 mus,
256 402 303 424 aut
325 392 403 429 super
421 391 480 420 hoc
500 389 719 427 quomodolibet
741 389 964 427 concludemus,
989 392 1105 428 praefato
1130 391 1224 429 Magi-

160 435 218 465 stro
243 431 386 471 Johanni,
402 429 520 460 Tenore
536 427 715 458 Praesentium
725 450 734 463 ,
755 426 863 464 plenam
876 429 1082 460 committimus
1093 429 1224 460 Potesta-

160 482 412 544 terlgr’omittentes,
428 506 504 536 bona
517 504 572 536 fide
585 504 618 534 &
633 504 662 533 in
682 502 771 544 verbo
788 502 981 542 Regio,quod
1000 503 1221 536 Promissionem

161 551 196 580 &
214 547 411 586 Juramentum
435 543 611 579 hu'usmodi,
627 551 676 579 per
698 543 786 580 iplum
807 541 966 579 Johannem
988 546 1105 574 nomine
1127 544 1225 573 nostro

161 586 270 623 fienda,
287 591 425 623 quantum
445 593 460 613 a
501 582 568 613 Nos
587 581 701 618 attinet,
722 580 837 617 fidelites
852 581 1032 619 implebimus
1046 583 1078 613 δε
1094 583 1225 613 observa-

164 626 259 655 bimus
273 621 459 658 inconcusse,
590 657 594 662 ·
754 657 758 662 ,
1108 658 1118 663 η
1153 657 1158 662 .

203 664 222 683 ‘¹²
243 661 276 692 In
292 669 416 700 quorum
432 657 647 689 Testimonium
661 657 708 687 has
724 657 827 687 Litcras
842 656 946 687 nostras
960 656 1087 689 Patentes
1101 662 1177 695 neri,
1191 657 1224 687 &

169 700 271 739 Magni
286 699 373 738 sigilli
386 696 473 727 nostri
487 696 656 733 appenlione
671 696 789 725 fecimus
801 697 981 726 communiri.

208 740 273 770 Dat.
294 742 323 768 in
347 735 459 765 Palatio
473 735 559 772 nostro
571 734 677 774 Wkstm.
698 734 771 763 xviii.
785 734 831 764 die
845 734 953 764 Mensis
964 734 1115 771 Gotobris,
1136 733 1223 762 Anno

167 778 290 809 Domini
305 774 477 812 Millesirno,
497 772 798 813 Quadringentesimo,
816 773 1059 811 Quartodecimo,
1081 773 1113 803 ὃς
1128 771 1224 810 Regni

165 816 255 847 nostri
269 814 412 845 Secundo.

208 897 340 936 Qarum
357 893 472 934 quidem
495 892 650 922 Literarum
674 890 850 921 Auctoritate
871 891 904 921 &
922 889 1028 929 Vigore
1043 900 1099 928 ego
1113 891 1226 930 Johan-

168 948 214 970 nes
227 934 375 973 Prophete,
394 930 613 963 Commiffarius
629 929 794 966 praedicius,
814 928 994 959 Praestntium
1009 929 1137 968 Tenore,
1153 931 1225 961 Pro-

169 977 272 1012 mitto,
290 974 322 1004 ὀ(
342 971 429 1010 Juro,
448 971 483 1001 ad
497 969 599 999 Sancta
611 967 668 997 Dei
682 966 849 1005 Evangelia,
867 975 916 1004 per
932 976 978 997 me
989 970 1172 1006 corporaliter
1186 981 1226 1001 ta-

169 1014 216 1046 &a
226 1036 235 1050 ,
251 1012 386 1043 Nomine
406 1009 475 1040 dieti
496 1006 620 1037 Domini
633 1005 721 1034 nostri
735 1005 844 1042 Regis,
862 1004 940 1042 quod
954 1007 1085 1043 praefatus
1096 1010 1228 1039 Dominus

170 1052 255 1092 noster
277 1054 351 1086 Rex,
372 1058 439 1079 cum
455 1045 529 1076 nulla
544 1043 677 1080 muliere,
696 1042 748 1072 alia
762 1044 777 1072 a
794 1046 911 1072 Domina
926 1046 1064 1074 Katerina
1078 1048 1228 1087 praedicta,

169 1093 237 1122 citra
262 1087 377 1119 Festum
403 1083 610 1115 Purificationis
630 1082 718 1111 beatae
737 1081 839 1111 Mariae
851 1082 985 1119 proximo
1001 1085 1143 1124 futurum,
1162 1086 1230 1118 Ma.

169 1128 336 1160 trimonium
350 1125 514 1160 contrahet,
530 1129 575 1149 aut
589 1119 668 1157 super
684 1129 720 1149 eo
735 1120 949 1157 quomodolibet
964 1122 1124 1152 concludet.

209 1167 243 1197 ln
265 1166 341 1202 cujus
355 1163 393 1192 rei
406 1159 623 1202 Testimonium
639 1157 769 1197 Sigillum
786 1167 885 1188 meum
900 1158 1062 1190 Decanatsis
1077 1163 1133 1192 mei
1148 1162 1228 1194 Ebo-

170 1215 235 1238 rum
250 1201 429 1243 praesentibus
441 1199 564 1238 apposui.
703 1236 707 1240 ι
861 1236 865 1240 Ι

210 1243 276 1273 Dat.
295 1239 443 1270 Londoniae
459 1238 573 1268 decimo
588 1245 668 1265 nono
681 1234 726 1265 die
743 1234 897 1275 Octobris,
917 1235 1004 1266 Anno
1020 1236 1142 1268 Domini
1158 1239 1229 1269 Mil-

170 1282 285 1317 lesimo,
297 1276 600 1316 QuadringentesimO,
616 1274 859 1312 Quartodecimo‚
870 1275 902 1304 &c
917 1272 1010 1312 Regni
1024 1276 1152 1314 praedicti
1166 1279 1230 1308 Do-

172 1321 242 1350 mini
255 1317 344 1348 nostri
359 1317 445 1355 Regis
460 1314 602 1346 Secundo.

208 1395 278 1426 Nos
294 1402 388 1424 autem
407 1392 511 1422 Literas
525 1388 671 1429 praedictas
685 1387 896 1431 Accepimus,
913 1388 1109 1427 Approbamus
1121 1414 1130 1429 ,
1150 1391 1230 1422 Rati-

174 1436 307 1471 ficainus,
329 1432 363 1463 &
386 1429 620 1465 Confirmamus,
638 1435 721 1466 prout
736 1427 845 1456 eaedem
862 1427 967 1457 Liielae
980 1429 1176 1461 rationabiliter
1191 1441 1232 1461 te.

171 1475 284 1505 stantur.

208 1511 242 1542 In
261 1509 357 1545 cu'uS,
374 1509 435 1539 &c.
737 1545 740 1549 ¹
959 1543 963 1548 ¹
1151 1545 1156 1550 ι

241 1549 289 1581 Te
315 1557 331 1577 e
347 1545 429 1585 Rege
440 1544 512 1585 apud
528 1542 803 1583 westmonasterium,
821 1550 921 1581 quarto
935 1542 981 1574 die
997 1542 1178 1575 Decembris.

794 1621 847 1648 Per
863 1618 946 1658 ipfiaem
965 1623 1069 1657 Regem.

405 1756 452 1788 De
474 1751 663 1801 Prorogando
685 1756 818 1800 Trcugas
842 1756 983 1787 Franciae.

231 1841 297 1873 EX
314 1865 323 1880 ,
349 1840 564 1872 Venerabilibus
583 1838 712 1869 Patribus
726 1861 735 1874 ,
761 1837 867 1868 Thomae
893 1839 1017 1878 Epifiopo
1038 1840 1229 1881 Dunelmenfi,

251 1880 418 1911 Consiliario
435 1902 445 1917 ,
468 1878 584 1908 Ricardo
615 1875 708 1915 Epifio
726 1887 740 1905 o
772 1878 940 1917 Norwicenfi
955 1901 965 1916 ,
989 1877 1229 1919 Consanguineo,

167 1919 274 1950 Thomae
292 1922 400 1948 Comitis
417 1917 569 1956 Dorfttiae,
586 1915 708 1946 Avuncu
720 1925 740 1945 o
754 1916 787 1946 δε
805 1916 974 1954 Admirallo,
993 1927 1026 1947 ac
1042 1919 1157 1948 Ricardo
1170 1922 1229 1949 Do-

170 1969 240 1988 mmo
258 1957 290 1986 de
304 1960 375 1991 Grey
386 1978 395 1993 ,
413 1956 497 1986 etiarn
512 1953 745 1992 Consanguineo,
761 1953 863 1983 nostris
870 1976 879 1991 ,
898 1954 1032 1985 Salutem.

207 1995 289 2026 Cum
310 2005 413 2032 nuper,
434 2004 483 2031 per
503 1991 738 2030 commissarios,
753 1992 926 2032 Adversarii
945 1992 1028 2032 nostri
1042 1997 1178 2033 Franciae,
1196 1996 1230 2027 ὅ(

171 2035 329 2072 Deputatos
352 2032 486 2069 nostros,
514 2040 598 2060 certae
619 2030 739 2068 fuerint,
761 2040 818 2060 tam
843 2041 893 2068 per
920 2031 1041 2061 Terram
1064 2034 1096 2062 ὃς
1120 2033 1232 2072 Aquas,

169 2074 255 2112 quarn
269 2082 318 2110 per
333 2070 415 2101 Mare
425 2092 434 2108 ,
449 2069 590 2109 generales
601 2068 728 2105 Treugae
741 2067 857 2098 firmatae
867 2091 878 2107 ,
895 2070 982 2108 usque
995 2071 1029 2100 ad
1042 2070 1158 2101 Festum
1172 2072 1231 2102 Pu-

169 2111 330 2144 rificationis
353 2109 441 2140 beatae
466 2107 569 2139 Mariae
593 2108 727 2146 proximo
753 2116 907 2139 venturum
932 2110 1135 2140 tantummodo
1152 2109 1233 2141 dura-

203 2159 241 2179 rae

170 2161 201 2183 tu
207 2173 349 2226 Et’aliqua
363 2185 494 2223 Negotia
503 2208 513 2224 ,
527 2185 599 2215 inter
612 2184 760 2222 praefatum
775 2184 979 2224 Adversc'zrium
995 2185 1110 2224 nostrum
1123 2187 1156 2217 ὃς
1172 2190 1232 2217 Nos

169 2226 378 2268 pertractanda,
394 2225 504 2255 interim
517 2231 682 2260 occurrunt,
700 2232 763 2261 quae
776 2225 844 2253 citra
858 2223 974 2254 Festum
988 2224 1158 2262 praedictum
1172 2236 1232 2256 non

171 2273 322 2305 poterunt,
340 2272 370 2293 ut
386 2263 526 2300 creditur,
544 2261 726 2292 verilimiliter
739 2263 901 2300 terminari,

209 2302 323 2334 Idcirco
332 2301 382 2340 ,ad
396 2299 611 2339 Prorogandum
626 2299 753 2339 Treugas
766 2300 912 2337 praedicias
921 2323 929 2335 ,
938 2301 966 2330 in
982 2301 1100 2332 Tcnore
1114 2303 1148 2333 &
1162 2302 1234 2333 For-

173 2351 237 2381 ma,
275 2341 355 2371 uibus
369 2341 423 2377 jam
441 2347 530 2377 capt-ae
546 2339 578 2369 &
594 2338 710 2368 firmatae
723 2338 800 2376 sunt,
818 2348 885 2368 cum
900 2340 1035 2370 omnibus
1050 2340 1102 2371 iuis
1117 2340 1234 2372 Clausu—

173 2381 222 2417 lis,
238 2351 324 2417 usque
346 2379 380 2409 ad
396 2378 426 2408 T
429 2387 528 2415 empus
549 2377 678 2415 longius,
698 2385 782 2414 prout
804 2378 884 2408 vobis
899 2378 1046 2416 Quatuor,
1066 2379 1111 2410 vel
1126 2379 1234 2411 Tribus

173 2417 317 2455 vestrum,
335 2416 423 2446 visum
439 2416 523 2446 fuerit
535 2424 727 2452 oportunum,

213 2456 260 2487 Ac
283 2456 408 2493 praefatas
421 2454 562 2492 Tre-ngas,
581 2454 613 2484 &
629 2463 729 2484 eorum
746 2452 997 2494 prorogationem,
1017 2455 1035 2484 si
1053 2455 1135 2485 vobis
1149 2464 1234 2495 expe—

172 2495 234 2526 dire
247 2495 387 2524 videbitur
397 2517 406 2531 ,
424 2492 588 2530 proclamari
604 2491 780 2528 faciendum,

211 2533 257 2563 Ac
271 2531 530 2561 confirmationem
544 2530 755 2566 prorogationis
770 2530 942 2569 hujusmodi,
960 2540 1008 2570 per
1023 2530 1091 2561 Nos
1105 2531 1235 2572 fiendam,

173 2571 309 2604 Nomine
329 2570 424 2600 nostro
434 2593 442 2607 ,
457 2568 661 2608 promittendi,

213 2609 379 2646 Caeteraque
400 2607 521 2646 singula,
539 2608 566 2636 in
590 2605 741 2636 Praemiffis
763 2606 808 2636 vel
829 2607 904 2636 circa
926 2616 958 2637 ea
979 2616 1117 2645 oportuna
1131 2609 1175 2640 vel
1189 2620 1238 2640 ne-

177 2648 308 2685 cessaria,
327 2645 519 2683 Excercendi‚
539 2645 672 2674 Faciendi
688 2646 720 2675 ὃ(
737 2644 931 2682 Εκρεάίεῃάἰ,

218 2686 307 2716 Vobis
335 2685 469 2723 Qiatuor
486 2706 496 2722 ,
528 2684 572 2713 vel
592 2683 700 2713 Tribus
723 2682 850 2713 vestrum
864 2706 874 2720 ,
899 2684 1015 2714 Tenore
1036 2684 1218 2715 Pi'aesentium
1231 2709 1239 2723 ,

177 2725 293 2762 speciale
315 2723 503 2761 Mandatum,
516 2732 550 2752 ac
573 2721 687 2760 plenam
708 2723 741 2753 &
761 2722 879 2752 liberam
901 2720 1098 2753 Concedimus
1112 2724 1240 2755 Faculta-

178 2773 236 2794 tes„

216 2785 410 2832 Piomittimus
433 2799 559 2837 insuper,
576 2797 653 2828 bona
671 2797 726 2827 fide
747 2799 780 2829 ὃς
801 2799 830 2828 in
853 2799 944 2829 verbo
965 2798 1080 2838 Regio,
1097 2799 1165 2830 Nos
1183 2800 1241 2831 Ra—

178 2848 259 2878 tum,
278 2838 400 2869 Gratum
410 2861 419 2876 ,
438 2838 470 2867 &
492 2837 621 2867 Firmum
636 2839 775 2875 perpetuo
791 2836 929 2868 habituros
945 2838 1079 2876 quicquid
1094 2849 1144 2869 vos
1158 2840 1240 2878 Qa-

180 2887 262 2916 tuor,
278 2877 322 2908 vel
336 2877 409 2907 Tres
421 2875 565 2911 vestrum,
583 2875 700 2905 feceritis
716 2877 743 2904 in
759 2874 923 2912 Praemiffis,

219 2916 273 2952 Et,
297 2916 316 2946 si
335 2915 465 2951 Treugas
485 2912 630 2953 praedictas
652 2922 700 2950 per
723 2923 794 2951 VOS,
820 2923 851 2943 ut
870 2915 1066 2952 praemittitiir,
1095 2918 1241 2953 prorogari

185 2956 344 2993 contingat,
360 2954 488 2991 Treugas
501 2951 583 2989 ipsas,
602 2952 638 2980 sic
655 2960 884 2990 prorogatas,per
902 2951 1004 2982 Literas
1020 2952 1126 2984 nostias
1139 2954 1243 2985 confir-

183 2993 337 3027 mabimus,
353 2991 537 3028 servabimus,
555 2990 587 3019 &
608 2989 707 3019 servari
731 2988 884 3029 faciemus,
900 2991 1014 3028 perinde
1028 3002 1060 3022 ac
1077 2992 1094 3022 ii
1111 3001 1159 3031 per
1174 2993 1243 3023 Nos

183 3029 298 3099 fuiIffent
311 3031 340 3073 in
353 3030 474 3097 Pegg‘ona
488 3029 599 3068 propria
614 3035 778 3066 prorogatae.

237 3078 254 3098 n
273 3077 308 3097 cu
321 3077 350 3097 us
420 3078 447 3097 c.

255 3077 324 3136 Datl.
341 3090 369 3135 ir³1
383 3105 493 3136 Palatio
505 3103 591 3145 nostro
606 3103 711 3145 Wstm.
727 3104 841 3144 Qiinto
855 3104 901 3134 die
915 3104 1094 3136 Decembris.

835 3184 888 3211 Per
906 3181 988 3221 ipfitm
1005 3185 1108 3220 Regem.

363 3328 410 3358 De
437 3326 643 3357 Matrimonia
667 3335 738 3357 cum
761 3328 911 3358 Katerina
928 3328 1066 3360 Francia.

191 3411 316 3471 REX
333 3433 342 3449 ,
368 3409 583 3440 Venerabilibus
605 3407 733 3439 Patribus
750 3431 761 3447 ,
783 3408 888 3438 Thomae
914 3411 1036 3449 Episcopp
1058 3412 1245 3454 Dunelmmfi,

269 3449 437 3481 Consiliario
452 3471 460 3486 ,
485 3447 599 3477 Ricardo
632 3446 725 3486 Episco
743 3457 756 3475 o
789 3447 978 3488 Norwicenfi,
1004 3449 1243 3490 Consanguineo,

185 3489 293 3520 Thomae
311 3491 408 3519 Comiti
429 3486 578 3526 Dorsetiae,
596 3484 718 3515 Avuncu
730 3494 750 3515 o
772 3485 805 3515 &
820 3485 991 3524 Admirallo,
1007 3497 1039 3517 ac
1056 3491 1169 3519 Ricardo
1184 3492 1243 3519 Do—

188 3531 258 3558 mino
277 3528 309 3557 de
325 3529 408 3563 Grey,
427 3527 512 3555 etiam
531 3523 765 3562 consanguineo,
782 3523 900 3561 nostris,
917 3524 1052 3555 Salutem.

225 3566 321 3602 Cum,
340 3566 410 3595 inter
434 3562 659 3603 consanguineum
679 3560 945 3600 nostrumFranciae,
965 3573 1014 3601 per
1029 3563 1246 3597 Commiffarios

189 3605 222 3635 &
246 3603 460 3634 Ambaffiatores
479 3604 555 3640 suos,
577 3601 609 3631 &
632 3601 707 3638 Nos,
725 3609 774 3643 per
796 3599 1010 3631 Ambaffiatores
1032 3604 1064 3632 δε
1088 3603 1246 3642 Deputatos

188 3642 315 3680 nostros,
335 3642 420 3672 habiti
440 3640 543 3670 fuerint
567 3639 633 3669 varii
654 3639 687 3669 &
707 3637 805 3668 diversi
828 3637 994 3676 Trac'tatus,
1011 3640 1045 3669 ad
1060 3640 1247 3672 Concluden-

187 3681 258 3711 dum
277 3683 288 3697 ³¹
309 3681 342 3711 δε
366 3679 550 3710 Firmandum
564 3677 686 3714 Pacem,
706 3675 817 3706 finalem
833 3677 865 3707 &
880 3686 1059 3716 perpetuam,
1078 3680 1148 3709 inter
1162 3679 1246 3710 Con-

186 3719 367 3757 sanguineum
391 3717 519 3748 nostrum
545 3715 713 3754 praedietum
731 3714 764 3744 &
787 3713 873 3757 NOS,
887 3724 920 3745 ac
941 3714 1073 3746 Subditos
1091 3717 1124 3747 &
1138 3718 1246 3755 Ligeos

187 3757 327 3794 utriusque
339 3757 511 3795 Regnorum
526 3754 639 3791 Angliae
656 3755 688 3785 ὃ(
705 3753 727 3783 F
729 3762 847 3790 ranciae,
970 3792 975 3797 ι

225 3794 272 3824 Ad
295 3804 379 3832 quarn
402 3793 590 3824 inducendam
615 3792 753 3823 videbitur
779 3790 1031 3822 Ambaffiatoribus
1045 3793 1078 3824 ὃς
1096 3792 1246 3833 Deputatis

187 3831 287 3863 nostris
300 3833 373 3862 viam
386 3831 507 3870 Justitiae
527 3830 692 3868 (videlicet)
712 3829 1026 3867 Restitutionisjurium
1041 3831 1074 3861 &
1089 3830 1247 3862 Haeredita-

186 3879 250 3902 tum
259 3893 269 3908 ,
283 3870 312 3900 in
325 3871 446 3907 partibus
460 3869 643 3901 ultramarinis
658 3869 693 3899 ad
708 3867 777 3898 Nos
791 3868 1006 3907 pertinentium,
1020 3868 1081 3898 fore
1097 3869 1247 3901 Accomo-

185 3909 251 3939 dam

223 3930 472 3976 Atiibassiatoribus
487 3946 557 3976 vero
572 3946 604 3976 &
619 3945 826 3983 Commissariis
841 3944 949 3984 praefati
966 3943 1177 3985 Confiinguinei
1192 3956 1248 3976 no-

185 3984 232 4015 stri
244 3983 406 4021 videbatur,
421 3984 465 4013 via
480 3984 665 4021 propinquior
679 3986 712 4015 ὃς
732 3983 914 4014 commodior
924 4005 934 4020 ‚
950 3982 1102 4014 Tradiatus
1114 3984 1246 4015 Parente-

184 4022 406 4090 lae}·inoer113-v‘}
419 4022 615 4089 &Hpraesatum
628 4023 748 4062 nostrum
764 4020 1011 4061 consanguineum,
1027 4030 1075 4061 per
1092 4021 1246 4054 Matrimo-

245 4071 295 4091 om.
357 4082 363 4089 .
407 4081 414 4088 .
476 4081 483 4087 .

1269 151 1745 196 PUBLICA.
2276 168 2331 211 97

1261 238 1359 274 nium,
1379 239 1449 268 inter
1461 240 1528 267 'Nos
1550 238 1599 274 &,
1619 240 1743 269 inclitam
1768 239 1891 271 Puellam
1903 263 1912 278 ,
1929 238 2113 279 Katerinam,
2132 239 2228 270 Filiam
2250 242 2320 280 eyus-

1261 275 1320 303 dem
1333 275 1414 313 nostri
1427 276 1619 314 Consa'nguinei
1627 299 1635 314 ,
1654 277 1852 308 celebrandurn
1862 301 1870 316 ,
1888 278 2074 309 Renovandae
2084 302 2093 314 ,

1298 312 1334 342 Et
1350 324 1510 351 propterea,
1523 324 1580 343 tam
1594 324 1626 344 ex
1643 324 1717 351 parte
1731 316 1796 345 disti
1811 317 2004 355 consanguinei
2018 316 2099 354 nostri
2113 316 2197 355 quam
2212 316 2317 355 nostre,

1259 349 1393 381 hactenus
1415 352 1496 381 faciae
1517 352 1619 381 fuerint
1638 353 1752 383 diversae
1769 354 1982 393 Promilliones,
1998 355 2181 394 Temporum
2198 354 2319 384 Dilatio—

1261 397 1324 424 nes,
1344 390 1376 419 &
1392 389 1626 428 prorogationes,

1299 426 1429 465 Qarum
1446 428 1542 457 ultima
1558 429 1684 458 continet
1700 429 1863 466 and,citra
1879 430 1992 459 Festum
2009 430 2213 461 Purificationis
2228 432 2321 467 proxi-

1262 466 1313 493 mo
1334 466 1477 503 futurum,
1492 476 1545 496 nec
1570 469 1628 495 Nos
1650 476 1715 507 nee
1726 467 1779 504 ipsa
1794 471 1913 497 Domina
1928 472 2065 497 Katerina
2080 469 2112 498 ad
2129 470 2201 498 aliud
2219 469 2320 499 Matri-

1263 504 1410 541 monium,
1426 504 1484 535 ullo
1506 505 1614 541 modo,
1633 504 1860 535 Coiileiitiremus
1878 516 1929 535 nec
1948 509 2192 544 contraheremus,
2213 507 2261 537 nisi
2277 507 2321 537 so-

1263 540 1321 569 lum
1336 542 1415 583 *inter
1439 542 1508 572 Nos
1529 542 1626 578 Duos,
1645 551 1727 581 prout
1751 544 1779 572 in
1796 543 1896 573 Literis
1910 544 2041 574 hincinde
2055 546 2195 575 confectis
2213 546 2323 583 plenius

1264 588 1441 619 continetur,

1300 616 1368 646 Nos
1382 620 1451 648 vero
1462 641 1470 655 ‚

1299 654 1392 685 Certis
1406 666 1438 686 ex
1450 657 1551 694 causis,
1570 657 1652 686 nobis
1669 658 1698 686 in
1715 656 1767 686 hac
1785 665 1860 693 parte
1870 657 2012 696 expositis,
2028 666 2151 689 tenentes
2168 660 2195 689 in
2212 659 2319 690 Domi-

1260 702 1301 760 go
1323 693 1401 737 quod
1425 694 1515 725 adhuc
1536 695 1569 724 ad
1592 694 1696 725 Pacem
1718 694 1828 725 finalem
1841 718 1849 733 ,
1876 705 1924 733 per
1945 697 2001 725 vias
2019 696 2198 735 supradictas,
2217 700 2319 738 poterit

1281 741 1401 769 eveniri,

1302 768 1349 799 Dc
1369 769 1463 800 vesti-is
1482 769 1610 800 fidelitate
1625 770 1728 800 sincera
1745 772 1776 801 ὃς
1791 770 1994 810 circumspecta
2009 771 2151 808 prudentia
2167 772 2319 810 plurimum

1264 807 1454 845 confidentes,

1299 845 1345 874 Ad
1366 845 1584 884 Proi‘ogandum
1608 846 1791 884 supradictam
1808 847 2025 877 promissionem
2041 847 2072 876 Sc
2089 847 2262 877 Dilationem
2278 849 2320 878 ul-

1264 883 1365 913 timam
1386 894 1439 921 pro
1455 894 1530 923 parte
1546 885 1656 922 nostra,
1676 886 1708 916 ὃς
1726 885 1955 915 Promittenduin
1971 896 2002 915 ac
2015 885 2169 923 Jurandiim
2183 895 2235 923 pro
2251 887 2320 916 No-

1264 921 1307 951 bis
1328 922 1360 951 &
1382 925 1498 954 nomine
1516 922 1631 960 nostro,
1647 926 1678 953 ὃ(
1697 923 1813 954 Litteras
1830 924 1929 954 vestras
1943 923 2021 960 super
2035 923 2091 953 hoc
2106 924 2133 952 in
2150 927 2323 963 competenti

1264 959 1356 990 forma
1369 961 1546 999 faciendum,
1565 962 1663 1000 quod,
1682 962 1768 999 usque
1782 962 1815 992 ad
1832 963 1926 1000 diem,
1942 972 1989 998 per
2007 972 2057 991 vos
2073 962 2223 1000 Qiatuor,
2238 962 2323 999 Tres,

1264 1006 1310 1028 aut
1334 997 1417 1029 Duos
1437 1009 1471 1030 ex
1485 1000 1581 1037 vobis,
1599 1001 1632 1031 ad
1649 1000 1706 1030 hoc
1720 1000 1912 1038 limitandum,
1931 1000 2055 1037 nullum,
2074 1010 2141 1030 cum
2155 1010 2322 1039 quacunque

1267 1036 1405 1075 Muliere,
1424 1038 1472 1068 alia
1494 1041 1510 1069 a
1530 1040 1604 1068 diosla
1624 1042 1779 1076 Katerina,
1799 1039 2019 1069 Matrimonium
2041 1038 2258 1076 contrahemus,
2276 1048 2322 1068 aut

1267 1074 1346 1113 super
1362 1075 1419 1106 hoc
1432 1078 1649 1115 quomodolibet
1666 1077 1885 1116 concludemus,

1304 1114 1465 1152 Literasque
1486 1115 1588 1145 vestras
1612 1117 1690 1153 snper
1709 1114 1914 1152 Prorogatione
1928 1139 1937 1154 ,
1964 1114 2169 1153 promissione,
2191 1115 2224 1145 δὲ
2243 1114 2324 1153 Jura-

1267 1160 1367 1181 mento
1380 1152 1539 1190 hujusmodi
1556 1164 1603 1191 per
1619 1154 1686 1183 Nos
1700 1153 1862 1184 confirmari
1879 1154 2107 1184 promittendum
2118 1176 2128 1191 ,

1305 1189 1396 1219 Vobis
1419 1192 1570 1229 Qiatuor,
1587 1192 1706 1228 Tribus,
1726 1201 1772 1222 aut
1796 1191 1918 1223 Duobus
1943 1191 2087 1229 vestium,
2104 1192 2222 1223 Tenore
2246 1192 2323 1222 Prae-

1266 1227 1402 1265 sentium,
1419 1231 1528 1265 plenam
1547 1229 1765 1260 Commirtimus
1781 1230 1969 1268 Facultatem,

1305 1264 1518 1304 Promitteiites,
1535 1268 1561 1296 in
1578 1268 1654 1298 bona
1669 1269 1722 1298 fide
1736 1269 1767 1298 ὃς
1784 1269 1810 1297 in
1829 1271 1917 1299 verbo
1933 1269 2027 1308 regio,
2045 1269 2124 1306 quod
2139 1268 2322 1306 Prorogatio-

1267 1312 1353 1342 nem,
1373 1303 1611 1343 Promiffionem‚
1635 1308 1668 1336 ὅ(
1688 1306 1885 1343 juramentum
1906 1307 2083 1345 huiusmodi,
2103 1317 2151 1344 per
2172 1317 2220 1336 vos
2242 1307 2325 1345 Qua·

1268 1349 1348 1379 tuor,
1363 1342 1452 1381 Tres,
1472 1353 1518 1374 aut
1535 1343 1617 1373 Duos
1630 1354 1663 1373 ex
1678 1345 1775 1380 vobis,
1796 1348 1911 1376 nomine
1928 1345 2058 1383 Nostro,
2078 1354 2107 1375 ut
2125 1346 2321 1384 praemittitur,

1270 1378 1376 1417 fienda,
1393 1391 1441 1418 per
1462 1381 1565 1412 Literas
1589 1382 1694 1412 nosti-:is
1716 1381 1971 1420 Confirmabimus,
1990 1385 2040 1419 ὃς,
2058 1393 2192 1421 quantum
2213 1384 2247 1414 ad
2269 1391 2321 1414 nos

1267 1420 1382 1456 attinet,
1401 1418 1514 1451 finaliter
1532 1421 1708 1458 implebimus
1720 1421 1753 1451 &
1768 1421 1977 1452 oblervabimus
1990 1421 2163 1452 inconcusse.

1304 1456 1336 1486 In
1353 1458 1448 1496 cujus,
1466 1460 1526 1488 ἃς.

1333 1494 1402 1526 Dat.
1420 1498 1449 1531 in
1468 1497 1576 1527 Palatio
1593 1496 1679 1536 nostro
1694 1496 1933 1537 westmonasterii,
1954 1498 2054 1536 quinto
2069 1498 2114 1528 die
2128 1496 2306 1528 Decembris.

1952 1575 2006 1603 Per
2022 1574 2105 1613 ipfitm
2117 1576 2222 1612 Regem.

1419 1701 1467 1732 De
1490 1700 1679 1738 variando,
1698 1701 1788 1747 fitper
1809 1703 2011 1733 Matrimonio
2024 1700 2171 1746 praetas‘fo-

1269 1783 1394 1839 REX
1413 1807 1422 1822 ,
1445 1782 1474 1814 V
1475 1783 1659 1814 enerabilibus
1686 1785 1830 1823 Patribus,
1855 1785 1960 1815 Thomae
1986 1789 2038 1822 Epi
2054 1789 2110 1825 c'opo
2134 1786 2321 1827 Dunolmensr'‚

1346 1822 1514 1852 Consiliario
1531 1846 1539 1859 ,
1570 1823 1684 1852 Ricardo
1714 1824 1837 1863 Episcopo
1869 1826 2060 1863 Norwicenz,
2086 1825 2322 1864 Gonsanguineo,

1265 1858 1370 1889 Thomae
1389 1864 1484 1891 Comiti
1498 1861 1649 1900 Dyrfi’tiae,
1668 1861 1822 1892 Avunculo
1838 1864 1871 1893 ὃς
1889 1863 2062 1902 Admirallo,
2080 1865 2194 1894 Ricara'o
2208 1867 2323 1894 Domino

1265 1898 1297 1926 de
1311 1901 1398 1938 Grey,
1415 1900 1499 1930 etiam
1514 1898 1751 1938 Consanguineo,
1767 1901 1884 1939 nostris,
1899 1901 2034 1934 Salutem.

1304 1936 1387 1967 Cum
1410 1938 1540 1974 noviter,
1557 1940 1627 1968 inter
1641 1939 1865 1978 Confimguineum
1880 1951 1914 1968 710
1937 1951 1996 1970 rum
2013 1944 2152 1978 Franciae,
2166 1951 2214 1977 per
2229 1939 2324 1971 Corn-

1266 1975 1401 2006 miffiiios
1414 1978 1460 2018 ⁶&
1484 1976 1701 2007 Ambaffiatores
1718 1977 1800 2016 su08‚
1826 1979 1859 2009 ὃ(
1914 1990 1958 2016 05,
1986 1989 2034 2017 per
2054 1979 2272 2009 Ambaisiatores
2291 1980 2324 2009 &

1267 2012 1484 2045 Commiliarios
1503 2014 1628 2053 nostrOS,
1648 2016 1733 2046 habiti
1756 2015 1858 2047 fuerint
1872 2019 1937 2046 varii
1951 2019 1982 2048 &
1996 2018 2094 2048 diversi
2108 2018 2275 2055 Tradiatus,
2290 2017 2326 2047 ad

1268 2052 1459 2084 inducendum
1484 2054 1517 2083 ὃς
1541 2053 1709 2084 firmandum
1735 2054 1857 2093 Pacem,
1877 2054 1988 2087 finalem
2002 2057 2035 2087 δε
2052 2065 2234 2096 perpetuam,
2254 2058 2326 2086 inter

1269 2090 1495 2129 consanguineum
1517 2092 1633 2131 nostrum
1648 2092 1810 2130 praedicft'um
1830 2094 1864 2124 ὃς
1888 2096 1965 2131 Nos,
1981 2105 2015 2125 ac
2031 2095 2162 2125 Subditos
2177 2095 2209 2124 &
2224 2095 2328 2134 Ligeos

1269 2131 1408 2169 utriusque
1424 2130 1518 2169 Regni
1534 2131 1646 2170 Angliae
1660 2132 1692 2162 &
1714 2131 1857 2169 Franciae,

1306 2167 1353 2198 Ad
1376 2178 1461 2207 quam
1475 2169 1666 2200 inducendam
1680 2171 1713 2200 &
1729 2171 1902 2201 nutriendam
1913 2193 1922 2208 ,
1940 2170 2084 2201 videbatur
2099 2170 2225 2201 Nunciis
2241 2170 2326 2201 Con-

1268 2205 1407 2245 sanguinei
1429 2207 1516 2236 nostri
1537 2208 1665 2245 praediffl
1689 2209 1764 2239 viam
1789 2208 2028 2240 commodiorem
2042 2211 2075 2240 &
2090 2209 2327 2250 Propinquiorem

1269 2245 1331 2274 fore
1345 2244 1574 2276 Renovationem
1595 2246 1746 2276 Affinitatis
1760 2247 1793 2277 &
1806 2246 1958 2277 Parente-lae
1970 2271 1978 2285 ,
1994 2249 2064 2279 inter
2079 2249 2225 2286 praefatum
2242 2246 2325 2277 Con-

1267 2281 1449 2321 sanguineum
1468 2284 1597 2314 nostrum
1622 2286 1655 2315 ὅ(
1675 2284 1766 2323 Nos,
1792 2285 1912 2315 fiendam
1936 2296 1984 2322 per
2010 2286 2200 2317 contractum
2227 2285 2328 2316 Matri-

1271 2322 1379 2359 monii,
1398 2323 1468 2352 inter
1486 2322 1636 2352 Personam
1655 2322 1779 2352 nostram
1797 2324 1848 2360 δε,
1871 2323 1996 2353 inclitam
2015 2324 2159 2362 Puellam,
2178 2328 2325 2355 Dominam

1269 2362 1452 2427 Kaffirinam,
1466 2360 1542 2401 ipſsus
1561 2360 1754 2401 Conshnguimi
1772 2360 1854 2400 nostri
1870 2361 1985 2401 Filiam,
2003 2363 2216 2402 celebrandum,

1347 2408 1379 2428 os

1307 2422 1511 2466 Pacis’ant‘iori
1526 2437 1554 2466 in
1571 2446 1707 2476 quantum
1725 2437 1871 2477 poffumus
1885 2439 2062 2477 complacere
2074 2439 2274 2476 desiderantes,
2293 2439 2325 2469 ὃς

1270 2475 1452 2504 verisimiliter
1471 2474 1642 2505 considentes
1666 2476 1762 2514 qubd,
1781 2487 1829 2513 per
1851 2477 2009 2512 hujusmodi
2034 2478 2273 2514 lelatrimoniutn,
2293 2478 2330 2516 ii,

1271 2512 1338 2542 Deo
1362 2514 1483 2552 propitio
1499 2536 1507 2549 ,
1535 2514 1674 2544 celebrare
1696 2515 1859 2553 contingat,
1888 2515 1987 2554 Regna
2010 2516 2119 2555 Aiig'iiae
2142 2518 2174 2547 r&
2198 2516 2326 2546 Fi-iiiciae

1272 2551 1406 2591 praedieta
1425 2552 1458 2582 ad
1480 2551 1559 2582 Pacis
1583 2553 1616 2583 ὃς
1631 2552 1809 2583 Concordiae
1825 2554 1957 2584 unitatem
1976 2555 2058 2584 citius
2077 2555 2259 2592 reducentur,

1313 2589 1357 2620 Ad
1374 2590 1675 2628 Communicandum,
1693 2591 1887 2621 Tranandum
1897 2615 1906 2629 ,
1921 2592 2166 2623 Concordandum
2177 2615 2185 2630 ,
2198 2594 2231 2624 δε
2248 2592 2331 2622 Con-

1272 2628 1442 2659 cludendum
1455 2651 1464 2666 ,
1482 2638 1549 2658 cum
1573 2630 1688 2666 praefato
1713 2629 1798 2668 nostro
1821 2630 2035 2669 Conslmguineo,
2061 2632 2105 2662 vel
2127 2631 2174 2662 De
2196 2632 2274 2661 utatis
2295 2631 2331 2661 ab

1274 2677 1325 2704 eo,
1344 2667 1422 2706 super
1441 2667 1617 2704 Sponsalibus
1633 2669 1665 2698 ὃς
1684 2667 1870 2698 Matrimonio
1880 2691 1891 2706 ,
1907 2671 1977 2700 inter
1991 2671 2051 2698 Nos
2064 2671 2097 2702 &
2105 2678 2163 2708 prae
2179 2677 2255 2699 atam
2269 2672 2329 2699 Ka-

1273 2709 1395 2735 tarinam
1413 2706 1608 2736 contrahendis
1618 2729 1627 2744 ,

1314 2743 1367 2781 Er,

2335 239 2411 270 Ann.
2424 237 2466 271 D.

2356 286 2442 317 1414.

2335 321 2396 345 ΗΜ.
2416 325 2444 352 5.

2347 1786 2421 1817 Ann.
2434 1788 2474 1821 D.

2364 1835 2451 1865 1414.

2342 1869 2394 1893 Ati.
2412 1876 2438 1894 2.

2345 1909 2376 1931 H.
2397 1913 2425 1938 5.

2358 1943 2424 1971 Ibial.
2438 1952 2474 1972 777,

2350 1991 2392 2009 12.

1311 2783 1328 2801 ²¹⁹
1338 2781 1493 2821 Postquam
1506 2783 1577 2812 inter
1593 2782 1823 2827 §vuffinguinennq
1837 2783 1955 2824 nostrum
1972 2784 2159 2823 praedicstum,
2173 2784 2217 2816 vel
2235 2784 2334 2822 Depu-
2350 2800 2369 2819 i*
2391 2801 2438 2829 IX.

1273 2827 1344 2851 ratos
1369 2821 1447 2859 suos,
1463 2823 1498 2852 ὃς
1520 2820 1580 2852 Vos
1599 2831 1628 2851 111
1653 2823 1704 2853 hac
1720 2821 1857 2860 Materia,
1873 2833 1941 2853 curn
1955 2822 2006 2853 suis
2021 2822 2186 2854 Incidentiis
2202 2824 2234 2854 ὃς
2251 2824 2332 2854 Con-

1275 2861 1365 2896 nexis,
1383 2859 1587 2890 concordatum
1602 2860 1683 2890 fuerit
1698 2861 1730 2890 &
1749 2859 1922 2891 Conclusum
1932 2885 1941 2900 ,

1311 2898 1357 2927 Ad
1380 2898 1606 2928 contrahendum
1618 2921 1627 2936 ,
1650 2898 1783 2929 Nomine
1806 2899 1922 2937 nostro,
1948 2898 2089 2937 sponsalia
2105 2899 2140 2931 de
2152 2899 2264 2938 futuro,
2280 2910 2329 2938 per

1274 2937 1358 2966 verba
1373 2937 1405 2967 &
1422 2937 1526 2967 modos
1539 2937 1574 2967 ad
1590 2938 1647 2966 hoc
1662 2945 1742 2974 apta,
1761 2947 1792 2966 ac
1809 2936 2049 2975 Matrimonium,
2066 2948 2115 2978 per
2133 2940 2217 2969 verba
2230 2939 2331 2977 legitti-

1275 2975 1374 3011 ma,de
1388 2974 1524 3013 praesenti,
1540 2977 1608 3012 pur'e
1624 2976 1666 3006 vel
1677 2976 1726 3005 sub
1734 2974 1922 3013 Conditione,
1945 2985 2014 3005 cum
2027 2978 2136 3014 praesata
2143 2980 2262 3007 Domina
2271 2980 2333 3006 Ka-

1275 3017 1384 3051 terina,
1402 3014 1434 3044 &
1457 3013 1492 3044 de
1516 3014 1596 3044 Dote
1613 3014 1704 3044 eidem
1717 3016 1860 3043 Katerinae
1876 3025 1923 3053 per
1939 3014 2005 3044 Nos
2020 3014 2200 3054 assignanda,
2217 3025 2330 3046 necnon

1276 3051 1474 3082 Tradutstione
1493 3051 1614 3088 ejusdem
1635 3054 1777 3082 Katerinae
1797 3052 1830 3082 ad
1849 3052 1971 3083 nostram
1987 3053 2179 3092 praesentiam,
2194 3054 2332 3084 Tractan-

1276 3089 1346 3120 dum
1363 3091 1395 3120 &
1414 3089 1670 3128 Concludendum,

1315 3128 1351 3158 Et
1374 3128 1407 3158 ad
1433 3128 1650 3159 Observandum
1667 3128 1730 3158 haec
1747 3130 1780 3160 ὃς
1795 3129 1861 3167 alia,
1878 3139 1927 3169 per
1942 3128 2003 3160 Vos
2017 3130 2228 3169 concludenda,
2247 3129 2334 3160 firmi-

1277 3174 1317 3196 ter
1335 3166 1400 3196 Nos
1416 3165 1608 3205 obligandum
1619 3190 1630 3206 ,

1315 3204 1477 3242 Omniaque
1505 3206 1554 3236 alia
1574 3207 1607 3236 &
1629 3205 1749 3243 singula,
1776 3206 1805 3235 in
1828 3205 1978 3235 Praemiffis
1997 3206 2041 3236 vel
2063 3207 2136 3236 circa
2158 3216 2188 3236 ea
2211 3205 2336 3235 necesst-

1277 3244 1317 3272 ria
1341 3243 1384 3272 vel
1409 3252 1568 3282 oportuna,
1594 3243 1786 3282 Faciendum,
1811 3244 2032 3283 Exequendum‚
2052 3243 2282 3282 Erpediendum,
2300 3244 2334 3275 δε

1275 3281 1472 3311 Exercendum
1481 3304 1490 3319 ,

1314 3319 1403 3350 Vobis
1417 3319 1595 3358 conjunffiiim
1611 3320 1644 3350 &
1664 3320 1778 3351 cuilibet
1796 3319 1923 3351 vestrum
1939 3319 2066 3358 divisim,

1312 3357 1370 3426 Dfied
1387 3358 1482 3388 vestris
1508 3359 1712 3396 circumspecta
1734 3359 1877 3397 prudentia
1897 3360 1930 3389 &
1951 3359 2081 3389 fidelitate
2101 3359 2203 3390 sincera
2227 3358 2336 3397 plenius

1277 3406 1333 3426 con
1372 3405 1449 3427 entes

1277 3473 1299 3503 P
1314 3434 1439 3477 Speciale
1454 3420 1633 3465 ’Mandatum
1657 3435 1690 3466 &
1716 3434 1888 3466 Potestatem
1908 3435 2059 3475 plenariam
2074 3434 2272 3466 Concedimus
2285 3444 2333 3474 per

1303 3476 1426 3503 taeientes

1318 3496 1510 3541 Promitt⁷imus
1530 3510 1657 3548 insuper,
1675 3511 1750 3541 bona
1765 3511 1819 3542 fide
1834 3513 1867 3542 &
1884 3512 1912 3541 in
1926 3511 2016 3541 verbo
2029 3512 2123 3551 regio,
2143 3522 2194 3542 nos
2207 3512 2335 3548 Ratum,

1278 3548 1416 3586 Gratum,
1433 3551 1466 3579 &
1491 3549 1618 3578 Firmum
1640 3552 1779 3586 perpetuo
1805 3550 1964 3587 habituros,
1980 3550 2014 3580 &
2035 3560 2084 3590 per
2106 3550 2210 3581 nostras
2230 3550 2335 3580 Literas

1280 3587 1408 3617 Parentes
1428 3587 1642 3617 confirmaturos
1666 3588 1817 3627 quicquid,
1843 3597 1890 3625 per
1911 3598 1962 3617 vos
1979 3587 2024 3618 vel
2045 3589 2167 3626 aliquem
2191 3587 2337 3625 vestrum,

1281 3626 1419 3662 Gestum,
1436 3625 1628 3662 Promissum,
1647 3625 1853 3664 Contractum,
1871 3627 1904 3657 &
1929 3625 2104 3657 Conclusum
2120 3627 2199 3657 fuerit
2216 3627 2244 3655 in
2260 3625 2335 3656 Prae-

1281 3663 1370 3694 miffis
1392 3665 1424 3694 &
1443 3664 1568 3700 quolibet
1582 3665 1789 3703 praemissorum
1799 3687 1808 3702 ,
1827 3674 1880 3694 nec
1896 3666 2012 3704 praeseus
2025 3665 2152 3695 nostrum
2167 3663 2338 3694 Mandatum

1281 3703 1381 3739 quovis
1409 3701 1499 3731 modo
1520 3702 1715 3732 revocabimus
1739 3703 1883 3740 quousque
1906 3712 1954 3741 per
1976 3712 2027 3734 vos
2044 3703 2087 3733 vel
2103 3711 2190 3732 unum
2206 3700 2336 3732 vestrum

1278 3741 1419 3771 certiorati
1440 3739 1572 3770 fuerimus
1588 3740 1751 3778 hujusmodi
1773 3741 1992 3771 Matrimonium
2012 3741 2057 3770 seii
2079 3740 2218 3778 sponsalia,
2239 3739 2337 3778 aliqui-

1280 3780 1332 3809 bus
1344 3787 1377 3809 ex
1392 3777 1498 3816 Cauiis,
1517 3787 1565 3815 per
1580 3788 1631 3808 vos
1643 3780 1688 3810 vel
1709 3789 1797 3809 unum
1813 3778 1939 3810 vcstrsim
1952 3778 2129 3816 explicandis,
2138 3786 2264 3814 optatum
2278 3788 2340 3809 non

1281 3816 1359 3854 posse
1375 3816 1462 3846 sorti'ri
1476 3816 1622 3846 effectum.

1318 3853 1351 3885 In
1373 3854 1452 3890 cujus
1473 3855 1512 3884 rei
1535 3854 1750 3885 Testimonium
1764 3855 1810 3885 has
1826 3855 1931 3885 Literas
1946 3853 2050 3884 nostras
2064 3853 2194 3883 Parentes
2204 3852 2284 3893 fieri,
2301 3855 2336 3886 &

1283 3892 1385 3929 Magni
1401 3892 1488 3930 Sigilli
1504 3891 1589 3922 nostri
1606 3894 1763 3923 munimine
1777 3894 1895 3923 fecimus
1909 3892 2043 3921 roborari.

1320 3930 1387 3961 Dat.
1406 3933 1434 3960 in
1452 3929 1561 3960 Palatio
1578 3934 1656 3970 Regis
1672 3930 1910 3971 Wstnsvnasterii,
1929 3929 2044 3967 Qinto
2059 3928 2118 3959 Die
2132 3928 2312 3962 Decembris.

1964 4006 2016 4033 Per
2032 4003 2115 4043 ipficm
2133 4008 2237 4044 Regem.

1756 4060 1791 4090 N
2221 4060 2347 4103 Rex,

2352 2839 2412 2874 135.
