<?xml version="1.0" encoding="UTF-8"?>
<!DOCTYPE html PUBLIC "-//W3C//DTD XHTML 1.0 Transitional//EN"
    "http://www.w3.org/TR/xhtml1/DTD/xhtml1-transitional.dtd">
<html xmlns="http://www.w3.org/1999/xhtml" xml:lang="en" lang="en">
 <head>
  <title>
</title>
<meta http-equiv="Content-Type" content="text/html;charset=utf-8" />
  <meta name='ocr-system' content='tesseract 3.04.00' />
  <meta name='ocr-capabilities' content='ocr_page ocr_carea ocr_par ocr_line ocrx_word'/>
</head>
<body>
  <div class='ocr_page' id='page_1' title='image "./fderaconventione04ryme/fderaconventione04ryme_0802.png"; bbox 0 0 2562 4274; ppageno 0'>
   <div class='ocr_carea' id='block_1_1' title="bbox 81 219 212 251">
    <p class='ocr_par' dir='ltr' id='par_1_1' title="bbox 81 219 212 251">
     <span class='ocr_line' id='line_1_1' title="bbox 81 219 212 251; baseline -0.023 0"><span class='ocrx_word' id='word_1_1' title='bbox 81 219 160 251; x_wconf 79' lang='lat' dir='ltr'>Ann.</span> <span class='ocrx_word' id='word_1_2' title='bbox 173 219 212 249; x_wconf 92' lang='lat' dir='ltr'>D.</span> 
     </span>
    </p>
   </div>
   <div class='ocr_carea' id='block_1_2' title="bbox 81 267 196 327">
    <p class='ocr_par' dir='ltr' id='par_1_2' title="bbox 81 267 196 327">
     <span class='ocr_line' id='line_1_2' title="bbox 110 267 196 297; baseline -0.023 -9"><span class='ocrx_word' id='word_1_3' title='bbox 110 267 196 297; x_wconf 78' lang='lat'>1430·</span> 
     </span>
     <span class='ocr_line' id='line_1_3' title="bbox 81 300 191 327; baseline 0.027 -3"><span class='ocrx_word' id='word_1_4' title='bbox 81 301 146 325; x_wconf 67' lang='lat' dir='ltr'>Heu.</span> <span class='ocrx_word' id='word_1_5' title='bbox 165 300 191 327; x_wconf 93' lang='lat'>6.</span> 
     </span>
    </p>
   </div>
   <div class='ocr_carea' id='block_1_3' title="bbox 79 571 215 607">
    <p class='ocr_par' dir='ltr' id='par_1_3' title="bbox 79 571 215 607">
     <span class='ocr_line' id='line_1_4' title="bbox 79 571 215 607; baseline -0.015 -2"><span class='ocrx_word' id='word_1_6' title='bbox 79 573 158 605; x_wconf 80' lang='lat' dir='ltr'>Ami.</span> <span class='ocrx_word' id='word_1_7' title='bbox 173 571 215 607; x_wconf 83' lang='lat' dir='ltr'>D.</span> 
     </span>
    </p>
   </div>
   <div class='ocr_carea' id='block_1_4' title="bbox 78 621 189 717">
    <p class='ocr_par' dir='ltr' id='par_1_4' title="bbox 78 621 189 717">
     <span class='ocr_line' id='line_1_5' title="bbox 104 621 189 650; baseline -0.012 -9"><span class='ocrx_word' id='word_1_8' title='bbox 104 621 189 650; x_wconf 78' lang='lat'><em>1430.</em></span> 
     </span>
     <span class='ocr_line' id='line_1_6' title="bbox 79 651 180 678; baseline 0 0"><span class='ocrx_word' id='word_1_9' title='bbox 79 655 133 678; x_wconf 83' lang='lat' dir='ltr'>An.</span> <span class='ocrx_word' id='word_1_10' title='bbox 154 651 180 678; x_wconf 79' lang='lat' dir='ltr'>S.</span> 
     </span>
     <span class='ocr_line' id='line_1_7' title="bbox 78 690 159 717; baseline -0.025 -1"><span class='ocrx_word' id='word_1_11' title='bbox 78 693 112 717; x_wconf 86' lang='lat' dir='ltr'>H.</span> <span class='ocrx_word' id='word_1_12' title='bbox 133 690 159 715; x_wconf 87' lang='lat'>6.</span> 
     </span>
    </p>
   </div>
   <div class='ocr_carea' id='block_1_5' title="bbox 77 727 170 756">
    <p class='ocr_par' dir='ltr' id='par_1_5' title="bbox 77 727 170 756">
     <span class='ocr_line' id='line_1_8' title="bbox 77 727 170 756; baseline -0.011 -2"><span class='ocrx_word' id='word_1_13' title='bbox 77 730 134 754; x_wconf 84' lang='lat' dir='ltr'>Pat.</span> <span class='ocrx_word' id='word_1_14' title='bbox 145 727 170 756; x_wconf 80' lang='lat'>8.</span> 
     </span>
    </p>
   </div>
   <div class='ocr_carea' id='block_1_6' title="bbox 76 767 210 802">
    <p class='ocr_par' dir='ltr' id='par_1_6' title="bbox 76 767 210 802">
     <span class='ocr_line' id='line_1_9' title="bbox 76 767 210 802; baseline 0.015 -10"><span class='ocrx_word' id='word_1_15' title='bbox 76 767 138 792; x_wconf 84' lang='lat' dir='ltr'>H.6</span> <span class='ocrx_word' id='word_1_16' title='bbox 156 773 210 802; x_wconf 81' lang='lat' dir='ltr'>p.2.</span> 
     </span>
    </p>
   </div>
   <div class='ocr_carea' id='block_1_7' title="bbox 75 806 176 834">
    <p class='ocr_par' dir='ltr' id='par_1_7' title="bbox 75 806 176 834">
     <span class='ocr_line' id='line_1_10' title="bbox 75 806 176 834; baseline 0.01 -4"><span class='ocrx_word' id='word_1_17' title='bbox 75 811 112 831; x_wconf 82' lang='lat' dir='ltr'>m.</span> <span class='ocrx_word' id='word_1_18' title='bbox 134 806 176 834; x_wconf 83' lang='lat'>26.</span> 
     </span>
    </p>
   </div>
   <div class='ocr_carea' id='block_1_8' title="bbox 64 1920 201 2152">
    <p class='ocr_par' dir='ltr' id='par_1_8' title="bbox 64 1920 201 2152">
     <span class='ocr_line' id='line_1_11' title="bbox 67 1920 201 1962; baseline -0.03 0"><span class='ocrx_word' id='word_1_19' title='bbox 67 1929 144 1962; x_wconf 80' lang='lat' dir='ltr'>Ann.</span> <span class='ocrx_word' id='word_1_20' title='bbox 160 1920 201 1953; x_wconf 86' lang='lat' dir='ltr'>D·</span> 
     </span>
     <span class='ocr_line' id='line_1_12' title="bbox 94 1978 180 2009; baseline -0.012 -10"><span class='ocrx_word' id='word_1_21' title='bbox 94 1978 131 2009; x_wconf 81' lang='lat'>14</span> <span class='ocrx_word' id='word_1_22' title='bbox 152 1978 180 1998; x_wconf 91' lang='lat'>0·</span> 
     </span>
     <span class='ocr_line' id='line_1_13' title="bbox 65 2011 160 2036; baseline 0 0"><span class='ocrx_word' id='word_1_23' title='bbox 65 2011 119 2036; x_wconf 81' lang='lat' dir='ltr'>An.</span> <span class='ocrx_word' id='word_1_24' title='bbox 154 2029 160 2036; x_wconf 86' lang='lat'><strong>.</strong></span> 
     </span>
     <span class='ocr_line' id='line_1_14' title="bbox 65 2048 147 2075; baseline 0.012 -1"><span class='ocrx_word' id='word_1_25' title='bbox 65 2050 101 2074; x_wconf 88' lang='lat' dir='ltr'>H.</span> <span class='ocrx_word' id='word_1_26' title='bbox 121 2048 147 2075; x_wconf 86' lang='lat'>6.</span> 
     </span>
     <span class='ocr_line' id='line_1_15' title="bbox 64 2085 200 2115; baseline -0.007 -2"><span class='ocrx_word' id='word_1_27' title='bbox 64 2088 152 2115; x_wconf 71' lang='lat' dir='ltr'>franc.</span> <span class='ocrx_word' id='word_1_28' title='bbox 172 2085 200 2114; x_wconf 83' lang='lat'>8.</span> 
     </span>
     <span class='ocr_line' id='line_1_16' title="bbox 65 2125 198 2152; baseline 0 -1"><span class='ocrx_word' id='word_1_29' title='bbox 65 2127 99 2151; x_wconf 76' lang='lat' dir='ltr'>H.</span> <span class='ocrx_word' id='word_1_30' title='bbox 119 2125 145 2152; x_wconf 88' lang='lat'>6.</span> <span class='ocrx_word' id='word_1_31' title='bbox 162 2134 198 2152; x_wconf 88' lang='lat' dir='ltr'>m.</span> 
     </span>
    </p>
   </div>
   <div class='ocr_carea' id='block_1_9' title="bbox 68 2170 111 2199">
    <p class='ocr_par' dir='ltr' id='par_1_9' title="bbox 68 2170 111 2199">
     <span class='ocr_line' id='line_1_17' title="bbox 68 2170 111 2199; baseline 0 -12"><span class='ocrx_word' id='word_1_32' title='bbox 68 2170 111 2199; x_wconf 71' lang='lat'>13.</span> 
     </span>
    </p>
   </div>
   <div class='ocr_carea' id='block_1_10' title="bbox 68 3440 160 3516">
    <p class='ocr_par' dir='ltr' id='par_1_10' title="bbox 68 3440 160 3516">
     <span class='ocr_line' id='line_1_18' title="bbox 85 3440 160 3468; baseline -0.013 0"><span class='ocrx_word' id='word_1_33' title='bbox 85 3442 103 3460; x_wconf 67' lang='grc' dir='ltr'><strong><em>ο</em></strong></span> <span class='ocrx_word' id='word_1_34' title='bbox 122 3440 160 3468; x_wconf 76' lang='lat' dir='ltr'>x.</span> 
     </span>
     <span class='ocr_line' id='line_1_19' title="bbox 68 3489 133 3516; baseline -0.031 0"><span class='ocrx_word' id='word_1_35' title='bbox 68 3489 133 3516; x_wconf 79' lang='lat'>459·</span> 
     </span>
    </p>
   </div>
   <div class='ocr_carea' id='block_1_11' title="bbox 239 138 318 174">
    <p class='ocr_par' dir='ltr' id='par_1_11' title="bbox 239 138 318 174">
     <span class='ocr_line' id='line_1_20' title="bbox 239 138 318 174; baseline -0.013 0"><span class='ocrx_word' id='word_1_36' title='bbox 239 138 318 174; x_wconf 87' lang='lat'>160</span> 
     </span>
    </p>
   </div>
   <div class='ocr_carea' id='block_1_12' title="bbox 231 216 1293 371">
    <p class='ocr_par' dir='ltr' id='par_1_12' title="bbox 231 216 1293 294">
     <span class='ocr_line' id='line_1_21' title="bbox 232 216 1293 257; baseline -0.006 -6"><span class='ocrx_word' id='word_1_37' title='bbox 232 225 397 257; x_wconf 83' lang='lat' dir='ltr'>contentet,</span> <span class='ocrx_word' id='word_1_38' title='bbox 414 219 461 249; x_wconf 86' lang='lat' dir='ltr'>vel</span> <span class='ocrx_word' id='word_1_39' title='bbox 483 217 502 248; x_wconf 83' lang='lat' dir='ltr'>si</span> <span class='ocrx_word' id='word_1_40' title='bbox 517 216 593 248; x_wconf 88' lang='lat' dir='ltr'>idem</span> <span class='ocrx_word' id='word_1_41' title='bbox 608 216 753 249; x_wconf 88' lang='lat' dir='ltr'>Dominus</span> <span class='ocrx_word' id='word_1_42' title='bbox 771 217 838 248; x_wconf 84' lang='lat' dir='ltr'>Rex</span> <span class='ocrx_word' id='word_1_43' title='bbox 857 218 1010 248; x_wconf 86' lang='lat' dir='ltr'><strong>Summam</strong></span> <span class='ocrx_word' id='word_1_44' title='bbox 1033 216 1197 254; x_wconf 68' lang='lat' dir='ltr'>praedictam</span> <span class='ocrx_word' id='word_1_45' title='bbox 1204 224 1293 254; x_wconf 41' lang='lat' dir='ltr'>sprae-</span> 
     </span>
     <span class='ocr_line' id='line_1_22' title="bbox 231 257 632 294; baseline -0.01 -4"><span class='ocrx_word' id='word_1_46' title='bbox 231 261 290 292; x_wconf 82' lang='lat' dir='ltr'>fato</span> <span class='ocrx_word' id='word_1_47' title='bbox 303 257 407 287; x_wconf 66' lang='lat' dir='ltr'>Thomas</span> <span class='ocrx_word' id='word_1_48' title='bbox 422 257 632 294; x_wconf 62' lang='lat' dir='ltr'>pardonaveflr,</span> 
     </span>
    </p>

    <p class='ocr_par' dir='ltr' id='par_1_13' title="bbox 232 292 1290 371">
     <span class='ocr_line' id='line_1_23' title="bbox 270 292 1290 332; baseline -0.004 -6"><span class='ocrx_word' id='word_1_49' title='bbox 270 297 358 326; x_wconf 89' lang='lat' dir='ltr'>Tunc</span> <span class='ocrx_word' id='word_1_50' title='bbox 379 297 452 325; x_wconf 72' lang='lat' dir='ltr'>dicta</span> <span class='ocrx_word' id='word_1_51' title='bbox 470 295 497 324; x_wconf 85' lang='lat' dir='ltr'>R</span> <span class='ocrx_word' id='word_1_52' title='bbox 509 305 526 325; x_wconf 80' lang='lat' dir='ltr'>E</span> <span class='ocrx_word' id='word_1_53' title='bbox 537 305 553 325; x_wconf 92' lang='lat' dir='ltr'>c</span> <span class='ocrx_word' id='word_1_54' title='bbox 562 305 581 325; x_wconf 93' lang='lat' dir='ltr'>o</span> <span class='ocrx_word' id='word_1_55' title='bbox 591 305 613 324; x_wconf 86' lang='lat' dir='ltr'><strong>G</strong></span> <span class='ocrx_word' id='word_1_56' title='bbox 625 303 646 324; x_wconf 81' lang='lat' dir='ltr'>N</span> <span class='ocrx_word' id='word_1_57' title='bbox 658 303 668 323; x_wconf 93' lang='lat' dir='ltr'>r</span> <span class='ocrx_word' id='word_1_58' title='bbox 676 302 700 324; x_wconf 71' lang='lat' dir='ltr'>’r</span> <span class='ocrx_word' id='word_1_59' title='bbox 710 303 721 323; x_wconf 88' lang='lat'>1</span> <span class='ocrx_word' id='word_1_60' title='bbox 729 303 749 323; x_wconf 93' lang='lat' dir='ltr'>o</span> <span class='ocrx_word' id='word_1_61' title='bbox 768 303 822 332; x_wconf 88' lang='lat' dir='ltr'>pro</span> <span class='ocrx_word' id='word_1_62' title='bbox 843 293 918 325; x_wconf 82' lang='lat' dir='ltr'>nulla</span> <span class='ocrx_word' id='word_1_63' title='bbox 939 292 1092 332; x_wconf 72' lang='lat' dir='ltr'>habeatur,</span> <span class='ocrx_word' id='word_1_64' title='bbox 1110 292 1238 331; x_wconf 89' lang='lat' dir='ltr'>alioquin</span> <span class='ocrx_word' id='word_1_65' title='bbox 1259 292 1290 322; x_wconf 89' lang='lat' dir='ltr'>in</span> 
     </span>
     <span class='ocr_line' id='line_1_24' title="bbox 232 332 750 371; baseline -0.004 -6"><span class='ocrx_word' id='word_1_66' title='bbox 232 337 283 365; x_wconf 78' lang='lat' dir='ltr'>iuo</span> <span class='ocrx_word' id='word_1_67' title='bbox 297 336 402 365; x_wconf 84' lang='lat' dir='ltr'>robore</span> <span class='ocrx_word' id='word_1_68' title='bbox 415 343 576 371; x_wconf 81' lang='lat' dir='ltr'>permaneat</span> <span class='ocrx_word' id='word_1_69' title='bbox 590 334 623 364; x_wconf 66' lang='grc' dir='ltr'>ὃς</span> <span class='ocrx_word' id='word_1_70' title='bbox 636 332 750 363; x_wconf 56' lang='lat' dir='ltr'>effecim-</span> 
     </span>
    </p>
   </div>
   <div class='ocr_carea' id='block_1_13' title="bbox 459 470 1068 519">
    <p class='ocr_par' dir='ltr' id='par_1_14' title="bbox 459 470 1068 519">
     <span class='ocr_line' id='line_1_25' title="bbox 459 470 1068 519; baseline -0.003 -11"><span class='ocrx_word' id='word_1_71' title='bbox 459 477 506 509; x_wconf 84' lang='lat' dir='ltr'>De</span> <span class='ocrx_word' id='word_1_72' title='bbox 525 477 750 508; x_wconf 73' lang='lat' dir='ltr'>Locnmtenente</span> <span class='ocrx_word' id='word_1_73' title='bbox 767 472 883 519; x_wconf 76' lang='lat' dir='ltr'>Angliae</span> <span class='ocrx_word' id='word_1_74' title='bbox 899 470 1068 516; x_wconf 58' lang='lat' dir='ltr'>Cofflituto.</span> 
     </span>
    </p>
   </div>
   <div class='ocr_carea' id='block_1_14' title="bbox 221 569 1293 1227">
    <p class='ocr_par' dir='ltr' id='par_1_15' title="bbox 234 569 929 648">
     <span class='ocr_line' id='line_1_26' title="bbox 234 569 929 627; baseline -0.006 -25"><span class='ocrx_word' id='word_1_75' title='bbox 234 570 352 627; x_wconf 77' lang='lat' dir='ltr'>REX</span> <span class='ocrx_word' id='word_1_76' title='bbox 372 571 538 609; x_wconf 82' lang='lat' dir='ltr'>Omnibus,</span> <span class='ocrx_word' id='word_1_77' title='bbox 556 570 590 600; x_wconf 91' lang='lat' dir='ltr'>ad</span> <span class='ocrx_word' id='word_1_78' title='bbox 607 579 696 608; x_wconf 88' lang='lat' dir='ltr'>quos,</span> <span class='ocrx_word' id='word_1_79' title='bbox 713 570 775 601; x_wconf 89' lang='lat' dir='ltr'>&amp;c.</span> <span class='ocrx_word' id='word_1_80' title='bbox 795 569 929 600; x_wconf 79' lang='lat' dir='ltr'>Salutem.</span> 
     </span>
     <span class='ocr_line' id='line_1_27' title="bbox 331 609 544 648; baseline 0 -8"><span class='ocrx_word' id='word_1_81' title='bbox 331 610 429 640; x_wconf 84' lang='lat' dir='ltr'>Sciatis</span> <span class='ocrx_word' id='word_1_82' title='bbox 449 609 544 648; x_wconf 82' lang='lat' dir='ltr'>quod,</span> 
     </span>
    </p>

    <p class='ocr_par' dir='ltr' id='par_1_16' title="bbox 226 641 1293 802">
     <span class='ocr_line' id='line_1_28' title="bbox 243 641 1293 688; baseline -0.004 -11"><span class='ocrx_word' id='word_1_83' title='bbox 243 684 247 688; x_wconf 93' lang='lat'><strong>.</strong></span> <span class='ocrx_word' id='word_1_84' title='bbox 269 647 351 679; x_wconf 78' lang='lat' dir='ltr'>Cum</span> <span class='ocrx_word' id='word_1_85' title='bbox 363 648 448 685; x_wconf 86' lang='lat' dir='ltr'>Nos,</span> <span class='ocrx_word' id='word_1_86' title='bbox 466 658 517 686; x_wconf 80' lang='lat' dir='ltr'>pro</span> <span class='ocrx_word' id='word_1_87' title='bbox 528 647 706 685; x_wconf 83' lang='lat' dir='ltr'>Salvatione,</span> <span class='ocrx_word' id='word_1_88' title='bbox 724 647 758 677; x_wconf 70' lang='grc' dir='ltr'>ὃς</span> <span class='ocrx_word' id='word_1_89' title='bbox 776 645 969 682; x_wconf 85' lang='lat' dir='ltr'>Defensione,</span> <span class='ocrx_word' id='word_1_90' title='bbox 986 653 1020 674; x_wconf 91' lang='lat' dir='ltr'>ac</span> <span class='ocrx_word' id='word_1_91' title='bbox 1043 645 1121 675; x_wconf 91' lang='lat' dir='ltr'>bona</span> <span class='ocrx_word' id='word_1_92' title='bbox 1138 641 1293 675; x_wconf 82' lang='lat' dir='ltr'>Guberna—</span> 
     </span>
     <span class='ocr_line' id='line_1_29' title="bbox 227 681 1292 725; baseline -0.004 -9"><span class='ocrx_word' id='word_1_93' title='bbox 227 691 324 725; x_wconf 81' lang='lat' dir='ltr'>tlone,</span> <span class='ocrx_word' id='word_1_94' title='bbox 344 687 377 718; x_wconf 64' lang='grc' dir='ltr'>ὃς</span> <span class='ocrx_word' id='word_1_95' title='bbox 392 686 551 724; x_wconf 85' lang='lat' dir='ltr'>Regimine</span> <span class='ocrx_word' id='word_1_96' title='bbox 567 685 662 724; x_wconf 83' lang='lat' dir='ltr'>Regni</span> <span class='ocrx_word' id='word_1_97' title='bbox 681 684 769 716; x_wconf 87' lang='lat' dir='ltr'>nostri</span> <span class='ocrx_word' id='word_1_98' title='bbox 786 684 929 722; x_wconf 82' lang='lat' dir='ltr'>Franciae,</span> <span class='ocrx_word' id='word_1_99' title='bbox 946 693 978 713; x_wconf 87' lang='lat' dir='ltr'>ac</span> <span class='ocrx_word' id='word_1_100' title='bbox 994 682 1222 721; x_wconf 85' lang='lat' dir='ltr'>Recuperatione</span> <span class='ocrx_word' id='word_1_101' title='bbox 1239 681 1292 721; x_wconf 89' lang='lat' dir='ltr'>Ju-</span> 
     </span>
     <span class='ocr_line' id='line_1_30' title="bbox 226 720 1293 761; baseline -0.003 -7"><span class='ocrx_word' id='word_1_102' title='bbox 226 726 299 756; x_wconf 71' lang='lat' dir='ltr'>rium</span> <span class='ocrx_word' id='word_1_103' title='bbox 315 725 480 755; x_wconf 86' lang='lat' dir='ltr'>nostrorum</span> <span class='ocrx_word' id='word_1_104' title='bbox 495 725 622 761; x_wconf 79' lang='lat' dir='ltr'><strong>ibidem,</strong></span> <span class='ocrx_word' id='word_1_105' title='bbox 642 724 709 754; x_wconf 87' lang='lat' dir='ltr'>Deo</span> <span class='ocrx_word' id='word_1_106' title='bbox 723 724 812 761; x_wconf 87' lang='lat' dir='ltr'>duce,</span> <span class='ocrx_word' id='word_1_107' title='bbox 830 723 914 753; x_wconf 83' lang='lat' dir='ltr'>fimus</span> <span class='ocrx_word' id='word_1_108' title='bbox 933 721 968 752; x_wconf 90' lang='lat' dir='ltr'>ad</span> <span class='ocrx_word' id='word_1_109' title='bbox 984 720 1078 752; x_wconf 84' lang='lat' dir='ltr'>Partes</span> <span class='ocrx_word' id='word_1_110' title='bbox 1096 721 1153 752; x_wconf 88' lang='lat' dir='ltr'>illas</span> <span class='ocrx_word' id='word_1_111' title='bbox 1173 722 1203 752; x_wconf 90' lang='lat' dir='ltr'>in</span> <span class='ocrx_word' id='word_1_112' title='bbox 1224 731 1293 759; x_wconf 88' lang='lat' dir='ltr'>pro-</span> 
     </span>
     <span class='ocr_line' id='line_1_31' title="bbox 230 763 688 802; baseline -0.002 -9"><span class='ocrx_word' id='word_1_113' title='bbox 230 765 310 794; x_wconf 84' lang='lat' dir='ltr'>ximo</span> <span class='ocrx_word' id='word_1_114' title='bbox 325 764 502 802; x_wconf 75' lang='lat' dir='ltr'>personaliter</span> <span class='ocrx_word' id='word_1_115' title='bbox 517 763 688 802; x_wconf 58' lang='lat' dir='ltr'>profeauri,</span> 
     </span>
    </p>

    <p class='ocr_par' dir='ltr' id='par_1_17' title="bbox 226 797 1291 910">
     <span class='ocr_line' id='line_1_32' title="bbox 272 797 1288 838; baseline -0.005 -5"><span class='ocrx_word' id='word_1_116' title='bbox 272 802 309 834; x_wconf 86' lang='lat' dir='ltr'>Et</span> <span class='ocrx_word' id='word_1_117' title='bbox 324 803 435 833; x_wconf 86' lang='lat' dir='ltr'>insideat</span> <span class='ocrx_word' id='word_1_118' title='bbox 450 804 552 832; x_wconf 77' lang='lat' dir='ltr'>iii-:ime</span> <span class='ocrx_word' id='word_1_119' title='bbox 567 800 658 832; x_wconf 90' lang='lat' dir='ltr'>Cordi</span> <span class='ocrx_word' id='word_1_120' title='bbox 673 800 772 831; x_wconf 90' lang='lat' dir='ltr'>nostro</span> <span class='ocrx_word' id='word_1_121' title='bbox 787 799 867 838; x_wconf 80' lang='lat' dir='ltr'>quod</span> <span class='ocrx_word' id='word_1_122' title='bbox 885 799 940 829; x_wconf 81' lang='lat' dir='ltr'>Pax</span> <span class='ocrx_word' id='word_1_123' title='bbox 954 798 1050 829; x_wconf 87' lang='lat' dir='ltr'>nostra</span> <span class='ocrx_word' id='word_1_124' title='bbox 1066 799 1136 829; x_wconf 88' lang='lat' dir='ltr'>infra</span> <span class='ocrx_word' id='word_1_125' title='bbox 1151 797 1288 830; x_wconf 78' lang='lat' dir='ltr'>Reonum</span> 
     </span>
     <span class='ocr_line' id='line_1_33' title="bbox 228 823 1291 909; baseline -0.004 -38"><span class='ocrx_word' id='word_1_126' title='bbox 228 841 360 909; x_wconf 45' lang='lat' dir='ltr'>nostrgifn</span> <span class='ocrx_word' id='word_1_127' title='bbox 378 841 506 880; x_wconf 83' lang='lat' dir='ltr'>Angliae,</span> <span class='ocrx_word' id='word_1_128' title='bbox 526 841 676 879; x_wconf 66' lang='lat' dir='ltr'>praesertim</span> <span class='ocrx_word' id='word_1_129' title='bbox 699 840 770 870; x_wconf 79' lang='lat' dir='ltr'>dum</span> <span class='ocrx_word' id='word_1_130' title='bbox 793 838 930 869; x_wconf 87' lang='lat' dir='ltr'>Absentes</span> <span class='ocrx_word' id='word_1_131' title='bbox 952 838 1105 876; x_wconf 83' lang='lat' dir='ltr'>fuerimus,</span> <span class='ocrx_word' id='word_1_132' title='bbox 1122 823 1291 868; x_wconf 73' lang='lat' dir='ltr'>inviol’abili-</span> 
     </span>
     <span class='ocr_line' id='line_1_34' title="bbox 226 887 448 910; baseline 0.005 -1"><span class='ocrx_word' id='word_1_133' title='bbox 226 887 269 910; x_wconf 89' lang='lat' dir='ltr'>ter</span> <span class='ocrx_word' id='word_1_134' title='bbox 285 890 305 909; x_wconf 93' lang='lat' dir='ltr'>o</span> <span class='ocrx_word' id='word_1_135' title='bbox 338 889 448 910; x_wconf 73' lang='lat' dir='ltr'>eruetur</span> 
     </span>
    </p>

    <p class='ocr_par' dir='ltr' id='par_1_18' title="bbox 224 902 1288 1025">
     <span class='ocr_line' id='line_1_35' title="bbox 262 902 1288 956; baseline -0.004 -7"><span class='ocrx_word' id='word_1_136' title='bbox 262 917 301 949; x_wconf 88' lang='lat' dir='ltr'>Et</span> <span class='ocrx_word' id='word_1_137' title='bbox 325 919 405 956; x_wconf 81' lang='lat' dir='ltr'>quod</span> <span class='ocrx_word' id='word_1_138' title='bbox 428 902 504 949; x_wconf 69' lang='lat' dir='ltr'>id’etn</span> <span class='ocrx_word' id='word_1_139' title='bbox 526 917 662 956; x_wconf 82' lang='lat' dir='ltr'>Regnum</span> <span class='ocrx_word' id='word_1_140' title='bbox 687 914 816 945; x_wconf 83' lang='lat' dir='ltr'>nostrum</span> <span class='ocrx_word' id='word_1_141' title='bbox 831 917 864 947; x_wconf 66' lang='grc' dir='ltr'>ὃς</span> <span class='ocrx_word' id='word_1_142' title='bbox 880 914 999 952; x_wconf 87' lang='lat' dir='ltr'>Agenda</span> <span class='ocrx_word' id='word_1_143' title='bbox 1015 914 1095 951; x_wconf 86' lang='lat' dir='ltr'>ipsius</span> <span class='ocrx_word' id='word_1_144' title='bbox 1111 914 1207 952; x_wconf 84' lang='lat' dir='ltr'>Regni</span> <span class='ocrx_word' id='word_1_145' title='bbox 1221 924 1288 952; x_wconf 91' lang='lat' dir='ltr'>pro-</span> 
     </span>
     <span class='ocr_line' id='line_1_36' title="bbox 224 953 1288 1025; baseline -0.004 -38"><span class='ocrx_word' id='word_1_146' title='bbox 224 956 299 1025; x_wconf 48' lang='lat' dir='ltr'>videi</span> <span class='ocrx_word' id='word_1_147' title='bbox 317 956 461 996; x_wconf 84' lang='lat' dir='ltr'>Regantur</span> <span class='ocrx_word' id='word_1_148' title='bbox 478 958 511 988; x_wconf 88' lang='lat'>&amp;</span> <span class='ocrx_word' id='word_1_149' title='bbox 535 956 745 993; x_wconf 76' lang='lat' dir='ltr'>Disponantur‚</span> <span class='ocrx_word' id='word_1_150' title='bbox 763 964 796 985; x_wconf 89' lang='lat' dir='ltr'>ac</span> <span class='ocrx_word' id='word_1_151' title='bbox 817 954 926 993; x_wconf 60' lang='lat' dir='ltr'>singulis</span> <span class='ocrx_word' id='word_1_152' title='bbox 942 953 1061 992; x_wconf 82' lang='lat' dir='ltr'>Justitiae</span> <span class='ocrx_word' id='word_1_153' title='bbox 1082 953 1211 983; x_wconf 85' lang='lat' dir='ltr'>debiturn</span> <span class='ocrx_word' id='word_1_154' title='bbox 1232 954 1288 983; x_wconf 83' lang='lat' dir='ltr'>im-</span> 
     </span>
    </p>

    <p class='ocr_par' dir='ltr' id='par_1_19' title="bbox 224 1005 1287 1111">
     <span class='ocr_line' id='line_1_37' title="bbox 246 1005 363 1026; baseline 0 -1"><span class='ocrx_word' id='word_1_155' title='bbox 246 1005 281 1025; x_wconf 89' lang='lat' dir='ltr'>en</span> <span class='ocrx_word' id='word_1_156' title='bbox 303 1005 363 1026; x_wconf 85' lang='lat' dir='ltr'>atur</span> 
     </span>
     <span class='ocr_line' id='line_1_38' title="bbox 224 1005 1287 1069; baseline -0.004 -6"><span class='ocrx_word' id='word_1_157' title='bbox 224 1005 244 1034; x_wconf 72' lang='lat' dir='ltr'>p</span> <span class='ocrx_word' id='word_1_158' title='bbox 264 1018 390 1065; x_wconf 77' lang='lat' dir='ltr'>Necno’n</span> <span class='ocrx_word' id='word_1_159' title='bbox 405 1032 441 1062; x_wconf 91' lang='lat' dir='ltr'>de</span> <span class='ocrx_word' id='word_1_160' title='bbox 460 1032 603 1062; x_wconf 84' lang='lat' dir='ltr'>Fidelitate</span> <span class='ocrx_word' id='word_1_161' title='bbox 622 1032 654 1062; x_wconf 89' lang='lat'>&amp;</span> <span class='ocrx_word' id='word_1_162' title='bbox 676 1030 829 1069; x_wconf 87' lang='lat' dir='ltr'>Industria,</span> <span class='ocrx_word' id='word_1_163' title='bbox 846 1029 990 1060; x_wconf 80' lang='lat' dir='ltr'>Carisi‘imi</span> <span class='ocrx_word' id='word_1_164' title='bbox 1011 1028 1156 1061; x_wconf 88' lang='lat' dir='ltr'>Avunculi</span> <span class='ocrx_word' id='word_1_165' title='bbox 1179 1028 1287 1068; x_wconf 86' lang='lat' dir='ltr'>nostri,</span> 
     </span>
     <span class='ocr_line' id='line_1_39' title="bbox 225 1069 971 1111; baseline -0.005 -9"><span class='ocrx_word' id='word_1_166' title='bbox 225 1071 372 1111; x_wconf 82' lang='lat' dir='ltr'>Humfredi</span> <span class='ocrx_word' id='word_1_167' title='bbox 381 1074 462 1101; x_wconf 83' lang='lat' dir='ltr'>Ducis</span> <span class='ocrx_word' id='word_1_168' title='bbox 477 1070 645 1110; x_wconf 73' lang='lat' dir='ltr'>Glaucestre‘ae</span> <span class='ocrx_word' id='word_1_169' title='bbox 661 1069 769 1108; x_wconf 78' lang='lat' dir='ltr'>plenius</span> <span class='ocrx_word' id='word_1_170' title='bbox 781 1069 971 1106; x_wconf 78' lang='lat' dir='ltr'>confidentes,</span> 
     </span>
    </p>

    <p class='ocr_par' dir='ltr' id='par_1_20' title="bbox 221 1104 1287 1227">
     <span class='ocr_line' id='line_1_40' title="bbox 261 1104 1287 1147; baseline -0.006 -6"><span class='ocrx_word' id='word_1_171' title='bbox 261 1110 470 1141; x_wconf 79' lang='lat' dir='ltr'>Censtituimus</span> <span class='ocrx_word' id='word_1_172' title='bbox 487 1109 574 1147; x_wconf 90' lang='lat' dir='ltr'>ipsum</span> <span class='ocrx_word' id='word_1_173' title='bbox 591 1107 769 1147; x_wconf 83' lang='lat' dir='ltr'>Humfiedum</span> <span class='ocrx_word' id='word_1_174' title='bbox 786 1107 949 1137; x_wconf 88' lang='lat' dir='ltr'>Custodem</span> <span class='ocrx_word' id='word_1_175' title='bbox 971 1105 1041 1136; x_wconf 66' lang='lat' dir='ltr'>dieti</span> <span class='ocrx_word' id='word_1_176' title='bbox 1063 1104 1152 1136; x_wconf 87' lang='lat' dir='ltr'>nostri</span> <span class='ocrx_word' id='word_1_177' title='bbox 1173 1105 1203 1136; x_wconf 89' lang='lat' dir='ltr'>R</span> <span class='ocrx_word' id='word_1_178' title='bbox 1241 1107 1287 1145; x_wconf 87' lang='lat' dir='ltr'>ni,</span> 
     </span>
     <span class='ocr_line' id='line_1_41' title="bbox 221 1144 1286 1184; baseline -0.006 -4"><span class='ocrx_word' id='word_1_179' title='bbox 221 1159 255 1180; x_wconf 85' lang='lat' dir='ltr'>ac</span> <span class='ocrx_word' id='word_1_180' title='bbox 274 1149 389 1180; x_wconf 90' lang='lat' dir='ltr'>Locum</span> <span class='ocrx_word' id='word_1_181' title='bbox 404 1147 532 1177; x_wconf 87' lang='lat' dir='ltr'>nostrum</span> <span class='ocrx_word' id='word_1_182' title='bbox 545 1157 688 1178; x_wconf 86' lang='lat' dir='ltr'>tenentem</span> <span class='ocrx_word' id='word_1_183' title='bbox 707 1148 734 1176; x_wconf 91' lang='lat' dir='ltr'>in</span> <span class='ocrx_word' id='word_1_184' title='bbox 754 1146 858 1177; x_wconf 86' lang='lat' dir='ltr'>eodem</span> <span class='ocrx_word' id='word_1_185' title='bbox 879 1145 1002 1184; x_wconf 83' lang='lat' dir='ltr'>Regno,</span> <span class='ocrx_word' id='word_1_186' title='bbox 1021 1144 1092 1174; x_wconf 90' lang='lat' dir='ltr'>dum</span> <span class='ocrx_word' id='word_1_187' title='bbox 1110 1154 1185 1175; x_wconf 72' lang='lat' dir='ltr'>eXtra</span> <span class='ocrx_word' id='word_1_188' title='bbox 1210 1146 1218 1174; x_wconf 92' lang='lat' dir='ltr'>i</span> <span class='ocrx_word' id='word_1_189' title='bbox 1239 1155 1286 1175; x_wconf 88' lang='lat' dir='ltr'>em</span> 
     </span>
     <span class='ocr_line' id='line_1_42' title="bbox 221 1183 1286 1227; baseline -0.005 -8"><span class='ocrx_word' id='word_1_190' title='bbox 221 1187 360 1227; x_wconf 81' lang='lat' dir='ltr'>Regnum</span> <span class='ocrx_word' id='word_1_191' title='bbox 375 1186 505 1217; x_wconf 89' lang='lat' dir='ltr'>nostrum</span> <span class='ocrx_word' id='word_1_192' title='bbox 524 1186 642 1216; x_wconf 84' lang='lat' dir='ltr'>Moram</span> <span class='ocrx_word' id='word_1_193' title='bbox 661 1185 827 1223; x_wconf 79' lang='lat' dir='ltr'>fecerimus,</span> <span class='ocrx_word' id='word_1_194' title='bbox 845 1184 890 1216; x_wconf 91' lang='lat' dir='ltr'>vel</span> <span class='ocrx_word' id='word_1_195' title='bbox 911 1184 1007 1215; x_wconf 88' lang='lat' dir='ltr'>donec</span> <span class='ocrx_word' id='word_1_196' title='bbox 1024 1183 1097 1214; x_wconf 86' lang='lat' dir='ltr'>aliud</span> <span class='ocrx_word' id='word_1_197' title='bbox 1118 1183 1184 1214; x_wconf 88' lang='lat' dir='ltr'>inde</span> <span class='ocrx_word' id='word_1_198' title='bbox 1197 1183 1286 1215; x_wconf 84' lang='lat' dir='ltr'>duxe-</span> 
     </span>
    </p>
   </div>
   <div class='ocr_carea' id='block_1_15' title="bbox 221 1225 1288 1533">
    <p class='ocr_par' dir='ltr' id='par_1_21' title="bbox 222 1225 530 1257">
     <span class='ocr_line' id='line_1_43' title="bbox 222 1225 530 1257; baseline -0.01 0"><span class='ocrx_word' id='word_1_199' title='bbox 222 1236 309 1257; x_wconf 86' lang='lat' dir='ltr'>rimus</span> <span class='ocrx_word' id='word_1_200' title='bbox 326 1225 530 1256; x_wconf 87' lang='lat' dir='ltr'>ordinandum:</span> 
     </span>
    </p>

    <p class='ocr_par' dir='ltr' id='par_1_22' title="bbox 221 1260 1288 1533">
     <span class='ocr_line' id='line_1_44' title="bbox 258 1260 1285 1300; baseline -0.005 -5"><span class='ocrx_word' id='word_1_201' title='bbox 258 1264 370 1296; x_wconf 88' lang='lat' dir='ltr'>Damus</span> <span class='ocrx_word' id='word_1_202' title='bbox 390 1273 485 1294; x_wconf 90' lang='lat' dir='ltr'>autem</span> <span class='ocrx_word' id='word_1_203' title='bbox 509 1262 640 1293; x_wconf 85' lang='lat' dir='ltr'>universis</span> <span class='ocrx_word' id='word_1_204' title='bbox 662 1263 695 1293; x_wconf 91' lang='lat'>&amp;</span> <span class='ocrx_word' id='word_1_205' title='bbox 719 1261 831 1300; x_wconf 85' lang='lat' dir='ltr'>singulis</span> <span class='ocrx_word' id='word_1_206' title='bbox 854 1260 1100 1299; x_wconf 82' lang='lat' dir='ltr'>Archiepiscopis,</span> <span class='ocrx_word' id='word_1_207' title='bbox 1119 1260 1285 1300; x_wconf 88' lang='lat' dir='ltr'>Episcopis,</span> 
     </span>
     <span class='ocr_line' id='line_1_45' title="bbox 226 1299 1287 1341; baseline -0.005 -7"><span class='ocrx_word' id='word_1_208' title='bbox 226 1303 383 1334; x_wconf 85' lang='lat' dir='ltr'>Abbatibus</span> <span class='ocrx_word' id='word_1_209' title='bbox 397 1326 407 1341; x_wconf 89' lang='lat'>,</span> <span class='ocrx_word' id='word_1_210' title='bbox 426 1301 572 1332; x_wconf 82' lang='lat' dir='ltr'>Prioribus</span> <span class='ocrx_word' id='word_1_211' title='bbox 586 1325 595 1339; x_wconf 90' lang='lat'>,</span> <span class='ocrx_word' id='word_1_212' title='bbox 615 1300 746 1331; x_wconf 82' lang='lat' dir='ltr'>Ducibus</span> <span class='ocrx_word' id='word_1_213' title='bbox 758 1324 768 1337; x_wconf 94' lang='lat'>,</span> <span class='ocrx_word' id='word_1_214' title='bbox 785 1299 951 1331; x_wconf 89' lang='lat' dir='ltr'>Comitibus</span> <span class='ocrx_word' id='word_1_215' title='bbox 964 1323 973 1338; x_wconf 91' lang='lat'>,</span> <span class='ocrx_word' id='word_1_216' title='bbox 993 1300 1164 1337; x_wconf 85' lang='lat' dir='ltr'>Baronibus,</span> <span class='ocrx_word' id='word_1_217' title='bbox 1184 1299 1287 1330; x_wconf 90' lang='lat' dir='ltr'>Militi-</span> 
     </span>
     <span class='ocr_line' id='line_1_46' title="bbox 221 1337 1288 1380; baseline -0.005 -7"><span class='ocrx_word' id='word_1_218' title='bbox 221 1343 292 1380; x_wconf 85' lang='lat' dir='ltr'>bus,</span> <span class='ocrx_word' id='word_1_219' title='bbox 309 1341 589 1378; x_wconf 80' lang='lat' dir='ltr'>Communitatibus,</span> <span class='ocrx_word' id='word_1_220' title='bbox 609 1339 854 1376; x_wconf 87' lang='lat' dir='ltr'>Vicecomitibus,</span> <span class='ocrx_word' id='word_1_221' title='bbox 875 1338 983 1368; x_wconf 86' lang='lat' dir='ltr'>Liberis</span> <span class='ocrx_word' id='word_1_222' title='bbox 998 1338 1175 1368; x_wconf 86' lang='lat' dir='ltr'>Hominibus</span> <span class='ocrx_word' id='word_1_223' title='bbox 1186 1337 1288 1376; x_wconf 88' lang='lat' dir='ltr'>,Balli—</span> 
     </span>
     <span class='ocr_line' id='line_1_47' title="bbox 221 1375 1284 1419; baseline -0.005 -8"><span class='ocrx_word' id='word_1_224' title='bbox 221 1383 278 1419; x_wconf 82' lang='lat' dir='ltr'>vis,</span> <span class='ocrx_word' id='word_1_225' title='bbox 299 1379 454 1416; x_wconf 88' lang='lat' dir='ltr'>Ministris,</span> <span class='ocrx_word' id='word_1_226' title='bbox 470 1380 503 1410; x_wconf 91' lang='lat'>&amp;</span> <span class='ocrx_word' id='word_1_227' title='bbox 517 1380 651 1409; x_wconf 90' lang='lat' dir='ltr'>omnibus</span> <span class='ocrx_word' id='word_1_228' title='bbox 664 1377 805 1408; x_wconf 88' lang='lat' dir='ltr'>Fidelibus</span> <span class='ocrx_word' id='word_1_229' title='bbox 819 1376 936 1414; x_wconf 61' lang='lat' dir='ltr'>nostru,</span> <span class='ocrx_word' id='word_1_230' title='bbox 953 1378 1072 1408; x_wconf 90' lang='lat' dir='ltr'>Tenore</span> <span class='ocrx_word' id='word_1_231' title='bbox 1087 1375 1284 1414; x_wconf 84' lang='lat' dir='ltr'>Praesentium,</span> 
     </span>
     <span class='ocr_line' id='line_1_48' title="bbox 221 1413 1286 1456; baseline -0.006 -6"><span class='ocrx_word' id='word_1_232' title='bbox 221 1418 336 1450; x_wconf 84' lang='lat' dir='ltr'>firmiter</span> <span class='ocrx_word' id='word_1_233' title='bbox 358 1420 387 1448; x_wconf 90' lang='lat' dir='ltr'>in</span> <span class='ocrx_word' id='word_1_234' title='bbox 409 1417 552 1448; x_wconf 86' lang='lat' dir='ltr'>Mandatis</span> <span class='ocrx_word' id='word_1_235' title='bbox 576 1416 657 1455; x_wconf 82' lang='lat' dir='ltr'>quod</span> <span class='ocrx_word' id='word_1_236' title='bbox 675 1416 792 1456; x_wconf 81' lang='lat' dir='ltr'>praefato</span> <span class='ocrx_word' id='word_1_237' title='bbox 815 1413 984 1454; x_wconf 64' lang='lat' dir='ltr'>manfredo,</span> <span class='ocrx_word' id='word_1_238' title='bbox 1003 1423 1138 1453; x_wconf 87' lang='lat' dir='ltr'>tanquam</span> <span class='ocrx_word' id='word_1_239' title='bbox 1162 1413 1286 1445; x_wconf 90' lang='lat' dir='ltr'>Custodi</span> 
     </span>
     <span class='ocr_line' id='line_1_49' title="bbox 222 1452 1287 1496; baseline -0.005 -8"><span class='ocrx_word' id='word_1_240' title='bbox 222 1459 291 1489; x_wconf 64' lang='lat' dir='ltr'>dieti</span> <span class='ocrx_word' id='word_1_241' title='bbox 306 1457 399 1496; x_wconf 87' lang='lat' dir='ltr'>Regni</span> <span class='ocrx_word' id='word_1_242' title='bbox 415 1455 519 1493; x_wconf 88' lang='lat' dir='ltr'>nostri,</span> <span class='ocrx_word' id='word_1_243' title='bbox 536 1456 569 1486; x_wconf 89' lang='lat'>&amp;</span> <span class='ocrx_word' id='word_1_244' title='bbox 590 1455 707 1486; x_wconf 90' lang='lat' dir='ltr'>Locum</span> <span class='ocrx_word' id='word_1_245' title='bbox 725 1454 854 1496; x_wconf 74' lang='lat' dir='ltr'>nostrum</span> <span class='ocrx_word' id='word_1_246' title='bbox 869 1455 975 1484; x_wconf 89' lang='lat' dir='ltr'>tenenti</span> <span class='ocrx_word' id='word_1_247' title='bbox 997 1455 1026 1483; x_wconf 93' lang='lat' dir='ltr'>in</span> <span class='ocrx_word' id='word_1_248' title='bbox 1049 1452 1171 1491; x_wconf 88' lang='lat' dir='ltr'>eodem,</span> <span class='ocrx_word' id='word_1_249' title='bbox 1190 1452 1287 1484; x_wconf 84' lang='lat' dir='ltr'>Inten-</span> 
     </span>
     <span class='ocr_line' id='line_1_50' title="bbox 221 1491 1172 1533; baseline -0.006 -5"><span class='ocrx_word' id='word_1_250' title='bbox 221 1498 318 1528; x_wconf 84' lang='lat' dir='ltr'>dentes</span> <span class='ocrx_word' id='word_1_251' title='bbox 333 1497 400 1533; x_wconf 86' lang='lat' dir='ltr'>sint,</span> <span class='ocrx_word' id='word_1_252' title='bbox 419 1494 652 1532; x_wconf 75' lang='lat' dir='ltr'>Respondentes,</span> <span class='ocrx_word' id='word_1_253' title='bbox 671 1503 704 1524; x_wconf 91' lang='lat' dir='ltr'>ac</span> <span class='ocrx_word' id='word_1_254' title='bbox 718 1492 922 1531; x_wconf 60' lang='lat' dir='ltr'>eminentes,</span> <span class='ocrx_word' id='word_1_255' title='bbox 941 1493 974 1525; x_wconf 89' lang='lat'>&amp;</span> <span class='ocrx_word' id='word_1_256' title='bbox 988 1491 1172 1524; x_wconf 78' lang='lat' dir='ltr'>Auxiliantes.</span> 
     </span>
    </p>
   </div>
   <div class='ocr_carea' id='block_1_16' title="bbox 255 1535 477 1574">
    <p class='ocr_par' dir='ltr' id='par_1_23' title="bbox 255 1535 477 1574">
     <span class='ocr_line' id='line_1_51' title="bbox 255 1535 477 1574; baseline -0.009 -8"><span class='ocrx_word' id='word_1_257' title='bbox 255 1535 289 1566; x_wconf 91' lang='lat' dir='ltr'>In</span> <span class='ocrx_word' id='word_1_258' title='bbox 305 1536 383 1574; x_wconf 88' lang='lat' dir='ltr'>cujus</span> <span class='ocrx_word' id='word_1_259' title='bbox 389 1556 399 1572; x_wconf 85' lang='lat'>,</span> <span class='ocrx_word' id='word_1_260' title='bbox 417 1535 477 1566; x_wconf 79' lang='lat' dir='ltr'>&amp;c-</span> 
     </span>
    </p>
   </div>
   <div class='ocr_carea' id='block_1_17' title="bbox 254 1607 1219 1650">
    <p class='ocr_par' dir='ltr' id='par_1_24' title="bbox 254 1607 1219 1650">
     <span class='ocr_line' id='line_1_52' title="bbox 254 1607 1219 1650; baseline -0.006 -7"><span class='ocrx_word' id='word_1_261' title='bbox 254 1611 345 1643; x_wconf 83' lang='lat' dir='ltr'>Teste</span> <span class='ocrx_word' id='word_1_262' title='bbox 361 1610 447 1650; x_wconf 88' lang='lat' dir='ltr'>Rege</span> <span class='ocrx_word' id='word_1_263' title='bbox 460 1609 533 1650; x_wconf 73' lang='lat' dir='ltr'>apud</span> <span class='ocrx_word' id='word_1_264' title='bbox 544 1612 694 1640; x_wconf 80' lang='lat' dir='ltr'>Civitatem</span> <span class='ocrx_word' id='word_1_265' title='bbox 700 1607 781 1648; x_wconf 71' lang='lat' dir='ltr'>fitam</span> <span class='ocrx_word' id='word_1_266' title='bbox 796 1611 932 1638; x_wconf 82' lang='lat' dir='ltr'>cantuar.</span> <span class='ocrx_word' id='word_1_267' title='bbox 951 1608 1015 1644; x_wconf 81' lang='lat' dir='ltr'>xxiij</span> <span class='ocrx_word' id='word_1_268' title='bbox 1034 1607 1093 1638; x_wconf 90' lang='lat' dir='ltr'>Die</span> <span class='ocrx_word' id='word_1_269' title='bbox 1107 1607 1219 1646; x_wconf 87' lang='lat' dir='ltr'>Aprilis.</span> 
     </span>
    </p>
   </div>
   <div class='ocr_carea' id='block_1_18' title="bbox 716 1691 1177 1732">
    <p class='ocr_par' dir='ltr' id='par_1_25' title="bbox 716 1691 1177 1732">
     <span class='ocr_line' id='line_1_53' title="bbox 716 1691 1177 1732; baseline -0.004 -8"><span class='ocrx_word' id='word_1_270' title='bbox 716 1696 769 1724; x_wconf 82' lang='lat' dir='ltr'>Per</span> <span class='ocrx_word' id='word_1_271' title='bbox 786 1696 880 1723; x_wconf 84' lang='lat' dir='ltr'>Breve</span> <span class='ocrx_word' id='word_1_272' title='bbox 893 1693 924 1723; x_wconf 85' lang='lat' dir='ltr'>de</span> <span class='ocrx_word' id='word_1_273' title='bbox 942 1695 1060 1724; x_wconf 72' lang='lat' dir='ltr'>Privato</span> <span class='ocrx_word' id='word_1_274' title='bbox 1077 1691 1177 1732; x_wconf 77' lang='lat' dir='ltr'>sigillo.</span> 
     </span>
    </p>
   </div>
   <div class='ocr_carea' id='block_1_19' title="bbox 370 1830 1121 1882">
    <p class='ocr_par' dir='ltr' id='par_1_26' title="bbox 370 1830 1121 1882">
     <span class='ocr_line' id='line_1_54' title="bbox 370 1830 1121 1882; baseline -0.003 -14"><span class='ocrx_word' id='word_1_275' title='bbox 370 1838 464 1882; x_wconf 84' lang='lat' dir='ltr'>Super</span> <span class='ocrx_word' id='word_1_276' title='bbox 480 1837 517 1868; x_wconf 84' lang='lat' dir='ltr'><em>V</em></span> <span class='ocrx_word' id='word_1_277' title='bbox 516 1837 593 1882; x_wconf 72' lang='lat' dir='ltr'>iugio</span> <span class='ocrx_word' id='word_1_278' title='bbox 611 1836 717 1881; x_wconf 81' lang='lat' dir='ltr'>Regis,</span> <span class='ocrx_word' id='word_1_279' title='bbox 743 1832 780 1868; x_wconf 79' lang='lat' dir='ltr'>de</span> <span class='ocrx_word' id='word_1_280' title='bbox 797 1830 944 1877; x_wconf 51' lang='lat' dir='ltr'>Monstris</span> <span class='ocrx_word' id='word_1_281' title='bbox 961 1830 1121 1880; x_wconf 76' lang='lat' dir='ltr'>capiendis.</span> 
     </span>
    </p>
   </div>
   <div class='ocr_carea' id='block_1_20' title="bbox 222 1929 1086 2116">
    <p class='ocr_par' dir='ltr' id='par_1_27' title="bbox 222 1929 1086 2116">
     <span class='ocr_line' id='line_1_55' title="bbox 222 1929 873 2007; baseline -0.002 -7"><span class='ocrx_word' id='word_1_282' title='bbox 222 1933 278 1989; x_wconf 79' lang='lat' dir='ltr'>R</span> <span class='ocrx_word' id='word_1_283' title='bbox 291 1929 536 2000; x_wconf 36' lang='lat' dir='ltr'>Evzr&#39;ierabiiibus</span> <span class='ocrx_word' id='word_1_284' title='bbox 550 1969 578 1998; x_wconf 91' lang='lat' dir='ltr'>in</span> <span class='ocrx_word' id='word_1_285' title='bbox 597 1965 714 1999; x_wconf 87' lang='lat' dir='ltr'>Christo</span> <span class='ocrx_word' id='word_1_286' title='bbox 729 1968 873 2007; x_wconf 88' lang='lat' dir='ltr'>Patribus,</span> 
     </span>
     <span class='ocr_line' id='line_1_56' title="bbox 257 2006 827 2076; baseline -0.005 -38"><span class='ocrx_word' id='word_1_287' title='bbox 257 2010 290 2038; x_wconf 92' lang='lat' dir='ltr'>P.</span> <span class='ocrx_word' id='word_1_288' title='bbox 309 2007 407 2055; x_wconf 65' lang='lat' dir='ltr'>eadem</span> <span class='ocrx_word' id='word_1_289' title='bbox 424 2007 542 2052; x_wconf 59' lang='lat' dir='ltr'>Gratia,</span> <span class='ocrx_word' id='word_1_290' title='bbox 561 2007 684 2052; x_wconf 65' lang='lat' dir='ltr'>Episeopo</span> <span class='ocrx_word' id='word_1_291' title='bbox 698 2006 827 2076; x_wconf 43' lang='lat' dir='ltr'>Eliezfi,</span> 
     </span>
     <span class='ocr_line' id='line_1_57' title="bbox 252 2043 1086 2116; baseline -0.006 -38"><span class='ocrx_word' id='word_1_292' title='bbox 252 2046 290 2116; x_wconf 65' lang='grc' dir='ltr'>,Ξ-</span> <span class='ocrx_word' id='word_1_293' title='bbox 305 2046 405 2078; x_wconf 85' lang='lat' dir='ltr'>eadem</span> <span class='ocrx_word' id='word_1_294' title='bbox 421 2046 538 2084; x_wconf 84' lang='lat' dir='ltr'>Gratia,</span> <span class='ocrx_word' id='word_1_295' title='bbox 562 2047 688 2086; x_wconf 76' lang='lat' dir='ltr'>Episcopo</span> <span class='ocrx_word' id='word_1_296' title='bbox 704 2049 762 2076; x_wconf 83' lang='lat' dir='ltr'>Bat</span> <span class='ocrx_word' id='word_1_297' title='bbox 784 2045 883 2086; x_wconf 79' lang='lat' dir='ltr'>omenfi</span> <span class='ocrx_word' id='word_1_298' title='bbox 898 2045 931 2077; x_wconf 88' lang='lat'>&amp;</span> <span class='ocrx_word' id='word_1_299' title='bbox 946 2043 1086 2084; x_wconf 67' lang='lat' dir='ltr'>{Vellenfi‚</span> 
     </span>
    </p>
   </div>
   <div class='ocr_carea' id='block_1_21' title="bbox 211 2095 1277 3738">
    <p class='ocr_par' dir='ltr' id='par_1_28' title="bbox 284 2095 318 2124">
     <span class='ocr_line' id='line_1_58' title="bbox 284 2095 318 2124; baseline 0 0"><span class='ocrx_word' id='word_1_300' title='bbox 284 2095 318 2124; x_wconf 68' lang='lat' dir='ltr'>c,</span> 
     </span>
    </p>

    <p class='ocr_par' dir='ltr' id='par_1_29' title="bbox 255 2122 648 2161">
     <span class='ocr_line' id='line_1_59' title="bbox 255 2122 648 2161; baseline -0.005 -6"><span class='ocrx_word' id='word_1_301' title='bbox 255 2124 375 2155; x_wconf 68' lang='lat' dir='ltr'>Dileciis</span> <span class='ocrx_word' id='word_1_302' title='bbox 390 2124 422 2154; x_wconf 89' lang='lat'>&amp;</span> <span class='ocrx_word' id='word_1_303' title='bbox 438 2122 565 2153; x_wconf 82' lang='lat' dir='ltr'>fidelibus</span> <span class='ocrx_word' id='word_1_304' title='bbox 579 2123 648 2161; x_wconf 88' lang='lat' dir='ltr'>suis,</span> 
     </span>
    </p>

    <p class='ocr_par' dir='ltr' id='par_1_30' title="bbox 251 2159 627 2202">
     <span class='ocr_line' id='line_1_60' title="bbox 251 2159 627 2202; baseline -0.003 -10"><span class='ocrx_word' id='word_1_305' title='bbox 251 2162 381 2202; x_wconf 80' lang='lat' dir='ltr'>Johanm&#39;</span> <span class='ocrx_word' id='word_1_306' title='bbox 399 2159 505 2200; x_wconf 79' lang='lat' dir='ltr'>Tiptoft</span> <span class='ocrx_word' id='word_1_307' title='bbox 522 2161 627 2199; x_wconf 61' lang='lat' dir='ltr'>iWiliti,</span> 
     </span>
    </p>

    <p class='ocr_par' dir='ltr' id='par_1_31' title="bbox 251 2199 680 2239">
     <span class='ocr_line' id='line_1_61' title="bbox 251 2199 680 2239; baseline -0.009 -6"><span class='ocrx_word' id='word_1_308' title='bbox 251 2202 398 2233; x_wconf 67' lang='lat' dir='ltr'><em>Lodowsco</em></span> <span class='ocrx_word' id='word_1_309' title='bbox 414 2199 552 2239; x_wconf 77' lang='lat' dir='ltr'>Robeffizrt</span> <span class='ocrx_word' id='word_1_310' title='bbox 574 2200 680 2239; x_wconf 82' lang='lat' dir='ltr'>Militi,</span> 
     </span>
    </p>

    <p class='ocr_par' dir='ltr' id='par_1_32' title="bbox 253 2238 636 2277">
     <span class='ocr_line' id='line_1_62' title="bbox 253 2238 636 2277; baseline -0.005 -6"><span class='ocrx_word' id='word_1_311' title='bbox 253 2243 294 2271; x_wconf 87' lang='lat' dir='ltr'><em>W</em></span> <span class='ocrx_word' id='word_1_312' title='bbox 293 2239 401 2270; x_wconf 79' lang='lat' dir='ltr'>illielmo</span> <span class='ocrx_word' id='word_1_313' title='bbox 420 2239 513 2277; x_wconf 80' lang='lat' dir='ltr'>Phelip</span> <span class='ocrx_word' id='word_1_314' title='bbox 531 2238 636 2276; x_wconf 80' lang='lat' dir='ltr'>Militi,</span> 
     </span>
    </p>

    <p class='ocr_par' dir='ltr' id='par_1_33' title="bbox 250 2276 716 2318">
     <span class='ocr_line' id='line_1_63' title="bbox 250 2276 716 2318; baseline -0.002 -10"><span class='ocrx_word' id='word_1_315' title='bbox 250 2279 379 2318; x_wconf 82' lang='lat' dir='ltr'>Johanni</span> <span class='ocrx_word' id='word_1_316' title='bbox 400 2281 591 2316; x_wconf 79' lang='lat' dir='ltr'>Moungomery</span> <span class='ocrx_word' id='word_1_317' title='bbox 611 2276 716 2315; x_wconf 81' lang='lat' dir='ltr'>Militi,</span> 
     </span>
    </p>

    <p class='ocr_par' dir='ltr' id='par_1_34' title="bbox 249 2315 623 2356">
     <span class='ocr_line' id='line_1_64' title="bbox 249 2315 623 2356; baseline -0.005 -9"><span class='ocrx_word' id='word_1_318' title='bbox 249 2317 379 2356; x_wconf 86' lang='lat' dir='ltr'>Johanni</span> <span class='ocrx_word' id='word_1_319' title='bbox 396 2317 502 2346; x_wconf 84' lang='lat' dir='ltr'>stuard</span> <span class='ocrx_word' id='word_1_320' title='bbox 520 2315 623 2352; x_wconf 86' lang='lat' dir='ltr'>Militi,</span> 
     </span>
    </p>

    <p class='ocr_par' dir='ltr' id='par_1_35' title="bbox 251 2353 689 2393">
     <span class='ocr_line' id='line_1_65' title="bbox 251 2353 689 2393; baseline -0.007 -7"><span class='ocrx_word' id='word_1_321' title='bbox 251 2356 366 2387; x_wconf 81' lang='lat' dir='ltr'>Roberto</span> <span class='ocrx_word' id='word_1_322' title='bbox 384 2354 558 2386; x_wconf 84' lang='lat' dir='ltr'>Shotesbroke</span> <span class='ocrx_word' id='word_1_323' title='bbox 578 2353 689 2393; x_wconf 85' lang='lat' dir='ltr'>Militi,</span> 
     </span>
    </p>

    <p class='ocr_par' dir='ltr' id='par_1_36' title="bbox 250 2392 641 2432">
     <span class='ocr_line' id='line_1_66' title="bbox 250 2392 641 2432; baseline -0.008 -7"><span class='ocrx_word' id='word_1_324' title='bbox 250 2394 392 2432; x_wconf 79' lang='lat' dir='ltr'>Radulpho</span> <span class='ocrx_word' id='word_1_325' title='bbox 409 2394 518 2424; x_wconf 84' lang='lat' dir='ltr'>Boteler</span> <span class='ocrx_word' id='word_1_326' title='bbox 537 2392 641 2431; x_wconf 64' lang='lat' dir='ltr'>NIilsti,</span> 
     </span>
    </p>

    <p class='ocr_par' dir='ltr' id='par_1_37' title="bbox 251 2433 402 2470">
     <span class='ocr_line' id='line_1_67' title="bbox 251 2433 402 2470; baseline -0.007 -6"><span class='ocrx_word' id='word_1_327' title='bbox 251 2433 402 2470; x_wconf 86' lang='lat' dir='ltr'>Necnon,</span> 
     </span>
    </p>

    <p class='ocr_par' dir='ltr' id='par_1_38' title="bbox 250 2471 459 2508">
     <span class='ocr_line' id='line_1_68' title="bbox 250 2471 459 2508; baseline -0.01 -6"><span class='ocrx_word' id='word_1_328' title='bbox 250 2471 373 2502; x_wconf 63' lang='lat' dir='ltr'>Dilectis</span> <span class='ocrx_word' id='word_1_329' title='bbox 392 2471 459 2508; x_wconf 81' lang='lat' dir='ltr'>sibi,</span> 
     </span>
    </p>

    <p class='ocr_par' dir='ltr' id='par_1_39' title="bbox 252 2507 717 2549">
     <span class='ocr_line' id='line_1_69' title="bbox 252 2507 717 2549; baseline -0.004 -8"><span class='ocrx_word' id='word_1_330' title='bbox 252 2510 367 2541; x_wconf 81' lang='lat' dir='ltr'>Ricardo</span> <span class='ocrx_word' id='word_1_331' title='bbox 385 2507 528 2549; x_wconf 66' lang='lat' dir='ltr'>PVodevyle</span> <span class='ocrx_word' id='word_1_332' title='bbox 549 2508 717 2548; x_wconf 83' lang='lat' dir='ltr'>Armigero,</span> 
     </span>
    </p>

    <p class='ocr_par' dir='ltr' id='par_1_40' title="bbox 251 2548 685 2588">
     <span class='ocr_line' id='line_1_70' title="bbox 251 2548 685 2588; baseline 0 -11"><span class='ocrx_word' id='word_1_333' title='bbox 251 2548 380 2586; x_wconf 83' lang='lat' dir='ltr'>Johanni</span> <span class='ocrx_word' id='word_1_334' title='bbox 398 2548 497 2588; x_wconf 81' lang='lat' dir='ltr'>Feryby</span> <span class='ocrx_word' id='word_1_335' title='bbox 517 2548 685 2586; x_wconf 83' lang='lat' dir='ltr'>Arinigero,</span> 
     </span>
    </p>

    <p class='ocr_par' dir='ltr' id='par_1_41' title="bbox 252 2586 714 2624">
     <span class='ocr_line' id='line_1_71' title="bbox 252 2586 714 2624; baseline 0.002 -9"><span class='ocrx_word' id='word_1_336' title='bbox 252 2587 366 2615; x_wconf 83' lang='lat' dir='ltr'>Ricardo</span> <span class='ocrx_word' id='word_1_337' title='bbox 385 2586 528 2615; x_wconf 78' lang='lat' dir='ltr'>Bokeland</span> <span class='ocrx_word' id='word_1_338' title='bbox 547 2586 714 2624; x_wconf 79' lang='lat' dir='ltr'>Armigero,</span> 
     </span>
    </p>

    <p class='ocr_par' dir='ltr' id='par_1_42' title="bbox 251 2624 793 2664">
     <span class='ocr_line' id='line_1_72' title="bbox 251 2624 793 2664; baseline -0.002 -10"><span class='ocrx_word' id='word_1_339' title='bbox 251 2624 403 2654; x_wconf 74' lang='lat' dir='ltr'>willielmo</span> <span class='ocrx_word' id='word_1_340' title='bbox 426 2627 491 2652; x_wconf 74' lang='lat' dir='ltr'>Fitz</span> <span class='ocrx_word' id='word_1_341' title='bbox 509 2627 602 2664; x_wconf 81' lang='lat' dir='ltr'>Hemy</span> <span class='ocrx_word' id='word_1_342' title='bbox 623 2625 793 2662; x_wconf 75' lang='lat' dir='ltr'>Armigero,</span> 
     </span>
    </p>

    <p class='ocr_par' dir='ltr' id='par_1_43' title="bbox 252 2662 728 2701">
     <span class='ocr_line' id='line_1_73' title="bbox 252 2662 728 2701; baseline -0.002 -8"><span class='ocrx_word' id='word_1_343' title='bbox 252 2662 290 2693; x_wconf 83' lang='lat' dir='ltr'>Et</span> <span class='ocrx_word' id='word_1_344' title='bbox 308 2662 438 2701; x_wconf 73' lang='lat' dir='ltr'>Johanm&#39;</span> <span class='ocrx_word' id='word_1_345' title='bbox 455 2665 536 2701; x_wconf 86' lang='lat' dir='ltr'>Bryce</span> <span class='ocrx_word' id='word_1_346' title='bbox 553 2663 728 2699; x_wconf 82' lang='lat' dir='ltr'>Armigero,</span> 
     </span>
    </p>

    <p class='ocr_par' dir='ltr' id='par_1_44' title="bbox 251 2701 386 2732">
     <span class='ocr_line' id='line_1_74' title="bbox 251 2701 386 2732; baseline -0.015 0"><span class='ocrx_word' id='word_1_347' title='bbox 251 2701 386 2732; x_wconf 81' lang='lat' dir='ltr'>Salutem.</span> 
     </span>
    </p>

    <p class='ocr_par' dir='ltr' id='par_1_45' title="bbox 250 2737 540 2776">
     <span class='ocr_line' id='line_1_75' title="bbox 250 2737 540 2776; baseline -0.01 -6"><span class='ocrx_word' id='word_1_348' title='bbox 250 2741 349 2770; x_wconf 81' lang='lat' dir='ltr'>Sciatis</span> <span class='ocrx_word' id='word_1_349' title='bbox 371 2737 451 2776; x_wconf 76' lang='lat' dir='ltr'>quod</span> <span class='ocrx_word' id='word_1_350' title='bbox 471 2748 540 2775; x_wconf 74' lang='lat' dir='ltr'>nos,</span> 
     </span>
    </p>

    <p class='ocr_par' dir='ltr' id='par_1_46' title="bbox 253 2773 1183 2811">
     <span class='ocr_line' id='line_1_76' title="bbox 253 2773 1183 2811; baseline -0.004 -3"><span class='ocrx_word' id='word_1_351' title='bbox 253 2778 302 2808; x_wconf 87' lang='lat' dir='ltr'>De</span> <span class='ocrx_word' id='word_1_352' title='bbox 320 2778 448 2808; x_wconf 81' lang='lat' dir='ltr'>fidelitate</span> <span class='ocrx_word' id='word_1_353' title='bbox 464 2779 494 2807; x_wconf 68' lang='grc' dir='ltr'>δι</span> <span class='ocrx_word' id='word_1_354' title='bbox 507 2777 634 2807; x_wconf 81' lang='lat' dir='ltr'>circums</span> <span class='ocrx_word' id='word_1_355' title='bbox 648 2776 760 2806; x_wconf 70' lang='lat' dir='ltr'>efflone</span> <span class='ocrx_word' id='word_1_356' title='bbox 773 2774 871 2805; x_wconf 86' lang='lat' dir='ltr'>vestris</span> <span class='ocrx_word' id='word_1_357' title='bbox 884 2773 992 2811; x_wconf 78' lang='lat' dir='ltr'>plenius</span> <span class='ocrx_word' id='word_1_358' title='bbox 1007 2773 1183 2805; x_wconf 75' lang='lat' dir='ltr'>confidentes</span> 
     </span>
    </p>

    <p class='ocr_par' dir='ltr' id='par_1_47' title="bbox 211 2786 1277 3198">
     <span class='ocr_line' id='line_1_77' title="bbox 253 2786 1277 2856; baseline -0.004 -10"><span class='ocrx_word' id='word_1_359' title='bbox 253 2816 462 2854; x_wconf 82' lang='lat' dir='ltr'>Affignavimus</span> <span class='ocrx_word' id='word_1_360' title='bbox 487 2825 558 2852; x_wconf 83' lang='lat' dir='ltr'>VOS,</span> <span class='ocrx_word' id='word_1_361' title='bbox 574 2816 607 2845; x_wconf 90' lang='lat'>&amp;</span> <span class='ocrx_word' id='word_1_362' title='bbox 627 2786 711 2845; x_wconf 66' lang='lat' dir='ltr'>Duos</span> <span class='ocrx_word' id='word_1_363' title='bbox 732 2812 877 2850; x_wconf 70' lang='lat' dir='ltr'>vestrum,</span> <span class='ocrx_word' id='word_1_364' title='bbox 897 2811 938 2856; x_wconf 69' lang='lat' dir='ltr'>acl¹</span> <span class='ocrx_word' id='word_1_365' title='bbox 955 2811 1089 2842; x_wconf 89' lang='lat' dir='ltr'>Monstra</span> <span class='ocrx_word' id='word_1_366' title='bbox 1112 2812 1169 2842; x_wconf 83' lang='lat' dir='ltr'>sive</span> <span class='ocrx_word' id='word_1_367' title='bbox 1184 2796 1277 2843; x_wconf 71' lang='lat' dir='ltr'>Mon-</span> 
     </span>
     <span class='ocr_line' id='line_1_78' title="bbox 215 2850 1277 2891; baseline -0.005 -5"><span class='ocrx_word' id='word_1_368' title='bbox 215 2856 357 2887; x_wconf 84' lang='lat' dir='ltr'>strationes</span> <span class='ocrx_word' id='word_1_369' title='bbox 375 2854 615 2891; x_wconf 83' lang='lat' dir='ltr'>Capiraiieorum,</span> <span class='ocrx_word' id='word_1_370' title='bbox 637 2853 856 2889; x_wconf 85' lang='lat' dir='ltr'>Dominorurn,</span> <span class='ocrx_word' id='word_1_371' title='bbox 875 2850 1020 2889; x_wconf 82' lang='lat' dir='ltr'>Militum,</span> <span class='ocrx_word' id='word_1_372' title='bbox 1038 2851 1121 2881; x_wconf 90' lang='lat' dir='ltr'>Armi</span> <span class='ocrx_word' id='word_1_373' title='bbox 1142 2861 1277 2890; x_wconf 90' lang='lat' dir='ltr'>erorum,</span> 
     </span>
     <span class='ocr_line' id='line_1_79' title="bbox 214 2888 1275 2929; baseline -0.005 -4"><span class='ocrx_word' id='word_1_374' title='bbox 214 2895 248 2925; x_wconf 86' lang='lat'>&amp;</span> <span class='ocrx_word' id='word_1_375' title='bbox 272 2894 392 2924; x_wconf 91' lang='lat' dir='ltr'>aliorum</span> <span class='ocrx_word' id='word_1_376' title='bbox 417 2893 453 2922; x_wconf 91' lang='lat' dir='ltr'>de</span> <span class='ocrx_word' id='word_1_377' title='bbox 476 2892 647 2922; x_wconf 87' lang='lat' dir='ltr'>Retinentiis</span> <span class='ocrx_word' id='word_1_378' title='bbox 670 2891 737 2928; x_wconf 85' lang='lat' dir='ltr'>suis,</span> <span class='ocrx_word' id='word_1_379' title='bbox 756 2892 804 2929; x_wconf 89' lang='lat' dir='ltr'>qui</span> <span class='ocrx_word' id='word_1_380' title='bbox 827 2891 854 2919; x_wconf 90' lang='lat' dir='ltr'>in</span> <span class='ocrx_word' id='word_1_381' title='bbox 879 2888 1057 2926; x_wconf 85' lang='lat' dir='ltr'>Obsequium</span> <span class='ocrx_word' id='word_1_382' title='bbox 1081 2899 1120 2918; x_wconf 94' lang='lat' dir='ltr'>no</span> <span class='ocrx_word' id='word_1_383' title='bbox 1148 2899 1229 2928; x_wconf 86' lang='lat' dir='ltr'>rum,</span> <span class='ocrx_word' id='word_1_384' title='bbox 1247 2891 1275 2920; x_wconf 92' lang='lat' dir='ltr'>in</span> 
     </span>
     <span class='ocr_line' id='line_1_80' title="bbox 214 2926 1276 2971; baseline -0.003 -9"><span class='ocrx_word' id='word_1_385' title='bbox 214 2931 341 2971; x_wconf 83' lang='lat' dir='ltr'>praesenti</span> <span class='ocrx_word' id='word_1_386' title='bbox 364 2930 402 2962; x_wconf 92' lang='lat' dir='ltr'>Vi</span> <span class='ocrx_word' id='word_1_387' title='bbox 439 2932 466 2961; x_wconf 90' lang='lat' dir='ltr'>io</span> <span class='ocrx_word' id='word_1_388' title='bbox 493 2930 591 2961; x_wconf 86' lang='lat' dir='ltr'>nostro</span> <span class='ocrx_word' id='word_1_389' title='bbox 623 2930 713 2961; x_wconf 87' lang='lat' dir='ltr'>versus</span> <span class='ocrx_word' id='word_1_390' title='bbox 732 2930 874 2967; x_wconf 88' lang='lat' dir='ltr'>Regnum</span> <span class='ocrx_word' id='word_1_391' title='bbox 896 2926 1024 2958; x_wconf 84' lang='lat' dir='ltr'>nostrum</span> <span class='ocrx_word' id='word_1_392' title='bbox 1040 2928 1063 2957; x_wconf 88' lang='lat' dir='ltr'>F</span> <span class='ocrx_word' id='word_1_393' title='bbox 1065 2929 1166 2959; x_wconf 89' lang='lat' dir='ltr'>ranciae</span> <span class='ocrx_word' id='word_1_394' title='bbox 1180 2929 1276 2968; x_wconf 91' lang='lat' dir='ltr'>profe-</span> 
     </span>
     <span class='ocr_line' id='line_1_81' title="bbox 215 2953 1277 3010; baseline -0.003 -9"><span class='ocrx_word' id='word_1_395' title='bbox 215 2972 289 3002; x_wconf 67' lang='lat' dir='ltr'>&amp;uri</span> <span class='ocrx_word' id='word_1_396' title='bbox 312 2970 389 3008; x_wconf 88' lang='lat' dir='ltr'>sunt,</span> <span class='ocrx_word' id='word_1_397' title='bbox 426 2979 442 2999; x_wconf 91' lang='lat' dir='ltr'>e</span> <span class='ocrx_word' id='word_1_398' title='bbox 466 2968 522 2999; x_wconf 88' lang='lat' dir='ltr'>Die</span> <span class='ocrx_word' id='word_1_399' title='bbox 547 2970 578 2998; x_wconf 89' lang='lat' dir='ltr'>in</span> <span class='ocrx_word' id='word_1_400' title='bbox 598 2953 706 3006; x_wconf 78' lang='lat' dir='ltr'>Diem,</span> <span class='ocrx_word' id='word_1_401' title='bbox 747 2967 965 3010; x_wconf 85' lang='lat' dir='ltr'>uandocumque</span> <span class='ocrx_word' id='word_1_402' title='bbox 988 2976 1060 3004; x_wconf 91' lang='lat' dir='ltr'>opus</span> <span class='ocrx_word' id='word_1_403' title='bbox 1077 2967 1161 2997; x_wconf 88' lang='lat' dir='ltr'>fuerit</span> <span class='ocrx_word' id='word_1_404' title='bbox 1176 2969 1209 2998; x_wconf 92' lang='lat'>&amp;</span> <span class='ocrx_word' id='word_1_405' title='bbox 1224 2978 1277 2998; x_wconf 91' lang='lat' dir='ltr'>ne-</span> 
     </span>
     <span class='ocr_line' id='line_1_82' title="bbox 215 3003 1274 3047; baseline -0.003 -7"><span class='ocrx_word' id='word_1_406' title='bbox 215 3010 308 3047; x_wconf 80' lang='lat' dir='ltr'>ceffe,</span> <span class='ocrx_word' id='word_1_407' title='bbox 326 3008 399 3047; x_wconf 89' lang='lat' dir='ltr'>apud</span> <span class='ocrx_word' id='word_1_408' title='bbox 422 3007 526 3037; x_wconf 87' lang='lat' dir='ltr'>Villam</span> <span class='ocrx_word' id='word_1_409' title='bbox 548 3007 672 3038; x_wconf 89' lang='lat' dir='ltr'>nostram</span> <span class='ocrx_word' id='word_1_410' title='bbox 695 3007 739 3037; x_wconf 82' lang='lat' dir='ltr'>Ca</span> <span class='ocrx_word' id='word_1_411' title='bbox 752 3007 815 3043; x_wconf 85' lang='lat' dir='ltr'>esii,</span> <span class='ocrx_word' id='word_1_412' title='bbox 833 3006 866 3036; x_wconf 71' lang='grc' dir='ltr'>ὅ(</span> <span class='ocrx_word' id='word_1_413' title='bbox 887 3005 937 3035; x_wconf 89' lang='lat' dir='ltr'>alia</span> <span class='ocrx_word' id='word_1_414' title='bbox 954 3003 1033 3035; x_wconf 83' lang='lat' dir='ltr'>Loca</span> <span class='ocrx_word' id='word_1_415' title='bbox 1049 3005 1119 3036; x_wconf 88' lang='lat' dir='ltr'>infra</span> <span class='ocrx_word' id='word_1_416' title='bbox 1136 3005 1274 3045; x_wconf 84' lang='lat' dir='ltr'>Regnum</span> 
     </span>
     <span class='ocr_line' id='line_1_83' title="bbox 214 3044 1275 3085; baseline -0.003 -6"><span class='ocrx_word' id='word_1_417' title='bbox 214 3048 346 3079; x_wconf 86' lang='lat' dir='ltr'>nostrum</span> <span class='ocrx_word' id='word_1_418' title='bbox 369 3047 496 3077; x_wconf 85' lang='lat' dir='ltr'>Franciae</span> <span class='ocrx_word' id='word_1_419' title='bbox 519 3047 606 3085; x_wconf 90' lang='lat' dir='ltr'>magis</span> <span class='ocrx_word' id='word_1_420' title='bbox 629 3044 820 3077; x_wconf 90' lang='lat' dir='ltr'>accommoda</span> <span class='ocrx_word' id='word_1_421' title='bbox 842 3046 875 3075; x_wconf 71' lang='grc' dir='ltr'>ὃς</span> <span class='ocrx_word' id='word_1_422' title='bbox 899 3044 1049 3074; x_wconf 81' lang='lat' dir='ltr'>neceffaria</span> <span class='ocrx_word' id='word_1_423' title='bbox 1062 3066 1071 3081; x_wconf 92' lang='lat'>,</span> <span class='ocrx_word' id='word_1_424' title='bbox 1090 3046 1220 3083; x_wconf 87' lang='lat' dir='ltr'>quotiens</span> <span class='ocrx_word' id='word_1_425' title='bbox 1241 3045 1275 3076; x_wconf 90' lang='lat'>&amp;</span> 
     </span>
     <span class='ocr_line' id='line_1_84' title="bbox 214 3081 1274 3126; baseline -0.004 -9"><span class='ocrx_word' id='word_1_426' title='bbox 214 3086 329 3126; x_wconf 88' lang='lat' dir='ltr'>quando</span> <span class='ocrx_word' id='word_1_427' title='bbox 350 3084 435 3115; x_wconf 89' lang='lat' dir='ltr'>iidem</span> <span class='ocrx_word' id='word_1_428' title='bbox 458 3084 622 3122; x_wconf 89' lang='lat' dir='ltr'>Capitanei‚</span> <span class='ocrx_word' id='word_1_429' title='bbox 641 3084 779 3121; x_wconf 85' lang='lat' dir='ltr'>Domini,</span> <span class='ocrx_word' id='word_1_430' title='bbox 800 3081 924 3119; x_wconf 83' lang='lat' dir='ltr'>Milites,</span> <span class='ocrx_word' id='word_1_431' title='bbox 942 3082 1098 3121; x_wconf 87' lang='lat' dir='ltr'>Armigeri,</span> <span class='ocrx_word' id='word_1_432' title='bbox 1117 3084 1151 3114; x_wconf 79' lang='grc' dir='ltr'>δε</span> <span class='ocrx_word' id='word_1_433' title='bbox 1171 3083 1217 3113; x_wconf 87' lang='lat' dir='ltr'>alii</span> <span class='ocrx_word' id='word_1_434' title='bbox 1239 3083 1274 3113; x_wconf 91' lang='lat' dir='ltr'>ad</span> 
     </span>
     <span class='ocr_line' id='line_1_85' title="bbox 211 3120 1275 3194; baseline -0.003 -38"><span class='ocrx_word' id='word_1_435' title='bbox 211 3124 370 3194; x_wconf 52' lang='grc' dir='ltr'>ὴυῇιὲΐῐηοάἰ</span> <span class='ocrx_word' id='word_1_436' title='bbox 380 3123 512 3191; x_wconf 57' lang='grc' dir='ltr'>ΙὲῙοὲΡετα</span> <span class='ocrx_word' id='word_1_437' title='bbox 525 3123 581 3155; x_wconf 87' lang='lat' dir='ltr'>sive</span> <span class='ocrx_word' id='word_1_438' title='bbox 592 3121 815 3153; x_wconf 88' lang='lat' dir='ltr'>Monstrationes</span> <span class='ocrx_word' id='word_1_439' title='bbox 831 3121 934 3152; x_wconf 88' lang='lat' dir='ltr'>fuerint</span> <span class='ocrx_word' id='word_1_440' title='bbox 946 3122 1084 3160; x_wconf 65' lang='lat' dir='ltr'>requisiti,</span> <span class='ocrx_word' id='word_1_441' title='bbox 1093 3120 1275 3160; x_wconf 89' lang='lat' dir='ltr'>Capiendum</span> 
     </span>
     <span class='ocr_line' id='line_1_86' title="bbox 215 3163 524 3198; baseline -0.01 -4"><span class='ocrx_word' id='word_1_442' title='bbox 215 3166 249 3196; x_wconf 68' lang='grc' dir='ltr'>ὅ(</span> <span class='ocrx_word' id='word_1_443' title='bbox 285 3174 301 3194; x_wconf 87' lang='lat' dir='ltr'>u</span> <span class='ocrx_word' id='word_1_444' title='bbox 323 3163 381 3192; x_wconf 86' lang='lat' dir='ltr'>ervi</span> <span class='ocrx_word' id='word_1_445' title='bbox 402 3172 436 3192; x_wconf 92' lang='lat' dir='ltr'>en</span> <span class='ocrx_word' id='word_1_446' title='bbox 459 3171 524 3198; x_wconf 92' lang='lat' dir='ltr'>um,</span> 
     </span>
    </p>

    <p class='ocr_par' dir='ltr' id='par_1_48' title="bbox 213 3173 1274 3432">
     <span class='ocr_line' id='line_1_87' title="bbox 252 3173 1274 3232; baseline -0.004 0"><span class='ocrx_word' id='word_1_447' title='bbox 252 3201 289 3232; x_wconf 87' lang='lat' dir='ltr'>Et</span> <span class='ocrx_word' id='word_1_448' title='bbox 303 3173 341 3231; x_wconf 54' lang='lat' dir='ltr'>{d</span> <span class='ocrx_word' id='word_1_449' title='bbox 357 3199 425 3230; x_wconf 90' lang='lat' dir='ltr'>Nos</span> <span class='ocrx_word' id='word_1_450' title='bbox 441 3201 475 3230; x_wconf 89' lang='lat'>&amp;</span> <span class='ocrx_word' id='word_1_451' title='bbox 491 3199 658 3230; x_wconf 89' lang='lat' dir='ltr'>Concilium</span> <span class='ocrx_word' id='word_1_452' title='bbox 671 3197 800 3228; x_wconf 86' lang='lat' dir='ltr'>nostrum</span> <span class='ocrx_word' id='word_1_453' title='bbox 821 3196 858 3228; x_wconf 89' lang='lat' dir='ltr'>de</span> <span class='ocrx_word' id='word_1_454' title='bbox 880 3196 971 3228; x_wconf 91' lang='lat' dir='ltr'>modo</span> <span class='ocrx_word' id='word_1_455' title='bbox 989 3197 1022 3228; x_wconf 91' lang='lat'>&amp;</span> <span class='ocrx_word' id='word_1_456' title='bbox 1038 3196 1203 3228; x_wconf 84' lang='lat' dir='ltr'>sufficientia</span> <span class='ocrx_word' id='word_1_457' title='bbox 1215 3197 1274 3228; x_wconf 89' lang='lat' dir='ltr'>Ca-</span> 
     </span>
     <span class='ocr_line' id='line_1_88' title="bbox 213 3236 1271 3279; baseline -0.003 -9"><span class='ocrx_word' id='word_1_458' title='bbox 213 3242 410 3279; x_wconf 81' lang='lat' dir='ltr'>pitaneorum,</span> <span class='ocrx_word' id='word_1_459' title='bbox 428 3236 645 3276; x_wconf 88' lang='lat' dir='ltr'>Dominorum,</span> <span class='ocrx_word' id='word_1_460' title='bbox 666 3236 813 3274; x_wconf 82' lang='lat' dir='ltr'>Militum,</span> <span class='ocrx_word' id='word_1_461' title='bbox 832 3237 1051 3273; x_wconf 86' lang='lat' dir='ltr'>Armigerorum</span> <span class='ocrx_word' id='word_1_462' title='bbox 1067 3259 1077 3274; x_wconf 91' lang='lat'>,</span> <span class='ocrx_word' id='word_1_463' title='bbox 1097 3237 1129 3267; x_wconf 89' lang='lat'>&amp;</span> <span class='ocrx_word' id='word_1_464' title='bbox 1153 3236 1271 3267; x_wconf 89' lang='lat' dir='ltr'>aliorum</span> 
     </span>
     <span class='ocr_line' id='line_1_89' title="bbox 214 3274 1274 3318; baseline -0.003 -10"><span class='ocrx_word' id='word_1_465' title='bbox 214 3278 435 3318; x_wconf 56' lang='lat' dir='ltr'>praedictorum,</span> <span class='ocrx_word' id='word_1_466' title='bbox 451 3277 512 3306; x_wconf 69' lang='lat' dir='ltr'>tarn</span> <span class='ocrx_word' id='word_1_467' title='bbox 526 3278 554 3305; x_wconf 94' lang='lat' dir='ltr'>in</span> <span class='ocrx_word' id='word_1_468' title='bbox 571 3275 749 3314; x_wconf 86' lang='lat' dir='ltr'>Equitatura,</span> <span class='ocrx_word' id='word_1_469' title='bbox 767 3276 854 3313; x_wconf 64' lang='lat' dir='ltr'>quam</span> <span class='ocrx_word' id='word_1_470' title='bbox 877 3276 904 3304; x_wconf 90' lang='lat' dir='ltr'>in</span> <span class='ocrx_word' id='word_1_471' title='bbox 926 3274 1090 3310; x_wconf 81' lang='lat' dir='ltr'>Armatura,</span> <span class='ocrx_word' id='word_1_472' title='bbox 1109 3274 1143 3305; x_wconf 91' lang='lat'>&amp;</span> <span class='ocrx_word' id='word_1_473' title='bbox 1165 3275 1223 3305; x_wconf 84' lang='lat' dir='ltr'>aliis</span> <span class='ocrx_word' id='word_1_474' title='bbox 1244 3277 1274 3305; x_wconf 89' lang='lat' dir='ltr'>in</span> 
     </span>
     <span class='ocr_line' id='line_1_90' title="bbox 216 3311 1273 3354; baseline -0.005 -6"><span class='ocrx_word' id='word_1_475' title='bbox 216 3327 249 3348; x_wconf 89' lang='lat' dir='ltr'>ea</span> <span class='ocrx_word' id='word_1_476' title='bbox 264 3325 339 3354; x_wconf 90' lang='lat' dir='ltr'>parte</span> <span class='ocrx_word' id='word_1_477' title='bbox 356 3314 507 3352; x_wconf 86' lang='lat' dir='ltr'>requisitis,</span> <span class='ocrx_word' id='word_1_478' title='bbox 521 3324 554 3345; x_wconf 92' lang='lat' dir='ltr'>ac</span> <span class='ocrx_word' id='word_1_479' title='bbox 573 3316 657 3345; x_wconf 87' lang='lat' dir='ltr'>etiam</span> <span class='ocrx_word' id='word_1_480' title='bbox 678 3314 715 3344; x_wconf 89' lang='lat' dir='ltr'>de</span> <span class='ocrx_word' id='word_1_481' title='bbox 740 3323 840 3344; x_wconf 89' lang='lat' dir='ltr'>eorum</span> <span class='ocrx_word' id='word_1_482' title='bbox 864 3312 1045 3343; x_wconf 84' lang='lat' dir='ltr'>Nominibus</span> <span class='ocrx_word' id='word_1_483' title='bbox 1066 3314 1100 3344; x_wconf 88' lang='lat'>&amp;</span> <span class='ocrx_word' id='word_1_484' title='bbox 1116 3311 1273 3351; x_wconf 89' lang='lat' dir='ltr'>Numero,</span> 
     </span>
     <span class='ocr_line' id='line_1_91' title="bbox 215 3351 1274 3391; baseline -0.006 -5"><span class='ocrx_word' id='word_1_485' title='bbox 215 3363 332 3386; x_wconf 87' lang='lat' dir='ltr'>necnon</span> <span class='ocrx_word' id='word_1_486' title='bbox 352 3353 388 3383; x_wconf 91' lang='lat' dir='ltr'>de</span> <span class='ocrx_word' id='word_1_487' title='bbox 417 3352 528 3383; x_wconf 87' lang='lat' dir='ltr'>Diebus</span> <span class='ocrx_word' id='word_1_488' title='bbox 551 3355 746 3391; x_wconf 89' lang='lat' dir='ltr'>receptionum</span> <span class='ocrx_word' id='word_1_489' title='bbox 776 3351 1022 3382; x_wconf 85' lang='lat' dir='ltr'>Monstrationutn</span> <span class='ocrx_word' id='word_1_490' title='bbox 1049 3351 1247 3389; x_wconf 66' lang='lat' dir='ltr'>praedictarum</span> <span class='ocrx_word' id='word_1_491' title='bbox 1264 3375 1274 3390; x_wconf 84' lang='lat'>,</span> 
     </span>
     <span class='ocr_line' id='line_1_92' title="bbox 214 3389 747 3432; baseline -0.008 -7"><span class='ocrx_word' id='word_1_492' title='bbox 214 3391 434 3432; x_wconf 84' lang='lat' dir='ltr'>Reportandum</span> <span class='ocrx_word' id='word_1_493' title='bbox 450 3392 483 3422; x_wconf 85' lang='lat'>&amp;</span> <span class='ocrx_word' id='word_1_494' title='bbox 501 3389 747 3428; x_wconf 70' lang='lat' dir='ltr'>certificandum,</span> 
     </span>
    </p>

    <p class='ocr_par' dir='ltr' id='par_1_49' title="bbox 218 3426 1274 3507">
     <span class='ocr_line' id='line_1_93' title="bbox 255 3426 1274 3467; baseline -0.003 -6"><span class='ocrx_word' id='word_1_495' title='bbox 255 3434 274 3452; x_wconf 70' lang='lat'>*²</span> <span class='ocrx_word' id='word_1_496' title='bbox 295 3430 332 3461; x_wconf 87' lang='lat' dir='ltr'>Et</span> <span class='ocrx_word' id='word_1_497' title='bbox 344 3429 411 3460; x_wconf 80' lang='lat' dir='ltr'>ideo</span> <span class='ocrx_word' id='word_1_498' title='bbox 427 3428 516 3459; x_wconf 87' lang='lat' dir='ltr'>Vobis</span> <span class='ocrx_word' id='word_1_499' title='bbox 534 3429 704 3459; x_wconf 89' lang='lat' dir='ltr'>Mandamus</span> <span class='ocrx_word' id='word_1_500' title='bbox 721 3428 800 3467; x_wconf 81' lang='lat' dir='ltr'>quod</span> <span class='ocrx_word' id='word_1_501' title='bbox 814 3428 888 3458; x_wconf 85' lang='lat' dir='ltr'>circa</span> <span class='ocrx_word' id='word_1_502' title='bbox 902 3426 1045 3457; x_wconf 81' lang='lat' dir='ltr'>Praemiffa</span> <span class='ocrx_word' id='word_1_503' title='bbox 1059 3426 1209 3464; x_wconf 83' lang='lat' dir='ltr'>diligenter</span> <span class='ocrx_word' id='word_1_504' title='bbox 1230 3428 1274 3458; x_wconf 89' lang='lat' dir='ltr'>in-</span> 
     </span>
     <span class='ocr_line' id='line_1_94' title="bbox 218 3464 1114 3507; baseline -0.008 -5"><span class='ocrx_word' id='word_1_505' title='bbox 218 3469 350 3507; x_wconf 81' lang='lat' dir='ltr'>tendatis,</span> <span class='ocrx_word' id='word_1_506' title='bbox 368 3476 402 3498; x_wconf 86' lang='lat' dir='ltr'>ac</span> <span class='ocrx_word' id='word_1_507' title='bbox 418 3477 450 3497; x_wconf 89' lang='lat' dir='ltr'>ea</span> <span class='ocrx_word' id='word_1_508' title='bbox 464 3466 566 3498; x_wconf 86' lang='lat' dir='ltr'>faciatis</span> <span class='ocrx_word' id='word_1_509' title='bbox 579 3468 612 3498; x_wconf 91' lang='lat'>&amp;</span> <span class='ocrx_word' id='word_1_510' title='bbox 625 3468 803 3506; x_wconf 85' lang='lat' dir='ltr'>exequamini</span> <span class='ocrx_word' id='word_1_511' title='bbox 817 3468 845 3496; x_wconf 91' lang='lat' dir='ltr'>iri</span> <span class='ocrx_word' id='word_1_512' title='bbox 861 3466 952 3496; x_wconf 86' lang='lat' dir='ltr'>forma</span> <span class='ocrx_word' id='word_1_513' title='bbox 966 3464 1114 3502; x_wconf 55' lang='lat' dir='ltr'>praedicCAEa:</span> 
     </span>
    </p>

    <p class='ocr_par' dir='ltr' id='par_1_50' title="bbox 256 3501 1275 3546">
     <span class='ocr_line' id='line_1_95' title="bbox 256 3501 1275 3546; baseline -0.005 -8"><span class='ocrx_word' id='word_1_514' title='bbox 256 3508 367 3539; x_wconf 89' lang='lat' dir='ltr'>Damus</span> <span class='ocrx_word' id='word_1_515' title='bbox 386 3514 480 3535; x_wconf 89' lang='lat' dir='ltr'>autem</span> <span class='ocrx_word' id='word_1_516' title='bbox 502 3506 619 3543; x_wconf 85' lang='lat' dir='ltr'>praefatis</span> <span class='ocrx_word' id='word_1_517' title='bbox 632 3504 807 3546; x_wconf 84' lang='lat' dir='ltr'>Capitaneis,</span> <span class='ocrx_word' id='word_1_518' title='bbox 827 3504 979 3541; x_wconf 83' lang='lat' dir='ltr'>Dominis,</span> <span class='ocrx_word' id='word_1_519' title='bbox 998 3501 1160 3541; x_wconf 84' lang='lat' dir='ltr'>Militibus,</span> <span class='ocrx_word' id='word_1_520' title='bbox 1177 3503 1275 3534; x_wconf 88' lang='lat' dir='ltr'>Armi-</span> 
     </span>
    </p>

    <p class='ocr_par' dir='ltr' id='par_1_51' title="bbox 215 3541 1274 3699">
     <span class='ocr_line' id='line_1_96' title="bbox 236 3541 1273 3585; baseline -0.006 -7"><span class='ocrx_word' id='word_1_521' title='bbox 236 3550 305 3585; x_wconf 89' lang='lat' dir='ltr'>eris,</span> <span class='ocrx_word' id='word_1_522' title='bbox 324 3555 357 3576; x_wconf 82' lang='lat' dir='ltr'>ac</span> <span class='ocrx_word' id='word_1_523' title='bbox 380 3544 515 3574; x_wconf 82' lang='lat' dir='ltr'>omnibus</span> <span class='ocrx_word' id='word_1_524' title='bbox 539 3544 613 3581; x_wconf 86' lang='lat' dir='ltr'>aliis,</span> <span class='ocrx_word' id='word_1_525' title='bbox 632 3554 754 3582; x_wconf 90' lang='lat' dir='ltr'>quorum</span> <span class='ocrx_word' id='word_1_526' title='bbox 776 3543 887 3573; x_wconf 85' lang='lat' dir='ltr'>interest</span> <span class='ocrx_word' id='word_1_527' title='bbox 904 3565 914 3580; x_wconf 84' lang='lat'>,</span> <span class='ocrx_word' id='word_1_528' title='bbox 931 3542 1049 3572; x_wconf 88' lang='lat' dir='ltr'>Tenore</span> <span class='ocrx_word' id='word_1_529' title='bbox 1071 3541 1273 3580; x_wconf 86' lang='lat' dir='ltr'>Praesentium,</span> 
     </span>
     <span class='ocr_line' id='line_1_97' title="bbox 216 3557 1272 3620; baseline -0.007 -3"><span class='ocrx_word' id='word_1_530' title='bbox 216 3557 336 3617; x_wconf 52' lang='lat' dir='ltr'>{rmiter</span> <span class='ocrx_word' id='word_1_531' title='bbox 352 3585 380 3613; x_wconf 93' lang='lat' dir='ltr'>in</span> <span class='ocrx_word' id='word_1_532' title='bbox 398 3581 538 3612; x_wconf 85' lang='lat' dir='ltr'>Mandatis</span> <span class='ocrx_word' id='word_1_533' title='bbox 553 3582 632 3620; x_wconf 82' lang='lat' dir='ltr'>quod</span> <span class='ocrx_word' id='word_1_534' title='bbox 652 3582 757 3620; x_wconf 82' lang='lat' dir='ltr'>Vobis,</span> <span class='ocrx_word' id='word_1_535' title='bbox 776 3583 808 3612; x_wconf 90' lang='lat'>&amp;</span> <span class='ocrx_word' id='word_1_536' title='bbox 834 3581 956 3611; x_wconf 89' lang='lat' dir='ltr'>Duobus</span> <span class='ocrx_word' id='word_1_537' title='bbox 973 3579 1127 3618; x_wconf 71' lang='lat' dir='ltr'>Vestrum,</span> <span class='ocrx_word' id='word_1_538' title='bbox 1146 3582 1176 3610; x_wconf 91' lang='lat' dir='ltr'>in</span> <span class='ocrx_word' id='word_1_539' title='bbox 1199 3580 1272 3610; x_wconf 84' lang='lat' dir='ltr'>Exe-</span> 
     </span>
     <span class='ocr_line' id='line_1_98' title="bbox 216 3618 1274 3659; baseline -0.007 -3"><span class='ocrx_word' id='word_1_540' title='bbox 216 3627 332 3657; x_wconf 88' lang='lat' dir='ltr'>cutione</span> <span class='ocrx_word' id='word_1_541' title='bbox 352 3620 583 3659; x_wconf 81' lang='lat' dir='ltr'>Praemifforum,</span> <span class='ocrx_word' id='word_1_542' title='bbox 601 3620 780 3652; x_wconf 86' lang='lat' dir='ltr'>Intendentes</span> <span class='ocrx_word' id='word_1_543' title='bbox 802 3620 854 3650; x_wconf 79' lang='lat' dir='ltr'>sint</span> <span class='ocrx_word' id='word_1_544' title='bbox 870 3643 880 3659; x_wconf 95' lang='lat'>,</span> <span class='ocrx_word' id='word_1_545' title='bbox 897 3618 1086 3650; x_wconf 89' lang='lat' dir='ltr'>Consulentes</span> <span class='ocrx_word' id='word_1_546' title='bbox 1101 3642 1111 3658; x_wconf 92' lang='lat'>,</span> <span class='ocrx_word' id='word_1_547' title='bbox 1128 3620 1163 3651; x_wconf 69' lang='grc' dir='ltr'>ὃ(</span> <span class='ocrx_word' id='word_1_548' title='bbox 1183 3619 1274 3650; x_wconf 80' lang='lat' dir='ltr'>Auxi-</span> 
     </span>
     <span class='ocr_line' id='line_1_99' title="bbox 215 3658 536 3699; baseline -0.022 -3"><span class='ocrx_word' id='word_1_549' title='bbox 215 3665 326 3699; x_wconf 88' lang='lat' dir='ltr'>liantes,</span> <span class='ocrx_word' id='word_1_550' title='bbox 345 3669 429 3699; x_wconf 87' lang='lat' dir='ltr'>prout</span> <span class='ocrx_word' id='word_1_551' title='bbox 444 3658 536 3690; x_wconf 86' lang='lat' dir='ltr'>decet.</span> 
     </span>
    </p>

    <p class='ocr_par' dir='ltr' id='par_1_52' title="bbox 254 3700 481 3738">
     <span class='ocr_line' id='line_1_100' title="bbox 254 3700 481 3738; baseline -0.018 -6"><span class='ocrx_word' id='word_1_552' title='bbox 254 3702 290 3732; x_wconf 90' lang='lat' dir='ltr'>Iri</span> <span class='ocrx_word' id='word_1_553' title='bbox 307 3702 402 3738; x_wconf 86' lang='lat' dir='ltr'>cujus,</span> <span class='ocrx_word' id='word_1_554' title='bbox 421 3700 481 3729; x_wconf 69' lang='grc' dir='ltr'>δίε.</span> 
     </span>
    </p>
   </div>
   <div class='ocr_carea' id='block_1_22' title="bbox 216 3771 1274 3852">
    <p class='ocr_par' dir='ltr' id='par_1_53' title="bbox 216 3771 1274 3852">
     <span class='ocr_line' id='line_1_101' title="bbox 251 3771 1274 3813; baseline -0.007 -5"><span class='ocrx_word' id='word_1_555' title='bbox 251 3776 342 3808; x_wconf 83' lang='lat' dir='ltr'>Teste</span> <span class='ocrx_word' id='word_1_556' title='bbox 364 3773 509 3813; x_wconf 81' lang='lat' dir='ltr'>Humfrida</span> <span class='ocrx_word' id='word_1_557' title='bbox 532 3776 607 3804; x_wconf 80' lang='lat' dir='ltr'>Duce</span> <span class='ocrx_word' id='word_1_558' title='bbox 630 3771 797 3812; x_wconf 76' lang='lat' dir='ltr'>Glaucessriae</span> <span class='ocrx_word' id='word_1_559' title='bbox 819 3771 948 3804; x_wconf 88' lang='lat' dir='ltr'>Custode</span> <span class='ocrx_word' id='word_1_560' title='bbox 972 3771 1085 3811; x_wconf 81' lang='lat' dir='ltr'>Angliae</span> <span class='ocrx_word' id='word_1_561' title='bbox 1098 3772 1173 3811; x_wconf 76' lang='lat' dir='ltr'>apud</span> <span class='ocrx_word' id='word_1_562' title='bbox 1193 3772 1274 3810; x_wconf 70' lang='lat' dir='ltr'>We,</span> 
     </span>
     <span class='ocr_line' id='line_1_102' title="bbox 216 3814 482 3852; baseline -0.015 -5"><span class='ocrx_word' id='word_1_563' title='bbox 216 3818 280 3849; x_wconf 80' lang='lat' dir='ltr'>xxiv</span> <span class='ocrx_word' id='word_1_564' title='bbox 296 3815 356 3846; x_wconf 91' lang='lat' dir='ltr'>Die</span> <span class='ocrx_word' id='word_1_565' title='bbox 370 3814 482 3852; x_wconf 82' lang='lat' dir='ltr'>Aprilis.</span> 
     </span>
    </p>
   </div>
   <div class='ocr_carea' id='block_1_23' title="bbox 709 127 1939 180">
    <p class='ocr_par' dir='ltr' id='par_1_54' title="bbox 709 127 1939 180">
     <span class='ocr_line' id='line_1_103' title="bbox 709 127 1939 180; baseline 0.001 -7"><span class='ocrx_word' id='word_1_566' title='bbox 709 127 1939 180; x_wconf 84' lang='lat' dir='ltr'>CONVENTIONES‚L1TERAE,</span> 
     </span>
    </p>
   </div>
   <div class='ocr_carea' id='block_1_24' title="bbox 2411 244 2544 280">
    <p class='ocr_par' dir='ltr' id='par_1_55' title="bbox 2411 244 2544 280">
     <span class='ocr_line' id='line_1_104' title="bbox 2411 244 2544 280; baseline 0.023 -3"><span class='ocrx_word' id='word_1_567' title='bbox 2411 244 2485 277; x_wconf 75' lang='lat' dir='ltr'>Ann.</span> <span class='ocrx_word' id='word_1_568' title='bbox 2502 246 2544 280; x_wconf 75' lang='lat' dir='ltr'>D.</span> 
     </span>
    </p>
   </div>
   <div class='ocr_carea' id='block_1_25' title="bbox 2430 293 2517 326">
    <p class='ocr_par' dir='ltr' id='par_1_56' title="bbox 2430 293 2517 326">
     <span class='ocr_line' id='line_1_105' title="bbox 2430 293 2517 326; baseline 0.023 -12"><span class='ocrx_word' id='word_1_569' title='bbox 2430 293 2517 326; x_wconf 84' lang='lat'>¹430-</span> 
     </span>
    </p>
   </div>
   <div class='ocr_carea' id='block_1_26' title="bbox 1328 302 2521 356">
    <p class='ocr_par' dir='ltr' id='par_1_57' title="bbox 1328 302 2521 356">
     <span class='ocr_line' id='line_1_106' title="bbox 1328 302 2521 356; baseline 0.005 -19"><span class='ocrx_word' id='word_1_570' title='bbox 1328 305 1376 337; x_wconf 87' lang='lat' dir='ltr'>De</span> <span class='ocrx_word' id='word_1_571' title='bbox 1393 302 1681 338; x_wconf 76' lang='lat' dir='ltr'>Proclamationibus</span> <span class='ocrx_word' id='word_1_572' title='bbox 1699 315 1802 338; x_wconf 73' lang='lat' dir='ltr'>contra</span> <span class='ocrx_word' id='word_1_573' title='bbox 1820 307 1992 351; x_wconf 79' lang='lat' dir='ltr'>Capitaneos</span> <span class='ocrx_word' id='word_1_574' title='bbox 2015 308 2052 343; x_wconf 62' lang='grc' dir='ltr'>(θ’</span> <span class='ocrx_word' id='word_1_575' title='bbox 2075 306 2226 341; x_wconf 79' lang='lat' dir='ltr'>Soldarios</span> <span class='ocrx_word' id='word_1_576' title='bbox 2241 312 2389 355; x_wconf 76' lang='lat' dir='ltr'>tergiver-</span> <span class='ocrx_word' id='word_1_577' title='bbox 2408 326 2445 351; x_wconf 79' lang='lat' dir='ltr'>He</span> <span class='ocrx_word' id='word_1_578' title='bbox 2465 347 2470 353; x_wconf 35' lang='lat'>⁵</span> <span class='ocrx_word' id='word_1_579' title='bbox 2513 346 2521 356; x_wconf 81' lang='lat'>.</span> 
     </span>
    </p>
   </div>
   <div class='ocr_carea' id='block_1_27' title="bbox 1487 352 2217 400">
    <p class='ocr_par' dir='ltr' id='par_1_58' title="bbox 1487 352 2217 400">
     <span class='ocr_line' id='line_1_107' title="bbox 1487 352 2217 400; baseline 0.008 -16"><span class='ocrx_word' id='word_1_580' title='bbox 1487 352 1607 398; x_wconf 81' lang='lat' dir='ltr'>santes,</span> <span class='ocrx_word' id='word_1_581' title='bbox 1631 352 1887 387; x_wconf 78' lang='lat' dir='ltr'>Incantationibus</span> <span class='ocrx_word' id='word_1_582' title='bbox 1907 354 2013 387; x_wconf 76' lang='lat' dir='ltr'>Puellae</span> <span class='ocrx_word' id='word_1_583' title='bbox 2030 355 2217 400; x_wconf 78' lang='lat' dir='ltr'>terrificarer.</span> 
     </span>
    </p>
   </div>
   <div class='ocr_carea' id='block_1_28' title="bbox 1317 436 2537 2293">
    <p class='ocr_par' dir='ltr' id='par_1_59' title="bbox 1327 436 2500 550">
     <span class='ocr_line' id='line_1_108' title="bbox 1327 436 2500 492; baseline 0.006 -25"><span class='ocrx_word' id='word_1_584' title='bbox 1327 436 1442 492; x_wconf 81' lang='lat' dir='ltr'>REX</span> <span class='ocrx_word' id='word_1_585' title='bbox 1461 436 1688 481; x_wconf 78' lang='lat' dir='ltr'>Vicecomitibus</span> <span class='ocrx_word' id='word_1_586' title='bbox 1706 437 1883 477; x_wconf 82' lang='lat' dir='ltr'>Londoniae,</span> <span class='ocrx_word' id='word_1_587' title='bbox 1898 438 2033 470; x_wconf 79' lang='lat' dir='ltr'>Salutem.</span> <span class='ocrx_word' id='word_1_588' title='bbox 2403 447 2456 472; x_wconf 84' lang='lat' dir='ltr'>An.</span> <span class='ocrx_word' id='word_1_589' title='bbox 2472 446 2500 475; x_wconf 89' lang='lat'>8.</span> 
     </span>
     <span class='ocr_line' id='line_1_109' title="bbox 1328 475 2477 542; baseline 0.009 -37"><span class='ocrx_word' id='word_1_590' title='bbox 1328 511 1399 542; x_wconf 58' lang='lat' dir='ltr'>sold</span> <span class='ocrx_word' id='word_1_591' title='bbox 1422 475 1500 521; x_wconf 74' lang='lat' dir='ltr'>Quia</span> <span class='ocrx_word' id='word_1_592' title='bbox 1514 476 1613 507; x_wconf 88' lang='lat' dir='ltr'>datum</span> <span class='ocrx_word' id='word_1_593' title='bbox 1629 475 1671 506; x_wconf 88' lang='lat' dir='ltr'>est</span> <span class='ocrx_word' id='word_1_594' title='bbox 1686 477 1770 506; x_wconf 89' lang='lat' dir='ltr'>nobis</span> <span class='ocrx_word' id='word_1_595' title='bbox 1782 478 1898 517; x_wconf 86' lang='lat' dir='ltr'>intelligi</span> <span class='ocrx_word' id='word_1_596' title='bbox 1910 479 1990 518; x_wconf 85' lang='lat' dir='ltr'>quod</span> <span class='ocrx_word' id='word_1_597' title='bbox 2005 479 2181 518; x_wconf 87' lang='lat' dir='ltr'>quamplures</span> <span class='ocrx_word' id='word_1_598' title='bbox 2195 481 2385 522; x_wconf 84' lang='lat' dir='ltr'>Capitanei&amp;</span> <span class='ocrx_word' id='word_1_599' title='bbox 2404 487 2438 511; x_wconf 84' lang='lat' dir='ltr'>H.</span> <span class='ocrx_word' id='word_1_600' title='bbox 2451 486 2477 512; x_wconf 89' lang='lat'>6.</span> 
     </span>
     <span class='ocr_line' id='line_1_110' title="bbox 1401 523 1467 550; baseline 0.015 -7"><span class='ocrx_word' id='word_1_601' title='bbox 1401 523 1467 550; x_wconf 88' lang='lat' dir='ltr'>arii,</span> 
     </span>
    </p>

    <p class='ocr_par' dir='ltr' id='par_1_60' title="bbox 1328 523 2537 635">
     <span class='ocr_line' id='line_1_111' title="bbox 1366 523 2537 600; baseline 0.009 -18"><span class='ocrx_word' id='word_1_602' title='bbox 1366 551 1428 594; x_wconf 79' lang='lat' dir='ltr'>Qi</span> <span class='ocrx_word' id='word_1_603' title='bbox 1448 552 1482 583; x_wconf 84' lang='lat' dir='ltr'>ad</span> <span class='ocrx_word' id='word_1_604' title='bbox 1505 552 1740 591; x_wconf 84' lang='lat' dir='ltr'>proficiscendum</span> <span class='ocrx_word' id='word_1_605' title='bbox 1761 554 1926 593; x_wconf 85' lang='lat' dir='ltr'>nobiscum,</span> <span class='ocrx_word' id='word_1_606' title='bbox 1944 556 1973 585; x_wconf 91' lang='lat' dir='ltr'>in</span> <span class='ocrx_word' id='word_1_607' title='bbox 1995 557 2123 596; x_wconf 89' lang='lat' dir='ltr'>praesenti</span> <span class='ocrx_word' id='word_1_608' title='bbox 2141 556 2252 597; x_wconf 79' lang='lat' dir='ltr'>Viagio</span> <span class='ocrx_word' id='word_1_609' title='bbox 2267 559 2385 600; x_wconf 81' lang='lat' dir='ltr'>nostro,</span> <span class='ocrx_word' id='word_1_610' title='bbox 2400 523 2537 590; x_wconf 45' lang='lat' dir='ltr'>‹sing-sm&amp;</span> 
     </span>
     <span class='ocr_line' id='line_1_112' title="bbox 1328 592 2515 635; baseline 0.006 -15"><span class='ocrx_word' id='word_1_611' title='bbox 1328 592 1425 635; x_wconf 41' lang='lat' dir='ltr'>verius·</span> <span class='ocrx_word' id='word_1_612' title='bbox 1437 600 1526 629; x_wconf 86' lang='lat' dir='ltr'>partes</span> <span class='ocrx_word' id='word_1_613' title='bbox 1541 592 1768 629; x_wconf 80' lang='lat' dir='ltr'>Transmarinas,</span> <span class='ocrx_word' id='word_1_614' title='bbox 1785 594 1954 631; x_wconf 85' lang='lat' dir='ltr'>retinentur,</span> <span class='ocrx_word' id='word_1_615' title='bbox 2408 608 2450 627; x_wconf 85' lang='lat' dir='ltr'>ir.</span> <span class='ocrx_word' id='word_1_616' title='bbox 2463 601 2515 628; x_wconf 80' lang='lat' dir='ltr'>dor.</span> 
     </span>
    </p>

    <p class='ocr_par' dir='ltr' id='par_1_61' title="bbox 1324 629 2386 814">
     <span class='ocr_line' id='line_1_113' title="bbox 1364 629 2386 674; baseline 0.01 -15"><span class='ocrx_word' id='word_1_617' title='bbox 1364 629 1445 668; x_wconf 81' lang='lat' dir='ltr'>Qii,</span> <span class='ocrx_word' id='word_1_618' title='bbox 1459 631 1536 674; x_wconf 77' lang='lat' dir='ltr'>juxta</span> <span class='ocrx_word' id='word_1_619' title='bbox 1557 632 1619 661; x_wconf 90' lang='lat' dir='ltr'>vim</span> <span class='ocrx_word' id='word_1_620' title='bbox 1641 631 1675 661; x_wconf 90' lang='lat'>&amp;</span> <span class='ocrx_word' id='word_1_621' title='bbox 1696 629 1833 662; x_wconf 67' lang='lat' dir='ltr'>effectum</span> <span class='ocrx_word' id='word_1_622' title='bbox 1858 631 2089 672; x_wconf 88' lang='lat' dir='ltr'>lndcnturarum‚</span> <span class='ocrx_word' id='word_1_623' title='bbox 2109 636 2181 666; x_wconf 90' lang='lat' dir='ltr'>inter</span> <span class='ocrx_word' id='word_1_624' title='bbox 2202 635 2273 667; x_wconf 89' lang='lat' dir='ltr'>Nos</span> <span class='ocrx_word' id='word_1_625' title='bbox 2294 638 2329 669; x_wconf 91' lang='lat'>&amp;</span> <span class='ocrx_word' id='word_1_626' title='bbox 2342 637 2386 668; x_wconf 88' lang='lat' dir='ltr'>di-</span> 
     </span>
     <span class='ocr_line' id='line_1_114' title="bbox 1325 663 2386 713; baseline 0.01 -16"><span class='ocrx_word' id='word_1_627' title='bbox 1325 663 1389 711; x_wconf 55' lang='grc' dir='ltr'>ἄορ</span> <span class='ocrx_word' id='word_1_628' title='bbox 1401 665 1570 706; x_wconf 88' lang='lat' dir='ltr'>Capitaneos</span> <span class='ocrx_word' id='word_1_629' title='bbox 1583 669 1781 700; x_wconf 62' lang='lat' dir='ltr'>confectarum</span> <span class='ocrx_word' id='word_1_630' title='bbox 1791 692 1800 707; x_wconf 82' lang='lat'>,</span> <span class='ocrx_word' id='word_1_631' title='bbox 1818 669 1844 700; x_wconf 93' lang='lat' dir='ltr'>se</span> <span class='ocrx_word' id='word_1_632' title='bbox 1854 692 1862 706; x_wconf 80' lang='lat'>,</span> <span class='ocrx_word' id='word_1_633' title='bbox 1883 670 1982 700; x_wconf 78' lang='lat' dir='ltr'>Primo</span> <span class='ocrx_word' id='word_1_634' title='bbox 1995 670 2054 702; x_wconf 92' lang='lat' dir='ltr'>Die</span> <span class='ocrx_word' id='word_1_635' title='bbox 2069 672 2143 705; x_wconf 87' lang='lat' dir='ltr'>Maii</span> <span class='ocrx_word' id='word_1_636' title='bbox 2153 675 2289 712; x_wconf 80' lang='lat' dir='ltr'>proximo</span> <span class='ocrx_word' id='word_1_637' title='bbox 2313 685 2386 713; x_wconf 85' lang='lat' dir='ltr'>prae-</span> 
     </span>
     <span class='ocr_line' id='line_1_115' title="bbox 1325 706 2384 749; baseline 0.004 -13"><span class='ocrx_word' id='word_1_638' title='bbox 1325 714 1427 744; x_wconf 87' lang='lat' dir='ltr'>terito,</span> <span class='ocrx_word' id='word_1_639' title='bbox 1444 717 1543 738; x_wconf 87' lang='lat' dir='ltr'>coram</span> <span class='ocrx_word' id='word_1_640' title='bbox 1563 706 1771 738; x_wconf 79' lang='lat' dir='ltr'>Commissariis</span> <span class='ocrx_word' id='word_1_641' title='bbox 1794 707 1894 737; x_wconf 90' lang='lat' dir='ltr'>nostris</span> <span class='ocrx_word' id='word_1_642' title='bbox 1916 707 2106 749; x_wconf 83' lang='lat' dir='ltr'>Monstraffe,</span> <span class='ocrx_word' id='word_1_643' title='bbox 2123 713 2157 743; x_wconf 91' lang='lat'>&amp;</span> <span class='ocrx_word' id='word_1_644' title='bbox 2176 722 2280 746; x_wconf 83' lang='lat' dir='ltr'>extunc</span> <span class='ocrx_word' id='word_1_645' title='bbox 2302 715 2384 746; x_wconf 76' lang='lat' dir='ltr'>dein-</span> 
     </span>
     <span class='ocr_line' id='line_1_116' title="bbox 1324 745 2384 814; baseline 0.011 -40"><span class='ocrx_word' id='word_1_646' title='bbox 1324 745 1544 814; x_wconf 57' lang='lat' dir='ltr'>gegs,ssdurante</span> <span class='ocrx_word' id='word_1_647' title='bbox 1557 746 1701 777; x_wconf 85' lang='lat' dir='ltr'>Termino</span> <span class='ocrx_word' id='word_1_648' title='bbox 1718 746 1898 778; x_wconf 86' lang='lat' dir='ltr'>Retentionis</span> <span class='ocrx_word' id='word_1_649' title='bbox 1915 747 1970 779; x_wconf 86' lang='lat' dir='ltr'>suae</span> <span class='ocrx_word' id='word_1_650' title='bbox 1986 747 2160 788; x_wconf 85' lang='lat' dir='ltr'>hujusmodi,</span> <span class='ocrx_word' id='word_1_651' title='bbox 2174 753 2257 783; x_wconf 89' lang='lat' dir='ltr'>nobis</span> <span class='ocrx_word' id='word_1_652' title='bbox 2274 753 2384 787; x_wconf 87' lang='lat' dir='ltr'>Servire</span> 
     </span>
    </p>

    <p class='ocr_par' dir='ltr' id='par_1_62' title="bbox 1345 794 1501 821">
     <span class='ocr_line' id='line_1_117' title="bbox 1345 794 1501 821; baseline 0.013 -7"><span class='ocrx_word' id='word_1_653' title='bbox 1345 794 1360 814; x_wconf 91' lang='lat' dir='ltr'>e</span> <span class='ocrx_word' id='word_1_654' title='bbox 1383 794 1410 814; x_wconf 91' lang='lat' dir='ltr'>ui</span> <span class='ocrx_word' id='word_1_655' title='bbox 1436 794 1501 821; x_wconf 82' lang='lat' dir='ltr'>ent,</span> 
     </span>
    </p>

    <p class='ocr_par' dir='ltr' id='par_1_63' title="bbox 1324 821 2381 939">
     <span class='ocr_line' id='line_1_118' title="bbox 1362 821 2381 867; baseline 0.01 -14"><span class='ocrx_word' id='word_1_656' title='bbox 1362 821 1395 866; x_wconf 70' lang='lat' dir='ltr'>in</span> <span class='ocrx_word' id='word_1_657' title='bbox 1410 822 1534 854; x_wconf 88' lang='lat' dir='ltr'>Civitate</span> <span class='ocrx_word' id='word_1_658' title='bbox 1550 822 1685 861; x_wconf 58' lang='lat' dir='ltr'>praedicta</span> <span class='ocrx_word' id='word_1_659' title='bbox 1701 821 1819 854; x_wconf 85' lang='lat' dir='ltr'>Moram</span> <span class='ocrx_word' id='word_1_660' title='bbox 1833 823 1939 856; x_wconf 88' lang='lat' dir='ltr'>faciunt</span> <span class='ocrx_word' id='word_1_661' title='bbox 1954 825 1988 857; x_wconf 68' lang='grc' dir='ltr'>ὃς</span> <span class='ocrx_word' id='word_1_662' title='bbox 2003 824 2259 867; x_wconf 66' lang='lat' dir='ltr'>Expectationem,</span> <span class='ocrx_word' id='word_1_663' title='bbox 2276 831 2306 861; x_wconf 91' lang='lat' dir='ltr'>in</span> <span class='ocrx_word' id='word_1_664' title='bbox 2326 841 2381 862; x_wconf 91' lang='lat' dir='ltr'>no-</span> 
     </span>
     <span class='ocr_line' id='line_1_119' title="bbox 1325 859 2381 904; baseline 0.011 -14"><span class='ocrx_word' id='word_1_665' title='bbox 1325 859 1374 890; x_wconf 87' lang='lat' dir='ltr'>stri</span> <span class='ocrx_word' id='word_1_666' title='bbox 1389 871 1477 899; x_wconf 86' lang='lat' dir='ltr'>grave</span> <span class='ocrx_word' id='word_1_667' title='bbox 1490 862 1687 902; x_wconf 79' lang='lat' dir='ltr'>praejudicium</span> <span class='ocrx_word' id='word_1_668' title='bbox 1701 864 1734 894; x_wconf 69' lang='grc' dir='ltr'>ὃ(</span> <span class='ocrx_word' id='word_1_669' title='bbox 1749 872 1949 904; x_wconf 87' lang='lat' dir='ltr'>contemptum</span> <span class='ocrx_word' id='word_1_670' title='bbox 1958 886 1968 902; x_wconf 90' lang='lat'>,</span> <span class='ocrx_word' id='word_1_671' title='bbox 1983 865 2016 896; x_wconf 91' lang='lat'>&amp;</span> <span class='ocrx_word' id='word_1_672' title='bbox 2029 874 2130 897; x_wconf 87' lang='lat' dir='ltr'>contra</span> <span class='ocrx_word' id='word_1_673' title='bbox 2141 866 2266 898; x_wconf 84' lang='lat' dir='ltr'>formam</span> <span class='ocrx_word' id='word_1_674' title='bbox 2287 870 2321 900; x_wconf 73' lang='grc' dir='ltr'>δε</span> <span class='ocrx_word' id='word_1_675' title='bbox 2337 872 2381 902; x_wconf 86' lang='lat' dir='ltr'>ef-</span> 
     </span>
     <span class='ocr_line' id='line_1_120' title="bbox 1324 899 1890 939; baseline 0.004 -9"><span class='ocrx_word' id='word_1_676' title='bbox 1324 899 1432 930; x_wconf 64' lang='lat' dir='ltr'>fecium</span> <span class='ocrx_word' id='word_1_677' title='bbox 1450 901 1629 932; x_wconf 87' lang='lat' dir='ltr'>Retentionis</span> <span class='ocrx_word' id='word_1_678' title='bbox 1643 902 1697 932; x_wconf 87' lang='lat' dir='ltr'>suae</span> <span class='ocrx_word' id='word_1_679' title='bbox 1714 901 1874 939; x_wconf 66' lang='lat' dir='ltr'>praedietae,</span> <span class='ocrx_word' id='word_1_680' title='bbox 1888 919 1890 921; x_wconf 61' lang='lat'>&gt;</span> 
     </span>
    </p>

    <p class='ocr_par' dir='ltr' id='par_1_64' title="bbox 1321 938 2385 1054">
     <span class='ocr_line' id='line_1_121' title="bbox 1360 938 2385 981; baseline 0.005 -13"><span class='ocrx_word' id='word_1_681' title='bbox 1360 938 1511 970; x_wconf 88' lang='lat' dir='ltr'>Personam</span> <span class='ocrx_word' id='word_1_682' title='bbox 1525 939 1649 970; x_wconf 87' lang='lat' dir='ltr'>nostram</span> <span class='ocrx_word' id='word_1_683' title='bbox 1681 941 1729 977; x_wconf 89' lang='lat' dir='ltr'>qui</span> <span class='ocrx_word' id='word_1_684' title='bbox 1745 941 1772 969; x_wconf 92' lang='lat' dir='ltr'>in</span> <span class='ocrx_word' id='word_1_685' title='bbox 1789 941 1910 978; x_wconf 86' lang='lat' dir='ltr'>partibus</span> <span class='ocrx_word' id='word_1_686' title='bbox 1926 940 2130 973; x_wconf 89' lang='lat' dir='ltr'>Transmarinis</span> <span class='ocrx_word' id='word_1_687' title='bbox 2149 943 2328 981; x_wconf 89' lang='lat' dir='ltr'>personaliter</span> <span class='ocrx_word' id='word_1_688' title='bbox 2349 947 2385 976; x_wconf 87' lang='lat' dir='ltr'>fi.</span> 
     </span>
     <span class='ocr_line' id='line_1_122' title="bbox 1321 963 2385 1024; baseline 0.01 -19"><span class='ocrx_word' id='word_1_689' title='bbox 1321 985 1400 1021; x_wconf 78' lang='lat' dir='ltr'>mus,</span> <span class='ocrx_word' id='word_1_690' title='bbox 1417 988 1450 1008; x_wconf 89' lang='lat' dir='ltr'>ac</span> <span class='ocrx_word' id='word_1_691' title='bbox 1467 977 1590 1022; x_wconf 79' lang='lat' dir='ltr'>Patriam</span> <span class='ocrx_word' id='word_1_692' title='bbox 1603 978 1637 1009; x_wconf 91' lang='lat'>&amp;</span> <span class='ocrx_word' id='word_1_693' title='bbox 1652 963 1787 1009; x_wconf 56' lang='lat' dir='ltr'>§ubditos</span> <span class='ocrx_word' id='word_1_694' title='bbox 1800 978 1911 1009; x_wconf 90' lang='lat' dir='ltr'>nostros</span> <span class='ocrx_word' id='word_1_695' title='bbox 1926 980 2035 1011; x_wconf 90' lang='lat' dir='ltr'>ibidem</span> <span class='ocrx_word' id='word_1_696' title='bbox 2045 1004 2054 1019; x_wconf 90' lang='lat'>,</span> <span class='ocrx_word' id='word_1_697' title='bbox 2072 991 2208 1020; x_wconf 86' lang='lat' dir='ltr'>quantum</span> <span class='ocrx_word' id='word_1_698' title='bbox 2227 984 2257 1014; x_wconf 86' lang='lat' dir='ltr'>in</span> <span class='ocrx_word' id='word_1_699' title='bbox 2272 985 2309 1014; x_wconf 92' lang='lat' dir='ltr'>eis</span> <span class='ocrx_word' id='word_1_700' title='bbox 2325 984 2385 1024; x_wconf 84' lang='lat' dir='ltr'>est,</span> 
     </span>
     <span class='ocr_line' id='line_1_123' title="bbox 1321 1013 1821 1054; baseline 0.004 -10"><span class='ocrx_word' id='word_1_701' title='bbox 1321 1013 1454 1047; x_wconf 90' lang='lat' dir='ltr'>Periculo</span> <span class='ocrx_word' id='word_1_702' title='bbox 1470 1016 1620 1047; x_wconf 85' lang='lat' dir='ltr'>manifesto</span> <span class='ocrx_word' id='word_1_703' title='bbox 1635 1016 1821 1054; x_wconf 77' lang='lat' dir='ltr'>exponendo,</span> 
     </span>
    </p>

    <p class='ocr_par' dir='ltr' id='par_1_65' title="bbox 1319 1053 2384 1249">
     <span class='ocr_line' id='line_1_124' title="bbox 1357 1053 2384 1094; baseline 0.008 -10"><span class='ocrx_word' id='word_1_704' title='bbox 1357 1053 1427 1085; x_wconf 91' lang='lat' dir='ltr'>Nos</span> <span class='ocrx_word' id='word_1_705' title='bbox 1450 1055 1563 1092; x_wconf 88' lang='lat' dir='ltr'>(eorum</span> <span class='ocrx_word' id='word_1_706' title='bbox 1585 1054 1777 1093; x_wconf 86' lang='lat' dir='ltr'>Perversitati,</span> <span class='ocrx_word' id='word_1_707' title='bbox 1794 1054 1999 1094; x_wconf 87' lang='lat' dir='ltr'>Contemptui,</span> <span class='ocrx_word' id='word_1_708' title='bbox 2016 1057 2050 1088; x_wconf 92' lang='lat'>&amp;</span> <span class='ocrx_word' id='word_1_709' title='bbox 2074 1056 2244 1090; x_wconf 86' lang='lat' dir='ltr'>Prae&#39;udicio</span> <span class='ocrx_word' id='word_1_710' title='bbox 2265 1061 2384 1092; x_wconf 88' lang='lat' dir='ltr'>obviare</span> 
     </span>
     <span class='ocr_line' id='line_1_125' title="bbox 1319 1092 2383 1137; baseline 0.008 -14"><span class='ocrx_word' id='word_1_711' title='bbox 1319 1092 1458 1130; x_wconf 85' lang='lat' dir='ltr'>volentes)</span> <span class='ocrx_word' id='word_1_712' title='bbox 1476 1094 1557 1124; x_wconf 86' lang='lat' dir='ltr'>vobis</span> <span class='ocrx_word' id='word_1_713' title='bbox 1578 1093 1728 1124; x_wconf 68' lang='lat' dir='ltr'>distrietius</span> <span class='ocrx_word' id='word_1_714' title='bbox 1748 1103 1807 1132; x_wconf 93' lang='lat' dir='ltr'>quo</span> <span class='ocrx_word' id='word_1_715' title='bbox 1827 1094 1973 1133; x_wconf 79' lang='lat' dir='ltr'>poil&#39;umus</span> <span class='ocrx_word' id='word_1_716' title='bbox 1991 1095 2124 1134; x_wconf 82' lang='lat' dir='ltr'>injungen</span> <span class='ocrx_word' id='word_1_717' title='bbox 2144 1107 2181 1136; x_wconf 88' lang='grc' dir='ltr'>ο,</span> <span class='ocrx_word' id='word_1_718' title='bbox 2198 1097 2383 1137; x_wconf 85' lang='lat' dir='ltr'>Praecipimus</span> 
     </span>
     <span class='ocr_line' id='line_1_126' title="bbox 1320 1131 2380 1176; baseline 0.007 -14"><span class='ocrx_word' id='word_1_719' title='bbox 1320 1131 1404 1176; x_wconf 78' lang='lat' dir='ltr'>quod</span> <span class='ocrx_word' id='word_1_720' title='bbox 1425 1132 1517 1163; x_wconf 87' lang='lat' dir='ltr'>statim</span> <span class='ocrx_word' id='word_1_721' title='bbox 1533 1155 1542 1170; x_wconf 84' lang='lat'>‚</span> <span class='ocrx_word' id='word_1_722' title='bbox 1569 1132 1632 1163; x_wconf 89' lang='lat' dir='ltr'>visis</span> <span class='ocrx_word' id='word_1_723' title='bbox 1657 1132 1860 1171; x_wconf 70' lang='lat' dir='ltr'>praesentibus,</span> <span class='ocrx_word' id='word_1_724' title='bbox 1883 1134 1911 1163; x_wconf 92' lang='lat' dir='ltr'>in</span> <span class='ocrx_word' id='word_1_725' title='bbox 1936 1134 2045 1172; x_wconf 73' lang='lat' dir='ltr'>lingulis</span> <span class='ocrx_word' id='word_1_726' title='bbox 2068 1135 2178 1174; x_wconf 85' lang='lat' dir='ltr'>Locis,</span> <span class='ocrx_word' id='word_1_727' title='bbox 2202 1137 2231 1166; x_wconf 90' lang='lat' dir='ltr'>in</span> <span class='ocrx_word' id='word_1_728' title='bbox 2255 1135 2380 1170; x_wconf 88' lang='lat' dir='ltr'>Civitate</span> 
     </span>
     <span class='ocr_line' id='line_1_127' title="bbox 1319 1171 2382 1215; baseline 0.009 -16"><span class='ocrx_word' id='word_1_729' title='bbox 1319 1171 1470 1214; x_wconf 54' lang='lat' dir='ltr'>priedic‘m,</span> <span class='ocrx_word' id='word_1_730' title='bbox 1487 1172 1519 1202; x_wconf 92' lang='lat'>&amp;</span> <span class='ocrx_word' id='word_1_731' title='bbox 1534 1171 1681 1202; x_wconf 89' lang='lat' dir='ltr'>Suburbiis</span> <span class='ocrx_word' id='word_1_732' title='bbox 1694 1171 1832 1210; x_wconf 80' lang='lat' dir='ltr'>ejusdem,</span> <span class='ocrx_word' id='word_1_733' title='bbox 1851 1172 1899 1202; x_wconf 88' lang='lat' dir='ltr'>ubi</span> <span class='ocrx_word' id='word_1_734' title='bbox 1914 1173 2003 1211; x_wconf 77' lang='lat' dir='ltr'>magis</span> <span class='ocrx_word' id='word_1_735' title='bbox 2015 1174 2146 1212; x_wconf 85' lang='lat' dir='ltr'>expedire</span> <span class='ocrx_word' id='word_1_736' title='bbox 2170 1174 2311 1215; x_wconf 88' lang='lat' dir='ltr'>videritis,</span> <span class='ocrx_word' id='word_1_737' title='bbox 2328 1187 2382 1215; x_wconf 87' lang='lat' dir='ltr'>pu-</span> 
     </span>
     <span class='ocr_line' id='line_1_128' title="bbox 1320 1209 1967 1249; baseline 0.003 -11"><span class='ocrx_word' id='word_1_738' title='bbox 1320 1209 1396 1240; x_wconf 79' lang='lat' dir='ltr'>blice</span> <span class='ocrx_word' id='word_1_739' title='bbox 1412 1219 1446 1239; x_wconf 85' lang='lat' dir='ltr'>ex</span> <span class='ocrx_word' id='word_1_740' title='bbox 1462 1219 1537 1249; x_wconf 89' lang='lat' dir='ltr'>parte</span> <span class='ocrx_word' id='word_1_741' title='bbox 1555 1210 1650 1240; x_wconf 88' lang='lat' dir='ltr'>nostra</span> <span class='ocrx_word' id='word_1_742' title='bbox 1666 1210 1833 1248; x_wconf 84' lang='lat' dir='ltr'>proclamari</span> <span class='ocrx_word' id='word_1_743' title='bbox 1848 1210 1967 1249; x_wconf 78' lang='lat' dir='ltr'>faciatis,</span> 
     </span>
    </p>

    <p class='ocr_par' dir='ltr' id='par_1_66' title="bbox 1317 1248 2386 1665">
     <span class='ocr_line' id='line_1_129' title="bbox 1342 1248 2381 1291; baseline 0.006 -13"><span class='ocrx_word' id='word_1_744' title='bbox 1342 1248 1450 1291; x_wconf 34' lang='lat' dir='ltr'>‘Quod</span> <span class='ocrx_word' id='word_1_745' title='bbox 1463 1258 1564 1280; x_wconf 72' lang='lat' dir='ltr'>omnes</span> <span class='ocrx_word' id='word_1_746' title='bbox 1575 1250 1608 1280; x_wconf 94' lang='lat'>&amp;</span> <span class='ocrx_word' id='word_1_747' title='bbox 1627 1249 1724 1288; x_wconf 84' lang='lat' dir='ltr'>linguli</span> <span class='ocrx_word' id='word_1_748' title='bbox 1739 1248 1898 1287; x_wconf 88' lang='lat' dir='ltr'>hujusmodi</span> <span class='ocrx_word' id='word_1_749' title='bbox 1914 1248 2061 1290; x_wconf 88' lang='lat' dir='ltr'>Capitanei</span> <span class='ocrx_word' id='word_1_750' title='bbox 2077 1250 2109 1281; x_wconf 91' lang='lat'>&amp;</span> <span class='ocrx_word' id='word_1_751' title='bbox 2124 1250 2243 1282; x_wconf 85' lang='lat' dir='ltr'>Soldarii</span> <span class='ocrx_word' id='word_1_752' title='bbox 2253 1275 2262 1291; x_wconf 90' lang='lat'>,</span> <span class='ocrx_word' id='word_1_753' title='bbox 2281 1253 2310 1283; x_wconf 90' lang='lat' dir='ltr'>in</span> <span class='ocrx_word' id='word_1_754' title='bbox 2327 1253 2381 1284; x_wconf 91' lang='lat' dir='ltr'>Ci-</span> 
     </span>
     <span class='ocr_line' id='line_1_130' title="bbox 1319 1287 2383 1330; baseline 0.008 -15"><span class='ocrx_word' id='word_1_755' title='bbox 1319 1296 1407 1316; x_wconf 88' lang='lat' dir='ltr'>vitate</span> <span class='ocrx_word' id='word_1_756' title='bbox 1431 1287 1564 1325; x_wconf 68' lang='lat' dir='ltr'>praedic‘ia</span> <span class='ocrx_word' id='word_1_757' title='bbox 1583 1287 1730 1318; x_wconf 86' lang='lat' dir='ltr'>existentes</span> <span class='ocrx_word' id='word_1_758' title='bbox 1744 1310 1753 1324; x_wconf 87' lang='lat'>,</span> <span class='ocrx_word' id='word_1_759' title='bbox 1772 1288 1805 1319; x_wconf 89' lang='lat'>&amp;</span> <span class='ocrx_word' id='word_1_760' title='bbox 1830 1288 1863 1318; x_wconf 84' lang='lat' dir='ltr'>ad</span> <span class='ocrx_word' id='word_1_761' title='bbox 1884 1297 1945 1317; x_wconf 86' lang='lat' dir='ltr'>eam</span> <span class='ocrx_word' id='word_1_762' title='bbox 1967 1289 2144 1319; x_wconf 82' lang='lat' dir='ltr'>confluentes</span> <span class='ocrx_word' id='word_1_763' title='bbox 2168 1291 2383 1330; x_wconf 85' lang='lat' dir='ltr'>(cujuscumque</span> 
     </span>
     <span class='ocr_line' id='line_1_131' title="bbox 1320 1325 2381 1366; baseline 0.008 -12"><span class='ocrx_word' id='word_1_764' title='bbox 1320 1325 1422 1355; x_wconf 85' lang='lat' dir='ltr'>fuerint</span> <span class='ocrx_word' id='word_1_765' title='bbox 1446 1325 1539 1357; x_wconf 78' lang='lat' dir='ltr'>Status</span> <span class='ocrx_word' id='word_1_766' title='bbox 1553 1349 1562 1363; x_wconf 97' lang='lat'>,</span> <span class='ocrx_word' id='word_1_767' title='bbox 1578 1325 1694 1357; x_wconf 70' lang='lat' dir='ltr'>Gradus</span> <span class='ocrx_word' id='word_1_768' title='bbox 1710 1350 1718 1364; x_wconf 86' lang='lat'>,</span> <span class='ocrx_word' id='word_1_769' title='bbox 1738 1326 1782 1356; x_wconf 90' lang='lat' dir='ltr'>seu</span> <span class='ocrx_word' id='word_1_770' title='bbox 1804 1325 1998 1364; x_wconf 87' lang='lat' dir='ltr'>Conditionis)</span> <span class='ocrx_word' id='word_1_771' title='bbox 2021 1328 2068 1365; x_wconf 91' lang='lat' dir='ltr'>qui</span> <span class='ocrx_word' id='word_1_772' title='bbox 2089 1327 2122 1358; x_wconf 93' lang='lat' dir='ltr'>ad</span> <span class='ocrx_word' id='word_1_773' title='bbox 2146 1329 2381 1366; x_wconf 86' lang='lat' dir='ltr'>proficiscendum</span> 
     </span>
     <span class='ocr_line' id='line_1_132' title="bbox 1319 1364 2364 1405; baseline 0.006 -11"><span class='ocrx_word' id='word_1_774' title='bbox 1319 1364 1489 1403; x_wconf 89' lang='lat' dir='ltr'>nobiscum,</span> <span class='ocrx_word' id='word_1_775' title='bbox 1508 1366 1535 1394; x_wconf 92' lang='lat' dir='ltr'>in</span> <span class='ocrx_word' id='word_1_776' title='bbox 1557 1364 1660 1403; x_wconf 86' lang='lat' dir='ltr'>Viagio</span> <span class='ocrx_word' id='word_1_777' title='bbox 1681 1364 1779 1395; x_wconf 87' lang='lat' dir='ltr'>nostro</span> <span class='ocrx_word' id='word_1_778' title='bbox 1802 1365 1940 1403; x_wconf 64' lang='lat' dir='ltr'>praedic‘io</span> <span class='ocrx_word' id='word_1_779' title='bbox 1957 1390 1966 1404; x_wconf 89' lang='lat'>,</span> <span class='ocrx_word' id='word_1_780' title='bbox 1990 1367 2081 1396; x_wconf 86' lang='lat' dir='ltr'>versus</span> <span class='ocrx_word' id='word_1_781' title='bbox 2105 1375 2194 1404; x_wconf 85' lang='lat' dir='ltr'>partes</span> <span class='ocrx_word' id='word_1_782' title='bbox 2217 1370 2364 1405; x_wconf 71' lang='lat' dir='ltr'>praediCtas</span> 
     </span>
     <span class='ocr_line' id='line_1_133' title="bbox 1318 1395 2384 1443; baseline 0.006 -10"><span class='ocrx_word' id='word_1_783' title='bbox 1318 1403 1380 1434; x_wconf 92' lang='lat' dir='ltr'>sunt</span> <span class='ocrx_word' id='word_1_784' title='bbox 1403 1402 1541 1441; x_wconf 88' lang='lat' dir='ltr'>Retenti,</span> <span class='ocrx_word' id='word_1_785' title='bbox 1559 1404 1653 1434; x_wconf 84' lang='lat' dir='ltr'>versus</span> <span class='ocrx_word' id='word_1_786' title='bbox 1673 1402 1805 1433; x_wconf 86' lang='lat' dir='ltr'>Costeras</span> <span class='ocrx_word' id='word_1_787' title='bbox 1830 1402 1934 1442; x_wconf 87' lang='lat' dir='ltr'>Maris,</span> <span class='ocrx_word' id='word_1_788' title='bbox 1953 1404 2038 1443; x_wconf 89' lang='lat' dir='ltr'>usque</span> <span class='ocrx_word' id='word_1_789' title='bbox 2053 1404 2158 1435; x_wconf 90' lang='lat' dir='ltr'>Villam</span> <span class='ocrx_word' id='word_1_790' title='bbox 2173 1407 2297 1438; x_wconf 86' lang='lat' dir='ltr'>nostram</span> <span class='ocrx_word' id='word_1_791' title='bbox 2314 1395 2384 1439; x_wconf 67' lang='lat' dir='ltr'>San³</span> 
     </span>
     <span class='ocr_line' id='line_1_134' title="bbox 1317 1441 2383 1484; baseline 0.006 -13"><span class='ocrx_word' id='word_1_792' title='bbox 1317 1442 1420 1472; x_wconf 86' lang='lat' dir='ltr'>dewici</span> <span class='ocrx_word' id='word_1_793' title='bbox 1435 1441 1480 1472; x_wconf 91' lang='lat' dir='ltr'>vel</span> <span class='ocrx_word' id='word_1_794' title='bbox 1496 1441 1668 1472; x_wconf 83' lang='lat' dir='ltr'>Dovorri&#39;am</span> <span class='ocrx_word' id='word_1_795' title='bbox 1678 1465 1687 1479; x_wconf 89' lang='lat'>,</span> <span class='ocrx_word' id='word_1_796' title='bbox 1705 1443 1789 1472; x_wconf 86' lang='lat' dir='ltr'>omni</span> <span class='ocrx_word' id='word_1_797' title='bbox 1804 1441 1954 1473; x_wconf 88' lang='lat' dir='ltr'>Dilatione</span> <span class='ocrx_word' id='word_1_798' title='bbox 1967 1453 2001 1474; x_wconf 89' lang='lat' dir='ltr'>ac</span> <span class='ocrx_word' id='word_1_799' title='bbox 2026 1442 2228 1481; x_wconf 79' lang='lat' dir='ltr'>Retardatione</span> <span class='ocrx_word' id='word_1_800' title='bbox 2243 1446 2383 1484; x_wconf 82' lang='lat' dir='ltr'>pOstpofi-</span> 
     </span>
     <span class='ocr_line' id='line_1_135' title="bbox 1319 1480 2382 1526; baseline 0.007 -16"><span class='ocrx_word' id='word_1_801' title='bbox 1319 1482 1369 1519; x_wconf 86' lang='lat' dir='ltr'>tis,</span> <span class='ocrx_word' id='word_1_802' title='bbox 1386 1491 1439 1520; x_wconf 87' lang='lat' dir='ltr'>pro</span> <span class='ocrx_word' id='word_1_803' title='bbox 1455 1480 1654 1519; x_wconf 78' lang='lat' dir='ltr'>Eskippatione</span> <span class='ocrx_word' id='word_1_804' title='bbox 1668 1482 1713 1510; x_wconf 84' lang='lat' dir='ltr'>sua</span> <span class='ocrx_word' id='word_1_805' title='bbox 1726 1490 1759 1511; x_wconf 89' lang='lat' dir='ltr'>ac</span> <span class='ocrx_word' id='word_1_806' title='bbox 1776 1480 1926 1519; x_wconf 89' lang='lat' dir='ltr'>Equorum</span> <span class='ocrx_word' id='word_1_807' title='bbox 1942 1482 1975 1512; x_wconf 92' lang='lat'>&amp;</span> <span class='ocrx_word' id='word_1_808' title='bbox 1991 1481 2196 1514; x_wconf 83' lang='lat' dir='ltr'>Hernefiorum</span> <span class='ocrx_word' id='word_1_809' title='bbox 2209 1483 2321 1515; x_wconf 90' lang='lat' dir='ltr'>suorum</span> <span class='ocrx_word' id='word_1_810' title='bbox 2331 1496 2382 1526; x_wconf 86' lang='lat' dir='ltr'>,ac</span> 
     </span>
     <span class='ocr_line' id='line_1_136' title="bbox 1319 1519 2383 1563; baseline 0.006 -14"><span class='ocrx_word' id='word_1_811' title='bbox 1319 1529 1404 1557; x_wconf 87' lang='lat' dir='ltr'>penes</span> <span class='ocrx_word' id='word_1_812' title='bbox 1421 1519 1573 1549; x_wconf 85' lang='lat' dir='ltr'>Personam</span> <span class='ocrx_word' id='word_1_813' title='bbox 1589 1519 1716 1549; x_wconf 90' lang='lat' dir='ltr'>nostram</span> <span class='ocrx_word' id='word_1_814' title='bbox 1732 1529 1800 1549; x_wconf 87' lang='lat' dir='ltr'>curn</span> <span class='ocrx_word' id='word_1_815' title='bbox 1813 1521 1893 1550; x_wconf 90' lang='lat' dir='ltr'>omni</span> <span class='ocrx_word' id='word_1_816' title='bbox 1909 1520 2048 1552; x_wconf 84' lang='lat' dir='ltr'>celeritate</span> <span class='ocrx_word' id='word_1_817' title='bbox 2070 1521 2190 1559; x_wconf 87' lang='lat' dir='ltr'>possibili</span> <span class='ocrx_word' id='word_1_818' title='bbox 2212 1523 2238 1553; x_wconf 89' lang='lat' dir='ltr'>se</span> <span class='ocrx_word' id='word_1_819' title='bbox 2258 1523 2383 1563; x_wconf 85' lang='lat' dir='ltr'>trahant,</span> 
     </span>
     <span class='ocr_line' id='line_1_137' title="bbox 1318 1557 2384 1600; baseline 0.006 -13"><span class='ocrx_word' id='word_1_820' title='bbox 1318 1567 1490 1596; x_wconf 86' lang='lat' dir='ltr'>properent,</span> <span class='ocrx_word' id='word_1_821' title='bbox 1509 1559 1542 1588; x_wconf 87' lang='lat'>&amp;</span> <span class='ocrx_word' id='word_1_822' title='bbox 1557 1557 1688 1588; x_wconf 89' lang='lat' dir='ltr'>festinent</span> <span class='ocrx_word' id='word_1_823' title='bbox 1700 1558 1752 1588; x_wconf 89' lang='lat' dir='ltr'>sub</span> <span class='ocrx_word' id='word_1_824' title='bbox 1767 1557 1859 1590; x_wconf 88' lang='lat' dir='ltr'>Poena</span> <span class='ocrx_word' id='word_1_825' title='bbox 1869 1558 2023 1590; x_wconf 84' lang='lat' dir='ltr'>amiffionis</span> <span class='ocrx_word' id='word_1_826' title='bbox 2039 1559 2191 1598; x_wconf 88' lang='lat' dir='ltr'>Equorum</span> <span class='ocrx_word' id='word_1_827' title='bbox 2201 1584 2210 1600; x_wconf 89' lang='lat'>,</span> <span class='ocrx_word' id='word_1_828' title='bbox 2227 1560 2384 1594; x_wconf 86' lang='lat' dir='ltr'>Hernesio-</span> 
     </span>
     <span class='ocr_line' id='line_1_138' title="bbox 1319 1595 2386 1665; baseline 0.007 -39"><span class='ocrx_word' id='word_1_829' title='bbox 1319 1606 1400 1665; x_wconf 51' lang='lat' dir='ltr'>hum,</span> <span class='ocrx_word' id='word_1_830' title='bbox 1425 1606 1458 1628; x_wconf 81' lang='lat' dir='ltr'>ac</span> <span class='ocrx_word' id='word_1_831' title='bbox 1479 1596 1723 1634; x_wconf 87' lang='lat' dir='ltr'>Imprisonamenti</span> <span class='ocrx_word' id='word_1_832' title='bbox 1749 1595 1918 1635; x_wconf 85' lang='lat' dir='ltr'>Corporum</span> <span class='ocrx_word' id='word_1_833' title='bbox 1941 1598 2055 1628; x_wconf 83' lang='lat' dir='ltr'>suorum</span> <span class='ocrx_word' id='word_1_834' title='bbox 2076 1599 2110 1630; x_wconf 90' lang='lat' dir='ltr'>ad</span> <span class='ocrx_word' id='word_1_835' title='bbox 2132 1599 2309 1632; x_wconf 83' lang='lat' dir='ltr'>voluntatem</span> <span class='ocrx_word' id='word_1_836' title='bbox 2331 1612 2386 1633; x_wconf 86' lang='lat' dir='ltr'>no-</span> 
     </span>
    </p>

    <p class='ocr_par' dir='ltr' id='par_1_67' title="bbox 1346 1645 1420 1673">
     <span class='ocr_line' id='line_1_139' title="bbox 1346 1645 1420 1673; baseline 0.014 -9"><span class='ocrx_word' id='word_1_837' title='bbox 1346 1645 1420 1673; x_wconf 87' lang='lat' dir='ltr'>ram,</span> 
     </span>
    </p>

    <p class='ocr_par' dir='ltr' id='par_1_68' title="bbox 1321 1672 2383 1755">
     <span class='ocr_line' id='line_1_140' title="bbox 1358 1672 2383 1717; baseline 0.007 -14"><span class='ocrx_word' id='word_1_838' title='bbox 1358 1673 1394 1704; x_wconf 87' lang='lat' dir='ltr'>Et</span> <span class='ocrx_word' id='word_1_839' title='bbox 1412 1683 1515 1703; x_wconf 89' lang='lat' dir='ltr'>omnes</span> <span class='ocrx_word' id='word_1_840' title='bbox 1536 1672 1615 1710; x_wconf 88' lang='lat' dir='ltr'>illos,</span> <span class='ocrx_word' id='word_1_841' title='bbox 1633 1682 1722 1710; x_wconf 90' lang='lat' dir='ltr'>quos,</span> <span class='ocrx_word' id='word_1_842' title='bbox 1740 1672 1804 1709; x_wconf 88' lang='lat' dir='ltr'>post</span> <span class='ocrx_word' id='word_1_843' title='bbox 1829 1674 1862 1704; x_wconf 89' lang='lat'>&amp;</span> <span class='ocrx_word' id='word_1_844' title='bbox 1886 1682 1986 1704; x_wconf 90' lang='lat' dir='ltr'>contra</span> <span class='ocrx_word' id='word_1_845' title='bbox 2009 1673 2267 1708; x_wconf 89' lang='lat' dir='ltr'>Proclamationem</span> <span class='ocrx_word' id='word_1_846' title='bbox 2281 1678 2383 1717; x_wconf 86' lang='lat' dir='ltr'>praedi-</span> 
     </span>
     <span class='ocr_line' id='line_1_141' title="bbox 1321 1710 2289 1755; baseline 0.005 -13"><span class='ocrx_word' id='word_1_847' title='bbox 1321 1712 1416 1750; x_wconf 66' lang='lat' dir='ltr'>etam,</span> <span class='ocrx_word' id='word_1_848' title='bbox 1433 1712 1497 1750; x_wconf 88' lang='lat' dir='ltr'>post</span> <span class='ocrx_word' id='word_1_849' title='bbox 1510 1711 1598 1741; x_wconf 87' lang='lat' dir='ltr'>Diem</span> <span class='ocrx_word' id='word_1_850' title='bbox 1615 1710 1847 1741; x_wconf 80' lang='lat' dir='ltr'>proclamationis</span> <span class='ocrx_word' id='word_1_851' title='bbox 1866 1711 2040 1749; x_wconf 88' lang='lat' dir='ltr'>hujusmodi,</span> <span class='ocrx_word' id='word_1_852' title='bbox 2059 1723 2107 1750; x_wconf 90' lang='lat' dir='ltr'>per</span> <span class='ocrx_word' id='word_1_853' title='bbox 2123 1725 2174 1744; x_wconf 89' lang='lat' dir='ltr'>vos</span> <span class='ocrx_word' id='word_1_854' title='bbox 2188 1716 2289 1755; x_wconf 69' lang='lat' dir='ltr'>factae,</span> 
     </span>
    </p>

    <p class='ocr_par' dir='ltr' id='par_1_69' title="bbox 1319 1748 2389 1898">
     <span class='ocr_line' id='line_1_142' title="bbox 1361 1748 2382 1792; baseline 0.004 -11"><span class='ocrx_word' id='word_1_855' title='bbox 1361 1751 1474 1788; x_wconf 88' lang='lat' dir='ltr'>Absque</span> <span class='ocrx_word' id='word_1_856' title='bbox 1498 1749 1629 1780; x_wconf 54' lang='lat' dir='ltr'>Licentia</span> <span class='ocrx_word' id='word_1_857' title='bbox 1650 1748 1758 1785; x_wconf 67' lang='lat' dir='ltr'>nostra,</span> <span class='ocrx_word' id='word_1_858' title='bbox 1779 1749 1841 1786; x_wconf 89' lang='lat' dir='ltr'>seu,</span> <span class='ocrx_word' id='word_1_859' title='bbox 1858 1748 1989 1780; x_wconf 83' lang='lat' dir='ltr'>carissimi</span> <span class='ocrx_word' id='word_1_860' title='bbox 2011 1750 2157 1782; x_wconf 82' lang='lat' dir='ltr'>Avuncuii</span> <span class='ocrx_word' id='word_1_861' title='bbox 2168 1754 2272 1792; x_wconf 88' lang='lat' dir='ltr'>nostri,</span> <span class='ocrx_word' id='word_1_862' title='bbox 2290 1757 2382 1785; x_wconf 88' lang='lat' dir='ltr'>Hum-</span> 
     </span>
     <span class='ocr_line' id='line_1_143' title="bbox 1319 1786 2384 1829; baseline 0.006 -10"><span class='ocrx_word' id='word_1_863' title='bbox 1319 1789 1392 1829; x_wconf 77' lang='lat' dir='ltr'>fredi</span> <span class='ocrx_word' id='word_1_864' title='bbox 1414 1792 1497 1819; x_wconf 86' lang='lat' dir='ltr'>Ducis</span> <span class='ocrx_word' id='word_1_865' title='bbox 1521 1787 1707 1826; x_wconf 76' lang='lat' dir='ltr'>Gloucestriae,</span> <span class='ocrx_word' id='word_1_866' title='bbox 1723 1786 1857 1817; x_wconf 88' lang='lat' dir='ltr'>Custodis</span> <span class='ocrx_word' id='word_1_867' title='bbox 1880 1788 2010 1827; x_wconf 81' lang='lat' dir='ltr'>Angliae,</span> <span class='ocrx_word' id='word_1_868' title='bbox 2028 1786 2148 1819; x_wconf 89' lang='lat' dir='ltr'>Causam</span> <span class='ocrx_word' id='word_1_869' title='bbox 2171 1789 2267 1822; x_wconf 77' lang='lat' dir='ltr'>Morae</span> <span class='ocrx_word' id='word_1_870' title='bbox 2281 1793 2336 1823; x_wconf 85' lang='lat' dir='ltr'>suae</span> <span class='ocrx_word' id='word_1_871' title='bbox 2353 1795 2384 1825; x_wconf 84' lang='lat' dir='ltr'>in</span> 
     </span>
     <span class='ocr_line' id='line_1_144' title="bbox 1322 1825 2389 1898; baseline 0.003 -39"><span class='ocrx_word' id='word_1_872' title='bbox 1322 1829 1439 1898; x_wconf 53' lang='lat' dir='ltr'>{cgptis</span> <span class='ocrx_word' id='word_1_873' title='bbox 1456 1829 1623 1858; x_wconf 82' lang='lat' dir='ltr'>continente</span> <span class='ocrx_word' id='word_1_874' title='bbox 1637 1848 1647 1864; x_wconf 89' lang='lat'>,</span> <span class='ocrx_word' id='word_1_875' title='bbox 1669 1825 1765 1865; x_wconf 86' lang='lat' dir='ltr'>Sigillo</span> <span class='ocrx_word' id='word_1_876' title='bbox 1783 1825 1883 1856; x_wconf 89' lang='lat' dir='ltr'>nostro</span> <span class='ocrx_word' id='word_1_877' title='bbox 1901 1825 1946 1857; x_wconf 89' lang='lat' dir='ltr'>seu</span> <span class='ocrx_word' id='word_1_878' title='bbox 1965 1826 2086 1865; x_wconf 79' lang='lat' dir='ltr'>signeto</span> <span class='ocrx_word' id='word_1_879' title='bbox 2105 1825 2240 1860; x_wconf 87' lang='lat' dir='ltr'>Custodis</span> <span class='ocrx_word' id='word_1_880' title='bbox 2259 1830 2362 1869; x_wconf 65' lang='lat' dir='ltr'>signata</span> <span class='ocrx_word' id='word_1_881' title='bbox 2377 1855 2389 1872; x_wconf 86' lang='lat'>,</span> 
     </span>
    </p>

    <p class='ocr_par' dir='ltr' id='par_1_70' title="bbox 1346 1875 1435 1904">
     <span class='ocr_line' id='line_1_145' title="bbox 1346 1875 1435 1904; baseline 0 -7"><span class='ocrx_word' id='word_1_882' title='bbox 1346 1877 1360 1897; x_wconf 85' lang='lat' dir='ltr'>a</span> <span class='ocrx_word' id='word_1_883' title='bbox 1382 1875 1435 1904; x_wconf 85' lang='lat' dir='ltr'>ita,</span> 
     </span>
    </p>

    <p class='ocr_par' dir='ltr' id='par_1_71' title="bbox 1320 1902 2390 2130">
     <span class='ocr_line' id='line_1_146' title="bbox 1359 1902 2369 1943; baseline 0.002 -7"><span class='ocrx_word' id='word_1_884' title='bbox 1359 1904 1478 1936; x_wconf 89' lang='lat' dir='ltr'>Moram</span> <span class='ocrx_word' id='word_1_885' title='bbox 1495 1906 1524 1935; x_wconf 93' lang='lat' dir='ltr'>in</span> <span class='ocrx_word' id='word_1_886' title='bbox 1542 1903 1666 1935; x_wconf 87' lang='lat' dir='ltr'>Civitate</span> <span class='ocrx_word' id='word_1_887' title='bbox 1680 1902 1813 1941; x_wconf 72' lang='lat' dir='ltr'>praedicia</span> <span class='ocrx_word' id='word_1_888' title='bbox 1825 1902 1958 1934; x_wconf 87' lang='lat' dir='ltr'>facientes</span> <span class='ocrx_word' id='word_1_889' title='bbox 1972 1904 2146 1943; x_wconf 85' lang='lat' dir='ltr'>inveneritis,</span> <span class='ocrx_word' id='word_1_890' title='bbox 2165 1905 2223 1937; x_wconf 85' lang='lat' dir='ltr'>fine</span> <span class='ocrx_word' id='word_1_891' title='bbox 2235 1906 2369 1939; x_wconf 83' lang='lat' dir='ltr'>dilatione</span> 
     </span>
     <span class='ocr_line' id='line_1_147' title="bbox 1322 1932 2385 1985; baseline 0.003 -10"><span class='ocrx_word' id='word_1_892' title='bbox 1322 1946 1379 1975; x_wconf 69' lang='lat' dir='ltr'>una</span> <span class='ocrx_word' id='word_1_893' title='bbox 1394 1954 1463 1975; x_wconf 90' lang='lat' dir='ltr'>cum</span> <span class='ocrx_word' id='word_1_894' title='bbox 1480 1943 1571 1982; x_wconf 87' lang='lat' dir='ltr'>Equis</span> <span class='ocrx_word' id='word_1_895' title='bbox 1587 1943 1620 1974; x_wconf 73' lang='grc' dir='ltr'>δε</span> <span class='ocrx_word' id='word_1_896' title='bbox 1639 1941 1783 1972; x_wconf 86' lang='lat' dir='ltr'>Hernesiis</span> <span class='ocrx_word' id='word_1_897' title='bbox 1797 1941 1849 1972; x_wconf 89' lang='lat' dir='ltr'>suis</span> <span class='ocrx_word' id='word_1_898' title='bbox 1867 1943 2023 1980; x_wconf 65' lang='lat' dir='ltr'>praedietis,</span> <span class='ocrx_word' id='word_1_899' title='bbox 2043 1943 2166 1975; x_wconf 88' lang='lat' dir='ltr'>Arestari</span> <span class='ocrx_word' id='word_1_900' title='bbox 2187 1944 2221 1975; x_wconf 90' lang='lat'>&amp;</span> <span class='ocrx_word' id='word_1_901' title='bbox 2243 1943 2315 1985; x_wconf 88' lang='lat' dir='ltr'>Capi</span> <span class='ocrx_word' id='word_1_902' title='bbox 2349 1932 2385 1978; x_wconf 85' lang='lat'>&amp;’</span> 
     </span>
     <span class='ocr_line' id='line_1_148' title="bbox 1321 1979 2384 2022; baseline 0.002 -9"><span class='ocrx_word' id='word_1_903' title='bbox 1321 1983 1454 2020; x_wconf 90' lang='lat' dir='ltr'>Corpora</span> <span class='ocrx_word' id='word_1_904' title='bbox 1464 1982 1588 2020; x_wconf 87' lang='lat' dir='ltr'>ipsorum</span> <span class='ocrx_word' id='word_1_905' title='bbox 1601 1980 1796 2011; x_wconf 87' lang='lat' dir='ltr'>Arestatorum</span> <span class='ocrx_word' id='word_1_906' title='bbox 1811 1981 1840 2010; x_wconf 91' lang='lat' dir='ltr'>in</span> <span class='ocrx_word' id='word_1_907' title='bbox 1852 1979 1964 2011; x_wconf 87' lang='lat' dir='ltr'>Prisona</span> <span class='ocrx_word' id='word_1_908' title='bbox 1974 1980 2083 2020; x_wconf 87' lang='lat' dir='ltr'>nostra,</span> <span class='ocrx_word' id='word_1_909' title='bbox 2101 1992 2133 2013; x_wconf 91' lang='lat' dir='ltr'>ac</span> <span class='ocrx_word' id='word_1_910' title='bbox 2152 1982 2249 2022; x_wconf 90' lang='lat' dir='ltr'>Equos</span> <span class='ocrx_word' id='word_1_911' title='bbox 2262 1984 2294 2014; x_wconf 75' lang='grc' dir='ltr'>ὅ(</span> <span class='ocrx_word' id='word_1_912' title='bbox 2339 1995 2384 2015; x_wconf 87' lang='lat' dir='ltr'>ei·-</span> 
     </span>
     <span class='ocr_line' id='line_1_149' title="bbox 1320 2018 2387 2060; baseline 0.001 -7"><span class='ocrx_word' id='word_1_913' title='bbox 1320 2023 1395 2055; x_wconf 87' lang='lat' dir='ltr'>nesia</span> <span class='ocrx_word' id='word_1_914' title='bbox 1405 2021 1450 2052; x_wconf 91' lang='lat' dir='ltr'>sua</span> <span class='ocrx_word' id='word_1_915' title='bbox 1463 2020 1597 2060; x_wconf 66' lang='lat' dir='ltr'>praedicta</span> <span class='ocrx_word' id='word_1_916' title='bbox 1609 2019 1659 2050; x_wconf 90' lang='lat' dir='ltr'>sub</span> <span class='ocrx_word' id='word_1_917' title='bbox 1672 2019 1743 2050; x_wconf 89' lang='lat' dir='ltr'>salva</span> <span class='ocrx_word' id='word_1_918' title='bbox 1755 2020 1788 2050; x_wconf 88' lang='lat'>&amp;</span> <span class='ocrx_word' id='word_1_919' title='bbox 1804 2018 1898 2050; x_wconf 88' lang='lat' dir='ltr'>secura</span> <span class='ocrx_word' id='word_1_920' title='bbox 1919 2018 2072 2058; x_wconf 89' lang='lat' dir='ltr'>Custodia,</span> <span class='ocrx_word' id='word_1_921' title='bbox 2091 2021 2236 2059; x_wconf 85' lang='lat' dir='ltr'>quousque</span> <span class='ocrx_word' id='word_1_922' title='bbox 2249 2022 2326 2053; x_wconf 77' lang='lat' dir='ltr'>aliter</span> <span class='ocrx_word' id='word_1_923' title='bbox 2354 2034 2387 2055; x_wconf 88' lang='lat' dir='ltr'>ro</span> 
     </span>
     <span class='ocr_line' id='line_1_150' title="bbox 1320 2057 2390 2130; baseline 0.002 -39"><span class='ocrx_word' id='word_1_924' title='bbox 1320 2059 1540 2130; x_wconf 43' lang='lat' dir='ltr'>&amp;elif-berarium</span> <span class='ocrx_word' id='word_1_925' title='bbox 1554 2057 1723 2090; x_wconf 90' lang='lat' dir='ltr'>eorumdem</span> <span class='ocrx_word' id='word_1_926' title='bbox 1737 2057 1898 2089; x_wconf 83' lang='lat' dir='ltr'>duxerimus</span> <span class='ocrx_word' id='word_1_927' title='bbox 1919 2058 2126 2097; x_wconf 87' lang='lat' dir='ltr'>ordinandum,</span> <span class='ocrx_word' id='word_1_928' title='bbox 2145 2061 2214 2099; x_wconf 90' lang='lat' dir='ltr'>poni</span> <span class='ocrx_word' id='word_1_929' title='bbox 2235 2059 2269 2091; x_wconf 72' lang='grc' dir='ltr'>ὅ(</span> <span class='ocrx_word' id='word_1_930' title='bbox 2289 2071 2325 2092; x_wconf 91' lang='lat' dir='ltr'>cu</span> <span class='ocrx_word' id='word_1_931' title='bbox 2353 2072 2390 2093; x_wconf 85' lang='lat' dir='ltr'>o·</span> 
     </span>
    </p>

    <p class='ocr_par' dir='ltr' id='par_1_72' title="bbox 1342 2107 1507 2136">
     <span class='ocr_line' id='line_1_151' title="bbox 1342 2107 1507 2136; baseline -0.006 -7"><span class='ocrx_word' id='word_1_932' title='bbox 1342 2110 1373 2129; x_wconf 90' lang='lat' dir='ltr'>iri</span> <span class='ocrx_word' id='word_1_933' title='bbox 1399 2107 1507 2136; x_wconf 78' lang='lat' dir='ltr'>aciatis,</span> 
     </span>
    </p>

    <p class='ocr_par' dir='ltr' id='par_1_73' title="bbox 1319 2133 2385 2214">
     <span class='ocr_line' id='line_1_152' title="bbox 1357 2133 2385 2177; baseline 0.002 -9"><span class='ocrx_word' id='word_1_934' title='bbox 1357 2137 1394 2169; x_wconf 83' lang='lat' dir='ltr'>Et</span> <span class='ocrx_word' id='word_1_935' title='bbox 1413 2137 1492 2175; x_wconf 89' lang='lat' dir='ltr'>hoc,</span> <span class='ocrx_word' id='word_1_936' title='bbox 1516 2135 1584 2166; x_wconf 84' lang='lat' dir='ltr'>sicut</span> <span class='ocrx_word' id='word_1_937' title='bbox 1599 2133 1669 2166; x_wconf 91' lang='lat' dir='ltr'>Nos</span> <span class='ocrx_word' id='word_1_938' title='bbox 1686 2135 1720 2166; x_wconf 89' lang='lat'>&amp;</span> <span class='ocrx_word' id='word_1_939' title='bbox 1735 2133 1889 2165; x_wconf 87' lang='lat' dir='ltr'>Honorem</span> <span class='ocrx_word' id='word_1_940' title='bbox 1908 2134 2036 2166; x_wconf 87' lang='lat' dir='ltr'>nostrum</span> <span class='ocrx_word' id='word_1_941' title='bbox 2057 2135 2166 2176; x_wconf 85' lang='lat' dir='ltr'>diligitis</span> <span class='ocrx_word' id='word_1_942' title='bbox 2182 2160 2192 2176; x_wconf 93' lang='lat'>,</span> <span class='ocrx_word' id='word_1_943' title='bbox 2218 2146 2251 2167; x_wconf 84' lang='lat' dir='ltr'>ac</span> <span class='ocrx_word' id='word_1_944' title='bbox 2268 2146 2385 2177; x_wconf 86' lang='lat' dir='ltr'>gravem</span> 
     </span>
     <span class='ocr_line' id='line_1_153' title="bbox 1319 2173 2312 2214; baseline -0.001 -6"><span class='ocrx_word' id='word_1_945' title='bbox 1319 2175 1547 2214; x_wconf 87' lang='lat' dir='ltr'>Indignationem</span> <span class='ocrx_word' id='word_1_946' title='bbox 1561 2173 1687 2204; x_wconf 86' lang='lat' dir='ltr'>nostiam</span> <span class='ocrx_word' id='word_1_947' title='bbox 1701 2174 1804 2204; x_wconf 90' lang='lat' dir='ltr'>evitare</span> <span class='ocrx_word' id='word_1_948' title='bbox 1819 2174 1979 2209; x_wconf 84' lang='lat' dir='ltr'>volueritis,</span> <span class='ocrx_word' id='word_1_949' title='bbox 1995 2175 2150 2206; x_wconf 87' lang='lat' dir='ltr'>nullatenus</span> <span class='ocrx_word' id='word_1_950' title='bbox 2167 2177 2312 2207; x_wconf 88' lang='lat' dir='ltr'>omittatis.</span> 
     </span>
    </p>

    <p class='ocr_par' dir='ltr' id='par_1_74' title="bbox 1317 2211 2385 2293">
     <span class='ocr_line' id='line_1_154' title="bbox 1356 2211 2385 2255; baseline 0 -9"><span class='ocrx_word' id='word_1_951' title='bbox 1356 2213 1446 2246; x_wconf 89' lang='lat' dir='ltr'>Teste</span> <span class='ocrx_word' id='word_1_952' title='bbox 1468 2211 1615 2252; x_wconf 80' lang='lat' dir='ltr'>Humfrido</span> <span class='ocrx_word' id='word_1_953' title='bbox 1631 2215 1706 2242; x_wconf 82' lang='lat' dir='ltr'>Duce</span> <span class='ocrx_word' id='word_1_954' title='bbox 1728 2211 1895 2251; x_wconf 68' lang='lat' dir='ltr'>Gloucestriae</span> <span class='ocrx_word' id='word_1_955' title='bbox 1908 2211 2039 2245; x_wconf 80' lang='lat' dir='ltr'>Custode</span> <span class='ocrx_word' id='word_1_956' title='bbox 2057 2213 2170 2255; x_wconf 81' lang='lat' dir='ltr'>Angliae</span> <span class='ocrx_word' id='word_1_957' title='bbox 2185 2215 2258 2254; x_wconf 79' lang='lat' dir='ltr'>apud</span> <span class='ocrx_word' id='word_1_958' title='bbox 2272 2219 2385 2246; x_wconf 82' lang='lat' dir='ltr'>Civita-</span> 
     </span>
     <span class='ocr_line' id='line_1_155' title="bbox 1317 2249 1946 2293; baseline -0.003 -8"><span class='ocrx_word' id='word_1_959' title='bbox 1317 2261 1373 2285; x_wconf 83' lang='lat' dir='ltr'>tem</span> <span class='ocrx_word' id='word_1_960' title='bbox 1391 2254 1467 2293; x_wconf 76' lang='lat' dir='ltr'>Regis</span> <span class='ocrx_word' id='word_1_961' title='bbox 1482 2255 1655 2290; x_wconf 82' lang='lat' dir='ltr'>Cantuariae,</span> <span class='ocrx_word' id='word_1_962' title='bbox 1672 2251 1776 2283; x_wconf 83' lang='lat' dir='ltr'>Tertio</span> <span class='ocrx_word' id='word_1_963' title='bbox 1792 2249 1849 2283; x_wconf 88' lang='lat' dir='ltr'>Die</span> <span class='ocrx_word' id='word_1_964' title='bbox 1863 2250 1946 2283; x_wconf 80' lang='lat' dir='ltr'>Maii.</span> 
     </span>
    </p>
   </div>
   <div class='ocr_carea' id='block_1_29' title="bbox 1307 2331 2526 3827">
    <p class='ocr_par' dir='ltr' id='par_1_75' title="bbox 2056 2331 2278 2363">
     <span class='ocr_line' id='line_1_156' title="bbox 2056 2331 2278 2363; baseline 0.005 -2"><span class='ocrx_word' id='word_1_965' title='bbox 2056 2333 2109 2362; x_wconf 83' lang='lat' dir='ltr'>Per</span> <span class='ocrx_word' id='word_1_966' title='bbox 2129 2331 2278 2363; x_wconf 68' lang='lat' dir='ltr'>Concilium.</span> 
     </span>
    </p>

    <p class='ocr_par' dir='ltr' id='par_1_76' title="bbox 1324 2407 2526 2489">
     <span class='ocr_line' id='line_1_157' title="bbox 1324 2407 2526 2469; baseline -0.007 -25"><span class='ocrx_word' id='word_1_967' title='bbox 1324 2410 1443 2469; x_wconf 76' lang='lat' dir='ltr'>REX</span> <span class='ocrx_word' id='word_1_968' title='bbox 1462 2409 1572 2442; x_wconf 85' lang='lat' dir='ltr'>Ballivis</span> <span class='ocrx_word' id='word_1_969' title='bbox 1588 2408 1716 2442; x_wconf 86' lang='lat' dir='ltr'>Civitatis</span> <span class='ocrx_word' id='word_1_970' title='bbox 1734 2409 1789 2441; x_wconf 85' lang='lat' dir='ltr'>suae</span> <span class='ocrx_word' id='word_1_971' title='bbox 1802 2407 1965 2447; x_wconf 82' lang='lat' dir='ltr'>Roffensis,</span> <span class='ocrx_word' id='word_1_972' title='bbox 1985 2407 2119 2440; x_wconf 90' lang='lat' dir='ltr'>Salutem.</span> <span class='ocrx_word' id='word_1_973' title='bbox 2400 2408 2464 2438; x_wconf 78' lang='lat' dir='ltr'>lhil.</span> <span class='ocrx_word' id='word_1_974' title='bbox 2522 2426 2526 2430; x_wconf 83' lang='lat'><em>-</em></span> 
     </span>
     <span class='ocr_line' id='line_1_158' title="bbox 1421 2446 2382 2489; baseline 0 -9"><span class='ocrx_word' id='word_1_975' title='bbox 1421 2451 1500 2489; x_wconf 81' lang='lat' dir='ltr'>Quia</span> <span class='ocrx_word' id='word_1_976' title='bbox 1509 2449 1607 2480; x_wconf 86' lang='lat' dir='ltr'>datum</span> <span class='ocrx_word' id='word_1_977' title='bbox 1626 2448 1667 2480; x_wconf 86' lang='lat' dir='ltr'>est</span> <span class='ocrx_word' id='word_1_978' title='bbox 1681 2448 1779 2479; x_wconf 87' lang='lat' dir='ltr'>Nobis</span> <span class='ocrx_word' id='word_1_979' title='bbox 1796 2449 1911 2487; x_wconf 89' lang='lat' dir='ltr'>intelligi</span> <span class='ocrx_word' id='word_1_980' title='bbox 1922 2447 2002 2487; x_wconf 77' lang='lat' dir='ltr'>quod</span> <span class='ocrx_word' id='word_1_981' title='bbox 2017 2447 2196 2486; x_wconf 67' lang='lat' dir='ltr'>quamplures</span> <span class='ocrx_word' id='word_1_982' title='bbox 2209 2446 2382 2487; x_wconf 89' lang='lat' dir='ltr'>Capitaneo-</span> 
     </span>
    </p>

    <p class='ocr_par' dir='ltr' id='par_1_77' title="bbox 1319 2486 1840 2525">
     <span class='ocr_line' id='line_1_159' title="bbox 1319 2486 1840 2525; baseline -0.004 -6"><span class='ocrx_word' id='word_1_983' title='bbox 1319 2498 1382 2519; x_wconf 89' lang='lat' dir='ltr'>rum</span> <span class='ocrx_word' id='word_1_984' title='bbox 1397 2490 1430 2521; x_wconf 88' lang='lat'>&amp;</span> <span class='ocrx_word' id='word_1_985' title='bbox 1449 2488 1642 2520; x_wconf 82' lang='lat' dir='ltr'>Soldariorum</span> <span class='ocrx_word' id='word_1_986' title='bbox 1658 2486 1840 2525; x_wconf 87' lang='lat' dir='ltr'>nostrorum,</span> 
     </span>
    </p>

    <p class='ocr_par' dir='ltr' id='par_1_78' title="bbox 1316 2525 2384 2602">
     <span class='ocr_line' id='line_1_160' title="bbox 1355 2525 2384 2566; baseline -0.002 -8"><span class='ocrx_word' id='word_1_987' title='bbox 1355 2528 1417 2566; x_wconf 83' lang='lat' dir='ltr'>Qi</span> <span class='ocrx_word' id='word_1_988' title='bbox 1434 2528 1468 2558; x_wconf 91' lang='lat' dir='ltr'>ad</span> <span class='ocrx_word' id='word_1_989' title='bbox 1485 2526 1726 2558; x_wconf 86' lang='lat' dir='ltr'>Proficiscendum</span> <span class='ocrx_word' id='word_1_990' title='bbox 1742 2525 1927 2563; x_wconf 88' lang='lat' dir='ltr'>Nobiscum,</span> <span class='ocrx_word' id='word_1_991' title='bbox 1944 2525 1975 2555; x_wconf 91' lang='lat' dir='ltr'>in</span> <span class='ocrx_word' id='word_1_992' title='bbox 1993 2526 2121 2564; x_wconf 85' lang='lat' dir='ltr'>praesenti</span> <span class='ocrx_word' id='word_1_993' title='bbox 2144 2525 2247 2565; x_wconf 87' lang='lat' dir='ltr'>Viagio</span> <span class='ocrx_word' id='word_1_994' title='bbox 2268 2525 2384 2564; x_wconf 89' lang='lat' dir='ltr'>nostro,</span> 
     </span>
     <span class='ocr_line' id='line_1_161' title="bbox 1316 2563 1963 2602; baseline -0.006 -5"><span class='ocrx_word' id='word_1_995' title='bbox 1316 2566 1409 2597; x_wconf 87' lang='lat' dir='ltr'>versus</span> <span class='ocrx_word' id='word_1_996' title='bbox 1421 2566 1515 2597; x_wconf 86' lang='lat' dir='ltr'>Partes</span> <span class='ocrx_word' id='word_1_997' title='bbox 1530 2565 1754 2602; x_wconf 89' lang='lat' dir='ltr'>Transmarinas,</span> <span class='ocrx_word' id='word_1_998' title='bbox 1771 2563 1833 2595; x_wconf 90' lang='lat' dir='ltr'>sunt</span> <span class='ocrx_word' id='word_1_999' title='bbox 1848 2565 1963 2601; x_wconf 87' lang='lat' dir='ltr'>retenti,</span> 
     </span>
    </p>

    <p class='ocr_par' dir='ltr' id='par_1_79' title="bbox 1313 2601 2493 2833">
     <span class='ocr_line' id='line_1_162' title="bbox 1353 2601 2381 2635; baseline -0.003 0"><span class='ocrx_word' id='word_1_1000' title='bbox 1353 2604 1424 2635; x_wconf 81' lang='lat' dir='ltr'>Post</span> <span class='ocrx_word' id='word_1_1001' title='bbox 1446 2604 1671 2635; x_wconf 86' lang='lat' dir='ltr'>Monstrationes</span> <span class='ocrx_word' id='word_1_1002' title='bbox 1692 2602 1749 2633; x_wconf 71' lang='lat' dir='ltr'>suas</span> <span class='ocrx_word' id='word_1_1003' title='bbox 1772 2603 1857 2633; x_wconf 66' lang='lat' dir='ltr'>faetas</span> <span class='ocrx_word' id='word_1_1004' title='bbox 1878 2601 1987 2633; x_wconf 88' lang='lat' dir='ltr'>rursum</span> <span class='ocrx_word' id='word_1_1005' title='bbox 2011 2601 2046 2633; x_wconf 90' lang='lat' dir='ltr'>ad</span> <span class='ocrx_word' id='word_1_1006' title='bbox 2070 2601 2225 2633; x_wconf 85' lang='lat' dir='ltr'>Civitatem</span> <span class='ocrx_word' id='word_1_1007' title='bbox 2253 2601 2381 2632; x_wconf 89' lang='lat' dir='ltr'>nostram</span> 
     </span>
     <span class='ocr_line' id='line_1_163' title="bbox 1317 2639 2382 2681; baseline -0.002 -9"><span class='ocrx_word' id='word_1_1008' title='bbox 1317 2641 1499 2681; x_wconf 84' lang='lat' dir='ltr'>Londoniae‚</span> <span class='ocrx_word' id='word_1_1009' title='bbox 1516 2645 1550 2674; x_wconf 78' lang='grc' dir='ltr'>δε</span> <span class='ocrx_word' id='word_1_1010' title='bbox 1565 2643 1629 2673; x_wconf 90' lang='lat' dir='ltr'>alias</span> <span class='ocrx_word' id='word_1_1011' title='bbox 1645 2641 1757 2679; x_wconf 85' lang='lat' dir='ltr'>Partes,</span> <span class='ocrx_word' id='word_1_1012' title='bbox 1774 2651 1842 2671; x_wconf 90' lang='lat' dir='ltr'>cum</span> <span class='ocrx_word' id='word_1_1013' title='bbox 1863 2640 1952 2678; x_wconf 88' lang='lat' dir='ltr'>Equis</span> <span class='ocrx_word' id='word_1_1014' title='bbox 1971 2641 2005 2671; x_wconf 90' lang='lat'>&amp;</span> <span class='ocrx_word' id='word_1_1015' title='bbox 2022 2640 2165 2670; x_wconf 84' lang='lat' dir='ltr'>Herneliis</span> <span class='ocrx_word' id='word_1_1016' title='bbox 2187 2639 2255 2678; x_wconf 86' lang='lat' dir='ltr'>suis,</span> <span class='ocrx_word' id='word_1_1017' title='bbox 2274 2640 2382 2679; x_wconf 87' lang='lat' dir='ltr'>Tergi—</span> 
     </span>
     <span class='ocr_line' id='line_1_164' title="bbox 1316 2678 2381 2719; baseline -0.002 -9"><span class='ocrx_word' id='word_1_1018' title='bbox 1316 2682 1458 2713; x_wconf 86' lang='lat' dir='ltr'>versantur</span> <span class='ocrx_word' id='word_1_1019' title='bbox 1473 2683 1506 2714; x_wconf 75' lang='grc' dir='ltr'>δε</span> <span class='ocrx_word' id='word_1_1020' title='bbox 1521 2680 1738 2717; x_wconf 86' lang='lat' dir='ltr'>Retrocedunt,</span> <span class='ocrx_word' id='word_1_1021' title='bbox 1758 2681 1787 2709; x_wconf 92' lang='lat' dir='ltr'>in</span> <span class='ocrx_word' id='word_1_1022' title='bbox 1800 2689 1914 2719; x_wconf 87' lang='lat' dir='ltr'>gravem</span> <span class='ocrx_word' id='word_1_1023' title='bbox 1930 2678 2019 2708; x_wconf 92' lang='lat' dir='ltr'>nostri</span> <span class='ocrx_word' id='word_1_1024' title='bbox 2034 2678 2247 2716; x_wconf 89' lang='lat' dir='ltr'>Contemptum</span> <span class='ocrx_word' id='word_1_1025' title='bbox 2262 2678 2295 2709; x_wconf 91' lang='lat'>&amp;</span> <span class='ocrx_word' id='word_1_1026' title='bbox 2306 2688 2381 2716; x_wconf 86' lang='lat' dir='ltr'>prae-</span> 
     </span>
     <span class='ocr_line' id='line_1_165' title="bbox 1315 2716 2481 2756; baseline -0.002 -8"><span class='ocrx_word' id='word_1_1027' title='bbox 1315 2719 1451 2755; x_wconf 86' lang='lat' dir='ltr'>judicium</span> <span class='ocrx_word' id='word_1_1028' title='bbox 1463 2742 1473 2756; x_wconf 91' lang='lat'>,</span> <span class='ocrx_word' id='word_1_1029' title='bbox 1488 2729 1521 2750; x_wconf 89' lang='lat' dir='ltr'>ac</span> <span class='ocrx_word' id='word_1_1030' title='bbox 1541 2729 1640 2750; x_wconf 85' lang='lat' dir='ltr'>contra</span> <span class='ocrx_word' id='word_1_1031' title='bbox 1658 2719 1803 2755; x_wconf 84' lang='lat' dir='ltr'>formam,</span> <span class='ocrx_word' id='word_1_1032' title='bbox 1831 2717 1899 2747; x_wconf 92' lang='lat' dir='ltr'>Vim</span> <span class='ocrx_word' id='word_1_1033' title='bbox 1913 2740 1922 2754; x_wconf 92' lang='lat'>,</span> <span class='ocrx_word' id='word_1_1034' title='bbox 1943 2716 1976 2746; x_wconf 69' lang='grc' dir='ltr'>ὃ(</span> <span class='ocrx_word' id='word_1_1035' title='bbox 1996 2717 2015 2735; x_wconf 79' lang='grc'>*</span> <span class='ocrx_word' id='word_1_1036' title='bbox 2034 2716 2174 2747; x_wconf 68' lang='grc' dir='ltr'>είΐεᾶυιτι</span> <span class='ocrx_word' id='word_1_1037' title='bbox 2198 2716 2381 2747; x_wconf 83' lang='lat' dir='ltr'>Retentionis</span> <span class='ocrx_word' id='word_1_1038' title='bbox 2414 2727 2434 2747; x_wconf 70' lang='lat' dir='ltr'>a:</span> <span class='ocrx_word' id='word_1_1039' title='bbox 2455 2728 2481 2755; x_wconf 77' lang='lat' dir='ltr'>x</span> 
     </span>
     <span class='ocr_line' id='line_1_166' title="bbox 1313 2750 2493 2802; baseline -0.001 -16"><span class='ocrx_word' id='word_1_1040' title='bbox 1313 2757 1385 2796; x_wconf 82' lang='lat' dir='ltr'>suae,</span> <span class='ocrx_word' id='word_1_1041' title='bbox 1403 2769 1436 2788; x_wconf 91' lang='lat' dir='ltr'>ac</span> <span class='ocrx_word' id='word_1_1042' title='bbox 1446 2757 1711 2788; x_wconf 74' lang='lat' dir='ltr'>proclamationum</span> <span class='ocrx_word' id='word_1_1043' title='bbox 1728 2757 1756 2785; x_wconf 93' lang='lat' dir='ltr'>in</span> <span class='ocrx_word' id='word_1_1044' title='bbox 1770 2755 1822 2785; x_wconf 92' lang='lat' dir='ltr'>hac</span> <span class='ocrx_word' id='word_1_1045' title='bbox 1840 2764 1917 2792; x_wconf 88' lang='lat' dir='ltr'>parte</span> <span class='ocrx_word' id='word_1_1046' title='bbox 1931 2755 2086 2793; x_wconf 61' lang='lat' dir='ltr'>factarum,</span> <span class='ocrx_word' id='word_1_1047' title='bbox 2101 2764 2217 2785; x_wconf 91' lang='lat' dir='ltr'>necnon</span> <span class='ocrx_word' id='word_1_1048' title='bbox 2225 2754 2317 2794; x_wconf 88' lang='lat' dir='ltr'>Viagii</span> <span class='ocrx_word' id='word_1_1049' title='bbox 2325 2765 2380 2786; x_wconf 89' lang='lat' dir='ltr'>no·</span> <span class='ocrx_word' id='word_1_1050' title='bbox 2394 2767 2462 2802; x_wconf 83' lang='lat'><strong>4⁶0·</strong></span> <span class='ocrx_word' id='word_1_1051' title='bbox 2486 2750 2493 2757; x_wconf 67' lang='lat'>⁸</span> 
     </span>
     <span class='ocr_line' id='line_1_167' title="bbox 1315 2793 1965 2833; baseline -0.002 -9"><span class='ocrx_word' id='word_1_1052' title='bbox 1315 2795 1363 2824; x_wconf 88' lang='lat' dir='ltr'>stri</span> <span class='ocrx_word' id='word_1_1053' title='bbox 1380 2796 1508 2833; x_wconf 67' lang='lat' dir='ltr'>praedieti</span> <span class='ocrx_word' id='word_1_1054' title='bbox 1524 2795 1755 2826; x_wconf 89' lang='lat' dir='ltr'>Retardationem</span> <span class='ocrx_word' id='word_1_1055' title='bbox 1770 2793 1965 2830; x_wconf 89' lang='lat' dir='ltr'>manifestam,</span> 
     </span>
    </p>

    <p class='ocr_par' dir='ltr' id='par_1_80' title="bbox 1313 2830 2380 3028">
     <span class='ocr_line' id='line_1_168' title="bbox 1352 2830 2380 2871; baseline -0.002 -7"><span class='ocrx_word' id='word_1_1056' title='bbox 1352 2834 1420 2865; x_wconf 90' lang='lat' dir='ltr'>Nos</span> <span class='ocrx_word' id='word_1_1057' title='bbox 1441 2836 1554 2871; x_wconf 90' lang='lat' dir='ltr'>(eorum</span> <span class='ocrx_word' id='word_1_1058' title='bbox 1578 2833 1770 2869; x_wconf 83' lang='lat' dir='ltr'>Perverfitati,</span> <span class='ocrx_word' id='word_1_1059' title='bbox 1788 2831 1995 2869; x_wconf 82' lang='lat' dir='ltr'>Contemptui,</span> <span class='ocrx_word' id='word_1_1060' title='bbox 2014 2830 2178 2870; x_wconf 86' lang='lat' dir='ltr'>Praejuditio</span> <span class='ocrx_word' id='word_1_1061' title='bbox 2193 2854 2203 2870; x_wconf 82' lang='lat'>‚</span> <span class='ocrx_word' id='word_1_1062' title='bbox 2219 2832 2253 2864; x_wconf 90' lang='lat'>&amp;</span> <span class='ocrx_word' id='word_1_1063' title='bbox 2278 2830 2380 2863; x_wconf 86' lang='lat' dir='ltr'>Retar-</span> 
     </span>
     <span class='ocr_line' id='line_1_169' title="bbox 1313 2869 2378 2908; baseline -0.003 -5"><span class='ocrx_word' id='word_1_1064' title='bbox 1313 2872 1420 2903; x_wconf 84' lang='lat' dir='ltr'>dationi</span> <span class='ocrx_word' id='word_1_1065' title='bbox 1434 2873 1551 2903; x_wconf 86' lang='lat' dir='ltr'>obviare</span> <span class='ocrx_word' id='word_1_1066' title='bbox 1567 2872 1706 2908; x_wconf 86' lang='lat' dir='ltr'>volentes)</span> <span class='ocrx_word' id='word_1_1067' title='bbox 1722 2871 1821 2907; x_wconf 82' lang='lat' dir='ltr'>vobis,</span> <span class='ocrx_word' id='word_1_1068' title='bbox 1839 2871 1990 2901; x_wconf 64' lang='lat' dir='ltr'>districtius</span> <span class='ocrx_word' id='word_1_1069' title='bbox 2012 2879 2071 2908; x_wconf 93' lang='lat' dir='ltr'>quo</span> <span class='ocrx_word' id='word_1_1070' title='bbox 2092 2870 2239 2908; x_wconf 76' lang='lat' dir='ltr'>possumus</span> <span class='ocrx_word' id='word_1_1071' title='bbox 2259 2869 2378 2901; x_wconf 82' lang='lat' dir='ltr'>firmiter</span> 
     </span>
     <span class='ocr_line' id='line_1_170' title="bbox 1314 2907 2377 2950; baseline -0.002 -9"><span class='ocrx_word' id='word_1_1072' title='bbox 1314 2911 1505 2950; x_wconf 81' lang='lat' dir='ltr'>injungendo,</span> <span class='ocrx_word' id='word_1_1073' title='bbox 1524 2911 1710 2947; x_wconf 89' lang='lat' dir='ltr'>Praecipimus</span> <span class='ocrx_word' id='word_1_1074' title='bbox 1732 2909 1813 2947; x_wconf 79' lang='lat' dir='ltr'>quod</span> <span class='ocrx_word' id='word_1_1075' title='bbox 1834 2909 1946 2947; x_wconf 89' lang='lat' dir='ltr'>statim,</span> <span class='ocrx_word' id='word_1_1076' title='bbox 1962 2908 2024 2939; x_wconf 90' lang='lat' dir='ltr'>visis</span> <span class='ocrx_word' id='word_1_1077' title='bbox 2048 2907 2251 2946; x_wconf 84' lang='lat' dir='ltr'>Praesentibus,</span> <span class='ocrx_word' id='word_1_1078' title='bbox 2268 2908 2298 2937; x_wconf 91' lang='lat' dir='ltr'>in</span> <span class='ocrx_word' id='word_1_1079' title='bbox 2322 2908 2377 2939; x_wconf 86' lang='lat' dir='ltr'>sin—</span> 
     </span>
     <span class='ocr_line' id='line_1_171' title="bbox 1314 2945 2376 2989; baseline -0.001 -9"><span class='ocrx_word' id='word_1_1080' title='bbox 1314 2951 1386 2989; x_wconf 87' lang='lat' dir='ltr'>gulis</span> <span class='ocrx_word' id='word_1_1081' title='bbox 1403 2950 1489 2981; x_wconf 90' lang='lat' dir='ltr'>Locis</span> <span class='ocrx_word' id='word_1_1082' title='bbox 1502 2951 1531 2980; x_wconf 94' lang='lat' dir='ltr'>in</span> <span class='ocrx_word' id='word_1_1083' title='bbox 1547 2948 1671 2980; x_wconf 85' lang='lat' dir='ltr'>Civitatc</span> <span class='ocrx_word' id='word_1_1084' title='bbox 1686 2948 1838 2987; x_wconf 65' lang='lat' dir='ltr'>praedicta,</span> <span class='ocrx_word' id='word_1_1085' title='bbox 1856 2949 1888 2979; x_wconf 90' lang='lat'>&amp;</span> <span class='ocrx_word' id='word_1_1086' title='bbox 1898 2946 2048 2979; x_wconf 90' lang='lat' dir='ltr'>Suburbiis</span> <span class='ocrx_word' id='word_1_1087' title='bbox 2060 2946 2198 2984; x_wconf 89' lang='lat' dir='ltr'>ejusdem,</span> <span class='ocrx_word' id='word_1_1088' title='bbox 2216 2945 2332 2984; x_wconf 76' lang='lat' dir='ltr'>publice</span> <span class='ocrx_word' id='word_1_1089' title='bbox 2339 2955 2376 2979; x_wconf 81' lang='lat' dir='ltr'>ex</span> 
     </span>
     <span class='ocr_line' id='line_1_172' title="bbox 1315 2987 1828 3028; baseline -0.006 -9"><span class='ocrx_word' id='word_1_1090' title='bbox 1315 2998 1392 3028; x_wconf 87' lang='lat' dir='ltr'>parte</span> <span class='ocrx_word' id='word_1_1091' title='bbox 1409 2989 1502 3019; x_wconf 85' lang='lat' dir='ltr'>nostra</span> <span class='ocrx_word' id='word_1_1092' title='bbox 1519 2988 1691 3018; x_wconf 87' lang='lat' dir='ltr'>Proclamari</span> <span class='ocrx_word' id='word_1_1093' title='bbox 1706 2987 1828 3024; x_wconf 84' lang='lat' dir='ltr'>faciatis,</span> 
     </span>
    </p>

    <p class='ocr_par' dir='ltr' id='par_1_81' title="bbox 1313 3021 2398 3212">
     <span class='ocr_line' id='line_1_173' title="bbox 1353 3021 2378 3066; baseline -0.003 -8"><span class='ocrx_word' id='word_1_1094' title='bbox 1353 3027 1406 3058; x_wconf 79' lang='lat' dir='ltr'>Ne</span> <span class='ocrx_word' id='word_1_1095' title='bbox 1429 3029 1489 3066; x_wconf 90' lang='lat' dir='ltr'>quis</span> <span class='ocrx_word' id='word_1_1096' title='bbox 1512 3026 1736 3064; x_wconf 80' lang='lat' dir='ltr'>Capitaneorum</span> <span class='ocrx_word' id='word_1_1097' title='bbox 1760 3025 1804 3055; x_wconf 88' lang='lat' dir='ltr'>seu</span> <span class='ocrx_word' id='word_1_1098' title='bbox 1823 3023 2018 3065; x_wconf 85' lang='lat' dir='ltr'>Soldariorum</span> <span class='ocrx_word' id='word_1_1099' title='bbox 2038 3021 2243 3060; x_wconf 64' lang='lat' dir='ltr'>praedietorum</span> <span class='ocrx_word' id='word_1_1100' title='bbox 2272 3024 2378 3062; x_wconf 88' lang='lat' dir='ltr'>(cujus-</span> 
     </span>
     <span class='ocr_line' id='line_1_174' title="bbox 1314 3060 2374 3104; baseline -0.002 -8"><span class='ocrx_word' id='word_1_1101' title='bbox 1314 3076 1440 3104; x_wconf 90' lang='lat' dir='ltr'>cumque</span> <span class='ocrx_word' id='word_1_1102' title='bbox 1453 3067 1535 3096; x_wconf 87' lang='lat' dir='ltr'>fuerit</span> <span class='ocrx_word' id='word_1_1103' title='bbox 1552 3063 1682 3102; x_wconf 71' lang='lat' dir='ltr'>Gradus,</span> <span class='ocrx_word' id='word_1_1104' title='bbox 1700 3063 1812 3100; x_wconf 72' lang='lat' dir='ltr'>Status,</span> <span class='ocrx_word' id='word_1_1105' title='bbox 1830 3063 1876 3092; x_wconf 88' lang='lat' dir='ltr'>seu</span> <span class='ocrx_word' id='word_1_1106' title='bbox 1892 3060 2084 3098; x_wconf 90' lang='lat' dir='ltr'>Conditionis)</span> <span class='ocrx_word' id='word_1_1107' title='bbox 2102 3061 2128 3091; x_wconf 89' lang='lat' dir='ltr'>se</span> <span class='ocrx_word' id='word_1_1108' title='bbox 2148 3061 2184 3090; x_wconf 88' lang='lat' dir='ltr'>ab</span> <span class='ocrx_word' id='word_1_1109' title='bbox 2206 3061 2308 3092; x_wconf 87' lang='lat' dir='ltr'>Itinere</span> <span class='ocrx_word' id='word_1_1110' title='bbox 2328 3062 2374 3094; x_wconf 87' lang='lat' dir='ltr'>seu</span> 
     </span>
     <span class='ocr_line' id='line_1_175' title="bbox 1314 3097 2376 3144; baseline -0.004 -9"><span class='ocrx_word' id='word_1_1111' title='bbox 1314 3104 1442 3144; x_wconf 80' lang='lat' dir='ltr'>Paffagio</span> <span class='ocrx_word' id='word_1_1112' title='bbox 1456 3105 1506 3135; x_wconf 92' lang='lat' dir='ltr'>suo</span> <span class='ocrx_word' id='word_1_1113' title='bbox 1521 3104 1613 3136; x_wconf 90' lang='lat' dir='ltr'>versus</span> <span class='ocrx_word' id='word_1_1114' title='bbox 1628 3102 1697 3134; x_wconf 88' lang='lat' dir='ltr'>Nos</span> <span class='ocrx_word' id='word_1_1115' title='bbox 1712 3101 1845 3132; x_wconf 85' lang='lat' dir='ltr'>Retrahat</span> <span class='ocrx_word' id='word_1_1116' title='bbox 1877 3108 1931 3129; x_wconf 88' lang='lat' dir='ltr'>nec</span> <span class='ocrx_word' id='word_1_1117' title='bbox 1944 3098 1978 3128; x_wconf 87' lang='lat' dir='ltr'>ad</span> <span class='ocrx_word' id='word_1_1118' title='bbox 1988 3097 2144 3130; x_wconf 89' lang='lat' dir='ltr'>Civitatem</span> <span class='ocrx_word' id='word_1_1119' title='bbox 2157 3099 2283 3130; x_wconf 82' lang='lat' dir='ltr'>nostram</span> <span class='ocrx_word' id='word_1_1120' title='bbox 2292 3100 2376 3132; x_wconf 82' lang='lat' dir='ltr'>Lou-</span> 
     </span>
     <span class='ocr_line' id='line_1_176' title="bbox 1313 3122 2398 3212; baseline -0.003 -39"><span class='ocrx_word' id='word_1_1121' title='bbox 1313 3144 1411 3188; x_wconf 82' lang='lat' dir='ltr'>doniae</span> <span class='ocrx_word' id='word_1_1122' title='bbox 1419 3152 1477 3212; x_wconf 88' lang='lat' dir='ltr'>daut</span> <span class='ocrx_word' id='word_1_1123' title='bbox 1492 3143 1554 3173; x_wconf 86' lang='lat' dir='ltr'>alias</span> <span class='ocrx_word' id='word_1_1124' title='bbox 1570 3142 1664 3172; x_wconf 84' lang='lat' dir='ltr'>Partes</span> <span class='ocrx_word' id='word_1_1125' title='bbox 1681 3139 1827 3179; x_wconf 64' lang='lat' dir='ltr'>praedictas</span> <span class='ocrx_word' id='word_1_1126' title='bbox 1841 3122 2034 3176; x_wconf 74' lang='lat' dir='ltr'>Retrocedat,</span> <span class='ocrx_word' id='word_1_1127' title='bbox 2051 3137 2097 3168; x_wconf 89' lang='lat' dir='ltr'>seu</span> <span class='ocrx_word' id='word_1_1128' title='bbox 2115 3138 2142 3168; x_wconf 91' lang='lat' dir='ltr'>se</span> <span class='ocrx_word' id='word_1_1129' title='bbox 2157 3137 2288 3171; x_wconf 82' lang='lat' dir='ltr'>Divertat</span> <span class='ocrx_word' id='word_1_1130' title='bbox 2303 3149 2377 3178; x_wconf 91' lang='lat' dir='ltr'>quo-</span> <span class='ocrx_word' id='word_1_1131' title='bbox 2394 3158 2398 3162; x_wconf 89' lang='lat'>·</span> 
     </span>
     <span class='ocr_line' id='line_1_177' title="bbox 1313 3192 1457 3212; baseline 0 0"><span class='ocrx_word' id='word_1_1132' title='bbox 1313 3192 1354 3212; x_wconf 88' lang='lat' dir='ltr'>vis</span> <span class='ocrx_word' id='word_1_1133' title='bbox 1367 3192 1417 3212; x_wconf 91' lang='lat' dir='ltr'>mo</span> <span class='ocrx_word' id='word_1_1134' title='bbox 1437 3192 1457 3212; x_wconf 93' lang='lat' dir='ltr'>o</span> 
     </span>
    </p>

    <p class='ocr_par' dir='ltr' id='par_1_82' title="bbox 1309 3204 2373 3372">
     <span class='ocr_line' id='line_1_178' title="bbox 1351 3204 2371 3257; baseline -0.005 -6"><span class='ocrx_word' id='word_1_1135' title='bbox 1351 3204 1474 3257; x_wconf 77' lang='lat' dir='ltr'>Absque&#39;</span> <span class='ocrx_word' id='word_1_1136' title='bbox 1482 3218 1612 3249; x_wconf 70' lang='lat' dir='ltr'>Licentia</span> <span class='ocrx_word' id='word_1_1137' title='bbox 1627 3215 1740 3254; x_wconf 69' lang='lat' dir='ltr'>nostra,</span> <span class='ocrx_word' id='word_1_1138' title='bbox 1755 3215 1800 3245; x_wconf 88' lang='lat' dir='ltr'>seu</span> <span class='ocrx_word' id='word_1_1139' title='bbox 1814 3213 1955 3245; x_wconf 85' lang='lat' dir='ltr'>Cariffimi</span> <span class='ocrx_word' id='word_1_1140' title='bbox 1970 3214 2210 3246; x_wconf 88' lang='lat' dir='ltr'>Avunculinostri</span> <span class='ocrx_word' id='word_1_1141' title='bbox 2226 3215 2371 3254; x_wconf 77' lang='lat' dir='ltr'>Humfridi</span> 
     </span>
     <span class='ocr_line' id='line_1_179' title="bbox 1311 3252 2373 3298; baseline -0.003 -10"><span class='ocrx_word' id='word_1_1142' title='bbox 1311 3262 1394 3289; x_wconf 82' lang='lat' dir='ltr'>Ducis</span> <span class='ocrx_word' id='word_1_1143' title='bbox 1407 3257 1593 3298; x_wconf 69' lang='lat' dir='ltr'>Glaucestriae,</span> <span class='ocrx_word' id='word_1_1144' title='bbox 1610 3254 1745 3286; x_wconf 87' lang='lat' dir='ltr'>Custodis</span> <span class='ocrx_word' id='word_1_1145' title='bbox 1761 3253 1885 3292; x_wconf 77' lang='lat' dir='ltr'>Angliae,</span> <span class='ocrx_word' id='word_1_1146' title='bbox 1904 3252 2023 3284; x_wconf 86' lang='lat' dir='ltr'>Causam</span> <span class='ocrx_word' id='word_1_1147' title='bbox 2037 3252 2196 3292; x_wconf 88' lang='lat' dir='ltr'>hujusmodi</span> <span class='ocrx_word' id='word_1_1148' title='bbox 2216 3252 2373 3285; x_wconf 70' lang='lat' dir='ltr'>Retrocoe-</span> 
     </span>
     <span class='ocr_line' id='line_1_180' title="bbox 1309 3291 2372 3332; baseline -0.006 -4"><span class='ocrx_word' id='word_1_1149' title='bbox 1309 3296 1356 3327; x_wconf 70' lang='lat' dir='ltr'>sus</span> <span class='ocrx_word' id='word_1_1150' title='bbox 1369 3297 1414 3327; x_wconf 90' lang='lat' dir='ltr'>seu</span> <span class='ocrx_word' id='word_1_1151' title='bbox 1428 3295 1550 3327; x_wconf 73' lang='lat' dir='ltr'>Reditsis</span> <span class='ocrx_word' id='word_1_1152' title='bbox 1563 3295 1602 3325; x_wconf 86' lang='lat' dir='ltr'>sui</span> <span class='ocrx_word' id='word_1_1153' title='bbox 1618 3295 1646 3324; x_wconf 89' lang='lat' dir='ltr'>in</span> <span class='ocrx_word' id='word_1_1154' title='bbox 1661 3293 1776 3330; x_wconf 86' lang='lat' dir='ltr'>Scriptis</span> <span class='ocrx_word' id='word_1_1155' title='bbox 1787 3293 1969 3330; x_wconf 84' lang='lat' dir='ltr'>continente,</span> <span class='ocrx_word' id='word_1_1156' title='bbox 1987 3291 2089 3331; x_wconf 86' lang='lat' dir='ltr'>Sigillo</span> <span class='ocrx_word' id='word_1_1157' title='bbox 2100 3291 2200 3323; x_wconf 92' lang='lat' dir='ltr'>nostro</span> <span class='ocrx_word' id='word_1_1158' title='bbox 2214 3291 2259 3323; x_wconf 90' lang='lat' dir='ltr'>seu</span> <span class='ocrx_word' id='word_1_1159' title='bbox 2273 3292 2372 3332; x_wconf 44' lang='lat' dir='ltr'>signes</span> 
     </span>
     <span class='ocr_line' id='line_1_181' title="bbox 1311 3330 1915 3372; baseline -0.008 -7"><span class='ocrx_word' id='word_1_1160' title='bbox 1311 3343 1343 3365; x_wconf 93' lang='lat' dir='ltr'>to</span> <span class='ocrx_word' id='word_1_1161' title='bbox 1355 3335 1476 3372; x_wconf 83' lang='lat' dir='ltr'>ejusdem</span> <span class='ocrx_word' id='word_1_1162' title='bbox 1494 3332 1629 3364; x_wconf 92' lang='lat' dir='ltr'>Custodis</span> <span class='ocrx_word' id='word_1_1163' title='bbox 1644 3330 1784 3371; x_wconf 64' lang='lat' dir='ltr'>sigillata,</span> <span class='ocrx_word' id='word_1_1164' title='bbox 1802 3330 1915 3367; x_wconf 68' lang='lat' dir='ltr'>habita,</span> 
     </span>
    </p>

    <p class='ocr_par' dir='ltr' id='par_1_83' title="bbox 1311 3367 2371 3448">
     <span class='ocr_line' id='line_1_182' title="bbox 1348 3367 2371 3409; baseline -0.002 -6"><span class='ocrx_word' id='word_1_1165' title='bbox 1348 3373 1409 3403; x_wconf 90' lang='lat' dir='ltr'>Sub</span> <span class='ocrx_word' id='word_1_1166' title='bbox 1430 3372 1522 3402; x_wconf 84' lang='lat' dir='ltr'>Poena</span> <span class='ocrx_word' id='word_1_1167' title='bbox 1543 3370 1706 3402; x_wconf 85' lang='lat' dir='ltr'>Amiffionis</span> <span class='ocrx_word' id='word_1_1168' title='bbox 1725 3369 1876 3407; x_wconf 85' lang='lat' dir='ltr'>Equorum</span> <span class='ocrx_word' id='word_1_1169' title='bbox 1897 3369 1931 3399; x_wconf 88' lang='lat'>&amp;</span> <span class='ocrx_word' id='word_1_1170' title='bbox 1950 3367 2158 3399; x_wconf 80' lang='lat' dir='ltr'>Hernefiorum</span> <span class='ocrx_word' id='word_1_1171' title='bbox 2180 3367 2293 3400; x_wconf 88' lang='lat' dir='ltr'>suorum</span> <span class='ocrx_word' id='word_1_1172' title='bbox 2307 3391 2318 3409; x_wconf 89' lang='lat'>,</span> <span class='ocrx_word' id='word_1_1173' title='bbox 2336 3379 2371 3401; x_wconf 86' lang='lat' dir='ltr'>ac</span> 
     </span>
     <span class='ocr_line' id='line_1_183' title="bbox 1311 3405 2265 3448; baseline -0.003 -7"><span class='ocrx_word' id='word_1_1174' title='bbox 1311 3410 1557 3448; x_wconf 88' lang='lat' dir='ltr'>Imprisonamenti</span> <span class='ocrx_word' id='word_1_1175' title='bbox 1571 3409 1738 3447; x_wconf 87' lang='lat' dir='ltr'>Corporum</span> <span class='ocrx_word' id='word_1_1176' title='bbox 1754 3408 1868 3438; x_wconf 91' lang='lat' dir='ltr'>suorum</span> <span class='ocrx_word' id='word_1_1177' title='bbox 1881 3406 1915 3437; x_wconf 91' lang='lat' dir='ltr'>ad</span> <span class='ocrx_word' id='word_1_1178' title='bbox 1922 3406 2108 3437; x_wconf 76' lang='lat' dir='ltr'>Voluntatem</span> <span class='ocrx_word' id='word_1_1179' title='bbox 2124 3405 2265 3446; x_wconf 88' lang='lat' dir='ltr'>nostram,</span> 
     </span>
    </p>

    <p class='ocr_par' dir='ltr' id='par_1_84' title="bbox 1310 3445 2370 3716">
     <span class='ocr_line' id='line_1_184' title="bbox 1347 3445 2370 3488; baseline -0.003 -10"><span class='ocrx_word' id='word_1_1180' title='bbox 1347 3449 1384 3479; x_wconf 86' lang='lat' dir='ltr'>Et</span> <span class='ocrx_word' id='word_1_1181' title='bbox 1399 3459 1499 3480; x_wconf 86' lang='lat' dir='ltr'>omnes</span> <span class='ocrx_word' id='word_1_1182' title='bbox 1514 3450 1547 3480; x_wconf 88' lang='lat'>&amp;</span> <span class='ocrx_word' id='word_1_1183' title='bbox 1565 3448 1685 3488; x_wconf 86' lang='lat' dir='ltr'>singulos</span> <span class='ocrx_word' id='word_1_1184' title='bbox 1699 3446 1859 3483; x_wconf 85' lang='lat' dir='ltr'>huiusmodi</span> <span class='ocrx_word' id='word_1_1185' title='bbox 1872 3445 2042 3483; x_wconf 87' lang='lat' dir='ltr'>Capitaneos</span> <span class='ocrx_word' id='word_1_1186' title='bbox 2056 3445 2101 3476; x_wconf 90' lang='lat' dir='ltr'>seu</span> <span class='ocrx_word' id='word_1_1187' title='bbox 2113 3445 2269 3484; x_wconf 86' lang='lat' dir='ltr'>Soldarios,</span> <span class='ocrx_word' id='word_1_1188' title='bbox 2282 3455 2370 3484; x_wconf 87' lang='lat' dir='ltr'>quos,</span> 
     </span>
     <span class='ocr_line' id='line_1_185' title="bbox 1310 3484 2370 3525; baseline -0.005 -7"><span class='ocrx_word' id='word_1_1189' title='bbox 1310 3487 1376 3525; x_wconf 89' lang='lat' dir='ltr'>post</span> <span class='ocrx_word' id='word_1_1190' title='bbox 1398 3488 1432 3518; x_wconf 85' lang='lat'>&amp;</span> <span class='ocrx_word' id='word_1_1191' title='bbox 1455 3497 1555 3518; x_wconf 90' lang='lat' dir='ltr'>contra</span> <span class='ocrx_word' id='word_1_1192' title='bbox 1576 3486 1837 3518; x_wconf 77' lang='lat' dir='ltr'>proclamationem</span> <span class='ocrx_word' id='word_1_1193' title='bbox 1858 3484 2036 3522; x_wconf 67' lang='lat' dir='ltr'>praedictam,</span> <span class='ocrx_word' id='word_1_1194' title='bbox 2053 3484 2214 3514; x_wconf 87' lang='lat' dir='ltr'>inveneritis</span> <span class='ocrx_word' id='word_1_1195' title='bbox 2233 3484 2370 3514; x_wconf 74' lang='lat' dir='ltr'>contraria</span> 
     </span>
     <span class='ocr_line' id='line_1_186' title="bbox 1310 3520 2369 3564; baseline -0.006 -8"><span class='ocrx_word' id='word_1_1196' title='bbox 1310 3525 1460 3564; x_wconf 75' lang='lat' dir='ltr'>facientes,</span> <span class='ocrx_word' id='word_1_1197' title='bbox 1477 3526 1533 3556; x_wconf 85' lang='lat' dir='ltr'>sine</span> <span class='ocrx_word' id='word_1_1198' title='bbox 1546 3526 1698 3562; x_wconf 87' lang='lat' dir='ltr'>dilatione,</span> <span class='ocrx_word' id='word_1_1199' title='bbox 1716 3524 1772 3554; x_wconf 78' lang='lat' dir='ltr'>una</span> <span class='ocrx_word' id='word_1_1200' title='bbox 1792 3532 1860 3554; x_wconf 89' lang='lat' dir='ltr'>cum</span> <span class='ocrx_word' id='word_1_1201' title='bbox 1880 3522 1969 3559; x_wconf 84' lang='lat' dir='ltr'>Equis</span> <span class='ocrx_word' id='word_1_1202' title='bbox 1989 3523 2023 3554; x_wconf 87' lang='lat'>&amp;</span> <span class='ocrx_word' id='word_1_1203' title='bbox 2042 3521 2185 3553; x_wconf 89' lang='lat' dir='ltr'>Hernesiis</span> <span class='ocrx_word' id='word_1_1204' title='bbox 2205 3522 2256 3551; x_wconf 91' lang='lat' dir='ltr'>suis</span> <span class='ocrx_word' id='word_1_1205' title='bbox 2288 3520 2369 3551; x_wconf 81' lang='lat' dir='ltr'>raedi-</span> 
     </span>
     <span class='ocr_line' id='line_1_187' title="bbox 1311 3558 2366 3602; baseline -0.006 -7"><span class='ocrx_word' id='word_1_1206' title='bbox 1311 3565 1381 3602; x_wconf 66' lang='lat' dir='ltr'>ctis,</span> <span class='ocrx_word' id='word_1_1207' title='bbox 1400 3564 1521 3595; x_wconf 90' lang='lat' dir='ltr'>Arestari</span> <span class='ocrx_word' id='word_1_1208' title='bbox 1535 3565 1569 3594; x_wconf 69' lang='grc' dir='ltr'>ὅ(</span> <span class='ocrx_word' id='word_1_1209' title='bbox 1585 3563 1677 3601; x_wconf 86' lang='lat' dir='ltr'>Capi,</span> <span class='ocrx_word' id='word_1_1210' title='bbox 1694 3563 1727 3593; x_wconf 89' lang='lat'>&amp;</span> <span class='ocrx_word' id='word_1_1211' title='bbox 1741 3561 1891 3599; x_wconf 80' lang='lat' dir='ltr'>Corporai</span> <span class='ocrx_word' id='word_1_1212' title='bbox 1913 3561 2008 3591; x_wconf 91' lang='lat' dir='ltr'>sorum</span> <span class='ocrx_word' id='word_1_1213' title='bbox 2024 3560 2220 3591; x_wconf 82' lang='lat' dir='ltr'>Arestatorum</span> <span class='ocrx_word' id='word_1_1214' title='bbox 2235 3561 2265 3589; x_wconf 90' lang='lat' dir='ltr'>in</span> <span class='ocrx_word' id='word_1_1215' title='bbox 2297 3558 2366 3591; x_wconf 83' lang='lat' dir='ltr'>riso-</span> 
     </span>
     <span class='ocr_line' id='line_1_188' title="bbox 1311 3596 2366 3640; baseline -0.009 -7"><span class='ocrx_word' id='word_1_1216' title='bbox 1311 3613 1345 3633; x_wconf 89' lang='lat' dir='ltr'>na</span> <span class='ocrx_word' id='word_1_1217' title='bbox 1361 3603 1473 3640; x_wconf 86' lang='lat' dir='ltr'>nostra,</span> <span class='ocrx_word' id='word_1_1218' title='bbox 1490 3612 1523 3633; x_wconf 92' lang='lat' dir='ltr'>ac</span> <span class='ocrx_word' id='word_1_1219' title='bbox 1540 3602 1637 3640; x_wconf 86' lang='lat' dir='ltr'>Equos</span> <span class='ocrx_word' id='word_1_1220' title='bbox 1650 3602 1684 3633; x_wconf 92' lang='lat'>&amp;</span> <span class='ocrx_word' id='word_1_1221' title='bbox 1698 3599 1835 3631; x_wconf 87' lang='lat' dir='ltr'>Hernesia</span> <span class='ocrx_word' id='word_1_1222' title='bbox 1848 3599 1893 3630; x_wconf 93' lang='lat' dir='ltr'>sua</span> <span class='ocrx_word' id='word_1_1223' title='bbox 1921 3598 2058 3637; x_wconf 81' lang='lat' dir='ltr'>ujusmodi</span> <span class='ocrx_word' id='word_1_1224' title='bbox 2070 3598 2121 3629; x_wconf 94' lang='lat' dir='ltr'>sub</span> <span class='ocrx_word' id='word_1_1225' title='bbox 2133 3597 2214 3628; x_wconf 83' lang='lat' dir='ltr'>Salva</span> <span class='ocrx_word' id='word_1_1226' title='bbox 2230 3597 2264 3627; x_wconf 75' lang='grc' dir='ltr'>δί</span> <span class='ocrx_word' id='word_1_1227' title='bbox 2277 3596 2366 3628; x_wconf 85' lang='lat' dir='ltr'>Secu.</span> 
     </span>
     <span class='ocr_line' id='line_1_189' title="bbox 1310 3633 2366 3679; baseline -0.004 -8"><span class='ocrx_word' id='word_1_1228' title='bbox 1310 3652 1338 3671; x_wconf 90' lang='lat' dir='ltr'>ra</span> <span class='ocrx_word' id='word_1_1229' title='bbox 1355 3641 1494 3671; x_wconf 89' lang='lat' dir='ltr'>Custodia</span> <span class='ocrx_word' id='word_1_1230' title='bbox 1504 3663 1515 3679; x_wconf 83' lang='lat'>,</span> <span class='ocrx_word' id='word_1_1231' title='bbox 1533 3640 1678 3678; x_wconf 89' lang='lat' dir='ltr'>quousque</span> <span class='ocrx_word' id='word_1_1232' title='bbox 1697 3649 1751 3677; x_wconf 92' lang='lat' dir='ltr'>pro</span> <span class='ocrx_word' id='word_1_1233' title='bbox 1772 3648 1872 3668; x_wconf 90' lang='lat' dir='ltr'>eorum</span> <span class='ocrx_word' id='word_1_1234' title='bbox 1889 3637 2098 3669; x_wconf 88' lang='lat' dir='ltr'>Deliberatione</span> <span class='ocrx_word' id='word_1_1235' title='bbox 2114 3636 2192 3668; x_wconf 88' lang='lat' dir='ltr'>aliter</span> <span class='ocrx_word' id='word_1_1236' title='bbox 2204 3633 2366 3667; x_wconf 85' lang='lat' dir='ltr'>duxerimus</span> 
     </span>
     <span class='ocr_line' id='line_1_190' title="bbox 1311 3676 2184 3716; baseline -0.006 -7"><span class='ocrx_word' id='word_1_1237' title='bbox 1311 3679 1528 3716; x_wconf 88' lang='lat' dir='ltr'>Ordinandurn,</span> <span class='ocrx_word' id='word_1_1238' title='bbox 1544 3680 1611 3716; x_wconf 90' lang='lat' dir='ltr'>poni</span> <span class='ocrx_word' id='word_1_1239' title='bbox 1626 3688 1658 3709; x_wconf 90' lang='lat' dir='ltr'>ac</span> <span class='ocrx_word' id='word_1_1240' title='bbox 1675 3677 1812 3709; x_wconf 87' lang='lat' dir='ltr'>custodiri</span> <span class='ocrx_word' id='word_1_1241' title='bbox 1825 3676 1945 3707; x_wconf 87' lang='lat' dir='ltr'>faciatis:</span> <span class='ocrx_word' id='word_1_1242' title='bbox 2157 3710 2162 3716; x_wconf 37' lang='lat'><em>¹</em></span> <span class='ocrx_word' id='word_1_1243' title='bbox 2178 3711 2184 3716; x_wconf 42' lang='grc'><em>·</em></span> 
     </span>
    </p>

    <p class='ocr_par' dir='ltr' id='par_1_85' title="bbox 1307 3710 2365 3827">
     <span class='ocr_line' id='line_1_191' title="bbox 1348 3710 2364 3756; baseline -0.006 -8"><span class='ocrx_word' id='word_1_1244' title='bbox 1348 3717 1386 3748; x_wconf 90' lang='lat' dir='ltr'>Et</span> <span class='ocrx_word' id='word_1_1245' title='bbox 1406 3718 1464 3747; x_wconf 87' lang='lat' dir='ltr'>hoc</span> <span class='ocrx_word' id='word_1_1246' title='bbox 1476 3740 1487 3756; x_wconf 89' lang='lat'>,</span> <span class='ocrx_word' id='word_1_1247' title='bbox 1510 3718 1580 3747; x_wconf 86' lang='lat' dir='ltr'>iicut</span> <span class='ocrx_word' id='word_1_1248' title='bbox 1606 3716 1675 3747; x_wconf 84' lang='lat' dir='ltr'>Nos</span> <span class='ocrx_word' id='word_1_1249' title='bbox 1697 3717 1732 3747; x_wconf 65' lang='grc' dir='ltr'>ὃς</span> <span class='ocrx_word' id='word_1_1250' title='bbox 1758 3715 1914 3746; x_wconf 85' lang='lat' dir='ltr'>Honorem</span> <span class='ocrx_word' id='word_1_1251' title='bbox 1937 3712 2066 3744; x_wconf 78' lang='lat' dir='ltr'>nostrum</span> <span class='ocrx_word' id='word_1_1252' title='bbox 2087 3710 2135 3741; x_wconf 84' lang='lat' dir='ltr'>di·</span> <span class='ocrx_word' id='word_1_1253' title='bbox 2156 3718 2197 3740; x_wconf 86' lang='lat' dir='ltr'>itis</span> <span class='ocrx_word' id='word_1_1254' title='bbox 2212 3731 2223 3748; x_wconf 89' lang='lat'>,</span> <span class='ocrx_word' id='word_1_1255' title='bbox 2247 3720 2281 3741; x_wconf 91' lang='lat' dir='ltr'>ac</span> <span class='ocrx_word' id='word_1_1256' title='bbox 2300 3719 2364 3750; x_wconf 86' lang='lat' dir='ltr'>gra-</span> 
     </span>
     <span class='ocr_line' id='line_1_192' title="bbox 1310 3751 2365 3800; baseline -0.005 -14"><span class='ocrx_word' id='word_1_1257' title='bbox 1310 3766 1376 3800; x_wconf 86' lang='lat' dir='ltr'>vem</span> <span class='ocrx_word' id='word_1_1258' title='bbox 1395 3756 1622 3795; x_wconf 75' lang='lat' dir='ltr'>indignationem</span> <span class='ocrx_word' id='word_1_1259' title='bbox 1642 3753 1769 3785; x_wconf 87' lang='lat' dir='ltr'>nostram</span> <span class='ocrx_word' id='word_1_1260' title='bbox 1788 3754 1894 3786; x_wconf 84' lang='lat' dir='ltr'>evitare</span> <span class='ocrx_word' id='word_1_1261' title='bbox 1916 3752 2056 3786; x_wconf 81' lang='lat' dir='ltr'>volueritis</span> <span class='ocrx_word' id='word_1_1262' title='bbox 2068 3771 2079 3789; x_wconf 93' lang='lat'>,</span> <span class='ocrx_word' id='word_1_1263' title='bbox 2101 3757 2121 3779; x_wconf 89' lang='lat' dir='ltr'>n</span> <span class='ocrx_word' id='word_1_1264' title='bbox 2161 3758 2256 3780; x_wconf 91' lang='lat' dir='ltr'>atenus</span> <span class='ocrx_word' id='word_1_1265' title='bbox 2275 3751 2365 3782; x_wconf 88' lang='lat' dir='ltr'>ornit-</span> 
     </span>
     <span class='ocr_line' id='line_1_193' title="bbox 1307 3804 1378 3827; baseline -0.028 -2"><span class='ocrx_word' id='word_1_1266' title='bbox 1307 3804 1378 3827; x_wconf 87' lang='lat' dir='ltr'>tatis.</span> 
     </span>
    </p>
   </div>
   <div class='ocr_carea' id='block_1_30' title="bbox 1345 3831 2257 3896">
    <p class='ocr_par' dir='ltr' id='par_1_86' title="bbox 1345 3831 2257 3896">
     <span class='ocr_line' id='line_1_194' title="bbox 1345 3831 1577 3869; baseline -0.013 -5"><span class='ocrx_word' id='word_1_1267' title='bbox 1345 3831 1436 3867; x_wconf 83' lang='lat' dir='ltr'>Teste</span> <span class='ocrx_word' id='word_1_1268' title='bbox 1448 3839 1478 3863; x_wconf 85' lang='lat' dir='ltr'>ut</span> <span class='ocrx_word' id='word_1_1269' title='bbox 1490 3831 1577 3869; x_wconf 85' lang='lat' dir='ltr'>supra.</span> 
     </span>
     <span class='ocr_line' id='line_1_195' title="bbox 2034 3862 2257 3896; baseline 0.013 -3"><span class='ocrx_word' id='word_1_1270' title='bbox 2034 3864 2089 3894; x_wconf 80' lang='lat' dir='ltr'>Per</span> <span class='ocrx_word' id='word_1_1271' title='bbox 2105 3862 2257 3896; x_wconf 76' lang='lat' dir='ltr'>Concilium.</span> 
     </span>
    </p>
   </div>
  </div>
 </body>
</html>
