2562 4274
720 150 832 192 ET
916 150 1184 191 ACTA
1272 151 1750 200 PUBLICA.

20 235 96 268 Ann.
113 233 153 265 D„
172 235 252 264 cardo
275 233 436 274 Brinkeley,
453 231 592 272 Clericis,
613 242 647 264 ac
665 231 771 278 stomfe
787 232 979 272 warnhargh,
996 236 1039 265 W
1038 232 1144 265 illielmo
1159 234 1238 266 {Val-
1273 245 1414 268 curatores
1428 248 1591 280 acceptare,

40 284 125 315 1403.
170 273 268 312 derne,
286 274 319 304 ὃ(
334 273 439 302 Thomae
459 271 583 310 Colrede,
600 271 779 311 Armigeris,
796 273 930 304 Salutem.

20 320 84 344 Hm.
102 325 131 350 4.
207 312 306 342 Sciatis
324 310 423 348 quod,

2280 173 2330 213 59

1306 275 1353 305 Ac
1373 275 1546 309 Collationes
1564 282 1597 310 ὃς
1617 279 1794 313 investituras
1809 305 1819 321 ,
1847 282 1883 313 de
1900 281 1969 320 Jure
1994 281 2039 313 vel
2058 280 2269 313 Consuetudine
2286 292 2329 314 re·
2348 245 2476 328 {aiz-¹31),

207 349 288 380 Cum
308 351 441 378 Henricus
463 351 552 377 Comes
574 345 779 377 Northumbriae
793 371 803 386 ,
820 357 908 386 nuper
923 346 1154 379 Constabularius
1170 349 1232 380 An—

168 389 289 432 gliaeJin
308 386 430 425 quadarn
449 387 579 429 praetensa
598 385 689 417 Causa
708 385 814 425 injustae
833 386 1044 430 Occupationis
1066 387 1100 418 δι’.
1118 387 1231 434 Deten-

167 424 730 501 ἳοὶῗηῖἑκὶἓὲἓῃῗ12ξῖἳὲἳηῖεὲῲέῧίξέ
740 424 958 495 1)ῗῶῗέἶὲΡὲ
963 425 1228 502 ὃᾶέῗέῗυῗῖἔὲἑὲῗ

165 476 436 538 ῐέηάἱωῐ)’1ἱοόενιι”
455 501 562 544 Hauley
582 486 728 539 Ar'tnigeri
743 502 891 540 defuncti,
905 501 964 537 (ξφα.
989 509 1071 541 prout
1083 502 1169 542 fitpra
1195 504 1226 533 de

167 541 294 609 quelssg
308 543 487 617 {ggeagpiigd
507 576 782 618 Wstmonasterium,
802 579 898 617 primo
913 578 958 609 die
973 578 1163 611 Novembris.

453 704 547 748 Super
570 699 733 735 Rebellione
753 705 939 753 Percyorum.

163 785 291 844 REX
314 785 492 819 Vicecomiti
507 786 748 827 Northumbriae,
763 787 897 819 Salutem.

255 825 444 864 Praecipitnus
463 825 536 856 Tibi
552 849 562 865 ,
584 825 700 858 firmiter
722 827 914 867 injungentes,
930 824 1011 864 quod
1031 823 1139 868 statim,
1161 825 1225 856 visis

163 864 360 903 praesentibus,
374 865 404 897 in
419 864 543 902 Singulis
556 865 626 896 locis
639 866 668 895 iri
684 865 786 897 Balliva
799 874 844 896 tua
858 887 868 904 ‚
897 865 947 895 ubi
971 864 1071 894 melius
1092 865 1225 902 expedire

163 903 284 942 videris,
296 904 411 942 publice
426 903 597 941 proclamari
611 903 712 942 facias,

140 957 147 964 ·
200 942 312 982 Qiod,
327 950 388 973 tam
405 941 520 973 Omnes
541 943 575 973 &
594 941 704 980 Singuli
719 964 729 980 ,
759 942 808 980 qui
828 941 889 972 t'am
904 939 982 970 tarde
995 947 1093 971 contra
1107 940 1175 971 Nos
1188 942 1222 973 &

165 980 340 1020 Ligeantiam
352 979 520 1018 suam,cum
535 980 636 1011 Thoma
654 981 686 1010 de
701 982 781 1017 Percy
796 989 834 1010 nu
854 989 883 1010 er
899 977 1018 1009 Comite
1031 979 1222 1020 Wygorniae,

164 1019 198 1050 &
217 1022 335 1049 Henrico
353 1020 385 1050 de
403 1021 485 1060 Percy
497 1019 522 1048 le
535 1022 619 1056 Fitz,
634 1028 667 1048 ac
683 1017 758 1056 aliis,
777 1027 830 1055 pro
852 1018 933 1048 inorie
948 1018 1150 1048 insurrexerunt
1159 1026 1221 1056 ,aut

163 1058 199 1089 de
216 1057 330 1088 Affensu
340 1081 349 1096 ,
360 1057 515 1094 Concilio,
529 1056 574 1086 vel
591 1057 793 1087 Abettamento
808 1056 976 1087 eorumdem
990 1056 1221 1087 Thomae&Hen-

162 1099 228 1134 rici,
246 1097 279 1127 &
295 1096 321 1127 se
337 1096 486 1127 occasione
497 1095 543 1124 illa
555 1102 742 1132 retraxerunt,
758 1096 844 1133 quam
860 1104 963 1126 omnes
984 1095 1042 1134 illi,
1063 1096 1112 1135 qui
1133 1096 1168 1125 ali
1190 1106 1222 1126 ua

162 1134 261 1165 Castra
276 1134 370 1165 nostra
383 1134 428 1164 seu
450 1134 567 1163 aliorum
583 1143 849 1172 quorumcumque,
864 1135 894 1164 in
910 1131 1059 1164 Comitatu
1073 1134 1160 1171 praedi
1193 1144 1222 1173 o,

160 1173 206 1203 seu
224 1172 308 1211 alibi,
325 1172 394 1202 infra
412 1171 551 1209 Regnum
570 1171 699 1202 nostrum
715 1172 829 1209 Angliae
843 1195 852 1210 ,
879 1172 924 1202 seu
944 1173 973 1202 in
993 1171 1129 1203 Marchiis
1150 1173 1222 1203 Sco-

162 1213 211 1242 tiae
226 1211 317 1242 eidem
333 1209 490 1240 Comitatui
505 1209 694 1248 adjacentibus
708 1233 720 1249 ,
739 1220 808 1241 cum
827 1211 959 1242 Potentia
975 1212 1008 1241 ὃς
1029 1211 1222 1248 Fortitudine,

160 1259 262 1280 contra
274 1250 334 1280 vim
350 1250 384 1280 ὃ(
399 1248 537 1279 effectum
554 1248 709 1279 Literarum
722 1250 757 1281 &
770 1248 975 1281 Mandatorum
987 1249 1146 1278 nostrorum
1157 1250 1222 1286 ,iub

160 1297 271 1326 magno
287 1287 391 1324 Sigillo
404 1286 502 1317 nostro
516 1287 716 1318 confectorum
730 1310 741 1325 ,
760 1289 794 1319 &
822 1290 859 1318 eis
879 1287 1047 1318 sufficienter
1062 1287 1224 1318 notificato-

160 1336 226 1356 rum
240 1348 251 1365 ,
284 1334 379 1356 tenent
400 1325 445 1356 seu
465 1331 625 1363 occupant,
640 1326 685 1355 seu
705 1335 754 1364 per
774 1327 841 1356 alios
862 1326 950 1357 teneri
967 1327 1000 1357 δε
1019 1326 1158 1363 occupari
1180 1325 1221 1356 fa-

159 1365 257 1403 ciunt,
272 1372 355 1401 penes
369 1362 550 1399 Praesentiam
564 1364 706 1403 nostram,
729 1373 782 1401 pro
803 1363 904 1396 Gratia
924 1363 1019 1394 nostra
1035 1365 1063 1394 in
1079 1364 1132 1394 hac
1149 1373 1224 1402 parte

158 1402 331 1441 optinenda,
349 1403 419 1433 citra
434 1400 554 1432 Festum
570 1401 738 1440 Epiphaniae
760 1401 901 1442 Domini,
922 1403 1055 1440 proximo
1078 1402 1202 1433 futurum
1213 1426 1223 1440 ‚

157 1441 194 1472 ad
209 1442 340 1510 Ultfflum
348 1462 359 1484 ².
380 1440 579 1479 prosequantur
593 1463 604 1479 ,
629 1440 731 1480 absque
756 1440 902 1473 Dilatione
916 1440 1038 1472 ulteriori
1052 1440 1097 1472 seu
1112 1441 1225 1472 excusa—

156 1488 237 1512 tione
308 1478 373 1547 ualli
452 1502 454 1504 -

197 1489 343 1558 Quodgue
397 1524 430 1546 os
443 1516 499 1555 eis,
514 1518 548 1548 &
563 1516 677 1548 cuilibet
692 1527 791 1548 eorum
801 1540 810 1555 ‚
825 1516 863 1547 fic
877 1526 962 1555 penes
976 1517 1062 1556 Nos,
1085 1519 1154 1549 citra
1169 1518 1224 1550 Fe-

158 1555 237 1588 stum
249 1555 420 1595 praediolum
451 1554 582 1594 prosequi
601 1556 710 1587 volenti
761 1555 874 1594 plenam
901 1557 1140 1588 Pardonationem
1155 1580 1165 1596 ,
1186 1557 1222 1588 de

159 1593 334 1626 omnimodis
353 1577 581 1633 Prod’itionibus,
602 1594 708 1626 insurre
741 1595 867 1632 ionibus,
888 1595 1028 1633 Feloniis,
1047 1595 1222 1626 Rebellioni-

158 1634 211 1665 bus
230 1630 514 1671 &Mesprifionibus
529 1656 539 1671 ,
563 1643 597 1663 ac
623 1633 682 1663 aliis
703 1632 981 1672 Transgreffionibus
1003 1635 1035 1665 &
1059 1633 1221 1666 Malefaetis

156 1672 399 1711 quibuscumque,
414 1681 464 1710 per
475 1670 550 1708 ipsos
563 1673 593 1702 in
608 1672 661 1703 hac
678 1681 755 1710 parte
770 1672 996 1711 perpetratis-,de
1011 1673 1110 1704 Gratia
1124 1673 1222 1704 nostra

154 1711 268 1750 speciali
284 1709 343 1742 fieri
357 1710 511 1747 faciemus,

194 1749 368 1780 Proclamari
388 1749 472 1780 facias
494 1749 579 1780 etiam
603 1748 683 1788 quod
704 1748 770 1780 Nos
792 1749 906 1780 Omnes
927 1749 1005 1787 illos,
1030 1751 1078 1788 qui
1095 1749 1131 1780 de
1148 1760 1223 1788 prae-

157 1787 247 1819 rniffis
267 1786 356 1818 Malis
373 1795 421 1819 aut
444 1797 545 1818 eorum
562 1788 657 1827 aliquo
673 1788 823 1826 culpabiles
843 1787 982 1828 existunt,
997 1790 1030 1820 &
1046 1788 1153 1820 Gratiae
1169 1799 1223 1819 no-

156 1826 220 1857 strae
235 1827 265 1856 in
279 1826 334 1858 hac
348 1835 424 1864 parte
438 1825 598 1858 submittere
614 1827 764 1865 noluerint,
772 1837 825 1857 nec
842 1827 1080 1859 Pardonationem
1095 1827 1222 1858 nostram

156 1864 319 1904 hujusmodi
341 1865 412 1896 citra
426 1864 539 1895 Festum
560 1865 732 1904 praedid'tum
748 1865 880 1905 prosequi
895 1867 1048 1904 voluerint,
1062 1865 1152 1906 elapso
1169 1866 1223 1897 Fe-

157 1903 202 1934 sto
218 1903 374 1943 praedicto,
384 1905 461 1942 quta
480 1913 579 1935 eorum
595 1903 743 1935 Demetita
758 1905 792 1935 &
810 1913 897 1943 prout
916 1905 952 1936 de
969 1904 1052 1944 Jure,
1067 1905 1100 1935 &
1123 1904 1221 1935 secun-

155 1941 227 1972 dum
252 1942 359 1982 Legem
384 1944 418 1974 &
442 1941 686 1974 Consuetudinem
701 1943 798 1983 Regni
818 1943 908 1974 nostri
930 1944 1065 1982 Angliae,
1078 1943 1160 1974 fuerit
1180 1944 1219 1975 fa-

157 1979 313 2018 ciendum,
329 1982 421 2018 puniri
438 1981 584 2012 faciemus.

190 2017 281 2050 Teste
306 2018 390 2058 Rege
407 2019 483 2058 apud
500 2019 761 2060 Wstmonasterium
770 2043 781 2060 ,
798 2020 866 2058 xxii.
881 2019 928 2052 die
952 2019 1143 2052 Novembris.

920 2100 975 2128 Per
992 2097 1074 2138 ipfiaem
1082 2100 1185 2136 Regem.

158 2170 330 2203 consimilia
343 2171 443 2203 Brevia
456 2172 619 2209 diriguntur
635 2173 868 2206 Vicecomitibus
880 2175 1053 2214 subscriptis,
1073 2177 1102 2206 in
1117 2174 1224 2207 Comi-

316 2212 417 2242 tatibus
433 2212 608 2253 subscriptis,
623 2212 674 2244 sub
689 2213 790 2245 eadem
806 2213 901 2252 Data,
916 2214 1066 2252 Videlicet,

190 2287 347 2318 Vicecomiti
375 2287 481 2317 Cumbr.

197 2327 226 2355 V
225 2328 349 2356 icet-omiti
366 2324 516 2365 Wstmerl.

191 2366 220 2393 V
218 2367 346 2394 icecomiti
362 2365 492 2395 Eborum.

287 2489 309 2511 *
343 2492 402 2522 Pro
425 2489 678 2534 Univerfitatibus
694 2492 808 2525 Oxonii
822 2495 859 2531 ὠ·
878 2490 1079 2537 Camebrt'giie.

252 2574 282 2604 X
308 2574 471 2612 Omnibus,
494 2575 528 2605 ad
547 2577 708 2613 quos,&c.
744 2576 881 2608 Salutem.

251 2613 354 2644 Sciatis
373 2612 452 2651 quod
471 2612 559 2651 Nos,

194 2650 241 2681 Ad
258 2651 413 2685 Honorem
434 2650 650 2689 Omnipotentis
672 2650 729 2683 Dei
753 2653 801 2690 (in
824 2652 904 2690 cujus
926 2652 1072 2684 Clementi
1093 2652 1220 2683 Bonitate

158 2689 192 2721 &
215 2700 274 2720 non
295 2691 324 2720 in
342 2690 397 2720 alio
419 2689 498 2734 spem
511 2690 620 2729 semper
635 2690 794 2729 posuimus,
811 2692 845 2723 &
863 2691 1014 2728 habemus)
1034 2701 1148 2722 necnon
1164 2690 1222 2722 Ca-

104 2739 110 2746 ·
158 2729 244 2758 ritatis
267 2729 385 2768 intuitu,
401 2738 435 2759 ac
452 2739 483 2759 m
501 2728 581 2760 Cleri
600 2729 633 2760 &
654 2729 770 2760 Virtutis
789 2738 971 2768 augmentum
988 2753 997 2767 ,
1025 2738 1055 2760 ut
1078 2731 1105 2759 in
1128 2730 1220 2760 Vinea

131 2782 136 2787 ·
158 2765 285 2798 Domini
309 2766 375 2801 tales
394 2765 525 2801 Cultores
539 2776 679 2806 ponantur
700 2767 903 2807 imposterum,
920 2778 1043 2806 quorum
1064 2767 1222 2806 Industria,

131 2819 137 2825 -
156 2804 295 2843 Scientia,
310 2805 454 2836 Doctrina
468 2830 477 2843 ‚
504 2807 538 2838 &
561 2805 787 2837 Conversatione
804 2806 920 2837 Frudtus
935 2807 1033 2837 Salutis
1053 2807 1221 2837 Animarum

155 2843 362 2874 habundantius
384 2843 491 2874 valeant
513 2845 673 2875 accrescere
686 2867 697 2883 ,
722 2846 756 2877 &
775 2853 905 2883 tempore
927 2845 1026 2876 Meffis
1044 2845 1078 2876 ad
1097 2844 1219 2877 Orrium

154 2881 284 2913 Domini
295 2882 364 2913 ultra
380 2881 514 2913 Granum
528 2881 724 2914 Centesimum
742 2885 928 2922 augmentari,

193 2920 237 2953 Ex
257 2922 335 2958 regia
347 2920 578 2959 Benignitate,&
597 2920 696 2952 Gratia
713 2921 809 2953 nostra
827 2922 956 2960 speciali,
970 2932 1084 2952 necnon
1098 2923 1133 2953 ad
1147 2922 1222 2961 Sup-

157 2959 343 2996 plicationem
360 2983 370 2998 ,
399 2958 557 2990 Cariffimae
573 2959 721 2990 Consortis
735 2959 857 2999 nostrae,
875 2960 1017 3000 Johannae
1035 2964 1143 2998 Reginae
1160 2962 1222 2992 An-

157 2997 241 3037 gliae,
255 2999 446 3030 conceffimus
463 2998 498 3029 &
518 2998 676 3029 Licentiam
693 2998 823 3029 dedimus
836 3021 846 3037 ,
873 3009 926 3037 pro
949 2999 1048 3030 Nobis
1067 3001 1100 3031 &
1118 3000 1223 3031 Haere-

158 3036 240 3065 dibus
255 3035 354 3066 nostris
372 3045 508 3074 quantum
526 3037 556 3067 in
573 3036 674 3067 Nobis
690 3036 730 3067 est
779 3038 887 3068 dileffis
904 3038 998 3075 nobis,
1020 3037 1221 3077 Cancellariis,

158 3073 357 3112 Docroribus‚
371 3075 404 3106 δε
421 3074 564 3112 Magistris
574 3098 584 3113 ,
601 3085 718 3106 necnon
736 3059 890 3107 Bacallariis
899 3099 908 3114 ,
923 3077 956 3106 &
969 3076 1026 3118 aliis
1040 3077 1222 3115 quibuscum-

157 3122 214 3180 gie
237 3112 387 3142 Graduatis
403 3115 437 3145 &
456 3113 632 3145 Graduandis
650 3114 796 3152 Personis,
813 3115 844 3144 in
861 3114 1095 3145 Univerlitatibus
1117 3116 1220 3147 nostris

191 3152 268 3180 xonii
286 3151 319 3181 &
335 3150 541 3191 Cantebrigiae,

198 3188 292 3227 Quod
311 3190 377 3227 ipsi,
394 3189 492 3221 futuris
511 3192 707 3230 temporibus,
729 3190 944 3230 Imperpetuum
960 3194 967 3224 i
977 3190 1126 3229 videlicet)
1154 3192 1221 3223 Do-

159 3227 271 3264 &oreS,
285 3227 318 3257 &
334 3227 482 3267 Magistri,
497 3239 530 3259 ac
545 3230 697 3261 Licentiati
713 3231 742 3260 in
758 3230 842 3261 Sacra
854 3229 1017 3267 Theologia
1027 3230 1108 3268 ,Jure
1122 3229 1221 3261 Cano-

159 3267 229 3296 nico
247 3266 280 3296 &
296 3264 399 3303 Civili,
415 3267 512 3305 singuli
523 3277 623 3298 eorum
640 3269 671 3298 in
690 3267 916 3306 Metropolitanis
937 3278 970 3298 ac
989 3268 1222 3308 Cathedralibus,

160 3303 326 3342 Collegiatis
345 3305 378 3335 &
398 3302 641 3336 Conventualibus
658 3305 791 3338 Ecclesiis
808 3306 905 3346 Regni
923 3306 1012 3337 nostri
1029 3308 1161 3345 Angliae,
1186 3318 1220 3338 ac

160 3343 283 3383 partium
300 3341 436 3380 Walliae,
446 3342 484 3385 .&
499 3343 600 3373 Terrae
619 3344 724 3375 nostrae
737 3344 906 3383 Hiberniae,
924 3344 958 3375 ad
978 3345 1138 3382 Dignitates
1153 3345 1221 3376 Ele-

161 3381 250 3412 <iuvas
266 3381 370 3419 (etiam
389 3379 513 3418 Majores
530 3380 593 3418 post
610 3381 848 3418 Pontificales)ac
867 3383 1223 3424 Administrationes,Per-

158 3420 269 3450 sonatus
304 3419 338 3450 ὃ(
357 3418 482 3456 Officia,
499 3428 613 3451 necnon
631 3419 824 3452 Canonicatus
843 3422 876 3452 ὅτ,
894 3420 1082 3461 prebendas,
1099 3433 1133 3454 ac
1153 3425 1221 3462 ipsi,

162 3460 197 3490 &
212 3458 259 3488 alii
277 3441 416 3488 Bacallarii
431 3459 464 3489 &
476 3455 614 3501 Graduati
632 3459 779 3497 praedicti,
796 3460 897 3497 singuli
914 3469 1032 3499 eorum,
1055 3462 1103 3498 qui
1119 3461 1231 3501 Digni-⁷

162 3505 232 3527 tates
246 3497 277 3526 iri
294 3495 425 3526 Eccletiis
440 3494 670 3533 Metropolitanis
685 3498 719 3528 &
735 3496 947 3529 Cathedralibus
961 3499 1225 3539 praedietis,vig0re

164 3535 325 3573 hujusmodi
342 3534 447 3565 nostrae
466 3534 605 3568 Licentiae
638 3535 714 3572 prius
731 3545 792 3566 non
809 3536 870 3567 sunt
889 3537 998 3568 realiter
1015 3538 1176 3577 consecuti,
1190 3539 1225 3570 ad

188 3583 355 3612 uaecumque
374 3572 530 3611 Beneficia,
550 3573 584 3603 &
601 3556 709 3603 Officia
727 3573 922 3606 Ecclefiastica
940 3597 951 3613 ‚
987 3575 1094 3607 Curata
1113 3577 1147 3608 &
1164 3588 1226 3607 non

165 3583 271 3642 {urata
285 3634 294 3649 ,
324 3612 456 3643 consueta
472 3611 592 3642 Clericis
611 3611 786 3643 secularibus
801 3612 928 3654 assignari
940 3636 950 3652 ,
967 3614 1003 3645 ad
1019 3615 1228 3654 Collationem,

165 3649 436 3689 Praesentationem,
453 3649 696 3680 Nominationem
713 3674 722 3687 ,
739 3649 786 3681 seu
810 3653 936 3689 quamvis
955 3653 1035 3683 aliam
1060 3652 1227 3691 Dispoiitio-

166 3698 237 3719 nem
254 3687 562 3727 Archiepiscoporum,
580 3688 804 3726 Episcoporum‚
821 3689 1025 3729 Decanorum,
1045 3690 1179 3721 Priorum
1194 3693 1227 3723 &

166 3726 366 3764 Capitulorum
380 3750 389 3765 ,
416 3738 530 3761 necnon
549 3727 712 3765 Abbatum‚
737 3726 884 3764 Priorum,
901 3730 936 3760 &
953 3729 1070 3760 aliorum
1091 3740 1229 3767 quorum-

167 3775 238 3796 cum
259 3775 293 3795 ue
308 3765 527 3796 Procuratorum
542 3765 802 3797 Ecclesiasticoium
812 3788 821 3803 ,
838 3776 853 3795 a
870 3769 985 3796 Domino
992 3768 1096 3806 summo
1111 3768 1231 3808 Pontifi-

170 3814 215 3841 ce,
233 3775 343 3834 Gratias
357 3806 543 3872 egpedtativas
555 3804 600 3836 seu
615 3804 778 3843 provisorias
790 3804 820 3833 in
834 3803 1003 3844 Praemiffis,
1019 3807 1058 3837 eis
1077 3807 1109 3838 &
1127 3817 1230 3838 eorum

167 3842 284 3873 cuilibet
298 3852 369 3873 nece
394 3845 479 3882 arias,
499 3845 664 3882 impetrare,

210 3880 272 3918 Ac,
291 3879 403 3918 vigore
421 3881 583 3912 hu'usmodi
601 3881 763 3912 Gratiarum
777 3903 787 3919 ,
814 3880 973 3920 Dignitates
986 3903 996 3919 ,
1017 3881 1180 3913 Personatus
1199 3884 1232 3914 &

171 3915 298 3954 Officia,
310 3929 426 3950 necnon
471 3922 636 3951 anonicatus
655 3922 689 3952 &
707 3919 892 3957 Praebendas,
914 3929 947 3950 ac
971 3921 1022 3950 alia
1039 3921 1181 3953 Beneficia
1199 3923 1233 3954 ὃς

172 3954 299 3992 Officia,
321 3955 426 3989 Curata
443 3960 476 3989 ὃς
494 3969 554 3989 non
573 3957 678 3990 Curata
690 3981 700 3997 ‚
727 3958 778 3989 sub
794 3957 898 3988 Gratiis
917 3958 1080 3997 hujusmodi
1103 3960 1234 3990 cadentes

171 3993 205 4024 &
225 3993 365 4033 cadentia,
383 4006 417 4027 ac
431 3997 491 4035 jam
508 4005 661 4034 occupatas
675 3997 721 4029 seu
734 4004 890 4035 occupata,
910 3996 956 4027 seu
976 3997 1012 4027 de
1025 4007 1128 4028 caetero
1145 3998 1236 4029 Vaca-

169 4039 243 4064 turas
261 4031 296 4063 &
316 4041 464 4074 vacatura,
476 4035 512 4070 de
534 4036 643 4076 Facto,
656 4045 724 4071 cum
736 4035 971 4076 vacavetiiit2per
984 4035 1022 4069 Se
1038 4036 1072 4069 δε
1087 4036 1149 4070 flios
1162 4037 1238 4070 Pro-

204 4071 280 4102 Tom.
296 4070 346 4104 1V.
365 4073 400 4102 Ρ.
417 4075 445 4109 Ι,

1270 314 1394 352 quintas,
1409 316 1463 354 eis,
1482 317 1527 347 seu
1542 327 1639 348 eorum
1656 319 1886 352 Procuratoribus
1903 320 2021 351 nomine
2034 320 2100 358 suo,
2118 330 2166 357 per
2184 319 2325 352 Executo-
2342 332 2406 357 Hm.
2423 338 2453 364 4,

1268 359 1328 389 res,
1344 351 1581 398 Subexecutores,
1599 358 1632 387 ὃς
1651 356 1787 389 Notarios
1802 359 2012 397 quoscumque,
2030 359 2060 388 in
2081 368 2113 389 ea
2133 366 2209 396 parte
2225 358 2329 397 Depu—

1268 390 1368 420 candos
1383 391 1428 421 seu
1449 391 1661 431 Requirendos,
1679 394 1735 425 fieri
1753 397 1786 426 &
1803 398 1907 434 subire,

1304 427 1435 459 Necnon
1455 431 1556 461 realem
1575 432 1607 461 &
1625 434 1780 469 expeditam
1800 434 2004 466 Poffeffionem
2029 433 2211 471 Dignitatum
2226 456 2237 472 ‚
2258 433 2329 465 Per-

1267 463 1430 505 sonatuum,
1448 468 1480 499 &
1500 468 1678 499 Officiorum
1693 480 1725 500 ac
1744 470 1970 503 Canonicatuum
1985 495 1995 511 ,
2020 472 2239 504 Praebendarum
2256 495 2266 511 ,
2294 474 2328 504 &

1262 502 1472 571 lBeneficiorum
1492 507 1654 545 hujusmodi
1672 518 1770 546 capere
1787 531 1796 546 ,
1820 511 1950 550 adipisci,
1969 512 2001 542 &
2020 511 2144 543 nancisci
2174 511 2263 542 libere
2277 521 2326 543 va-

1272 551 1353 580 eant,

1279 619 1284 624 ,
1302 580 1348 611 Ac
1370 581 1591 621 Poiieffionem,
1605 583 1644 614 sic
1661 592 1772 621 captam
1794 585 1828 616 ὃς
1850 585 1980 622 adeptam
1996 608 2006 625 ,
2036 587 2189 619 secundum
2210 585 2326 627 exigen-

1264 626 1333 648 tiam
1342 619 1416 657 Juris
1431 620 1592 661 Canonici,
1607 623 1721 660 publice
1740 624 1904 653 continuare
1922 624 1955 654 ὃ(
1973 624 2140 665 defendere,
2153 636 2186 656 ac
2204 635 2264 656 cam
2283 635 2324 656 te‹

1264 666 1330 687 nere
1344 659 1383 702 .&
1403 659 1504 690 habere
1521 661 1675 691 secundum
1690 661 1937 699 Vim,Formam,
1956 662 1987 693 &
2006 662 2149 694 Effectum
2161 664 2323 695 Gratiarum

1263 695 1476 736 praedic‘tarum,
1492 709 1525 729 ac
1542 699 1730 739 Processuum
1748 700 1777 729 in
1795 699 1848 730 hac
1866 707 1942 737 parte
1972 699 2149 740 fiendoruni,

1303 734 1387 774 Quos
1401 735 1493 767 facere
1510 738 1543 768 &
1557 738 1737 768 effeetualitei
1753 739 1851 777 exequi
1869 761 1879 776 ,
1898 739 1931 768 ὃ(
1952 747 2052 769 contra
2074 740 2277 777 Attemptantes
2292 741 2321 770 in

1265 775 1459 813 contrarium,
1470 775 1504 806 ὃς
1520 774 1709 812 Impedientes
1723 785 1825 806 eorum
1841 776 2044 807 Executionem
2059 777 2235 815 debitam,in
2253 790 2322 817 qua-

1265 819 1390 849 cumque
1404 811 1490 843 Curia
1509 812 1724 844 Christianitatis
1737 815 1776 844 eis
1792 814 1940 854 placuerit,
1954 814 2041 845 libere
2056 816 2200 854 prosequi,
2215 817 2247 846 &
2266 817 2321 847 ibi-

1262 847 1331 891 dem
1345 859 1426 888 agere
1439 851 1574 889 quicquid
1591 853 1741 882 concernit
1755 852 1884 892 Gratias,
1899 862 1932 883 ac
1947 851 2102 891 Causa3,&
2120 854 2323 892 Materias,ex-

1263 886 1329 930 inde
1347 888 1472 920 subortas
1504 889 1550 920 vel
1565 900 1629 928 quae
1642 891 1744 920 exoriri
1757 891 1886 930 possent,
1907 889 2006 929 absque
2022 891 2184 923 Occasione
2206 893 2250 922 vel
2262 892 2322 922 lm-

1262 925 1427 962 pedimento
1447 912 1550 958 N³ostri
1563 938 1597 959 ac
1610 927 1769 960 Haeredum
1782 929 1961 968 nostrorum,
1983 930 2029 960 seu
2051 929 2248 961 Ministrorum
2269 941 2322 960 no-

1258 963 1381 996 strorum
1398 976 1665 1005 quorumcumque,

1294 1002 1405 1035 Statuto
1423 1004 1459 1035 de
1477 1004 1685 1043 Provisoribus,
1704 1004 1793 1035 Anno
1808 1005 1908 1043 Regni
1922 1005 2045 1037 Domini
2068 1010 2103 1037 R.
2125 1017 2214 1046 nuper
2235 1008 2313 1043 Regis

1261 1041 1374 1084 Ajngliae
1390 1043 1514 1074 Secundi
1529 1044 1595 1084 post
1610 1043 1808 1082 Conquestum
1829 1045 2036 1081 praedecessoris
2057 1045 2146 1076 nostri
2170 1045 2323 1078 Tertiode-

1259 1089 1340 1110 cimo
1360 1081 1508 1120 edito,seu
1521 1083 1617 1121 aliquo
1631 1083 1686 1113 alio
1701 1082 1810 1113 Statuto
1824 1084 1857 1113 &
1881 1082 2116 1116 ordinationibus
2139 1086 2321 1124 quibuscum·-

1259 1128 1314 1158 que
1328 1120 1356 1149 in
1370 1122 1542 1151 contrarium
1554 1122 1634 1151 editis
1654 1130 1713 1153 non
1732 1120 1922 1160 obstantibus,

1301 1157 1443 1190 Nolentes
1466 1160 1687 1197 quedpraedieti
1701 1160 1864 1198 Doctores,
1884 1160 2065 1198 Magistri&
2082 1162 2322 1203 Bacallarii,Pro-

1259 1204 1415 1235 curatores,
1435 1197 1621 1235 Executores,
1634 1198 1678 1228 vel
1694 1197 1932 1237 Subexecutores,
1953 1210 2000 1231 aut
2015 1200 2147 1239 Notarii,
2162 1202 2207 1233 seu
2223 1204 2268 1233 alii
2282 1203 2319 1235 de

1263 1232 1391 1265 Consilio
1407 1235 1597 1274 eorumdem,
1611 1245 1725 1273 propter
1739 1235 1946 1268 Executionem
1960 1240 1994 1270 &
2008 1238 2230 1277 Expeditionem
2246 1241 2323 1273 Gra-

1260 1272 1359 1302 [iarum
1379 1273 1557 1313 hujusmodi,
1571 1284 1604 1304 ac
1624 1273 1811 1304 Processuum
1831 1276 2015 1315 eorumdem,
2031 1286 2061 1308 ut
2088 1279 2252 1319 praefertur,
2273 1291 2323 1318 per

1262 1308 1331 1340 Nos
1346 1311 1390 1341 vel
1404 1311 1542 1342 Haeredes
1556 1311 1894 1381 nostros,[{usticiarios‚
1911 1314 2089 1354 Escaetores,
2113 1317 2327 1358 vicecomites,

1263 1357 1311 1378 aut
1325 1349 1394 1380 alios
1414 1349 1533 1382 Ballivos
1546 1350 1590 1381 seu
1609 1350 1690 1381 Mini
1716 1361 1761 1381 ros
1781 1351 1909 1390 nostros,
1923 1353 1967 1384 vel
1983 1353 2138 1387 Haeredum
2157 1357 2321 1389 nostrorum

1262 1387 1474 1427 quoscumque,
1489 1391 1675 1428 inquietentur
1685 1412 1694 1428 ‚
1710 1388 1895 1420 molestentur
1907 1392 1936 1421 in
1949 1392 2043 1430 aliquo
2057 1394 2100 1424 seu
2117 1404 2284 1435 graventur,

1303 1427 1320 1444 ⁴*
1331 1426 1451 1458 Proviso
1466 1427 1574 1466 semper
1586 1427 1665 1466 quod
1684 1429 1854 1466 quamcitit'is
1868 1428 2200 1469 Cancellarii‚Doetores
2214 1435 2247 1466 ὃς
2256 1434 2324 1466 Ma-

1263 1463 1341 1501 gistri
1349 1476 1480 1505 ,necnon
1493 1466 1636 1498 Bacallarii
1650 1466 1694 1497 seu
1709 1467 1884 1536 quicumcflie
1900 1468 1947 1498 alii
1961 1469 2122 1509 supradiffl,
2134 1473 2230 1512 vigore
2244 1473 2324 1504 Prae-

1262 1503 1399 1546 sentium,
1426 1505 1583 1544 aliquorum
1604 1503 1812 1536 Beneficiorum
1867 1506 2100 1538 cclefiasticorum
2122 1510 2322 1549 incompatibi-

1260 1540 1333 1572 llum
1355 1545 1525 1575 canonicam
1548 1546 1582 1577 &
1606 1543 1754 1582 pacificam
1775 1543 1978 1575 Poffeffionem
2001 1545 2094 1584 adepti
2116 1548 2218 1579 fuerint
2239 1572 2249 1587 ,
2276 1558 2323 1581 aut

1263 1581 1354 1618 quivis
1375 1583 1539 1614 eorumdem
1554 1583 1669 1620 alicujus
1684 1582 1819 1614 Beneficii
1834 1582 2020 1615 Ecclesiastici
2040 1585 2260 1624 incompatibilis
2274 1598 2324 1619 ca-

1261 1620 1397 1651 nonicam
1416 1622 1450 1653 &
1471 1620 1620 1660 pacificam
1638 1620 1846 1653 possessionem
1867 1622 1948 1653 fuerit
1970 1623 2100 1662 adeptus,
2121 1624 2260 1657 Beneficia
2278 1628 2325 1657 in-

1262 1660 1476 1698 compatibilia,
1493 1661 1539 1691 seu
1557 1658 1733 1691 Beneficium
1752 1660 1967 1699 incompatibile
1979 1684 1989 1700 ,
2015 1672 2064 1700 per
2077 1662 2150 1701 ipsos
2164 1664 2209 1694 seu
2223 1674 2324 1696 eorum

1261 1697 1385 1736 aliquem
1407 1699 1482 1737 prius
1501 1708 1641 1738 occupata
1656 1700 1689 1730 &
1703 1707 1864 1738 acceptata,
1877 1700 1933 1731 sive
1947 1710 2121 1738 occupatum
2143 1702 2177 1734 &
2195 1712 2326 1742 accepta-

1265 1744 1342 1774 tum,
1357 1738 1479 1768 omnino
1492 1737 1651 1776 dimittant,
1663 1737 1697 1768 &
1733 1737 1828 1769 uilibet
1842 1747 1943 1769 eorum
1955 1740 2064 1776 penitus
2079 1739 2203 1772 dimittat

1300 1773 1342 1806 Ita
1360 1776 1441 1814 quod
1465 1775 1649 1814 Cancellarii,
1665 1776 1716 1806 Do
1749 1786 1829 1815 ores,
1846 1777 1880 1808 &
1897 1776 2049 1817 Magistri,
2070 1789 2183 1809 necnon
2205 1763 2326 1810 Bacalla-

1262 1813 1313 1852 rii,
1329 1813 1373 1844 seu
1387 1816 1560 1854 quicumque
1577 1814 1623 1845 alii
1638 1815 1786 1855 praedieti,
1805 1816 1850 1846 seu
1868 1826 1971 1846 eorum
1988 1817 2099 1856 aliquis,
2115 1817 2174 1848 duo
2187 1817 2326 1850 Beneficia

1264 1851 1459 1884 Ecclesiastica
1476 1854 1719 1892 incompatibilia,
1737 1854 1800 1892 post
1816 1854 1975 1893 hujusmodi
1992 1854 2325 1895 Polieffionem,vigore

1261 1891 1436 1928 praesentium
1451 1915 1461 1930 ,
1488 1892 1527 1923 fic
1560 1892 1691 1930 adeptam
1707 1915 1716 1930 ,
1735 1893 1817 1924 simul
1835 1893 1869 1924 δε
1886 1892 1972 1924 semel
1990 1893 2059 1925 ultra
2082 1905 2171 1925 unum
2189 1894 2325 1927 Mensem

1260 1930 1416 1961 nullatenus
1430 1932 1578 1969 optineant
1597 1931 1643 1962 seu
1661 1933 1800 1970 optineat,

1299 1968 1371 2000 Nec
1389 1979 1488 2000 eorum
1507 1970 1603 2010 aliquis
1619 1970 1742 2008 aliquam
1758 1969 1957 2001 Provisionem
1981 1971 2016 2001 ali
2037 1981 2138 2002 uorum
2164 1970 2321 2003 Beneficio-

1263 2016 1327 2037 rum
1350 2007 1613 2040 Ecclesiasticorum
1626 2031 1637 2047 ,
1668 2009 1718 2039 nifi
1736 2009 1767 2039 in
1786 2020 1841 2040 una
1862 2009 1987 2041 Ecclesia
2039 2010 2172 2041 athedrali
2187 2033 2197 2048 ,
2227 2020 2272 2041 aut
2286 2011 2324 2041 de

1263 2056 1319 2076 una
1335 2046 1488 2079 collatione
1504 2047 1668 2085 dumtaxat,
1688 2056 1772 2085 prout
1787 2047 1941 2079 inseruntur
1962 2050 1992 2079 in
2014 2048 2127 2079 Rotulis
2146 2049 2325 2080 Universita-

1266 2092 1331 2115 rum
1349 2085 1564 2124 praedictarum,
1581 2086 1614 2117 &
1648 2095 1677 2116 er
1691 2086 1805 2118 eosdem
1825 2086 1962 2125 Rotulos,
1978 2088 2010 2118 &
2026 2097 2085 2118 non
2108 2087 2327 2126 particulariter,

1264 2133 1356 2162 neque
1373 2124 1430 2155 alio
1448 2125 1556 2163 modo,
1570 2126 1600 2155 in
1617 2096 1706 2155 &uria
1720 2124 1870 2163 Romana,
1885 2135 1933 2164 per
1948 2128 1993 2164 Ie,
2006 2127 2051 2156 vel
2067 2136 2114 2166 per
2130 2127 2216 2165 alios,
2232 2128 2326 2165 prose-

1264 2171 1378 2201 quatur,
1391 2172 1437 2194 aut
1453 2163 1611 2202 hujusmodi
1630 2162 1802 2195 Provisionis
1819 2163 1952 2195 Gratiam
1970 2164 2167 2203 acceptet,seu
2181 2167 2328 2197 executio-

1262 2211 1329 2231 nem
1344 2200 1513 2233 demandare
1527 2202 1692 2240 praesumat,

1301 2239 1370 2270 Nec
1386 2241 1497 2279 aliquos
1516 2241 1560 2271 seu
1578 2241 1700 2280 aliquem
1715 2263 1726 2279 ,
1747 2240 1827 2279 super
1842 2241 1932 2281 Jure,
1954 2241 2073 2280 Titulo,
2088 2243 2132 2274 seu
2150 2242 2326 2275 Posi‘effione

1263 2278 1421 2316 aliquorum
1441 2278 1671 2317 Beneficiorum,
1684 2279 1728 2310 seu
1746 2279 1862 2317 alicujus
1880 2280 2027 2318 Beneficii,
2045 2291 2093 2319 per
2110 2283 2182 2319 'ipsos
2197 2293 2324 2321 occupa-

1261 2325 1374 2355 torum,
1387 2317 1443 2348 five
1458 2319 1608 2356 occupati,
1623 2327 1678 2348 nec
1696 2318 1778 2348 alicui
1797 2318 2049 2357 Collatorum,seu
2070 2320 2252 2357 Collati,nec
2270 2322 2321 2352 ali-

1262 2355 1364 2394 quibus
1379 2355 1544 2394 Beneficiis,
1559 2356 1603 2386 seu
1622 2357 1716 2394 aliquo
1735 2355 1894 2394 Beneficio,
1912 2357 2062 2394 Religiosis
2088 2359 2144 2389 five
2162 2360 2220 2389 aliis
2232 2383 2242 2398 ,
2273 2360 2318 2392 vel

1261 2395 1322 2432 alii,
1340 2394 1613 2434 Appropriatorum,
1631 2393 1811 2431 Unitomm,
1827 2395 1883 2424 sive
1900 2394 2102 2436 Annexorum,
2126 2398 2324 2438 Appropriati,

1262 2432 1420 2470 Uniti,vel
1437 2433 1548 2462 Annexi
1567 2432 1807 2471 qualitercumque
1826 2433 1855 2461 in
1880 2435 2025 2472 prielenti,
2049 2433 2156 2465 Colore
2176 2437 2254 2473 hujus
2271 2438 2323 2467 Li-

1260 2471 1364 2501 centiae
1374 2470 1496 2508 nostrae,
1511 2478 1556 2500 aut
1571 2470 1780 2507 proviiionum⁷
1797 2471 1896 2509 vigore
1909 2471 2031 2508 ejuidem
2048 2472 2203 2512 Licentiae,
2227 2475 2264 2505 fic
2282 2477 2323 2506 fa-

1260 2509 1440 2545 ciendarum,
1452 2518 1497 2539 aut
1517 2517 1650 2546 praetextu
1668 2507 1889 2546 Revocationis,
1912 2509 2138 2550 Adnullationis,
2157 2511 2322 2545 Irritationis

1260 2548 1315 2577 live
1332 2545 1501 2577 Caffationis
1516 2546 1674 2584 hujusmodi
1692 2547 1980 2586 Appropriationum,
1998 2548 2154 2580 Unionum
2164 2573 2174 2589 ,
2189 2552 2245 2581 {ive
2262 2554 2325 2582 An-

1259 2587 1431 2623 nexionum,
1450 2586 1478 2615 in
1494 2585 1571 2616 dista
1590 2584 1677 2614 Curia
1696 2584 1830 2616 Romana
1848 2596 1955 2624 nuper,
1975 2594 2004 2617 ut
2025 2587 2146 2627 dicitur,
2166 2589 2323 2630 factarum,

1259 2632 1340 2654 vexet
1349 2647 1358 2661 ,
1366 2623 1501 2661 impediat
1510 2647 1519 2662 ,
1534 2624 1590 2654 sive
1609 2624 1761 2662 inquietet,

1296 2661 1365 2692 Nec
1382 2662 1501 2700 aliquam
1520 2661 1712 2692 Provisionem
1729 2684 1739 2700 ,
1770 2662 1814 2693 seu
1829 2662 1944 2700 alicujus
1963 2661 2122 2701 hujufinodi
2150 2664 2321 2699 Provifionis

1259 2700 1486 2739 Executionem,
1504 2700 1539 2731 de
1557 2702 1693 2738 aliquibus
1710 2700 1855 2731 Beneficiis
1870 2701 1925 2731 sive
1939 2700 2083 2733 Beneficio
2097 2703 2319 2744 hujusmodi,ad

1259 2739 1378 2777 praesens
1397 2739 1433 2770 sic
1451 2739 1785 2777 Appropriatis‚Unitis‚
1800 2741 1846 2770 vel
1859 2740 2000 2778 Annexis,
2019 2740 2119 2779 Appro
2140 2746 2226 2782 riato,
2242 2745 2322 2775 Uni-

1259 2787 1307 2817 to,
1325 2777 1368 2809 vel
1391 2778 1530 2816 Aniiexo,
1553 2788 1602 2816 per
1623 2778 1678 2816 Se,
1702 2786 1749 2808 aut
1772 2789 1821 2816 per
1839 2779 1924 2817 alios,
1942 2779 2026 2810 faciat
2044 2780 2089 2811 seu
2119 2792 2198 2813 acere
2219 2783 2322 2820 praesu-

1261 2825 1335 2854 mat,
1350 2825 1396 2847 aut
1415 2817 1577 2854 hujusmodi
1591 2816 1729 2846 Beneficia
1745 2817 1800 2847 sive
1816 2816 1985 2848 Beneficium
1999 2828 2124 2857 acceptet
2140 2823 2239 2859 quovis
2256 2833 2320 2852 mo—

1259 2855 1299 2886 do
1312 2856 1341 2885 in
1357 2855 1500 2893 praesenti,
1517 2855 1612 2885 colore
1627 2855 1873 2893 praesentium,aut
1887 2855 2084 2887 Provifionum
2101 2861 2198 2899 vigore
2210 2871 2321 2891 earum-

1259 2893 1331 2962 den?1
1338 2916 1348 2932 ,
1378 2894 1414 2924 sic
1437 2894 1626 2924 faciendarum
1642 2917 1652 2933 ,
1683 2902 1787 2932 vexet,
1817 2895 1970 2932 impediat,
1987 2894 2044 2926 sive
2060 2897 2195 2935 inquietet
2209 2898 2321 2939 quovis-

1261 2942 1312 2963 mo
1332 2942 1359 2962 0.

1298 2970 1330 3002 In
1350 2971 1447 3009 cujus,
1464 2972 1526 3002 &c.

1336 3008 1424 3039 Teste
1443 3009 1528 3048 Rege
1543 3009 1616 3048 apud
1635 3008 1908 3049 Wstmonallerium,
1926 3018 1982 3041 xxv
2002 3009 2048 3040 die
2064 3010 2249 3044 Novembris.

2005 3088 2058 3116 Per
2074 3088 2158 3128 ipfiem
2175 3091 2282 3128 Regem.

1399 3223 1449 3255 De
1474 3220 1664 3265 Restitutione
1686 3225 1884 3256 Prioratuum
1906 3221 2167 3268 Alienigenarum.

1264 3307 1387 3363 REX
1413 3307 1575 3346 Omnibus,
1589 3307 1624 3338 ad
1644 3317 1730 3346 quos,
1749 3308 1812 3339 &a
1848 3306 1983 3337 Salutem.

1362 3348 1461 3378 Sciatis
1480 3347 1575 3384 quiid,

1299 3385 1378 3417 Cum
1394 3385 1480 3423 Nos,
1495 3383 1723 3424 Quartodecimo
1738 3383 1784 3414 die
1806 3382 2005 3422 Novembris,
2020 3383 2106 3414 Anno
2121 3381 2221 3421 Regni
2234 3383 2324 3415 nostri

1262 3424 1382 3462 Primo,

1299 3463 1406 3493 Intime
1422 3461 1626 3492 considerantes
1642 3459 1757 3500 qualiter
1772 3459 1905 3490 nonnulla
1916 3459 2070 3497 Pi'ioratus,
2080 3459 2210 3498 Domus,
2222 3460 2255 3491 δε
2264 3461 2325 3491 Lo-

1264 3512 1298 3533 ca
1315 3500 1454 3540 Religiosa
1473 3500 1704 3536 Alienigenarum
1718 3521 1727 3535 ,
1758 3498 1829 3528 infra
1849 3498 1987 3537 Regnum
2008 3499 2136 3529 nostrum
2157 3498 2271 3535 Angliae
2291 3499 2324 3529 &

1266 3539 1378 3571 Wallise
1393 3538 1552 3576 existentia,
1569 3547 1617 3575 per
1634 3537 1756 3566 Nobiles
1770 3536 1962 3575 Progenitores
1977 3536 2144 3575 nostros,ac
2158 3537 2225 3567 alios
2241 3536 2323 3572 Rei-2-

1266 3580 1295 3609 ni
1311 3577 1398 3608 nostri
1413 3576 1550 3606 Proceres
1566 3577 1599 3606 &
1617 3574 1781 3613 Mrgnms,
1795 3576 1830 3605 ad
1853 3575 1947 3604 divina
1973 3574 2097 3613 Officia,
2117 3585 2149 3604 ac
2170 3574 2324 3612 Hospitali-

1265 3617 1343 3654 tatis,
1359 3616 1391 3646 &
1411 3614 1670 3650 Eleemofinarum,
1684 3614 1857 3651 aliarumque
1874 3612 1986 3643 Pietatis
2004 3614 2036 3643 δί
2058 3613 2229 3643 Devotionis
2243 3612 2325 3641 One-

1265 3666 1293 3685 ra
1311 3653 1476 3684 faciendum
1492 3654 1525 3684 &
1545 3651 1763 3689 supportandum
1774 3674 1783 3689 ,
1801 3651 1971 3681 laudabiliter
1990 3651 2098 3682 ‘fundata
2113 3653 2145 3681 ὃ(
2163 3649 2325 3681 constructa

1265 3701 1407 3724 extiterant

1305 3714 1452 3770 Quodqiie
1466 3727 1565 3758 eadem
1588 3726 1749 3765 Prioratus‚
1765 3726 1892 3766 Domus,
1909 3728 1942 3758 &
1964 3726 2051 3768 Loci
2068 3725 2210 3768 Reliaiosa
2224 3748 2234 3763 ,
2266 3726 2326 3756 tam

1268 3779 1317 3807 per
1335 3769 1433 3799 subitas
1451 3768 1484 3797 &
1502 3767 1658 3805 frequentes
1675 3767 1879 3796 Ammotiones
1892 3767 1925 3797 ἃ
1942 3765 2123 3803 Εῑῑμλιιοηεε
2145 3763 2274 3806 Priorum
2293 3766 2328 3796 ὅς

1269 3808 1488 3844 Occupatorum
1503 3805 1655 3836 Locorum
1675 3804 1892 3842 praediCtorurr„
1910 3805 1994 3841 quam
2015 3812 2062 3840 per
2077 3803 2199 3831 divcilos
2215 3803 2328 3834 becula-

1270 3855 1312 3876 res
1331 3846 1362 3876 ὃ(
1378 3844 1445 3874 alios
1463 3843 1612 3874 firmarios
1630 3844 1816 3880 eorumdem,
1840 3842 1990 3882 postquam
2011 3843 2038 3870 iii
2061 3839 2185 3883 Manum
2204 3839 2329 3873 Domini

1272 3886 1307 3912 E.
1326 3892 1414 3920 nuper
1438 3885 1513 3919 Regis
1531 3880 1642 3919 Angliae
1661 3882 1719 3912 Avi
1738 3881 1844 3919 nostri,
1861 3886 1941 3911 occa!
1955 3888 2011 3909 ωε
2028 3877 2149 3921 Guerrae
2171 3887 2240 3909 inter
2260 3880 2331 3912 Nos

1271 3923 1303 3952 ἃ
1323 3921 1383 3950 illos
1398 3920 1434 3950 de
1454 3921 1567 3950 Francia
1586 3928 1672 3950 motae
1688 3942 1696 3958 ,
1722 3921 1817 3957 prii—J·
1841 3919 1933 3949 Seilita
1950 3918 2057 3947 suerunt
2071 3938 2080 3952 ,
2107 3924 2142 3946 ita
2157 3920 2330 3958 enormiter,

1272 3961 1331 3990 tani
1351 3960 1380 3989 in
1402 3958 1658 3996 Domibus,quam
1673 3959 1701 3987 iri
1725 3958 1820 3988 Rebus
1834 3960 1865 3987 <z
1883 3955 2104 3998 Poffciiionibu's
2117 3976 2128 3992 ,
2150 3955 2332 3987 destrueban-

1273 4007 1317 4029 tur
1328 4020 1337 4035 ,
1352 3998 1384 4027 &
1399 3997 1616 4033 dilapidabantur
1625 4019 1633 4034 ,
1642 3996 1675 4027 &
1691 3996 1914 4031 devastabatiiun
1926 3992 2004 4036 quod
2023 3991 2147 4023 Divinus
2159 3994 2259 4025 Cultus
2273 3994 2334 4025 Re-

1274 4035 1434 4076 gularesque
1447 4034 1645 4067 Observantiae
1659 4035 1729 4065 inibi
1728 4033 1902 4102 Igestabant,
1916 4040 1949 4062 ac
1964 4031 2168 4072 Eleemosinae,
2182 4034 2215 4064 &
2229 4033 2280 4102 alsia
2292 4035 2334 4063 in-

1775 4080 1794 4100 2
2259 4081 2326 4109 up«

2341 1449 2360 1470 *ι
2369 1449 2452 1479 vm.

2360 1498 2425 1527 340·

2340 3325 2415 3357 Ann.
2429 3323 2472 3356 D.

2368 3372 2453 3403 1403.

2421 3412 2439 3437 5

2344 3446 2377 3468 H.
2395 3451 2425 3476 4.

2342 3484 2389 3507 Pae
2405 3487 2433 3513 5.

2344 3521 2377 3544 H.
2396 3526 2423 3551 4.
2444 3522 2473 3552 p.

2345 3561 2474 3583 1.m.2.1-
