2562 4274
710 92 820 156 ΕΤ
900 112 1166 157 ACTA

5 205 81 236 Ann.
98 201 140 233 D.
153 201 266 233 arbitrio
279 193 456 242 eugendum,
472 204 524 238 pio
540 199 725 230 AEdificando
739 200 788 230 sibi
801 200 923 239 Panno,
939 200 1008 230 infra
1023 200 1130 231 dictam
1154 199 1205 230 Ci-

30 250 114 284 ¹419·
153 241 287 278 vitatem,
304 240 348 271 vei
361 248 436 283 extra
451 261 460 277 ‚
483 248 572 277 prope
589 237 692 267 Muros
705 238 840 282 ejusdem,
860 239 908 281 ubi
924 238 1080 282 sibi'magis
1096 238 1205 268 videbi-

5 291 67 313 Ηω.
86 292 114 319 5.
153 286 198 308 tur
214 278 367 322 expedire,
393 285 429 307 ita
450 285 544 306 tamen
562 275 655 313 quod,
675 276 692 304 fi
709 284 858 313 contingat
873 276 945 306 infra
959 276 1068 307 dietum
1088 277 1203 306 Locum

12 1092 95 1121 *DL

10 1133 74 1160 666.

151 317 197 347 seu
219 317 345 354 Spanum
366 314 472 345 includi
494 314 610 344 Domus
623 336 633 350 ,
660 313 794 343 AEdificia
809 337 818 350 ,
834 313 878 343 seu
894 314 987 350 Loca,
1005 315 1155 352 spedisantia
1168 314 1202 344 ad

151 363 364 392 quemcumque
384 352 502 382 Civium
521 361 568 382 aut
590 351 810 382 Inhabitatorum
830 351 952 389 ejusdem
966 352 1109 389 Civitatis,
1129 353 1203 382 idem

152 393 298 423 Dominus
312 390 405 422 noster
419 390 484 421 Rex
498 389 551 427 illi,
569 388 604 420 ad
619 399 706 427 quem
718 389 876 427 hujusmodi
894 390 1009 421 Domus
1024 415 1033 429 ,
1053 390 1204 428 AEdificia,

153 432 199 461 seu
215 431 296 460 Loca
311 429 513 467 spet‘raverint,
530 427 687 464 satisfaciet,
705 436 752 458 aut
772 428 808 458 de
829 428 885 458 aliis
908 428 1054 460 Domibus
1071 452 1080 466 ,
1100 428 1204 458 AEdifi-

152 469 222 506 ciis,
238 468 282 498 seu
299 467 385 498 Locis
400 469 526 506 congrue
538 465 749 504 compensabit,
764 466 841 504 juxta
863 466 1021 498 Arbitrium
1042 468 1075 498 &
1098 466 1205 497 Mode-

154 507 294 537 rationem
307 505 378 536 diffi
392 505 514 536 Domini
528 504 616 534 nostri
630 503 723 542 Regis.
805 507 809 509 “

190 544 234 574 Ιτ
244 553 261 574 Ε
275 553 301 575 Μ
319 567 328 582 ,
354 547 522 573 Conventum
540 542 576 580 est
592 542 626 571 &
649 542 838 571 concordatum
854 542 930 580 quod
945 552 1044 573 omnes
1057 544 1090 574 &
1105 542 1204 575 sineuli

153 582 263 612 Subditi
285 583 353 612 dieii
375 581 499 612 Domini
517 579 605 609 nostri
623 579 732 618 Regis,
751 581 799 617 qui
815 581 868 616 jam
883 581 943 610 sunt
955 591 1001 612 aut
1014 582 1125 611 fuerunt
1143 579 1205 610 Pri-

152 620 252 650 sonarit
266 622 438 657 cuicumque
452 618 601 655 Personae,
618 617 745 648 existenti
759 620 786 647 in
801 618 883 648 dietis
898 618 1001 649 Castro
1017 621 1050 650 ὃς
1066 618 1204 655 Civitate,

152 660 186 693 ὃς
209 669 309 690 eorum
335 658 422 696 Plegii
434 681 444 694 ,
468 664 548 688 erunt
561 657 685 686 omnino
708 657 786 686 liberi
800 656 892 694 quoad
904 667 1004 688 eorum
1020 656 1153 687 Personas
1171 657 1204 687 &

153 697 313 734 Financias,
333 697 366 727 ὃς
382 697 397 725 a
408 695 453 725 die
470 694 553 724 Datae
569 693 749 724 presentium
766 694 926 733 deobligati.

189 735 236 765 ΙΤ
247 744 264 765 Ε
275 744 301 765 Μ
317 757 326 772 ,
373 733 430 763 uod
450 742 549 764 omnes
566 733 599 763 ὃς
616 732 712 771 finguli
728 732 845 762 Soldarii
860 734 893 763 ὃς
915 733 1065 770 Extranei,
1085 731 1204 762 existen-

150 781 191 803 tes
204 774 233 802 in
248 772 329 803 distis
374 771 448 802 astro
463 773 496 802 δε
515 770 637 802 Civitate
648 793 657 808 ‚
669 771 817 808 jurabunt,
836 771 870 800 ad
886 771 986 801 Sanc‘ta
1000 770 1059 800 Dei
1072 770 1207 807 Evange-

150 811 202 847 lia,
220 814 286 841 ‘ante
310 821 412 841 eorum
434 809 589 841 Receffum
606 831 615 847 ‚
639 809 717 846 quod
741 819 801 838 non
816 810 966 845 portabunt
982 809 1089 846 Arma,
1107 817 1205 838 contra

148 849 260 879 dietum
277 848 441 879 Dominum
462 848 589 878 nostrum
614 847 724 885 Regem
735 870 744 883 ,
771 855 817 876 aut
834 847 896 876 suos
911 871 920 884 ,
941 847 1025 884 usqne
1037 847 1072 876 ad
1086 849 1207 875 Primum

151 891 232 917 Djem
257 887 359 928 Menfis
379 886 514 925 Januarii
535 886 670 923 proximo
690 884 814 914 futurum
829 907 839 921 ,
855 885 939 914 etlam
954 893 1067 922 propter
1083 884 1205 914 Manda-

150 934 211 956 tum
236 926 314 964 quod
338 927 376 956 eis
399 934 443 956 aut
463 934 564 955 eorum
583 923 665 954 alicui
685 923 700 952 a
722 932 894 960 quocunque
917 924 945 952 in
959 924 1132 953 contrarium
1147 921 1204 953 fieri

150 963 235 1002 poffit
247 972 292 995 aut
303 964 418 1002 injungi.

190 1002 202 1032 I
212 1012 234 1033 T
245 1012 262 1032 E
273 1010 318 1041 M,
336 1007 503 1032 Conventum
522 998 558 1039 est
582 999 615 1030 ὅτ
634 997 824 1029 concordatum
848 999 926 1037 quod
943 1000 1040 1030 omnia
1055 1000 1089 1031 ὃς
1102 998 1205 1038 fingula

151 1040 292 1078 Reliquiae
306 1063 315 1078 ‚
338 1040 445 1080 Jocalia
459 1063 468 1076 ,
495 1039 528 1069 ὃς
541 1038 591 1068 alia
607 1037 700 1075 Bona,
719 1037 753 1068 ad
767 1038 918 1068 Abbatiam
934 1038 1043 1068 Sanctae
1060 1038 1206 1069 Kateririze

147 1079 334 1117 pertinentia,
351 1078 420 1109 infra
434 1077 509 1107 dieta
524 1077 542 1096 *²
558 1075 712 1107 Civitatem
725 1077 758 1107 ὃς
771 1075 905 1106 Castrum
918 1075 1060 1107 existentia
1069 1101 1078 1114 ,
1097 1078 1202 1114 integre

152 1118 344 1147 liberabuntur
359 1117 413 1154 illi,
431 1125 518 1153 quem
531 1114 622 1153 Regia
636 1114 772 1145 Serenitas
781 1137 792 1154 ,
810 1114 874 1152 post
889 1114 1101 1146 Liberationem
1117 1115 1203 1146 distae

153 1155 283 1186 Civitatis
293 1177 303 1193 ,
321 1154 430 1185 duxerit
445 1153 645 1191 deputandum.

189 1192 203 1223 I
214 1202 237 1223 T
247 1203 265 1224 E
276 1201 302 1223 M
312 1215 322 1231 ‚
340 1197 508 1223 conventum
526 1191 561 1230 est
577 1193 610 1223 &
628 1191 820 1221 Concordatum
843 1190 921 1227 quod
936 1191 1042 1229 prsefati
1057 1190 1183 1221 Nobiles
1193 1214 1203 1229 ,

153 1230 262 1270 Cives,
281 1232 313 1262 &
330 1231 392 1269 alii,
410 1230 478 1261 infra
500 1229 574 1260 dicta
595 1228 748 1260 Civitatem
774 1230 808 1261 &
834 1228 966 1259 Castrum
983 1229 1143 1266 existentes,
1163 1229 1203 1258 fa-

150 1271 228 1300 cient
239 1269 337 1300 eadem
355 1269 507 1300 Civitatem
526 1269 559 1299 &
575 1266 708 1298 Castrum
725 1276 790 1298 ante
808 1267 954 1304 praefatutn
970 1271 1106 1297 Decimum
1121 1270 1202 1297 Diem

149 1308 276 1348 instantis
299 1307 400 1347 Meafis
418 1307 491 1345 Jan.
510 1305 680 1337 sufficienter
699 1307 732 1337 &
751 1305 871 1335 honeste
891 1306 1040 1344 mundari,
1063 1316 1096 1336 ac
1118 1307 1202 1336 etiam

151 1346 268 1384 Sepeliri
289 1347 322 1377 &
345 1346 468 1376 Humari
489 1345 633 1383 diligenter
654 1343 689 1376 ὁ(
703 1343 822 1374 honeste
838 1343 983 1374 Cadavera
996 1353 1204 1382 quorumcum-

151 1393 208 1423 que
221 1385 277 1416 illic
293 1384 495 1422 Mortuorum‚
513 1385 546 1414 &
561 1384 610 1421 qui
625 1381 708 1420 usque
722 1383 751 1411 in
766 1381 842 1412 diem
859 1382 938 1413 illum
952 1382 1013 1412 sunt
1027 1382 1174 1412 decessuri.

191 1422 239 1454 IT
251 1433 269 1454 Ε
282 1431 326 1460 M,
345 1426 514 1452 Conventum
530 1421 566 1462 el}
584 1422 617 1452 &
634 1420 828 1450 concordatum
849 1420 926 1458 quod
942 1421 1048 1458 praefati
1062 1420 1203 1456 Nobiles,

153 1460 241 1491 Cives
251 1485 261 1500 ,
280 1463 313 1493 ὃς
326 1462 386 1497 alii,
405 1460 552 1491 existentes
568 1460 596 1489 in
611 1459 693 1489 dietis
706 1457 808 1489 Castro
824 1460 857 1490 ὃς
867 1458 1007 1496 Civitate,
1026 1460 1204 1489 incontinen-

149 1507 192 1530 ter
206 1500 359 1537 Recipient
372 1501 405 1531 ὃς
422 1499 569 1529 Reintrare
584 1497 685 1528 facient
702 1498 731 1526 in
747 1497 865 1528 eandem
881 1497 1034 1533 Civitatem
1049 1507 1148 1527 omnes
1170 1497 1203 1527 δε

149 1538 288 1575 singulos,
307 1537 455 1568 existentes
471 1539 499 1567 in
510 1536 626 1567 Fossatis
642 1536 687 1566 seu
701 1536 777 1565 circa
795 1534 904 1565 Foffata
921 1535 1043 1573 ejusdem
1056 1534 1202 1572 Civitatis,

149 1577 198 1612 qui
212 1599 222 1613 ,
246 1584 359 1613 propter
380 1575 530 1606 Penuriam
547 1599 556 1612 ,
580 1573 699 1605 eandem
723 1572 880 1604 Civitatem
902 1573 963 1604 sunt
983 1573 1080 1613 egressi
1098 1583 1104 1602 :
1131 1582 1202 1611 quos

150 1614 268 1644 Pascere
287 1614 458 1645 tenebuntur
482 1614 566 1651 usque
587 1612 621 1641 ad
637 1614 774 1641 Decimum
797 1621 894 1641 nonum
908 1615 989 1641 Diem
1008 1612 1144 1651 Januarii
1159 1612 1204 1641 su-

148 1652 327 1691 pradictum,
343 1660 427 1690 prout
441 1651 510 1682 Deo
525 1652 559 1682 &
574 1650 649 1689 Regi
665 1650 807 1681 voluerint
826 1650 1009 1688 respondere,
1024 1660 1123 1690 practer
1133 1659 1204 1688 quos

150 1691 257 1722 nullam
277 1690 358 1720 aliam
380 1689 533 1721 Personam
556 1689 709 1726 Recipient
731 1689 759 1718 in
776 1687 895 1718 eandem
909 1688 1065 1720 Civitatem
1085 1689 1129 1719 seu
1145 1687 1204 1718 Ca-

151 1729 261 1767 strum,
279 1730 365 1767 usque
385 1729 414 1759 in
432 1727 600 1766 praedictum
620 1728 695 1758 diem
710 1750 720 1764 ,
743 1726 800 1756 fine
819 1726 928 1764 speciali
950 1726 1075 1757 Licentia
1098 1727 1204 1765 praefati

153 1767 282 1798 Domini
302 1767 392 1797 nostri
416 1766 520 1806 Regis:
547 1767 580 1797 &
596 1789 606 1803 ,
621 1766 639 1796 fi
652 1765 726 1795 forte
741 1766 890 1803 contigerit
906 1765 1028 1803 aliquem
1048 1765 1203 1796 Nuncium

150 1806 238 1837 Partis
251 1806 369 1836 adversae
383 1805 480 1836 venire
493 1805 576 1842 usque
590 1803 624 1834 ad
638 1803 737 1834 Portas
751 1803 796 1834 seu
810 1803 917 1834 Foffata
930 1803 1097 1834 eorumdem
1112 1802 1204 1834 Castri

148 1844 194 1875 seu
211 1844 358 1882 Civitatis,
376 1844 431 1881 ipse
448 1844 478 1873 in
491 1843 546 1881 ipsa
565 1852 624 1872 non
640 1841 803 1879 Recipietur
817 1865 825 1877 ,
843 1842 882 1872 set
895 1842 1092 1873 providebitur
1108 1842 1202 1873 eidem

150 1892 201 1922 per
216 1881 378 1913 Dominum
391 1881 520 1912 nostrum
534 1880 648 1919 Regem
660 1881 696 1910 de
709 1880 785 1910 salvo
802 1878 969 1911 Condudtu.

191 1920 296 1956 QUAE
320 1921 417 1951 omnia
440 1921 474 1950 &
497 1919 598 1958 singula
617 1918 784 1957 supradicta,
802 1919 856 1956 sic,
874 1927 903 1948 ut
919 1919 1113 1956 praemittitur,
1133 1923 1202 1948 Con-

151 1966 240 1989 venta
260 1960 293 1990 &
313 1958 481 1990 concordata
495 1980 505 1997 ‚
521 1958 589 1988 dieti
607 1956 790 1995 Capitaneus,
809 1956 948 1995 Nobiles,
967 1956 1073 1994 Cives,
1091 1959 1124 1988 ὃ(
1139 1958 1202 1994 alii,

151 1997 223 2028 infra
237 1997 313 2028 dicta
337 1997 489 2028 Civitatem
507 1997 541 2028 &
562 1994 696 2026 Castrum
716 1995 864 2026 existentes
878 2017 888 2033 ‚
913 1996 988 2027 bene
1009 1996 1041 2026 ὃς
1063 1995 1178 2026 fideliter
1191 2018 1201 2033 ‚

153 2036 257 2074 absque
278 2035 366 2074 dolo,
384 2035 479 2066 fraude
495 2057 505 2073 ‚
522 2036 568 2065 seu
584 2034 658 2064 malo
673 2034 802 2072 inuenio,
819 2042 915 2064 tenere
928 2035 961 2065 ὃς
974 2034 1121 2064 observare
1137 2043 1203 2071 pro—

152 2075 285 2112 mittunt,
305 2075 339 2105 &
355 2074 390 2105 ad
406 2073 505 2105 eadem
517 2072 686 2104 observanda
700 2057 733 2103 gt
749 2072 889 2112 implenda
905 2072 931 2102 fe
948 2073 1091 2110 obligant,
1111 2073 1202 2102 nisi&

149 2122 287 2150 quatenus
308 2113 457 2152 contigerit
479 2112 629 2150 praefatum
647 2111 812 2141 Dominum
837 2109 967 2141 nostrum
983 2111 1094 2150 Regem
1111 2110 1202 2148 (quod

149 2151 230 2189 absit)
247 2152 308 2182 fore
322 2151 478 2182 Devictum
493 2151 523 2180 in
535 2149 630 2188 Bello,
648 2149 698 2179 sibi
712 2150 728 2179 a
741 2148 844 2179 Karolo
857 2149 1030 2188 Adversario
1047 2148 1097 2188 fito
1113 2152 1203 2179 Fran-

150 2192 214 2229 ciae,
232 2199 278 2221 aut
293 2193 369 2220 Duce
384 2188 564 2228 Burgundiae,
580 2199 645 2219 ante
666 2187 820 2218 Meridiem
835 2188 941 2225 praesati
953 2192 1058 2218 Decimi
1071 2191 1135 2217 nom·
1149 2188 1201 2217 diei

150 2227 276 2268 instantis
291 2228 393 2270 Menfis
406 2228 557 2266 Januarii,
575 2226 753 2265 personaliter
766 2226 922 2257 inferendo.

189 2266 213 2296 P
222 2276 300 2297 Rov
310 2276 321 2296 1
331 2276 343 2297 s
352 2277 372 2297 o
398 2267 506 2303 semper
519 2265 613 2304 quod,
632 2265 650 2295 fi
667 2265 813 2303 contingat
826 2265 972 2302 praefatum
985 2263 1119 2295 Karolum
1135 2265 1203 2294 Ad-

149 2305 318 2345 versarium,
334 2313 382 2336 aut
394 2308 495 2334 Ducem
512 2304 692 2342 Burgundiae,
709 2303 754 2334 vel
769 2303 853 2333 alium
875 2313 1089 2341 quemcumque
1122 2305 1201 2333 veni-

150 2354 181 2374 re
197 2354 251 2382 pro
269 2343 459 2374 Removenda
471 2342 628 2373 Obfidione
639 2342 720 2380 ipsius
735 2344 845 2371 Domini
860 2341 941 2381 nostri
954 2345 1030 2379 Regis
1047 2352 1063 2371 a
1077 2326 1202 2373 Civitate

151 2382 305 2421 praedicta,
321 2391 413 2419 neque
428 2381 557 2419 praefatus
570 2380 756 2418 Caphaneus,
773 2389 826 2410 nec
839 2380 937 2418 aliquis
947 2379 1121 2418 Nobilium,
1139 2379 1204 2410 Sol-

151 2420 295 2451 dariorum
310 2443 320 2458 ‚
347 2420 465 2450 Civium
479 2443 489 2458 ,
507 2427 553 2450 aut
565 2419 702 2456 aliorum,
719 2418 897 2449 existentium
912 2418 983 2448 infra
999 2417 1152 2449 Civitatem
1168 2420 1201 2449 &

150 2457 284 2490 Castrum
309 2458 446 2489 antedicta
462 2481 471 2497 ,
495 2457 666 2497 egredietur,
690 2467 744 2487 nec
765 2457 911 2487 Auxilium
925 2457 1016 2486 eidem
1029 2479 1038 2494 ,
1055 2456 1092 2486 sic
1105 2465 1205 2487 contra

149 2497 315 2566 Domincilim
330 2496 460 2528 nostrum
473 2496 591 2534 Regem
608 2496 748 2534 venienti,
758 2494 898 2533 praestabit
913 2503 959 2526 aut
975 2495 1120 2532 impendet
1131 2505 1205 2533 quo-

148 2546 192 2567 vis
209 2545 258 2567 mo
280 2546 309 2566 o.
671 2545 674 2548 ⁴
727 2546 729 2548 ·

184 2574 251 2613 ET,
269 2582 300 2605 ut
314 2573 377 2604 haec
392 2574 488 2604 omnia
501 2574 534 2605 δε
550 2573 668 2613 singula,
686 2571 740 2610 sic,
761 2579 791 2603 ut
803 2572 997 2610 proemittitur,
1007 2572 1206 2609 Appunauata

150 2616 293 2644 conventa
306 2634 315 2650 ‚
337 2613 370 2643 &
391 2613 558 2642 concordata
575 2635 584 2650 ‚
611 2612 685 2642 bene
700 2634 709 2649 ,
725 2611 860 2649 fideliter,
877 2612 910 2642 ὃς
928 2609 1095 2641 inconcusse
1109 2610 1206 2649 obser-

148 2661 267 2688 ventur,
285 2661 317 2682 ac
332 2661 384 2688 pro
398 2652 497 2688 majori
514 2647 666 2681 Securitite
687 2650 850 2680 earumdem
865 2673 874 2686 ,
894 2652 1063 2679 Conventum
1078 2649 1110 2679 &
1130 2652 1200 2677 Con-

150 2691 288 2721 cordatum
309 2689 345 2757 είὶ
364 2689 442 2727 quod
463 2688 592 2726 praefatus
613 2688 780 2726 Capitaneus
794 2711 804 2725 ‚
828 2687 970 2725 Nobiles,
989 2686 1093 2724 Cives,
1113 2687 1146 2717 ὃς
1159 2687 1203 2716 alii

150 2729 299 2767 supradicti
342 2728 491 2758 iberabunt
505 2727 539 2757 &
558 2726 684 2757 Tradent
704 2726 739 2757 ad
751 2726 843 2756 statim
858 2727 887 2755 in
903 2735 1000 2756 manus
1013 2725 1082 2756 dieti
1098 2724 1203 2754 Domi.

152 2769 183 2797 ni
205 2767 293 2798 nostri
315 2766 404 2803 Regis
427 2765 584 2803 octoginta
600 2765 751 2796 Notabiles
766 2764 886 2794 Obsides
901 2765 1036 2802 (quorum
1054 2764 1159 2801 Viginti
1174 2773 1204 2793 e-

150 2816 216 2837 runt
230 2805 338 2836 Milites
357 2805 390 2835 ὅτ,
407 2803 554 2841 Scutifeii,
572 2804 605 2834 &
617 2804 717 2842 reliqui
729 2803 817 2834 Cives
832 2802 915 2840 ipsius
929 2801 1068 2840 Civitatis)
1084 2803 1202 2839 propriis

151 2854 253 2876 eorum
266 2843 431 2881 Sumptibus
444 2841 642 2872 sustentandos.

188 2883 247 2913 Pro
262 2883 416 2921 partevero
432 2879 540 2917 praefati
556 2878 905 2910 metuendiffimiDornini
919 2878 1005 2908 nostri
1016 2878 1103 2915 Regis
1112 2877 1203 2914 (Prae-

151 2921 231 2951 miffa
242 2920 378 2951 humilem
392 2917 614 2949 Submiffionem
632 2919 665 2948 δε
679 2917 885 2948 Redditionem
908 2915 1036 2947 Civitatis
1053 2918 1084 2948 ὅ(
1108 2916 1203 2946 Castri

154 2959 188 2990 &
200 2959 250 2989 alia
261 2959 410 2996 subscripta
429 2957 548 2996 gratiose
565 2957 599 2987 &
620 2956 744 2993 benigne
757 2955 966 2990 considerantis)
982 2954 1129 2994 Concefficm
1144 2955 1204 2993 est,

151 2996 233 3035 quod
248 3006 348 3027 omnes
361 2998 394 3027 &
411 2995 509 3034 singuli
522 2995 735 3033 (cujuscumque
748 2993 857 3031 Status,
876 2992 991 3024 Gradus
1004 3016 1014 3031 ‚
1031 2994 1076 3023 seu
1090 2993 1204 3024 Condi-

153 3036 239 3066 tionis
259 3034 407 3070 exciterint)
431 3034 503 3064 infra
524 3033 598 3063 dicta
613 3031 746 3063 Castrum
766 3033 799 3063 &
813 3031 966 3062 Civitatem
979 3031 1124 3062 existentes
1141 3034 1201 3068 (ex-

154 3074 243 3111 ceptis
255 3073 336 3102 certis
349 3072 474 3102 Personis
485 3071 600 3102 inferius
613 3070 781 3111 expreffatis)
796 3071 845 3108 qui
856 3069 988 3100 devenire
1003 3070 1140 3100 voluerint
1153 3070 1202 3100 Li-

155 3114 201 3149 gei
215 3112 248 3141 &
264 3109 374 3141 Subditi
384 3109 464 3147 ipsius
488 3109 611 3140 Domini
630 3109 719 3139 nostri
732 3108 838 3147 Regis,
856 3109 888 3138 δε
904 3107 939 3138 de
955 3116 1061 3138 caetero
1076 3108 1124 3138 sub
1139 3110 1195 3146 ejus

154 3148 326 3180 obedientia
341 3147 519 3185 Remanere,
534 3148 678 3178 habebunt
691 3148 788 3177 omnia
802 3148 835 3178 &
850 3147 955 3184 singula
970 3146 1154 3177 Haereditates
1169 3156 1202 3176 ac

154 3188 235 3219 Bona
247 3188 290 3218 sua
305 3186 421 3216 mobilia
435 3186 468 3215 &
480 3185 655 3224 immobilia,
674 3185 745 3216 infra
755 3185 902 3216 Ducatum
912 3185 991 3215 suum
1007 3184 1201 3215 Normanniae

152 3226 323 3262 constituta,
342 3234 422 3263 quae,
439 3231 502 3255 ante
520 3222 624 3253 Datam
645 3224 820 3260 praesentium
833 3247 843 3261 ,
866 3234 914 3263 per
931 3223 1079 3261 praefatum
1096 3223 1204 3253 Domi-

155 3275 225 3295 num
239 3264 366 3294 nostrum
380 3262 494 3300 Regem
503 3283 512 3299 ,
529 3261 586 3291 aliis
601 3261 676 3291 Data
689 3263 723 3293 δε
735 3261 878 3293 Concefla
890 3272 949 3292 non
965 3262 1075 3292 fuerunt
1089 3262 1204 3299 (excep-

154 3305 188 3334 tis
197 3302 352 3334 Armaturis
368 3299 558 3331 &Artellariis
572 3299 765 3337 suprascriptis)
782 3300 910 3330 faciendo
926 3310 978 3337 pro
986 3299 1204 3330 Haereditatibus

155 3343 190 3374 &
198 3339 490 3373 Bonis.irnmobilibus
501 3337 659 3375 hujusmodi
673 3339 791 3376 praefato
800 3338 934 3368 Domino
949 3337 1046 3368 nostro
1059 3338 1132 3376 Regi
1142 3338 1205 3368 Ser-

155 3382 222 3411 vitia
236 3403 246 3419 ,
271 3379 338 3409 inde
356 3377 451 3408 debita
473 3378 506 3408 ὃς
521 3375 669 3413 consueta,
685 3376 731 3406 seu
744 3375 818 3413 aliis,
833 3376 868 3406 ad
883 3385 953 3413 quos
965 3376 1125 3414 hujusmodi
1140 3376 1205 3407 Ser-

155 3420 238 3458 vitia,
253 3427 287 3449 ex
302 3415 497 3447 concessione
510 3413 590 3453 ipsius
602 3413 727 3444 Domini
741 3414 829 3444 nostri
844 3412 948 3452 Regis,
965 3414 1099 3445 deberent
1114 3417 1203 3453 perti-

154 3468 231 3489 nere.

195 3496 238 3527 Ιτ
248 3505 266 3527 E
276 3503 302 3526 Μ
313 3519 323 3533 ,
350 3492 495 3532 Concefficm
516 3490 556 3522 est
569 3513 579 3528 ‚
604 3500 658 3528 pro
678 3498 755 3528 parte
765 3489 889 3520 Domini
902 3489 990 3521 nostri
1004 3490 1108 3530 Regis,
1126 3491 1205 3529 quod

157 3534 243 3566 Cives
266 3537 299 3566 &
317 3533 516 3564 inhabitatores
535 3529 668 3560 Civitatis
685 3528 928 3566 Rothomagensis
943 3553 953 3566 ,
972 3530 1019 3566 qui
1034 3538 1110 3559 nunc
1125 3530 1206 3568 sunt,

157 3581 204 3604 aut
217 3574 246 3603 in
259 3572 386 3603 futurum
400 3578 497 3607 erunt,
514 3567 658 3598 habebunt
673 3568 770 3597 omnia
784 3567 817 3597 ὅτ.
830 3567 931 3605 singula
940 3567 1110 3606 Libertates,
1119 3568 1205 3598 Fran-

158 3611 277 3648 chefias,
295 3612 328 3642 &
354 3608 503 3646 Privilegia
516 3630 525 3645 ,
544 3616 609 3644 quae
629 3615 694 3644 per,
711 3605 817 3635 inclitae
830 3606 992 3641 memoriae,
1010 3605 1209 3643 Progenitores

160 3649 242 3686 ipfius
256 3648 379 3679 Domini
395 3647 482 3679 nostri
496 3645 601 3682 Revis,
619 3646 700 3682 Reges
716 3642 845 3681 Angliae,
863 3646 950 3673 Duces
957 3642 1152 3682 Normanniae,
1170 3645 1209 3674 eis

160 3688 195 3718 &
207 3687 292 3717 dietae
304 3687 410 3717 civitati
423 3669 568 3716 Concess‘i'i
581 3683 711 3719 fuerunt,
730 3683 759 3712 in
773 3691 895 3719 quorum
907 3681 1082 3712 Poueffione
1096 3683 1209 3712 fuerunt

159 3726 253 3754 Primo
265 3727 319 3755 Die
334 3734 393 3763 quo
408 3724 487 3755 venit
500 3723 575 3753 idern
589 3721 732 3751 Dominus
744 3719 841 3750 noster
861 3719 942 3758 Rex,
960 3728 1024 3750 ante
1037 3719 1142 3750 dietam
1155 3719 1209 3750 Ci-

163 3763 296 3800 vitatem,
310 3772 382 3801 ymo
397 3764 445 3800 &,
463 3770 497 3792 ex
511 3760 641 3798 ampliori
653 3759 708 3790 suae
721 3758 898 3796 Benignitatis
913 3757 1001 3795 gratia
1016 3780 1026 3795 ,
1044 3757 1085 3788 est
1099 3762 1208 3789 Conces-

153 3799 221 3840 fiam
236 3799 314 3837 quod
325 3800 467 3831 habebunt
483 3799 567 3830 iidem
582 3796 668 3829 Cives
682 3797 716 3829 &
730 3796 932 3827 Inhabitatores
949 3798 1046 3826 omnia
1059 3797 1092 3827 &
1106 3797 1210 3835 singula

165 3838 341 3874 Libertates,
364 3837 540 3868 Franchesias
554 3861 564 3874 ,
587 3837 619 3867 &
639 3834 807 3874 privilegia,
840 3836 870 3864 in
892 3843 1016 3872 quorum
1038 3834 1212 3865 Poffeffione

164 3876 276 3908 fuerunt
292 3874 407 3913 praefato
421 3878 512 3906 Primo
527 3878 596 3913 Die,
614 3884 649 3905 ex
667 3873 861 3905 Conceffione
878 3882 1126 3911 quorumcumque
1140 3873 1214 3904 Pro-

164 3913 330 3952 genitorum
354 3913 468 3943 suorum
491 3916 588 3952 Regum
613 3915 734 3943 Franciae
748 3935 758 3950 ‚
785 3912 834 3950 qui
864 3911 976 3942 fuerunt
999 3919 1063 3941 ante
1085 3920 1214 3950 tempora

164 3950 281 4022 1{hilfppi
297 3950 329 3980 de
347 3949 442 3990 Valoys
453 3973 464 3990 ,
487 3951 643 3987 Adversarii
660 3951 879 3991 Progenitorum
893 3949 963 3982 dieti
981 3948 1106 3981 Domini
1125 3949 1215 3982 nostri

196 3998 261 4028 egis.

210 4031 283 4060 Tam.
296 4028 344 4058 111.
365 4028 399 4057 P.
413 4028 472 4058 ΠΙ.

1249 111 1721 164 PUBLICA.
2256 122 2334 181 593·

1268 203 1301 245 ¹*
1321 203 1365 233 ΙΤ
1378 213 1394 247 e
1407 213 1433 234 M
1443 227 1452 242 ‚
1471 204 1689 248 Concordatum
1707 206 1748 237 est
1763 206 1796 238 &
1811 206 1988 240 Concessum
2003 233 2012 247 ,
2030 219 2081 247 pro
2098 218 2172 247 parte
2187 209 2293 242 Domi·
2313 212 2388 240 Arm.
2408 211 2444 241 D.

1245 248 1282 286 ni⁴
1297 240 1383 283 nostri
1402 242 1490 310 Regis
1505 243 1582 279 quod
1598 254 1698 274 omnes
1719 247 1752 275 δε
1767 246 1861 284 singuli
1877 247 2006 278 Extranei
2020 249 2150 286 Soldirii,
2169 250 2197 277 in
2213 250 2293 280 dictis
2334 259 2415 283 141⁹·

1245 277 1424 325 (Ji-vitate‘&
1447 279 1621 325 Ιἶρίὶζς),13το
1639 283 1764 319 praesenti
1780 284 1940 323 existentes,
1958 287 2083 317 nolentes
2096 286 2228 317 devenire
2246 288 2295 316 Li-
2315 293 2338 314 H
2352 299 2374 313 «i.
2395 298 2419 321 5-

1246 324 1292 350 ἕξει
1313 317 1346 347 &
1364 317 1472 362 §abditi
1493 319 1562 348 dieti
1585 319 1705 359 Domini
1727 321 1815 351 nostri
1835 323 1922 360 Regis
1945 325 2095 361 (predictis
2116 324 2238 355 Civitate
2261 328 2293 355 ὃς
2316 330 2329 341 '⁶
2354 326 2403 353 12⁸⁸--

1247 351 1350 383 Castro
1374 354 1505 399 Domino
1524 356 1622 400 nostro
1644 357 1739 396 Regi,
1759 367 1788 388 ut
1801 362 1960 398 praefertur,
1978 361 2118 399 Redditis)
2133 362 2219 393 libere
2236 363 2296 393 Re·
2315 364 2378 396 667-

1246 391 1346 422 cedent
1362 403 1371 429 ς
1396 393 1564 424 dimittendo
1585 395 1676 438 eidem
1693 394 1825 427 Domino
1846 398 1942 429 nostro
1961 401 2036 435 Regi
2050 410 2149 429 omnes
2165 401 2295 431 Armatu—

1247 439 1286 458 ras
1303 452 1312 467 ,
1337 429 1459 475 Equos,
1486 432 1519 462 &
1543 432 1722 476 Artenam-as,
1748 434 1845 465 Rebus
1866 438 1898 467 &
1922 439 1975 467 aliis
1993 438 2076 468 Bonis
2092 438 2242 469 mobilibus
2260 437 2294 469 ad

1248 468 1327 496 usum
1342 467 1473 499 Civitatis
1487 472 1698 501 remanentibus.

1285 505 1416 543 Exceptis
1436 507 1614 550 Normannis
1627 532 1635 546 ,
1661 510 1708 546 qui
1731 509 1810 548 Ligei
1833 510 1957 541 Domini
1970 513 2055 543 nosti-i
2071 513 2157 553 Regis
2173 514 2229 544 effe
2243 525 2295 545 no-

1246 542 1374 586 luerunt,
1394 555 1441 582 qui
1457 555 1557 576 omnes
1577 548 1610 577 ὃς
1632 546 1728 586 singuli
1741 547 1887 579 Prisonarii
1902 551 1979 587 ipsius
1998 551 2117 582 Domini
2133 552 2221 582 nostri
2235 553 2297 583 Re*

1246 589 1286 619 gis
1302 583 1502 613 remanebunt:
2173 591 2190 595 “

1247 655 1270 685 st
1283 618 1337 686 ΕῐΒ
1334 629 1454 664 excepto
1469 624 1546 651 Luca
1566 622 1680 661 Ttalico,
1698 624 1745 662 qui
1760 624 1843 654 etiam
1861 625 1911 655 erit
1926 625 2090 657 Prisonaiius
2106 627 2229 659 Domini
2244 640 2296 659 no-

1274 667 1295 686 ri
1342 667 1410 696 egis:

1286 695 1329 725 Ac
1350 697 1433 726 etiam
1455 697 1603 727 Willielmo
1621 699 1736 728 Hodicot
1759 699 1853 730 Milite
1872 700 1977 730 Billivo
1993 726 2001 737 ,
2030 702 2125 733 Alam
2152 705 2292 742 Branche,

1245 732 1373 771 Johanni
1386 737 1481 771 Segnet
1497 735 1621 773 Majore,
1639 737 1776 775 Magistro
1790 738 1902 767 Roberzo
1917 740 1948 767 de
1967 743 2055 770 Lyn-et
2065 752 2073 769 .·

1284 770 1321 801 Et
1343 772 1458 814 excepta
1477 772 1528 802 illc}
1552 774 1668 813 Persium*
1693 786 1751 815 qtae
1775 776 1862 805 Verba
1881 777 1962 806 Mala
1980 789 2017 811 O
2034 779 2174 818 luhsnesta
2194 779 2294 810 locutus

1247 807 1300 852 est,
1317 809 1335 838 si
1350 810 1443 848 aliquo
1457 811 1546 841 modo
1563 815 1665 849 poterit
1680 814 1815 851 inveniri,
1834 814 1935 852 absque
1956 815 2050 846 fraude
2063 817 2105 847 vel
2123 818 2199 847 malo
2216 820 2294 856 inge-

1248 856 1314 876 nio:

1283 883 1416 924 Exceptis
1429 888 1511 917 etiam
1527 887 1640 917 Ballivo
1655 889 1686 918 de
1700 888 1852 919 Vallemont
1868 890 1900 919 Sc
1916 891 2022 920 Duobus
2039 892 2212 930 Prfienariis,

1280 923 1330 968 Εἰ.
1347 925 1508 963 generaliter
1534 927 1667 957 omnibus
1687 927 1720 957 ὃ(
1743 928 1852 965 lingulis
1872 928 2070 959 proditoribus
2085 931 2151 961 dieii
2174 932 2297 962 Domini

1244 960 1331 1004 nostri
1358 963 1442 1002 Regis
1457 985 1466 1001 ,
1492 972 1588 1001 utpote
1611 964 1752 1004 AngliciS,
1771 963 1958 996 Walleiiiibus
1995 967 2174 1006 Hibernicis,
2193 969 2297 999 Vasco-

1245 1009 1310 1037 niis,
1331 1001 1364 1031 ὃς
1384 1003 1458 1037 aliis,
1478 1004 1543 1040 qui,
1560 1013 1609 1040 per
1626 1013 1705 1034 antea
1726 1004 1839 1034 Partem
1861 1004 1932 1036 dieti
1955 991 2078 1036 Domini
2099 1007 2184 1037 nostri
2210 1007 2297 1046 Regis

1246 1046 1406 1070 tenueruntt

1283 1075 1327 1106 IT
1339 1087 1355 1106 E
1367 1086 1411 1116 M,
1434 1078 1581 1122 Concefficm
1593 1079 1634 1109 est
1650 1103 1659 1118 ,
1685 1090 1738 1117 pro
1762 1089 1837 1118 parte
1851 1081 1974 1111 Domini
1992 1082 2077 1112 nosti-i
2096 1082 2200 1120 Regis,
2220 1083 2300 1117 Quod

1247 1113 1388 1160 Guerrarn
1399 1116 1445 1162 ³&
1465 1127 1548 1147 etiam
1564 1118 1726 1156 Obloquia,
1745 1129 1808 1156 une
1824 1120 1886 1157 (hac
1905 1120 2062 1150 Obsidione
2078 1120 2203 1158 durante)
2219 1122 2301 1152 Gen-

1245 1159 1285 1181 tes
1300 1153 1423 1190 superius
1438 1164 1601 1198 memoratae
1617 1156 1830 1195 (cujuscumque
1845 1158 2014 1189 conditionis
2030 1161 2178 1194 extiterint)
2201 1161 2300 1189 adver—

1244 1190 1286 1219 sus
1307 1191 1383 1221 suam
1405 1191 1527 1235 Regiam
1549 1192 1731 1224 Serenitatein
1754 1195 1903 1233 fecerunt,
1930 1206 1976 1226 :tut
2003 1198 2112 1234 pollutis
2135 1199 2223 1228 inuia.-
2237 1199 2298 1229 sunt

1245 1227 1370 1272 loquutae
1412 1229 1494 1273 *idem
1516 1231 1708 1262 Sereniffimus
1730 1232 1875 1264 Dominus
1899 1235 1992 1265 noster
2017 1237 2097 1274 Rex,
2120 1246 2151 1265 ex
2166 1237 2298 1266 initui-{tu

1244 1265 1361 1297 Dtvmae
1384 1251 1496 1311 pietatis
1509 1291 1519 1312 ,³
1537 1269 1691 1299 clementer
1706 1269 1881 1310 Indulgcbit,
1895 1282 2077 1311 praeterquam
2093 1276 2142 1304 hiis
2157 1274 2300 1312 Personis,

1246 1313 1310 1342 quae
1323 1305 1443 1343 superius
1460 1308 1493 1338 &
1508 1317 1535 1336 in
1549 1307 1639 1344 specie
1655 1307 1716 1338 sunt
1731 1318 1864 1346 exceptae.

1282 1342 1354 1387 Iri}
1365 1352 1417 1391 M„
1442 1343 1590 1389 Coqcceffitm
1611 1345 1647 1384 est
1661 1369 1670 1384 ‚
1696 1356 1748 1383 pro
1764 1356 1839 1383 parte
1856 1348 1978 1378 Domini
1994 1349 2081 1379 nostri
2099 1351 2199 1389 Regu,
2221 1351 2298 1387 quod

1244 1381 1366 1428 praefatis
1379 1382 1510 1413 boldariis
1525 1384 1557 1413 &
1572 1383 1715 1414 Extraneis
1730 1409 1740 1422 ,
1764 1386 1840 1422 juxta
1863 1386 1983 1416 formam
1999 1387 2134 1424 prtesentis
2148 1389 2299 1420 'ii-aetates

1244 1420 1278 1449 &
1299 1419 1472 1464 Concordiae
1493 1422 1623 1451 recedere
1646 1422 1802 1453 volentibus
1819 1447 1827 1460 ,
1855 1423 1928 1453 idem
1951 1424 2093 1454 Dominui
2115 1427 2208 1456 noster
2232 1427 2297 1457 Rex

1245 1457 1386 1526 ffordinabit
1408 1460 1442 1527 ᾗ(
1462 1460 1545 1506 faciet
1567 1459 1678 1490 bonum
1695 1485 1704 1498 ,
1726 1461 1832 1492 salvum
1845 1486 1854 1499 ,
1873 1461 1906 1493 &
1920 1461 2046 1493 securum
2064 1462 2251 1496 Conductum
2267 1468 2298 1495 in

1257 1506 1337 1527 orma
1354 1507 1410 1527 con
1424 1508 1494 1528 ueta*

1271 1571 1314 1616 ¹In
1329 1583 1451 1611 quorum
1465 1576 1596 1605 omnium
1611 1575 1644 1605 ὃς
1658 1575 1828 1615 singulorum
1836 1576 1951 1611 Fidem,
1971 1577 2157 1608 Securitatem
2167 1601 2175 1615 ,
2195 1580 2226 1608 ὃς
2236 1579 2297 1609 Te-

1243 1610 1410 1642 stimonium
1421 1635 1431 1650 ,
1445 1612 1526 1656 ,Nos
1542 1636 1551 1651 ‚
1572 1613 1705 1651 b'lagister
1720 1615 1868 1653 Stephanus
1881 1613 2009 1652 Qfflciasis
2022 1616 2193 1653 antedictus,
2212 1618 2297 1646 Gccia'o

1242 1649 1362 1679 Butiller
1378 1649 1563 1688 Capitaneus,
1580 1652 1743 1682 {Villielmus
1761 1653 1900 1691 Grarcrrson
1932 1654 2078 1683 Dominus
2103 1655 2138 1685 de
2162 1655 2271 1685 Pesines
2287 1679 2297 1692 ,

1243 1687 1402 1718 Anthonius
1416 1689 1447 1718 de
1462 1688 1657 1728 Thoulongeon,
1677 1691 1821 1728 Jolmmzes
1842 1690 1991 1731 Bastardtts
2012 1692 2046 1722 de
2061 1692 2155 1722 Thieu
2166 1716 2175 1731 ‚
2192 1695 2224 1724 δε
2238 1693 2295 1731 Jo-

1242 1724 1343 1756 loannes
1359 1726 1383 1756 le
1405 1726 1505 1766 Masbn
1521 1728 1625 1758 Custos
1648 1729 1735 1769 Sigilli
1753 1730 1969 1768 Obligationum
1988 1729 2013 1759 V
2017 1731 2211 1761 iceconiititsis
2228 1731 2294 1761 Ro-v

1244 1765 1430 1809 thomagensis
1443 1788 1452 1804 ‚
1477 1766 1569 1805 Sigilla
1590 1766 1681 1797 nostra
1704 1768 1887 1799 Praesentibus
1903 1768 2097 1805 apposuimus,
2114 1779 2176 1799 ante
2190 1770 2297 1800 dietam

1242 1803 1398 1835 Civitatem
1415 1803 1694 1844 Rothomagensem,
1714 1807 1768 1835 Die
1782 1807 1820 1841 ὠ·
1840 1811 1926 1836 Anno
1934 1806 2103 1845 fiipradic‘lis.

1267 1930 1316 1962 De
1338 1940 1395 1960 non
1418 1927 1640 1961 intromittendo
1655 1956 1666 1971 ,
1701 1934 1732 1962 in
1757 1928 1987 1976 Spirittmli'bus,
2012 1929 2120 1976 absijue
2140 1933 2277 1963 Licentia

1727 1982 1826 2026 Regis.

1241 2059 1384 2115 REX,
1399 2069 1513 2110 cantori
1532 2066 1570 2102 (ἐν
1592 2066 1715 2106 Capitulo
1736 2067 1856 2109 Ecclcfiae
1873 2068 2042 2099 cathedralis
2069 2068 2289 2110 constantienfis,
2313 2067 2387 2100 Ann.
2404 2066 2447 2102 D:

1310 2100 1383 2146 Sede
1396 2105 1501 2135 ibidem
1516 2116 1651 2144 vacante,
1669 2106 1800 2137 Salutem.
2335 2118 2419 2147 1419.

1281 2137 1358 2177 Qia
1371 2141 1468 2186 datum
1484 2142 1525 2174 est
1540 2145 1622 2175 nobis
1637 2145 1775 2182 intelligi,
1793 2145 1871 2184 quod
1888 2156 1939 2176 vos
1954 2154 2040 2176 certas
2056 2145 2296 2178 PersonasEccle-
2314 2151 2365 2175 Aa.
2382 2152 2410 2175 6.

1243 2173 1288 2217 sm
1303 2180 1464 2219 praedicstae,
1480 2183 1512 2211 de
1527 2183 1652 2220 praesenti
1665 2184 1801 2221 absentes,
1821 2184 1856 2214 ad
1873 2183 2040 2214 Praebendas
2054 2185 2086 2214 δε
2102 2184 2236 2214 Beneficia
2252 2186 2295 2215 sia
2313 2190 2348 2212 H.
2365 2196 2392 2221 5.

1241 2221 1271 2256 11)
1283 2216 1383 2247 eadem
1399 2219 1525 2250 Ecclesia
1546 2221 1591 2251 sua
1613 2221 1755 2259 Recipere
1769 2245 1778 2258 ,
1804 2232 1836 2252 ac
1860 2222 1995 2261 Fructus,
2015 2222 2160 2260 proficui,
2180 2223 2296 2254 Reven-
2315 2228 2373 2252 Pat.

1240 2258 1347 2294 nones,
1364 2257 1397 2287 &
1410 2257 1615 2290 Emolumenta
1628 2259 1798 2290 eorumdem
1817 2258 1924 2290 Levare
1944 2263 1977 2291 &
1998 2260 2163 2298 Percipere,
2183 2271 2295 2292 necnon
2313 2267 2400 2291 Norm.
2417 2264 2444 2291 6.

1238 2290 1289 2320 alia
1307 2296 1512 2339 quamplurima
1532 2298 1723 2328 intollerabilia
1744 2299 1903 2336 permittere
1925 2299 2065 2330 intenditis
2080 2322 2090 2337 ,
2112 2299 2290 2331 Aue‘toritate
2314 2305 2348 2328 H.
2363 2311 2390 2336 5-
2405 2309 2430 2338 p-

1241 2339 1354 2398 PsQria
1368 2333 1401 2364 &
1416 2344 1476 2365 non
1493 2334 1605 2374 nostra,
2314 2349 2385 2368 2.m.
2401 2340 2445 2377 38,

1316 2380 1363 2408 os,
2311 2378 2337 2406 d.

1245 2445 1250 2450 .
1280 2407 1424 2441 Praemissa
1436 2411 1637 2450 ponderantes,
1655 2422 1688 2443 ac
1702 2414 1739 2443 eis
1748 2436 1757 2452 ‚
1771 2423 1835 2453 quae
1846 2422 1946 2445 contra
1958 2413 2081 2453 nostram
2099 2414 2218 2454 Regum
2228 2415 2296 2446 Ma-

1238 2446 1368 2483 Jestatem
1382 2449 1452 2480 fiunt
1470 2451 1586 2481 obviare
1601 2451 1740 2489 volentes,

1282 2485 1386 2525 Vobis,
1402 2487 1548 2531 distriCtius
1566 2499 1623 2527 quo
1641 2489 1787 2527 possiitnus
1801 2513 1810 2528 ,
1838 2490 1954 2521 firmiter
1967 2490 2155 2529 injungendo,
2176 2490 2298 2522 Manda-

1242 2532 1306 2553 mus
1326 2527 1363 2569 ne
1383 2526 1504 2569 aliquam
1526 2526 1678 2558 Personam
1701 2528 1916 2566 (cujuscumque
1938 2528 2075 2565 Gradus,
2102 2528 2195 2559 Status
2212 2552 2220 2566 ‚
2247 2531 2293 2560 seu

1243 2560 1426 2593 Conditionis
1441 2565 1534 2603 fuerit)
1550 2567 1579 2595 in
1595 2565 1768 2603 Episcopum
1793 2567 1866 2596 Loci
1890 2566 2014 2604 praedicti
2039 2566 2163 2606 Eligere,
2183 2568 2297 2598 Admit-

1243 2607 1318 2636 tere,
1333 2601 1378 2632 seu
1402 2602 1543 2640 Recipere
1555 2627 1564 2642 ,
1589 2606 1632 2634 vei
1653 2604 1756 2642 aliquas
1771 2604 1904 2635 Personas
1917 2605 1952 2635 de
1966 2605 2122 2635 absentibus
2136 2605 2295 2643 praediftis,

1242 2637 1276 2668 ad
1294 2638 1460 2670 l'raebendas
1474 2642 1519 2671 seu
1534 2641 1672 2673 Beneficia
1686 2643 1730 2673 sua
1745 2643 1904 2680 hujusmodi
1919 2643 2089 2681 optinenda,
2108 2653 2154 2673 aut
2172 2644 2297 2682 fruetus,

1242 2675 1374 2722 prolicua
1389 2701 1398 2716 ‚
1424 2679 1617 2710 Reventiones
1629 2704 1638 2718 ,
1664 2682 1697 2712 ὃς
1717 2681 1917 2711 Emolumenta
1939 2681 2107 2712 eorumdem
2123 2682 2238 2712 levanda
2253 2683 2297 2713 seu

1242 2717 1419 2760 percipienda
1433 2740 1443 2756 ‚
1469 2720 1632 2756 permittere
1655 2721 1756 2758 quovis
1778 2720 1867 2750 modo
1890 2721 2007 2757 curetis,
2025 2720 2128 2757 absque
2143 2721 2250 2757 speciali
2266 2722 2299 2750 li—

1242 2762 1333 2798 centia
1349 2755 1457 2793 nostra,
1478 2758 1511 2788 ὃς
1523 2758 1600 2796 hoc,
1617 2757 1667 2788 sub
1683 2757 1814 2788 Periculo
1830 2759 2024 2795 incumbenti,
2043 2758 2196 2789 niiiloteiius
2210 2760 2297 2790 omit-

1243 2801 1313 2824 tatis.

1279 2831 1371 2876 Teste
1384 2831 1464 2871 Rege
1483 2837 1512 2863 in
1527 2835 1658 2864 Exercitu
1672 2833 1722 2871 fico
1734 2841 1798 2865 ante
1811 2839 1965 2866 Civitatem-
1975 2833 2207 2873 Rothomagensiw
2219 2835 2296 2865 decia

1244 2879 1296 2900 mo
1310 2878 1395 2901 tertio
1410 2871 1470 2902 Die
1477 2872 1609 2911 Januarii.

1924 2951 1977 2978 Per
1989 2948 2072 2989 ipficm
2083 2950 2188 2986 Regem.

1242 3079 1269 3106 ,ᾗ
1293 3078 1525 3122 lustramentum
1545 3081 1743 3112 Ausemicum
1757 3105 1766 3119 ,
1792 3084 1938 3112 continens
1957 3081 2191 3126 Uansitmptum
2214 3093 2291 3127 qua-
2312 3086 2326 3101 ³
2346 3086 2399 3113 IX.

1316 3128 1446 3161 rumdam
1465 3130 1641 3160 Literarnm
1656 3131 1841 3174 tangentium
1857 3131 2014 3161 Ducamm
2032 3131 2228 3174 Acqniram'e.
2305 3124 2371 3151 ⁶⁶3·

1319 3216 1405 3247 Ntv
1418 3225 1529 3247 ERSIS
1555 3214 1743 3246 CHRISTI
1772 3217 2005 3247 Firmemus
2023 3239 2032 3254 ,
2058 3217 2200 3255 praesenres
2216 3216 2292 3247 Lite-
2310 3210 2384 3239 ΛΠΠ·
2401 3208 2438 3239 0⁴

1331 3265 1370 3285 ras
1385 3255 1430 3285 seu
1447 3255 1561 3292 praesens
1575 3255 1722 3292 publicum
1738 3254 1959 3285 Instrumentum
1973 3255 2149 3292 inspecsturis,
2165 3255 2291 3293 Thomas,
2331 3258 2381 3287 ¹4¹
2389 3257 2414 3285 9«

1242 3293 1422 3332 permiffione
1441 3293 1538 3323 divina
1552 3316 1560 3330 ,
1578 3292 1762 3330 Dunelmenfis
1775 3293 1912 3332 Epffi‘opus
1927 3293 2051 3323 Salutem
2066 3293 2096 3323 in
2110 3293 2241 3324 Domino
2258 3295 2291 3325 &
2307 3292 2357 3314 ‘40'-

1242 3333 1374 3363 adhibere
1387 3331 1571 3362 Praesentibus
1586 3331 1698 3368 plenam
1713 3331 1807 3361 fidem.
1925 3333 1927 3336 ’
2308 3330 2334 3353 H
2359 3334 2376 3360 5
2381 3348 2387 3353 -

1281 3371 1618 3401 UNIVERstTATI
1645 3378 1816 3400 vnsTRAE
1842 3377 1989 3399 ΝοΤυΜ
2015 3378 2199 3401 FAchUS
2215 3395 2224 3409 ,
2243 3381 2293 3409 pet
2307 3362 2366 3391 Pell.

1245 3409 1398 3440 Praesentes
1409 3433 1419 3446 ,
1445 3409 1520 3447 quod
1537 3432 1546 3445 ,
1570 3407 1688 3445 prudens
1703 3409 1737 3439 ὃς
1751 3408 1876 3447 egregius
1894 3408 1960 3445 Vir,
1982 3407 2144 3438 Willielmus
2158 3409 2290 3449 Kyriwol-

1245 3447 1346 3486 merfh,
1362 3447 1502 3485 Clericus,
1521 3444 1709 3483 Procurator,
1729 3445 1947 3476 metuendissimi
1964 3445 2086 3476 Domini
2109 3446 2212 3485 nostri,
2231 3446 2293 3476 Re-

1246 3487 1287 3523 gis
1302 3488 1430 3524 hienrici,
1449 3486 1506 3516 Dei
1520 3484 1624 3522 gratia,
1643 3483 1754 3520 Angliae
1769 3484 1807 3519 ὠ
1822 3487 1942 3513 Franciae
1956 3484 2124 3514 illustrissimi
2139 3508 2148 3522 ,
2174 3486 2205 3515 &
2226 3485 2293 3514 Do-

1249 3526 1319 3555 mini
1342 3525 1491 3555 Hiberniae
1506 3547 1515 3561 ,
1539 3532 1637 3552 coram
1660 3524 1741 3552 nobis
1762 3521 1954 3559 comparens,
1975 3531 2182 3552 exntnurT
2226 3532 2293 3552 uan-

1248 3563 1314 3593 dam
1339 3563 1381 3593 IN
1392 3573 1412 3593 D
1421 3572 1439 3592 E
1451 3571 1473 3592 N
1483 3570 1505 3591 T
1517 3569 1539 3590 U
1551 3570 1572 3590 R
1583 3568 1601 3589 A
1615 3568 1639 3589 M
1655 3583 1664 3597 ‚
1688 3560 1786 3590 Siffillis
1808 3561 2016 3591 honorabilium
2032 3562 2157 3590 virorum
2168 3583 2176 3597 ,
2221 3561 2294 3589 ambi

1249 3604 1348 3639 Magni
1360 3603 1387 3631 in
1401 3601 1485 3631 Sacra
1500 3600 1602 3634 Pagina
1618 3584 1783 3628 Profcifoiis
1794 3622 1803 3635 ,
1828 3598 1960 3627 Elec-roris
1974 3599 2006 3628 de
2020 3599 2200 3634 Pantho-iant,
2216 3600 2293 3627 Petri

1248 3637 1375 3679 Verfizllis
1388 3641 1414 3669 in
1433 3639 1515 3668 Sacra
1529 3636 1634 3673 Pagina
1648 3636 1785 3666 BJcallarii
1801 3637 1930 3674 formati,
1947 3636 2046 3676 Galesti
2058 3637 2090 3665 a'e
2103 3636 2211 3674 Aclceyo
2229 3635 2290 3666 Mi-

1247 3679 1316 3716 litis,
1332 3688 1364 3709 ac
1386 3677 1528 3715 Johannis
1547 3677 1667 3704 Louveti'
1690 3674 1848 3705 Domicelli
1864 3697 1873 3713 ‚
1896 3675 2114 3705 procuratorum
2127 3697 2137 3711 ,
2156 3674 2293 3704 Nuncio-

1248 3728 1312 3748 rum
1327 3740 1337 3756 ,
1364 3716 1534 3754 Legatorum
1549 3736 1559 3750 ,
1583 3714 1637 3742 live
1660 3713 1912 3750 Aiitbsst'iatoiaim,
1932 3713 2065 3742 :iobiliiini
2083 3713 2114 3742 &
2130 3711 2294 3742 Potentiurn

1250 3756 1449 3786 Dominorum
1463 3776 1472 3791 ‚
1499 3752 1643 3790 quondam
1667 3750 1806 3789 Johanms
1828 3754 1909 3780 Ducis
1925 3754 2039 3778 Bituxiie
2056 3773 2065 3786 ,
2092 3749 2187 3778 Karoli
2210 3753 2294 3780 Duris

1252 3794 1395 3829 Borbonii,
1413 3792 1558 3829 quondam
1573 3788 1712 3828 Johannis
1725 3793 1832 3818 Comitis
1854 3790 1884 3817 A:
1900 3787 2050 3817 Alani-anio
2066 3811 2074 3823 ,
2102 3790 2133 3816 ὅ(
2154 3787 2295 3824 70,’]αηῃι’ς

1251 3836 1282 3864 de
1294 3835 1408 3870 Lopiaco
1424 3829 1524 3860 Militis
1537 3828 1728 3858 Procurator-is
1742 3828 1794 3856 live
1812 3827 1922 3856 Nuncii
1936 3826 2076 3861 quondam
2092 3827 2227 3855 Bernara'i
2246 3829 2296 3855 Co-

1253 3875 1325 3902 mitis
1338 3871 1501 3899 Armam'aci
1510 3891 1519 3906 ,
1536 3868 1566 3897 in
1586 3865 1659 3896 Cera
1679 3867 1764 3895 rubea
1789 3874 1801 3894 s
1810 3874 1821 3893 1
1831 3874 1851 3893 o
1862 3873 1872 3893 1
1882 3872 1901 3892 L
1911 3872 1930 3892 L
1941 3873 1959 3892 A
1972 3872 1993 3891 τ
2006 3873 2025 3892 A
2034 3871 2059 3891 M
2075 3885 2084 3898 ,
2103 3865 2180 3901 cujus
2194 3865 2295 3895 Tenor

1251 3910 1376 3942 scribitur
1390 3907 1513 3936 inferius.
1837 3940 1841 3944 ι
1902 3939 1906 3944 ⁴

1292 3947 1359 3985 Qua
1382 3943 1426 3974 IN
1436 3954 1456 3974 D
1466 3954 1482 3974 E
1492 3951 1577 3974 NTU
1588 3951 1609 3972 R
1621 3952 1638 3971 A
1656 3964 1665 3979 ,
1694 3949 1724 3971 ut
1746 3940 1854 3970 assernit
1880 3938 1970 3968 ἀιθειις
1999 3937 2168 3969 Procurator
2193 3941 2303 3970 Domini

1257 3985 1337 4024 nostri
1350 3985 1445 4023 Regis,
1462 3983 1538 4014 idem
1549 3984 1679 4013 Dominus·
1691 3978 1774 4045 nosti
1790 3981 1846 4006 Rex
1862 3978 1984 4008 multum
1998 3977 2102 4016 indiget
2115 3987 2228 4017 propter
2237 3988 2300 4010 cer-

1793 4024 1811 4044 2
2267 4024 2307 4047 ΜΞ
