2562 4274
42 233 117 265 Ann.
132 231 174 263 D.

63 271 148 310 1418.

45 316 106 340 Hm.
126 318 153 344 5.

41 420 95 446 An.
110 417 137 444 6.

43 460 78 483 H.
103 463 131 489 5.

42 497 101 520 Par.

45 535 133 558 Norm.
149 530 177 555 6.

45 574 176 604 H.5.p.2.

44 617 80 635 m.
101 607 147 634 28.

46 646 62 663 ⁸
74 645 125 672 lx.

44 684 111 718 650.

59 3614 77 3631 ‘
97 3610 150 3641 IX.

56 3654 125 3686 651.

59 3690 136 3720 Ann.
149 3687 190 3718 D.

87 3727 174 3766 1418.

58 3770 113 3795 An.
129 3768 157 3793 6.

62 3809 98 3833 H.
119 3813 145 3839 5.

59 3847 100 3870 Ex
107 3841 172 3870 Bibl.

58 3884 118 3909 Cot.
131 3882 173 3908 Τι’-

60 3918 141 3946 berius
164 3923 192 3947 B.

61 3958 88 3983 6.
98 3956 145 3993 fol.

66 3996 108 4022 16.
125 3998 154 4022 Β.

759 142 859 188 ΕΤ
924 142 1194 188 ACTA
1261 145 1745 194 PUBLICA.

414 321 461 352 De
485 317 653 351 Traaando
670 324 738 351 cu'm
759 321 872 365 Regina
896 320 1014 352 Ciciliae.

198 404 316 463 REX
330 404 495 442 Univerfis,
514 403 660 442 praesentes
679 404 783 434 Literas
798 401 978 443 inspecturis,
997 403 1128 448 Salutem.

293 443 372 473 Cum
387 443 512 482 Treugae
529 443 585 472 sive
609 442 783 473 Guerrarum
800 442 986 473 Abstinentiae
1009 450 1080 473 inter
1100 444 1177 477 Nos,
1195 449 1248 484 pro

194 481 310 520 Nobis,
334 481 458 520 Regnis,
482 482 600 518 Terris,
628 480 742 518 Patriis,
757 480 916 523 Dominiis,
941 482 1052 518 Ligeis,
1070 482 1104 512 &
1127 481 1249 511 Subditis

194 520 295 550 nostris
323 529 357 550 ex
373 520 444 558 una,
459 518 497 554 ό·
513 519 616 549 Yoland
624 522 753 557 Reginam
774 519 929 558 Jerusalem
947 525 985 554 (φ
1005 518 1121 557 Ciciliae,
1140 529 1172 548 ac
1192 521 1250 562 I.⁴.⁰‘

193 545 324 587 dowicur‘n
346 558 442 588 Filium
454 557 534 596 fimm
557 560 784 595 Primogenitum‚
805 568 857 595 pro
879 558 934 596 Se,
949 558 1115 595 Tetrisque,
1134 556 1250 601 Parrus,

194 596 358 635 Dominiis,
379 596 488 635 Ligeis,
506 597 539 627 ὅτ
564 595 686 626 Subditis
705 596 755 626 suis
777 598 806 626 in
826 596 983 639 Ducatul*
1009 596 1197 640 Andegaviae,
1216 596 1249 626 &

194 634 341 666 Comitatu
365 633 590 672 Cenomanensi,
609 633 667 664 Sibi
690 634 812 665 Subditis
833 636 867 666 ὃς
888 634 1044 672 SubJectis,
1064 643 1141 678 parte
1161 643 1195 663 ex
1211 633 1249 662 al-

193 681 269 712 tera,
288 674 374 711 usque
398 672 514 703 Festum
533 671 629 702 Sancti
653 671 800 703 Michaelis
820 675 954 711 proximo
977 678 1151 716 praeteritum
1168 674 1250 702 dura-

194 720 282 750 turas,
310 709 412 749 Initae,
441 710 534 741 Factae
549 733 558 749 ,
585 710 748 742 Conventae
760 733 770 750 ,
791 712 825 742 ὅῑ
844 710 1039 742 Οοῃεοτάαῑιε
1060 711 1162 741 fuerint
1176 734 1185 747 ,
1215 711 1249 740 δε

194 750 295 781 deinde
317 749 498 789 Prolongatae
519 750 554 780 ad
573 757 685 780 certum
706 750 836 789 Tempus
850 752 883 782 δε
899 749 1072 780 Terminum
1085 758 1163 779 nunc
1179 747 1253 785 elap-

192 791 254 819 sum

231 812 350 857 N²otum
364 826 496 857 Facimus
511 826 592 864 quod
607 837 677 866 nos,
944 865 949 870 ¹
1116 863 1121 869 ¹

229 863 359 895 Plenarie
375 866 409 896 &
430 865 545 895 indubie
568 864 741 896 confidentes
762 863 799 894 de
821 864 968 902 prudentia
990 864 1024 895 δτ-
1040 863 1194 909 probitate,
1212 861 1252 892 E-

191 905 225 942 ‘gt
263 904 355 934 'orum
371 904 404 934 δὲ
417 902 592 935 Prudentum
607 902 760 939 Virorum,
779 902 908 942 Magistri
922 901 1064 946 Johaazfzrr
1077 904 1176 939 Kempe
1189 900 1252 945 Cu-

193 911 283 973 stgffis
296 942 401 973 Privati
413 941 502 980 Sigilli
519 941 624 979 nostri,
642 940 777 985 Radulplyi
797 939 947 985 Rochefqrd
964 939 1081 979 Militis,
1099 941 1134 972 δε
1156 938 1252 979 Magi-

194 979 244 1011 stri
256 980 398 1020 Johannis
412 979 539 1010 Holland
549 979 690 1018 utriusque
700 979 773 1017 Juris
789 978 955 1023 Doctoris,

233 1017 310 1057 Ipsos
348 1018 467 1049 Tenore
485 1017 686 1056 Praesentium,
704 1026 738 1047 ex
756 1025 830 1047 certa
853 1017 972 1049 Scientia
992 1017 1105 1054 nostra,
1123 1015 1252 1054 Deputa-

196 1067 279 1126 ἕως,
303 1042 337 1089 δ’(
360 1055 900 1125 0τάἰὲᾳωέεἷηφίξτοεᾶίῗὲἓέἒῑοῐεε,
922 1065 955 1087 ac
976 1055 1174 1095 Negotiorum
1198 1062 1252 1086 no-

223 1105 321 1126 torum
377 1104 432 1125 uoa
464 1104 494 1124 in
508 1104 535 1125 ra
546 1104 586 1125 cri
619 1105 634 1124 a
812 1117 822 1133 ,

233 1118 343 1166 Dante’s
356 1105 579 1164 quncedentes
586 1104 850 1171 F&²Attribuentes
861 1135 916 1172 eis,
933 1133 979 1164 seu
996 1132 1120 1162 Duobus
1136 1139 1253 1162 eorum-‘-

195 1172 280 1211 dem,
301 1157 464 1203 meiioribus
480 1172 570 1202 modo
585 1172 620 1202 &
634 1171 729 1203 forma
743 1173 843 1216 quibus
857 1172 892 1202 de
907 1174 967 1209 jure
982 1171 1142 1216 possumus,
1158 1170 1252 1207 plena-

195 1212 267 1241 riam
288 1209 462 1241 Potestatem
484 1212 518 1242 &
541 1210 732 1248 Facultatem,
749 1209 825 1241 Vice
845 1212 879 1242 &
898 1209 1034 1241 Nomine
1047 1208 1165 1252 nostris,
1183 1217 1252 1238 curn

194 1249 309 1286 praefata
329 1252 432 1287 Regina
455 1247 494 1283 &
514 1248 582 1279 Filio
596 1250 647 1288 suo
662 1249 793 1288 praedicro
808 1272 818 1287 ,
843 1249 931 1279 suisve
952 1247 1198 1292 Ambassiatoribus
1218 1246 1251 1276 δε

194 1286 231 1318 N
234 1287 338 1326 unciis,
352 1297 386 1318 ac
400 1287 458 1318 aliis
470 1286 714 1326 quibuscumque,
731 1287 825 1325 quoad
840 1287 902 1317 haec
923 1286 959 1316 ab
979 1285 1082 1316 eisdem
1105 1284 1254 1329 Deputan-

195 1325 254 1364 dis,
274 1325 447 1357 Potestatem
462 1325 649 1357 sufficientem
663 1326 848 1363 habentibus,
865 1325 902 1355 de
916 1326 949 1356 &
965 1325 1045 1362 super
1061 1324 1196 1354 omnibus
1218 1322 1252 1353 δε

195 1363 310 1402 singulis
333 1363 465 1433 &erclis
486 1365 520 1396 &
543 1363 760 1402 Qiaestionibus
774 1387 784 1401 ,
808 1373 873 1401 quae
889 1373 955 1408 'tam
975 1372 1027 1401 pro
1049 1371 1126 1407 parte
1140 1360 1253 1410 nostra,

219 1412 283 1433 uam
300 1412 331 1440 pr
379 1403 503 1433 ictorum
515 1406 624 1440 Reginae
638 1402 676 1438 (ἐγ
689 1401 752 1432 Filii
756 1403 819 1441 sui,
836 1401 894 1432 fieri
908 1403 942 1434 δὲ
963 1400 1057 1432 haberi
1073 1399 1203 1439 possent,
1213 1401 1254 1443 *ad

202 1438 203 1441 ¹
217 1441 319 1471 endam
334 1442 367 1472 &
381 1441 557 1479 habendam,
574 1450 659 1479 prout
671 1440 871 1477 decernerent,
888 1440 1073 1484 sufficientem
1083 1439 1254 1484 'Reparatio-

195 1489 267 1509 nem
287 1480 420 1510 omnium
439 1481 473 1511 &
494 1488 747 1518 quorumcumque
769 1479 940 1510 Excessuum
955 1502 965 1516 ,
997 1478 1162 1522 Criminurn
1176 1499 1186 1515 ,
1212 1477 1252 1521 ⁸&

194 1517 400 1557 Delietorum,
418 1527 499 1556 quae,
514 1517 632 1548 durante
649 1526 707 1548 tem
748 1527 777 1548 re
799 1517 998 1560 Treugarum,
1016 1515 1196 1547 exsstentium
1210 1525 1255 1545 in-

195 1564 238 1586 ter
257 1557 318 1585 Nos
339 1554 372 1587 &
395 1556 527 1594 praefatos
546 1558 675 1595 Reginam
747 1555 845 1585 Filium
857 1555 958 1595 ficum,
976 1564 1076 1593 praeter
1099 1555 1132 1584 &
1152 1561 1254 1584 contra

193 1594 321 1624 formam
343 1594 463 1633 ipsarum
478 1617 488 1633 ,
520 1594 687 1633 committi,
716 1597 893 1633 perpetrari,
923 1594 956 1625 &
977 1601 1134 1631 attemptari
1154 1601 1254 1631 potue-

193 1641 277 1663 runt·

232 1654 353 1701 Ineundi
368 1692 378 1709 ,
402 1670 625 1710 Conveniendi‚
649 1670 819 1709 Tractandi,
841 1680 874 1702 ac
898 1670 1013 1701 finaliter
1035 1670 1069 1701 &
1089 1669 1254 1714 conclusive

193 1707 419 1747 Concordandi,
434 1708 484 1740 sub
506 1708 616 1748 Pat‘Bcis,
635 1709 876 1747 Conditionibus,
895 1709 1048 1747 Modisque
1068 1708 1102 1739 δε
1124 1709 1252 1746 Formis,

193 1748 298 1787 quibus
313 1747 413 1778 melius
428 1748 462 1779 δί
474 1748 664 1786 expedientius
675 1749 794 1779 viderint
810 1747 987 1786 faciendum,

236 1785 292 1824 Et,
319 1786 340 1816 fi
361 1786 514 1824 nonnulla,
537 1786 617 1824 super
639 1786 717 1824 haec,
742 1795 858 1825 propter
879 1786 980 1825 aliquas
1000 1784 1121 1823 Causas,
1144 1794 1254 1823 appun-

195 1823 334 1863 &uandffi
351 1824 540 1864 complenda,
556 1826 590 1857 &
609 1825 819 1863 concludenda,
835 1823 986 1862 restarent,
1003 1832 1088 1862 prout
1103 1833 1175 1861 opus
1191 1823 1253 1853 fue-

196 1863 232 1892 rit
242 1884 252 1900 ,
271 1862 385 1893 Locum
399 1863 434 1894 δί
447 1863 585 1894 dilationis
599 1863 774 1894 Terminum
790 1863 839 1898 (de
853 1864 954 1901 quibus
977 1863 1049 1893 dieti
1069 1862 1158 1892 nostri
1180 1861 1263 1892 Pro—-

194 1907 336 1932 curatores
358 1910 426 1932 cum
450 1901 571 1940 praefatis
590 1905 694 1940 Regina
714 1901 752 1936 ὠ»
772 1901 841 1932 Filio
855 1901 905 1941 Juo
938 1901 983 1933 seu
1004 1901 1055 1931 suis
1070 1900 1182 1945 ad-haec
1203 1908 1253 1938 per

194 1938 310 1970 eosdem
325 1934 518 1977 Deputandis,
537 1940 696 1971 concordes
707 1938 910 1971 Remanebunt
938 1939 1128 1978 Acceptandi,

231 1976 476 2016 Promittentlique
497 1978 593 2016 quod,
612 1979 646 2009 ad
668 1979 758 2009 Diem
778 1979 812 2011 &
825 1980 1017 2022 Terminum‚
1038 1978 1076 2007 fic
1092 1978 1254 2023 Acceptam

194 2013 263 2053 dos,
278 2015 390 2047 nostros
401 2015 599 2048 destinabimus
618 2016 833 2057 Procuratores,
870 2017 969 2048 lenatia
983 2018 1016 2048 &
1032 2015 1181 2046 sufficienti
1195 2015 1254 2046 Po-

194 2053 292 2085 testate
312 2054 458 2093 suffultos,
481 2055 516 2089 ad
539 2055 816 2124 Appuntifflandum,
865 2055 1077 2100 requendum,¹
1092 2054 1253 2092 Compleu—

192 2091 265 2123 dum
274 2116 285 2131 ,
301 2094 335 2125 &
351 2092 464 2124 finaliter
478 2093 566 2125 Conc
578 2092 739 2133 udendum,
757 2092 884 2132 respectu
899 2093 1006 2138 nostri,
1023 2093 1056 2124 &
1069 2103 1099 2123 in
1113 2101 1252 2131 quantum

193 2136 249 2162 'nos
266 2139 380 2171 tangere
399 2130 521 2170 poterit,
536 2133 615 2171 super
635 2133 715 2171 haec,
731 2141 796 2171 quae
811 2135 918 2164 ratione
931 2133 1077 2163 dictorum
1090 2132 1252 2170 Attempta-

194 2177 305 2209 torum,
323 2171 422 2210 exequi
435 2171 469 2202 ὅτ,
482 2171 672 2203 concludendi
686 2171 845 2210 restabunt,

231 2206 273 2238 Ita
285 2209 365 2248 quod
379 2209 515 2253 quicquid
528 2218 578 2248 per
592 2209 705 2240 eosdem
726 2209 836 2241 nostros
859 2208 1075 2247 Procuratores,
1099 2208 1145 2239 seu
1165 2207 1251 2238 Duos

196 2245 320 2284 ipsorum
330 2270 339 2285 ,
349 2244 431 2278 ‘Vice
446 2248 478 2279 &
490 2247 626 2279 Nomine
641 2248 757 2287 nostro,
773 2248 828 2287 sic,
845 2257 877 2279 ut
899 2248 1061 2286 praefertur,
1077 2248 1160 2292 super
1179 2256 1251 2284 prae*

196 2284 285 2315 miffis
306 2286 431 2323 tracitari,
457 2288 614 2326 componi,
636 2287 822 2325 concordari,
847 2288 880 2318 δε
900 2286 1003 2317 firmari
1025 2294 1191 2325 contigerit,
1209 2294 1251 2316 te-

196 2327 277 2361 neat,
295 2323 329 2355 ὃ(
344 2324 450 2363 valeat,
459 2323 596 2363 suumque
610 2325 726 2356 totalem
740 2327 773 2357 ὃς
787 2325 941 2365 plenarium
956 2326 1083 2357 sortiatur
1091 2324 1251 2363 Effectum,

194 2370 229 2392 ac
243 2361 262 2392 fi
279 2370 330 2400 per
345 2362 429 2400 Nos,
447 2364 477 2392 in
489 2364 600 2402 propria
613 2360 734 2394 Persona
743 2389 752 2402 ‚
767 2364 875 2395 factum
890 2364 982 2403 foret,

231 2399 365 2432 Similiter
379 2424 389 2440 ,
412 2411 464 2439 pro
486 2401 584 2432 Nobis
607 2403 639 2434 δε
663 2402 799 2433 Nomine
819 2402 936 2442 nostro,
961 2411 1152 2447 quaecumque
1168 2401 1251 2446 jura-V

195 2442 363 2470 mentorum
403 2449 501 2478 encra,
539 2441 611 2471 uoad
632 2441 695 2472 haec
715 2442 929 2479 convenientia,
954 2442 982 2471 in
1005 2441 1141 2471 Animam
1162 2440 1252 2470 nostri

194 2482 310 2507 necnon
326 2486 379 2516 qua
391 2484 516 2516 cumque
552 2479 729 2510 romiffiones
742 2480 882 2518 poenales,
901 2479 934 2510 ad
948 2479 1167 2524 Praemissorum
1186 2487 1252 2510 exe-

194 2515 343 2546 cutionem
359 2517 392 2547 &
405 2516 543 2548 effectum
557 2518 750 2557 requirendas,
770 2517 904 2549 Faciendi
919 2519 952 2549 ὃς
968 2517 1134 2562 praestandi,
1212 2561 1214 2564 .

235 2552 274 2584 Et
293 2555 454 2593 generaliter
473 2557 570 2586 omnia
589 2557 622 2587 &
640 2556 743 2596 singula
757 2575 768 2595 ,
792 2557 867 2587 circa
890 2556 1035 2587 Praemiffa
1052 2557 1086 2587 &
1107 2563 1255 2601 propterea

196 2595 337 2630 oportuna
357 2592 392 2624 &
413 2594 577 2632 necessaria,
604 2604 671 2625 cuni
693 2595 886 2626 Incidentibus
906 2596 939 2627 &
960 2594 1196 2632 Dependentrbus
1219 2604 1253 2640 eit

196 2629 277 2667 ipsis,
295 2630 369 2662 Vice
380 2633 412 2663 &
427 2633 545 2662 nomine
559 2631 678 2671 nostro,
693 2643 745 2671 pro
761 2633 862 2663 Nobis
877 2633 1020 2672 Dicendi,
1033 2632 1252 2677 Concordandi,

196 2668 230 2699 &
247 2668 395 2709 Faciendi,
414 2680 478 2709 quae
493 2680 546 2701 nos
560 2671 716 2703 faceremus
728 2671 748 2703 fi
762 2673 791 2702 in
804 2672 907 2703 eisdem
921 2672 1098 2710 personaliter
1110 2671 1255 2702 interesse-

197 2715 260 2736 mus

235 2728 438 2778 Pr’o'mittentes
450 2770 460 2786 ,
484 2757 535 2785 per
557 2747 658 2779 Fidem
678 2748 821 2787 nostram,
845 2749 880 2780 ad
901 2749 1005 2780 Sansta
1026 2749 1084 2780 Dei
1104 2748 1255 2788 Evangelia

197 2789 250 2821 per
262 2794 316 2814 nos
327 2784 447 2822 praestita
455 2785 634 2826 Juramenta,
652 2797 685 2818 ac
699 2788 748 2818 sub
762 2788 895 2819 omnium
907 2790 940 2820 δὲ
962 2788 1136 2827 singulorum
1158 2787 1256 2818 Bono-

198 2831 263 2852 rum
284 2821 464 2862 nostrorum,
483 2824 636 2855 mobilium
649 2825 682 2857 &
702 2826 912 2866 immobilium,
931 2827 1158 2871 praesentium&
1180 2826 1256 2857 futu-

198 2868 314 2899 rorum,
334 2860 536 2900 obligatione,
556 2863 625 2893 Nos
638 2865 736 2894 omnia
749 2866 782 2895 &
798 2864 920 2904 singula,
938 2876 1002 2903 quae
1018 2875 1066 2903 per
1088 2865 1180 2896 dictos
1200 2875 1256 2895 no*

199 2898 270 2929 stros
284 2899 500 2939 Procuratores,
517 2909 564 2931 aut
576 2900 661 2932 Duos
673 2902 810 2941 ipsorum,
829 2911 859 2933 ut
875 2904 1036 2942 praefertur,
1048 2904 1123 2935 Vice
1137 2905 1170 2935 &
1184 2903 1257 2934 No-

202 2938 280 2967 mine
294 2936 413 2977 nostro,
430 2949 498 2970 cum
513 2939 632 2978 praefatis
645 2943 748 2977 Regina
763 2939 801 2974 ἀι
826 2939 895 2970 Filio
909 2942 979 2982 fiio,
998 2951 1045 2973 aut
1065 2944 1116 2973 suis
1138 2942 1172 2973 ad
1192 2942 1255 2973 haec

202 2980 251 3013 per
264 2975 335 3012 ipsos
348 2975 516 3016 Deputatis,
533 2978 566 3009 &
581 2977 752 3009 Potestatem
769 2978 952 3010 sufficientem
974 2981 1157 3019 habentibus,
1171 2982 1256 3011 ratio—

203 3021 254 3050 ne,
274 3013 307 3043 &
320 3013 354 3044 ad
368 3014 507 3055 Causam,
523 3026 556 3047 ac
570 3025 723 3055 praetextu,
742 3017 774 3047 &
788 3018 938 3049 occasione
951 3020 1084 3049 omnium
1106 3020 1140 3050 &
1160 3019 1257 3057 fingu-

201 3050 297 3081 lorum
311 3051 542 3093 Praemissorum,
561 3065 594 3086 ac
609 3055 841 3094 Dependentium
856 3057 890 3087 &
913 3056 1128 3097 Emergentium
1151 3067 1185 3087 ex
1206 3059 1257 3088 eis-

201 3087 285 3127 dem,
304 3087 404 3127 Fatsta,
418 3091 508 3122 Gesta
517 3093 613 3131 Jurata
627 3094 660 3125 δε
673 3093 814 3124 Promissa
828 3095 1042 3134 fuerint,Rata,
1051 3095 1138 3126 Grata
1145 3095 1258 3126 Stabilia

202 3128 237 3158 &
252 3127 346 3157 Firma
359 3124 462 3159 habere
467 3138 580 3167 ‚tenere
592 3133 624 3163 &
636 3133 833 3163 inviolabiliter
845 3135 992 3165 observare
1001 3157 1010 3172 ,
1027 3135 1137 3172 ipsaque
1148 3144 1196 3172 per
1204 3144 1258 3164 noa

203 3164 269 3195 stras
284 3165 392 3234 Iffliteras
404 3165 571 3207 Ratificare,
587 3169 714 3202 Laudare
726 3172 760 3203 &
776 3171 957 3211 Approbare,
976 3175 1105 3212 quotiens
1121 3183 1154 3203 ac
1174 3183 1258 3211 prout

201 3214 222 3234 o
243 3214 273 3234 us
315 3211 374 3235 erit.

223 3213 272 3273 PIn
284 3252 405 3280 quorum
421 3243 506 3274 fidem
519 3245 552 3275 δί
567 3245 760 3278 testimonium
775 3248 985 3280 Praemissorum
1008 3249 1154 3288 praesentes
1178 3250 1258 3282 Lite-

202 3286 244 3310 ras
258 3282 354 3319 magni
370 3281 459 3321 sigilli
471 3282 560 3314 nostri
575 3284 756 3325 Appensione
768 3287 887 3319 fecimus
897 3289 1080 3319 communiri]

204 3354 309 3426 NDat.
330 3354 514 3427 igi-'Exercitn
530 3360 609 3398 Regii·
623 3382 633 3399 ,
659 3369 724 3392 ante
742 3361 934 3401 Rothomagum
948 3387 958 3402 ,
981 3366 1056 3396 xxiv.
1080 3365 1126 3396 die
1148 3364 1258 3395 Mensis

241 3405 327 3428 ovem
350 3406 396 3427 ris.

834 3478 888 3511 Per
901 3480 982 3520 ipfiam
996 3484 1098 3520 Regem.

301 3602 329 3636 ᾗ
355 3611 414 3646 Ad
426 3613 547 3646 Literas
567 3607 718 3660 Dauphini
731 3624 786 3660 pro
802 3612 880 3647 Pace
900 3615 1043 3662 Responfio
1062 3620 1160 3664 Regis.>

280 3698 412 3735 Enricus,
430 3697 490 3728 Dei
504 3696 620 3736 Gratia,
637 3699 697 3730 &c.
724 3697 822 3730 Illustri
837 3696 974 3738 Principi,
993 3699 1113 3739 Karolo,
1132 3703 1259 3742 Dauphi-

297 3746 331 3765 no
343 3736 375 3765 de
390 3739 531 3773 Viennoir,
547 3735 768 3777 consanguineo
780 3737 879 3767 nostro
893 3738 1033 3769 cariffimo
1062 3740 1209 3771 desiderata
1225 3742 1259 3772 fi-

205 3771 264 3839 giailil
283 3774 316 3803 δε
339 3774 441 3812 sperata
459 3775 656 3807 Amicitiarum
680 3775 855 3807 Concordiae
869 3776 1021 3809 reformare
1035 3762 1171 3819 Foedera,
1188 3789 1258 3811 cum

251 3817 306 3840 ute.

244 3885 360 3925 Illustris
372 3889 494 3927 Princeps
507 3887 545 3925 (ἂν
560 3889 754 3931 consanguinee
766 3890 891 3931 carifflme
899 3913 909 3930 ‚

244 3960 338 3993 Pridie
355 3963 462 3995 Lirem
474 3965 593 4006 vestras,
610 3966 726 3998 decimo
739 3969 840 4006 quinto
853 3967 900 3998 die
920 3966 1044 4000 instantis
1067 3964 1174 4001 Mensis
1191 3971 1261 4002 No—

206 4002 332 4031 vembris
352 4001 475 4041 scripms,
496 4013 545 4041 per
563 4004 697 4037 Latorem
722 4006 919 4045 Praesentium,
938 4007 1004 4038 Nos
1025 4009 1112 4039 sciatis
1128 4010 1262 4040 benivole

204 4039 358 4079 recepisse,
374 4041 461 4074 verba
477 4040 608 4080 quaedam
624 4045 654 4075 in
667 4054 769 4077 eorum
782 4045 900 4077 exordio
914 4048 1083 4079 recensentes
1099 4049 1175 4086 (quae
1189 4047 1264 4080 Scu-

1295 233 1379 263 tifero
1400 234 1466 264 illud
1489 236 1643 272 apparuisse
1664 236 1774 268 Votum
1795 237 1900 270 Cordis
1921 240 2021 279 nostri)
2037 240 2111 281 qubd
2117 245 2282 279 promptioris
2299 254 2346 272 ex-

1293 275 1398 300 titimus
1427 272 1580 302 Voluntatis
1594 274 1727 312 perfeHas
1752 279 1908 307 Concordlas
1936 279 1973 315 ὠ»
2000 283 2145 309 Amicitia
2172 291 2226 309 cum
2254 282 2345 320 ὐοβπᾶ

1293 310 1531 347 Consanguinilate
1553 320 1611 340 covt
1624 313 1721 350 ahere,
1739 316 1819 354 quirm
1843 328 1898 345 cum
1917 318 1978 347 aliis
1997 319 2029 347 de
2051 321 2134 347 Dima
2148 320 2269 347 Frnvciie
2288 323 2346 357 qui-

1293 347 1421 387 buslibet,
1439 353 1485 388 qui
1498 349 1627 387 nobilium
1640 352 1856 383 Interlocutiones
1877 359 1907 385 in
1928 357 1960 385 ea*
1984 356 2109 385 Materia*
2129 360 2227 386 varias·
2249 356 2350 386 habue-

1293 393 1376 414 runt:

1330 423 1361 453 In
1386 434 1443 461 quo
1476 425 1608 462 profecit)
1640 426 1734 457 nostra
1763 428 1854 459 adhuc
1881 432 2035 462 nullatenus
2050 433 2178 464 alteratur
2201 433 2348 472 Intenti0;

1292 462 1338 492 sed
1353 464 1492 492 unanimis
1509 464 1624 493 indubie
1641 465 1807 504 perseverat,
1823 468 1892 498 illius
1903 470 2049 506 praestante
2065 471 2280 510 Clementia,in
2296 482 2347 502 cu-

1292 501 1337 537 jus
1352 500 1443 531 Manu
1462 501 1577 538 Regum
1592 502 1691 533 Corda
1711 504 1882 544 consistunt,
1901 510 1933 537 δε
1955 509 2002 538 ubi
2025 509 2144 541 voluerit
2160 521 2208 550 ea,
2226 521 2278 549 pro
2296 511 2347 540 be-

1294 538 1433 575 neplacito
1447 539 1502 569 suae
1518 540 1691 579 Voluntatis,
1709 543 1837 572 inclinat:

1334 576 1527 608 Desiderantes
1549 588 1582 608 ex
1603 581 1700 610 animo
1721 590 1751 610 ut
1774 581 1931 617 hujusmodi
1952 585 2036 614 bone
2060 584 2219 617 Voluntatis
2242 586 2348 618 nostrae

1294 614 1462 646 Constantia
1475 616 1508 645 ad
1525 616 1580 647 Dei
1597 617 1723 648 Laudem
1739 619 1864 649 sortiatur
1877 621 2012 651 effectum
2028 624 2147 654 celerem
2161 626 2191 655 δε
2206 627 2349 664 vocivum,

1295 655 1328 684 &
1343 653 1450 690 sperans
1464 654 1492 684 in
1507 654 1641 686 Domino
1656 656 1735 694 quod
1749 659 1816 687 tanti
1832 657 1905 688 Boni
1920 659 2137 692 Consummatio
2152 664 2179 692 in
2197 664 2295 702 vobis,
2315 665 2349 695 si-

1294 693 1353 721 cuti
1370 701 1421 721 nec
1437 693 1465 721 in
1479 691 1594 732 Nobis,
1612 694 1735 725 defeetui
1752 705 1809 725 non
1822 694 1997 727 siccumbet.

1331 729 1374 758 Ex
1395 729 1551 760 vestrarum
1572 733 1664 770 itaque
1684 733 1750 763 serie
1768 733 1921 765 Literarum
1937 746 2026 767 unum
2039 738 2252 775 quodammodo
2269 738 2348 771 haefi-

1295 775 1351 798 tare
1365 770 1576 807 comperimus,
1593 771 1673 808 quod
1688 771 1905 803 Ambaffiatores
1917 774 2026 805 alterius
2040 777 2178 814 utriusque
2200 778 2348 816 nosti-sim,

1294 806 1324 834 in
1338 804 1414 836 Villa
1427 806 1523 837 nostrii
1539 808 1668 839 Alencon
1679 810 1840 840 adinvicem
1857 812 2050 850 consistentes,
2071 823 2184 851 propter
2211 817 2350 847 Astecfitio-

1294 844 1337 873 nis
1349 846 1464 881 privat-ae
1473 845 1662 877 Nimietatem
1671 870 1680 883 ,
1696 856 1742 878 aut
1756 847 1886 879 Materiae
1899 851 2007 887 pondus
2021 852 2268 892 difficultatemve,
2279 865 2350 885 con-

1294 882 1396 912 cordes
1415 883 1506 913 forsan
1526 884 1583 914 esse
1604 887 1770 925 nequirent,
1787 887 1931 926 nostram,
1950 890 1979 918 iti
2001 890 2081 920 illurn
2101 900 2251 930 eventum,
2270 902 2351 923 men-

1294 927 1353 950 tem
1368 922 1539 960 cognoscere
1553 925 1711 961 cupientes:

1334 958 1461 998 Verum,
1480 970 1510 991 ut
1534 961 1622 992 nostri
1641 973 1674 993 ex
1695 972 1769 1001 parte
1787 965 1868 994 vobis
1886 967 2054 996 omnimoda
2073 967 2183 998 tollatur
2202 968 2351 1009 Ambigui-

1295 1004 1352 1036 tas,
1377 998 1488 1030 nostros
1506 998 1720 1032 Ambaffiatores
1743 1003 1941 1034 rationabiliter
1961 1006 1993 1035 &
2015 1006 2134 1043 plenarie
2157 1008 2213 1037 esse
2236 1011 2350 1040 credatis

1294 1036 1460 1067 instructos:
1489 1048 1576 1076 quos,
1603 1039 1622 1069 fi
1644 1039 1813 1071 difficultatis
1833 1042 1945 1080 alicujus
1968 1046 2168 1081 occurrentia,
2192 1055 2238 1076 aut
2261 1048 2352 1085 inopi—

1296 1076 1352 1105 nati
1375 1074 1464 1106 Casus
1484 1077 1626 1108 necessitas
1644 1078 1671 1108 id
1690 1080 1827 1117 requirat,
1846 1081 1954 1118 plenius
1968 1082 2154 1121 instruemus,
2172 1085 2244 1115 adeo
2262 1085 2351 1124 qued,

1296 1111 1394 1144 divina
1407 1114 1519 1145 favente
1531 1114 1712 1155 Clementis,
1730 1118 1812 1148 nobis
1827 1129 1886 1149 non
1903 1121 2003 1157 poterit
2016 1121 2088 1159 apud
2106 1121 2202 1153 Deum
2218 1132 2264 1153 aut
2284 1124 2351 1154 Ho-

1296 1152 1385 1181 mines
1398 1153 1528 1190 imputari
1545 1155 1613 1191 quin
1626 1155 1706 1185 foelix
1717 1156 1749 1186 &
1765 1156 1865 1187 efficax
1880 1157 2048 1189 Concordia
2062 1161 2258 1192 concludatur:

1334 1189 1482 1221 Desiderio
1499 1191 1682 1223 desiderantes
1705 1194 1920 1228 Ambaffiatores
1940 1198 2046 1228 vestros
2070 1199 2220 1229 instructos
2238 1201 2294 1231 effe
2315 1202 2349 1233 ad

1297 1226 1358 1257 talia
1370 1228 1452 1258 nobis
1467 1229 1620 1260 nullatenus
1632 1231 1793 1270 offerenda,
1809 1243 1843 1263 ex
1857 1244 1980 1272 quorum
1998 1236 2174 1275 Acceptione
2191 1239 2219 1276 (si
2236 1241 2268 1270 ὃ(
2285 1251 2354 1277 qua-³

1297 1272 1376 1295 tenus
1397 1275 1454 1297 tam
1473 1268 1617 1303 improvisi
1641 1269 1833 1307 redderemur)
1858 1273 1971 1304 haberet
1987 1275 2162 1307 Universitas
2178 1277 2251 1306 unde
2271 1280 2353 1309 nobis

1296 1302 1404 1342 semper
1419 1305 1605 1342 imposterum
1620 1307 1756 1345 imputare
1769 1309 1853 1346 pOffit
1867 1312 1901 1341 ad
1923 1322 2022 1343 notam
2043 1314 2123 1351 quiid
2145 1315 2243 1345 talibus
2263 1316 2354 1348 Obla-

1298 1342 1421 1373 tionibus
1432 1343 1773 1385 condescendimus,quae
1787 1347 1889 1378 nostris
1905 1349 2115 1382 Successoribus
2129 1355 2249 1384 nimium
2261 1355 2270 1391 (
2294 1356 2354 1386 uod

1299 1378 1378 1411 Deus
1398 1382 1513 1419 avertat)
1537 1384 1731 1422 praejudicium
1753 1385 1921 1424 irrogarent,
1941 1398 1985 1419 aut
2008 1390 2051 1419 illa
2075 1391 2208 1422 Amicitia
2221 1393 2254 1423 &
2269 1366 2353 1424 gon-

1297 1419 1404 1449 cordiae
1419 1419 1537 1450 Foedera
1553 1422 1593 1459 (in
1610 1423 1712 1460 quibus
1729 1422 1820 1453 vestra
1843 1429 2017 1457 concurrunt
2038 1427 2181 1459 Desideria
2206 1432 2277 1461 votis
2299 1442 2352 1463 noA

1297 1457 1368 1525 striff)
1385 1468 1418 1488 ex
1436 1458 1662 1491 Offerendorum
1679 1462 1861 1501 modicitate,
1879 1472 1976 1501 optato
1989 1465 2150 1498 frustrentur
2165 1469 2256 1507 exitu,
2272 1471 2352 1510 quod

1298 1505 1337 1525 no
1357 1506 1443 1527 emus.

1335 1533 1374 1566 Et
1390 1537 1453 1574 quia
1473 1534 1659 1568 Personarum
1681 1537 1842 1569 nostrarum
1863 1538 2101 1572 Conventionem
2125 1551 2252 1575 mutuam
2272 1547 2355 1584 (tam-

1297 1582 1382 1611 quam
1404 1575 1527 1612 priorem
1552 1575 1689 1607 Frustum
1708 1578 1871 1616 parituram)
1894 1579 2106 1612 desiderabiliter
2130 1582 2280 1622 affectatis,
2298 1586 2356 1616 satis

1297 1613 1443 1642 notorium
1467 1612 1559 1644 Vobis
1579 1615 1635 1645 effe
1655 1625 1784 1653 putamus
1802 1616 1882 1655 quod
1905 1627 1968 1648 ante
1988 1619 2090 1650 Villam
2115 1620 2355 1661 Rotomagensem

1298 1648 1397 1681 Castra
1418 1653 1514 1682 metati
1535 1652 1657 1691 fuimus,
1676 1655 1708 1684 &
1732 1660 1793 1684 eam
1818 1655 1978 1687 Obsidione
1991 1658 2212 1696 constringimus
2229 1662 2263 1690 de
2286 1672 2356 1699 prae-

1297 1688 1382 1727 senti:,
1401 1690 1418 1720 ὲ
1431 1690 1505 1729 qua,
1520 1691 1605 1729 usque
1616 1692 1650 1722 ad
1667 1691 1929 1724 Consummationis
1942 1694 2047 1735 finem,
2065 1697 2206 1729 discedere
2221 1709 2279 1729 non
2294 1711 2357 1738 pos-

1297 1726 1407 1766 sumus,
1433 1730 1502 1759 sicut
1522 1739 1576 1760 nec
1598 1731 1769 1762 intendimus
1786 1731 1856 1762 Deo
1877 1731 1986 1763 Dante:
2015 1745 2073 1772 quo
2097 1744 2191 1766 tamen
2217 1737 2288 1769 Fine
2313 1740 2356 1777 (ut

1298 1775 1386 1797 omne
1398 1768 1547 1804 convenit)
1570 1770 1717 1806 expectato
1740 1771 1817 1807 (quae
1834 1771 1893 1808 jam
1916 1773 2009 1803 multo
2032 1774 2149 1812 diutius,
2166 1785 2195 1805 ut
2217 1777 2356 1813 speramus

1298 1805 1327 1833 in
1353 1804 1509 1844 Domino,
1527 1816 1578 1837 nos
1597 1808 1717 1838 minime
1736 1809 1895 1846 retardabit)
1917 1819 2027 1849 gratum
2052 1813 2132 1843 valde
2155 1814 2188 1844 &
2203 1823 2355 1852 acceptum

1298 1842 1398 1873 Nobis
1417 1845 1488 1883 erit,
1514 1845 1670 1877 voluntaria
1691 1856 1862 1885 quacunque
1886 1849 1968 1879 mora
1989 1850 2052 1887 post
2074 1851 2181 1890 posita,
2205 1854 2355 1885 vobiscum

1298 1881 1474 1919 personaliter
1487 1886 1651 1914 convenire.

1335 1919 1389 1958 Et,
1408 1921 1427 1950 fi
1440 1931 1499 1951 non
1511 1922 1616 1959 grande
1630 1923 1873 1962 Impedimentum
1890 1927 1970 1956 nobis
1983 1927 2035 1956 hac
2050 1929 2113 1958 vice
2129 1928 2269 1965 praestaret
2290 1930 2355 1960 Ob«

1297 1956 1454 1998 staculum,
1471 1961 1605 1999 prompta
1624 1962 1741 2000 quidem
1761 1963 1952 1995 benivolentia
1974 1965 2040 1995 Nos
2062 1967 2173 1997 indilate
2195 1967 2355 2007 succingere

1298 1997 1468 2028 curassemus
1482 1999 1515 2029 ad
1529 2000 1761 2030 conveniendum
1778 2012 1832 2031 una
1847 2003 1996 2033 vobiscum
2012 2006 2039 2033 in
2062 2005 2146 2036 Loco
2169 2016 2354 2045 quocumque

1297 2035 1471 2074 rationabili,
1488 2036 1524 2067 de
1538 2047 1597 2075 quo
1610 2038 1778 2070 concordari
1794 2042 1896 2071 mutuo
1911 2042 2078 2080 contigisset.

1336 2073 1392 2104 Sed
1411 2075 1614 2106 nichilominus
1629 2099 1639 2114 ,
1667 2078 1754 2107 bonae
1783 2076 1943 2110 Voluntatis
1970 2081 2074 2111 nostrae
2103 2083 2354 2120 promptitudinem

1299 2112 1398 2149 (quam
1418 2113 1453 2143 ad
1472 2123 1579 2145 mutuae
1601 2114 1721 2146 Visionis
1740 2115 1884 2147 essentiam
1907 2128 2003 2149 mente
2025 2121 2156 2159 gerimus)
2170 2122 2355 2153 remonstrare

1297 2150 1443 2190 vo'lentes,
1460 2152 1478 2182 fi
1499 2162 1673 2191 quemquam
1693 2155 1727 2185 ad
1752 2155 1841 2186 nostri
1858 2158 2044 2196 conspectum
2065 2159 2196 2189 duxeritis
2214 2160 2355 2192 destinan-

1296 2188 1385 2228 dum,
1403 2191 1518 2221 interim
1541 2192 1742 2223 Tradtaturum
1763 2195 1814 2223 ubi
1828 2195 1863 2225 δε
1881 2196 1996 2233 quando
2017 2197 2091 2227 dicta
2106 2198 2252 2235 personalis
2271 2199 2356 2230 Con-

1296 2229 1396 2258 ventio
1411 2229 1566 2260 comodiiis
1578 2230 1718 2261 sortiretur
1730 2230 1895 2272 Effecitum,
1911 2234 2037 2265 nostram
2053 2237 2278 2267 benevolentiam
2300 2238 2356 2269 effe

1298 2275 1356 2295 non
1371 2265 1501 2297 dubitetis
1515 2268 1690 2307 dispositam,
1709 2279 1768 2300 non
1789 2279 1847 2300 tam
1866 2275 2096 2312 communicare,
2116 2285 2201 2313 quam
2220 2286 2357 2307 commu—

1297 2305 1383 2334 nicari
1398 2306 1491 2336 facere
1504 2316 1572 2336 cum
1587 2307 1708 2346 eodem3
1728 2317 1758 2338 ut
1773 2314 1838 2346 erga
1851 2318 1962 2348 tempus
1984 2314 2017 2342 &
2041 2312 2114 2342 Loci
2135 2315 2356 2350 oportunitatem

1298 2341 1522 2381 Praeparamenta
1538 2345 1640 2384 singula
1655 2346 1857 2386 maturescant,
1870 2349 1903 2380 &
1928 2349 2122 2381 Providentiae
2145 2351 2273 2383 Consilio
2292 2354 2357 2384 red-

1297 2381 1397 2412 dantur
1413 2382 1536 2421 undique
1548 2386 1730 2421 promptiora.
1988 2422 1990 2424 v

1333 2419 1534 2452 Verumtamen
1549 2423 1757 2461 (Conshnguinee
1765 2424 1902 2463 carifflme)
1919 2425 2014 2457 sedulo
2024 2429 2258 2467 comtemplantes
2267 2440 2355 2468 quan-

1297 2458 1331 2488 tis
1353 2460 1474 2497 subjacet
1494 2459 1675 2499 Incomodis,
1693 2472 1744 2500 per
1764 2463 1898 2494 humanas
1921 2465 2157 2505 Adinventiones,
2182 2469 2209 2497 in
2233 2469 2354 2506 longum

1297 2498 1456 2534 protrahere
1477 2498 1677 2530 Amicitiarum
1701 2502 1735 2532 ὃς
1765 2501 1941 2532 Concordiae
1968 2502 2119 2535 Materiam
2147 2507 2355 2545 principalem,

1299 2544 1353 2566 vos
1367 2545 1401 2565 ex
1414 2537 1502 2566 corde
1517 2546 1647 2576 rogamus
1662 2540 1696 2569 &
1710 2539 1856 2570 hortamur
1870 2549 1989 2580 attente,
2010 2553 2143 2581 quatenus
2158 2546 2261 2583 incepti
2282 2547 2357 2575 Tra-

1298 2572 1407 2613 (status,
1425 2576 1454 2605 in
1476 2585 1534 2614 quo
1556 2576 1773 2608 Ambaffiatores
1792 2578 1875 2609 vestri
1898 2580 2004 2617 praefati
2021 2591 2089 2612 cum
2110 2582 2212 2613 nostris
2224 2586 2281 2621 jam
2293 2594 2357 2614 ver-

1298 2613 1405 2651 santur,
1434 2621 1589 2651 utcumque·
1611 2615 1793 2654 desideratur,
1819 2616 1964 2656 Effectus,
1982 2620 2086 2650 nostrae
2108 2629 2214 2651 mutuae
2235 2623 2253 2640 ⁴¹²
2275 2622 2357 2654 Con-

1299 2653 1438 2682 ventionis
1456 2653 1622 2692 occasione,
1648 2654 1733 2684 vestri
1755 2665 1789 2685 ex
1811 2655 1892 2686 Parte
1914 2658 2033 2688 minime
2056 2659 2229 2698 negligatur,
2253 2671 2298 2691 aut
2320 2671 2356 2691 eo

1300 2689 1460 2726 prolixioris
1474 2691 1612 2722 dilationis
1625 2692 1718 2723 subeat
1734 2693 1951 2733 detrimentum,
1971 2706 2055 2734 quarn
2079 2707 2129 2735 per
2151 2698 2285 2729 nostrates
2314 2701 2356 2729 ni-

1299 2728 1464 2768 chilomagis
1481 2729 1622 2761 videbitur
1638 2731 1787 2770 postergari
1799 2754 1809 2770 ,
1830 2733 1907 2771 cujus
1919 2743 2021 2773 purum
2037 2736 2070 2766 ὃς
2085 2737 2221 2766 sincerum
2238 2738 2356 2768 Proces-

1299 2765 1378 2805 sum,
1405 2769 1498 2806 itaque
1517 2769 1606 2799 finem
1630 2769 1828 2809 Dilationum,
1847 2773 2041 2802 occasionibus
2064 2784 2122 2803 non
2144 2776 2260 2812 quaesitis
2284 2787 2355 2814 prae-

1299 2803 1391 2835 libatae
1413 2805 1641 2846 Conventionis,
1660 2808 1776 2839 effectui
1795 2818 1931 2848 tanquam
1952 2813 2077 2841 medium
2102 2813 2294 2853 potissimum,
2313 2825 2356 2845 re-

1301 2851 1366 2873 vera
1380 2844 1454 2875 forte
1467 2845 1638 2876 confidimus
1654 2847 1820 2886 singulariter
1833 2848 2022 2888 fructuosum,
2042 2851 2075 2880 ὃ(
2096 2854 2269 2882 contrarium
2290 2863 2357 2891 pro-

1301 2880 1420 2950 Fedendi
1447 2883 1568 2914 modum
1600 2886 1673 2915 votis
1699 2887 1864 2917 arbitramur
1889 2890 2091 2919 communibus
2112 2892 2232 2920 nimium
2255 2891 2354 2922 adver-

1313 2929 1361 2950 ari.

1341 2959 1475 2998 Denique
1500 2960 1709 3000 (Confimguinee
1735 2962 1880 3001 Cariffime)
1911 2964 1990 3002 quod
2019 2965 2128 3003 speratis
2151 2964 2219 2997 Nos
2243 2977 2355 3005 propter

1303 2995 1406 3028 Causas
1419 3008 1486 3036 quas
1501 2999 1638 3030 Probitati
1654 3000 1752 3030 vestrae
1765 3002 1847 3031 nobis
1861 3002 1951 3039 placet
1964 3003 2114 3043 ascribere,
2129 3007 2284 3036 coadunate
2300 3008 2357 3036 vel-

1303 3035 1329 3065 le
1342 3036 1376 3066 ad
1393 3035 1577 3074 reparandum
1592 3038 1693 3075 pariter
1707 3039 1740 3070 &
1755 3041 1964 3077 reprimendum
1979 3043 2065 3073 nimia
2080 3044 2273 3081 horrendaque
2291 3045 2355 3075 Dis-

1303 3073 1419 3113 pcndia,
1436 3084 1519 3112 atque
1543 3074 1729 3107 Crudelitates
1740 3100 1750 3116 ‚
1776 3079 1809 3108 &
1831 3078 2004 3118 Seditiones,
2024 3091 2088 3119 quae
2102 3092 2151 3120 per
2166 3086 2265 3111 Ducem
2280 3086 2354 3111 Bur-

1300 3113 1407 3149 gaudie
1434 3113 1550 3144 scribitis
1566 3124 1737 3154 perpetrata,
1756 3116 1823 3146 illud
1835 3118 1870 3147 de
1885 3117 1984 3149 Nobis
2001 3119 2116 3150 firmiter
2133 3122 2164 3151 ὃς
2180 3122 2355 3151 indubitabili

1304 3152 1409 3182 ratione
1430 3153 1573 3189 concipite
1586 3177 1596 3189 ,
1620 3153 1697 3190 quod
1714 3177 1723 3192 ,
1742 3154 1890 3192 postquam
1910 3156 2064 3187 Altiffimus
2080 3159 2140 3196 (qui
2158 3158 2355 3190 Concordiam

1303 3189 1372 3220 facit
1387 3192 1415 3220 in
1429 3191 1605 3228 sublimibus)
1623 3195 1825 3229 complacuerit
1838 3194 1917 3231 quod
1930 3196 2002 3225 inter
2017 3196 2085 3226 Nos
2106 3199 2137 3227 ὃς
2151 3196 2355 3236 Consinguini-

1304 3235 1391 3258 tatem
1406 3228 1527 3258 vestram
1543 3229 1742 3261 Amicitiarum
1754 3232 1788 3261 &
1802 3231 1978 3263 Concordiae
1995 3234 2129 3271 Foedera,
2147 3236 2221 3266 velut
2243 3247 2274 3266 ex
2290 3247 2356 3266 cor-

1293 3268 1341 3297 lde
1359 3267 1498 3304 speramus
1521 3268 1554 3298 δε
1577 3270 1708 3307 cupimus
1724 3292 1734 3307 ,
1755 3270 1807 3300 sint
1827 3271 1945 3310 sperata,
1962 3271 2084 3315 Nedum
2099 3273 2227 3304 adversus
2243 3275 2354 3304 dic‘turn

1305 3306 1469 3343 Burgundiae
1490 3308 1592 3335 Ducem
1608 3331 1617 3344 ,
1643 3308 1687 3337 sed
1708 3309 1793 3338 alium
1813 3319 1984 3347 quemquam
1999 3334 2008 3347 ,
2030 3320 2107 3349 JuXta
2122 3313 2199 3349 vim,
2217 3312 2355 3350 formam,

1305 3344 1338 3374 &
1358 3343 1494 3374 effectum
1518 3345 1728 3382 componendae
1750 3345 1928 3378 Concordiae
1944 3371 1953 3386 ,
1971 3348 2039 3378 Nos
2054 3351 2082 3379 in
2097 3350 2225 3389 singulis,
2244 3361 2308 3388 quac
2321 3352 2355 3381 ad

1304 3381 1363 3412 Dei
1386 3382 1513 3413 Laudem
1527 3407 1536 3421 ,
1558 3383 1714 3414 Honorem
1735 3385 1863 3416 nostrum
1877 3410 1886 3424 ,
1913 3388 1946 3417 &
1975 3387 2077 3418 vestrae
2098 3388 2356 3426 Consanguinitatis

1304 3421 1415 3451 bonum
1429 3422 1494 3451 felix
1509 3431 1682 3452 concernere
1698 3423 1884 3462 videbuntur,
1901 3425 1972 3455 adeo
1992 3425 2079 3456 fidum
2095 3427 2127 3457 δε
2144 3427 2289 3457 efficacem
2304 3437 2356 3457 vo-

1304 3459 1345 3526 bis
1368 3460 1506 3504 reperietis
1522 3460 1674 3498 Amicum,
1692 3461 1761 3492 ficut
1776 3462 1865 3492 ullum
1879 3462 1961 3494 decet
1980 3463 2175 3496 Christianum
2197 3466 2355 3503 Principem

1305 3508 1321 3528 a
1333 3507 1390 3528 ium
1404 3507 1534 3535 reperire.

1342 3535 1409 3566 Dat.
1426 3536 1476 3566 sub
1496 3536 1614 3574 Signeto
1634 3536 1734 3567 nostro
1748 3561 1759 3577 ‚
1783 3539 1813 3569 in
1833 3538 1919 3578 nostro
1937 3541 2070 3571 Exercitu
2086 3549 2150 3571 ante
2164 3545 2354 3579 Rotomagum,

1305 3570 1405 3605 Mense
1417 3573 1596 3606 Novembris
1611 3575 1669 3606 Die
1686 3585 1751 3608 xxv.

1591 3702 1650 3733 Pro
1672 3694 1941 3743 Ambaffiatoribus
1958 3701 2079 3748 Januae.

2368 242 2431 272 Ami
2456 246 2493 273 l).

2393 282 2477 320 1418.

2371 324 2431 347 Hen.
2446 330 2474 356 5.

2376 2629 2390 2644 ⁴*
2414 2630 2464 2656 IX,

2374 2669 2440 2702 652.

1307 3781 1520 3839 REX,·per
1545 3783 1650 3815 Literas
1670 3785 1727 3815 suas
1746 3784 1874 3816 Patentes
1889 3808 1899 3823 ,
1916 3787 2001 3823 usque
2017 3788 2142 3822 primum
2158 3785 2235 3816 diem
2252 3787 2353 3828 Aprilis
2374 3788 2445 3819 Ann
2463 3790 2503 3820 D.

1384 3830 1516 3858 proximo
1536 3822 1661 3853 futurum
1684 3823 1847 3860 duraturas,
1873 3824 1986 3861 suscepit
2009 3825 2038 3853 in
2059 3824 2161 3853 salvum
2175 3826 2207 3854 &
2225 3826 2349 3857 securum

2399 3830 2482 3865 1418.

1305 3857 1512 3897 Conductum,
1530 3862 1563 3892 &
1577 3860 1806 3899 Pretedtionem,
1824 3862 2008 3899 Tuitionem,
2027 3862 2060 3892 &
2075 3862 2277 3894 Defensionem
2294 3866 2350 3896 suas
2371 3870 2407 3892 As
2438 3878 2463 3894 ω,

1306 3897 1450 3934 speciales,
1464 3897 1626 3936 Raphaelem
1648 3901 1679 3930 de
1701 3899 1812 3937 spinalis
1827 3922 1838 3937 ,
1862 3900 1895 3929 ὃς
1910 3900 1996 3934 opizo
2008 3900 2039 3928 de
2054 3899 2152 3938 Flzsco,
2171 3901 2302 3933 Sindicos
2315 3907 2346 3936 ὅτ,
2370 3908 2393 3930 H
2424 3915 2446 3936 5-v

1307 3934 1526 3973 Ambaffiatores
1543 3939 1626 3967 Ducis
1649 3939 1682 3969 δε
1706 3940 1901 3967 Comitunitatis
1920 3936 2098 3976 Januenfium
2111 3961 2121 3976 ,
2145 3940 2230 3978 usque
2245 3940 2347 3971 Villam
2372 3948 2455 3970 Fra-sic.
2469 3944 2497 3969 6.

1308 3972 1396 4010 Regis
1410 3973 1525 4012 Qlesii,
1541 3976 1575 4006 &
1588 3976 1692 4006 abinde
1705 3977 1732 4005 in
1749 3975 1881 4012 Regnum
1896 3975 1982 4013 Regis
1996 3977 2126 4014 Anghae,
2143 3987 2210 4008 cum
2221 3980 2351 4019 Qindc-
2372 3986 2498 4016 H.5.m,4.

1308 4012 1367 4041 cim
1391 4011 1520 4042 Personis
1536 4023 1569 4043 ac
1586 4015 1706 4045 totidem
1726 4013 1813 4051 Equis
1831 4015 1859 4042 in
1878 4013 2025 4044 Comitiva
2040 4014 2103 4052 sua,
2123 4018 2281 4055 veniendo,
2301 4021 2353 4048 ibi-

1306 4048 1374 4080 dem
1387 4051 1544 4090 morando,
1562 4052 1595 4083 ὃς
1608 4052 1723 4090 exinde,
1741 4060 1911 4129 pukecgrum
1925 4052 2007 4085 libito
2019 4054 2168 4085 voluntatis
2182 4079 2191 4093 ,
2209 4057 2352 4124 1ὼὲἓὲζὲ-
