2562 4274
702 193 813 238 ET
897 195 1163 237 ACTA

0 274 72 304 Ann-
86 271 128 303 D·
173 278 311 318 Magister
329 274 422 310 Navis
438 278 577 319 percipiet
594 288 645 320 per
661 279 742 312 diem
755 285 810 311 Sex
828 283 982 320 Denarios,
1009 281 1201 313 Constabula-

15 320 101 350 ¹42¹·
138 318 193 348 rius
213 321 267 347 Sex
282 321 431 355 Denarios,
449 317 482 348 δε
521 317 620 350 uilibet
631 317 750 350 aliorum
766 322 830 349 Tres
848 323 995 349 Denarior.

0 357 57 379 ΗΜ-
79 359 107 385 5·
177 356 258 386 Sicut
272 366 320 393 per
332 356 480 386 Tenorem
522 365 642 387 artarum
656 358 691 387 de
707 357 898 388 Libertatibus
912 381 922 396 ,
941 358 1024 389 dietis
1046 358 1204 390 Batonibus

139 393 279 433 Qinque
294 394 435 424 Portuum
450 403 499 432 per
517 394 715 435 Progenitores
728 395 842 426 nostros
856 397 996 427 conceffis
1010 397 1096 435 (quas
1120 397 1203 427 Con-

141 432 332 501 firmavimus)
353 434 381 463 in
407 433 518 464 Rutulis
539 433 726 466 Cancellariae
745 434 850 465 nostrae
873 436 1101 475 irrotulatarum,
1119 436 1204 466 nobis

142 480 200 502 con
227 480 253 501 at

180 509 235 548 Et,
253 495 316 548 duis
334 520 385 541 nos
395 511 474 552 jam,
500 513 584 545 certis
605 512 642 543 de
664 512 750 542 causis
763 535 773 550 ,
798 522 850 542 nos
871 513 1067 550 moventibus,
1091 512 1208 543 firmum

146 549 271 586 cepimus
286 548 466 588 Propositum
480 553 514 583 ad
529 552 628 589 Mare,
656 560 724 581 curn
746 550 883 588 potestate
904 552 997 582 nostra
1010 574 1021 590 ,
1046 553 1074 581 in
1096 552 1208 591 propria

146 586 269 618 Persona
284 589 396 627 nostra,
413 590 481 620 Deo
497 590 599 627 dante,
616 589 650 619 ad
665 590 810 628 quoddam
827 589 963 629 Viagium
977 592 1055 629 super
1077 590 1209 620 inimicos

144 624 256 655 nostros
271 626 449 666 faciendum,
466 630 576 659 transire
592 628 663 658 infra
686 629 790 667 breve,
815 627 956 659 Volumus
976 637 1007 658 ut
1030 628 1100 658 dieti
1122 628 1207 658 Baro-

146 673 194 693 nes
207 664 360 696 Servitium
373 667 454 696 suum
470 666 600 697 Navium
614 666 834 705 pnedistarum,
853 667 881 696 in
904 666 1134 698 fortificationem
1152 667 1208 697 Ar-

149 711 232 733 matae
249 703 340 743 Viagii
359 705 485 742 praediffi
499 705 602 736 faciant
620 706 649 735 in
665 705 757 735 forma
771 705 924 745 praedffita,

186 741 223 772 Et
238 742 304 773 ideo
321 741 408 772 Vobis
424 742 598 774 Mandamus
617 744 697 783 quod
729 743 852 774 Baiones
873 743 1045 783 singulorum
1067 743 1209 774 Portuum

146 780 350 818 prtedistorum
366 790 398 811 ac
422 781 629 814 Membrorum
650 782 819 813 eorumdem
836 806 846 819 ,
868 791 902 812 ex
926 791 1002 820 parte
1028 781 1134 818 nostrfi,
1150 783 1207 812 fine

147 819 297 856 dilatione,
315 819 489 850 summoneri
504 821 623 859 faciatis,
644 820 724 860 quod
738 821 806 858 ipsi,
823 830 891 851 cum
906 821 1039 851 Navibus
1061 821 1094 851 &
1119 820 1212 850 Mari-

148 858 232 887 nariis
244 856 420 896 hujusmodi,
438 859 606 891 sufficienter
619 860 752 898 arraiatis,
768 859 897 899 prompti
918 859 970 889 sint
994 858 1068 896 apud
1091 858 1211 889 Portum

149 894 234 926 Villae
248 896 352 926 nostrae
367 896 543 937 Sandewici,
559 900 627 929 citra
641 897 776 928 ultimum
789 898 867 927 diem
891 897 962 927 Maii
983 898 1117 936 proximo
1137 896 1213 928 futu-

149 943 231 971 rum,
249 934 283 964 ad
300 934 536 974 proficiscendum
551 936 631 974 supra
643 935 744 974 Mare,
770 945 838 966 cum
860 934 979 966 Armati
1001 935 1096 965 nostra
1119 934 1213 975 supra-

150 972 245 1010 dista,
263 974 296 1004 &
311 973 464 1004 Servitium
480 975 576 1012 suum,
593 975 642 1005 sub
654 973 748 1005 Poena
769 975 802 1005 &
824 974 951 1012 periculo
973 974 1168 1013 iminentibus,
1184 975 1214 1005 in

150 1011 249 1042 forma
262 1011 415 1063 praedisti,
432 1011 548 1043 fideliter
564 1014 667 1043 faciant
684 1021 713 1042 ut
730 1021 871 1050 tenentur,

190 1049 228 1080 Et
243 1049 305 1080 iios
319 1050 354 1081 de
367 1049 599 1080 Summonitione
612 1050 675 1088 illa,
691 1051 761 1081 cum
784 1051 821 1081 sic
847 1051 919 1082 faeta
941 1052 1024 1082 fuerit
1041 1074 1052 1089 ‚
1076 1051 1158 1081 nobis
1184 1052 1215 1081 in

152 1087 331 1156 ancellaria
343 1087 452 1126 nostrii,
471 1088 519 1119 sub
533 1089 632 1129 sigillo
653 1089 765 1129 vestro,
784 1088 934 1129 distine‘te,
952 1092 986 1122 ὃς
1002 1091 1116 1129 aperte,
1137 1089 1211 1120 Cer-

156 1136 177 1157 ti
199 1134 276 1157 cetis.

191 1165 279 1196 Teste
290 1165 374 1204 Rege
390 1164 463 1205 apud
481 1164 759 1207 Westmonasterium,
778 1168 915 1199 vieefimo
934 1167 1010 1199 sexro
1034 1167 1080 1198 die
1105 1166 1217 1206 Aprilis.

794 1248 847 1276 Per
862 1245 944 1285 ipſstm
956 1247 1061 1283 Regem.

261 1373 312 1404 Dc
336 1370 562 1418 Temporiilibus
584 1375 778 1421 Epifiopatus
800 1375 921 1406 Exoniae
943 1371 1116 1416 Commtffls.

6 1461 81 1493 Ann.
96 1457 137 1488 D.
157 1456 236 1516 RE
247 1456 277 1487 X
293 1480 302 1495 ,
321 1458 487 1497 Omnibus,
502 1458 538 1489 ad
554 1469 640 1498 quOS,
657 1459 718 1490 &c.
734 1458 874 1489 Salutem.

27 1507 110 1538 1421·
264 1496 362 1527 Sciatis
384 1497 464 1536 quOd
488 1496 692 1528 Commifirnus
707 1499 850 1527 Eo'mundo
866 1500 942 1536 Lacy
954 1497 1101 1538 Exonienfi
1116 1499 1224 1538 Episco-

4 1544 56 1569 An.
75 1548 101 1572 9.
151 1533 531 1605 foiscfj’uesrkffleifflisomnmm
553 1535 777 1574 Temporalium
797 1535 980 1576 Episcopatus
1009 1536 1129 1567 Exoniae
1155 1547 1224 1568 curn

3 1583 120 1651 ‘soff-'9
168 1584 183 1604 u
196 1612 375 1650 Habendam,
395 1597 410 1642 ᾗ
434 1612 519 1643 Festo
542 1612 639 1643 Sanffi
661 1611 810 1642 Michaelis
828 1613 929 1643 ultimo
953 1614 1097 1650 praeterito
1111 1636 1120 1650 ,
1140 1612 1225 1651 usque

8 1660 42 1682 H.
62 1664 85 1688 ς.
158 1650 275 1680 Festum
295 1650 439 1681 Omnium
461 1651 631 1681 Sanctorum
654 1658 723 1680 tunc
745 1652 908 1689 proximum
931 1651 1061 1689 sequens,
1088 1652 1225 1682 solvendo

4 1700 30 1729 p.
47 1703 69 1720 i.
159 1689 347 1757 N‹I)bis,·pro
356 1689 500 1757 ἓωῖοάίέ
515 1688 665 1726 praedicis,
684 1689 896 1728 Qaterviginti
912 1690 1010 1720 Libras
1027 1691 1149 1720 tannim.

5 1742 42 1759 m.
58 1739 103 1766 24.
214 1737 230 1756 n
246 1737 340 1765 culus,
391 1738 417 1758 c.

214 1765 305 1796 Teste
319 1765 401 1804 Rege
416 1764 490 1806 apud
505 1764 782 1805 westmonasterium,
798 1767 934 1797 vicesimo
947 1767 1022 1797 sexto
1036 1766 1081 1798 die
1096 1767 1208 1807 Aprilis.

722 1846 776 1873 Per
795 1843 899 1874 Billam
918 1844 1120 1883 Thestzurariae.

528 1969 578 2002 De
607 1967 760 2014 Hospitali
779 1967 861 2003 dato.

5 2067 86 2099 Am...
96 2064 137 2096 D·
161 2055 300 2112 REX,
316 2055 478 2094 Omnibus,
492 2056 528 2085 ad
543 2064 633 2093 quos,
652 2055 713 2086 ὅτε.
729 2054 866 2099 Salutem.

34 2114 122 2145 1421.
268 2094 366 2124 Sciatis
380 2093 459 2132 quod
472 2093 604 2122 Dedimus
614 2094 652 2136 1&
671 2094 858 2133 Coneeffimus,
875 2094 981 2125 dilecto
996 2096 1090 2134 nobis,
1108 2093 1222 2126 W'lliel-

3 2150 47 2175 A„
73 2156 102 2181 9·
160 2141 201 2162 mo
216 2131 319 2172 Edsble
335 2132 489 2168 Capeliano
505 2131 785 2162 Administrationem
795 2155 805 2171 ,
823 2134 878 2164 sive
901 2133 1048 2172 Regimen
1068 2134 1222 2172 Hospitalis

6 2190 41 2213 H.
51 2168 84 2220 '5'
162 2172 218 2202 five
231 2170 348 2202 Domus
363 2170 421 2200 Dei
437 2169 472 2200 de
486 2169 631 2208 Harflieu,
655 2172 711 2201 una
730 2180 801 2202 curn
823 2171 939 2210 Capella
960 2174 1050 2203 beatae
1069 2173 1172 2203 Mariae
1192 2174 1223 2203 in

6 2228 97 2252 Norm.
111 2231 138 2257 9·
159 2210 262 2279 ῗοάἕὶηπ
278 2209 420 2278 Ηοῖριωζίὶί.
439 2209 534 2253 situati
547 2232 556 2247 ,
583 2211 707 2241 vacantis
721 2233 731 2249 ,
755 2210 789 2241 &
809 2210 843 2241 ad
865 2211 990 2242 nostram
1022 2211 1222 2242 Donationem

192 2259 206 2279 e
239 2257 335 2280 antem
349 2256 378 2279 ur
415 2256 495 2278 icitur

5 2265 44 2330 {nl
60 2269 105 2336 ξι
171 2259 189 2289 p
200 2286 365 2317 Habendam
380 2297 449 2317 cum
464 2270 516 2316 suis
524 2285 636 2325 Juribus
649 2287 683 2318 &
699 2285 878 2319 Pertinenriis
900 2289 1134 2329 quibuscumque,

201 2325 371 2356 Mandantes
391 2348 401 2363 ,
424 2325 540 2355 Tenore
559 2324 743 2355 Praesentium
758 2349 768 2364 ‚
791 2326 947 2365 Capitaneo
972 2328 1116 2368 praedietae
1139 2327 1225 2359 Villae

148 2364 270 2396 'nostrae
285 2363 320 2395 de
332 2363 478 2402 Harflieu,
495 2363 541 2394 vel
555 2364 612 2401 ejus
625 2363 850 2395 Locumtenenti
870 2366 978 2397 ibidem
993 2391 1002 2406 ,
1029 2368 1108 2405 quod
1123 2368 1225 2406 praedt-

163 2406 237 2434 elam
253 2402 430 2434 lVillielmum
446 2403 475 2432 in
488 2402 664 2440 corporalem
685 2402 890 2434 Posseffionem
912 2405 1063 2443 Hospitalis
1084 2406 1141 2436 five
1161 2406 1227 2436 Do-

164 2441 231 2512 rncsiis
243 2442 404 2511 ρῑὲεάῇᾶιε,
422 2441 479 2472 una
493 2449 562 2472 curn
576 2439 711 2480 Capella,
730 2451 817 2480 ponat
833 2443 866 2474 &
881 2443 1011 2483 inducat,
1034 2445 1079 2476 seu
1101 2446 1171 2484 poni
1192 2446 1226 2476 δε

163 2491 194 2512 m
217 2491 262 2512 uci
288 2489 356 2513 aciat

200 2519 332 2550 Necnon
349 2503 512 2557 Pruffibus,
527 2517 776 2558 Obventionibus,
795 2519 932 2551 Proficuis
945 2520 979 2551 δε
1001 2520 1227 2561 Emolumentis,

162 2558 349 2596 spectantibus
363 2557 396 2588 ad
411 2558 506 2588 eadem
515 2580 525 2595 ,
543 2559 583 2588 uti
597 2559 629 2588 &
642 2559 760 2596 gaudere
773 2559 915 2597 permittat
924 2559 1070 2598 ,adhibitis
1093 2560 1223 2600 Solemp-

164 2598 297 2627 nitatibus
310 2597 338 2626 in
354 2596 451 2627 talibus
467 2595 525 2626 fieri
539 2596 694 2634 consuetis,

202 2634 321 2666 Proviso
335 2634 442 2671 semper
457 2636 536 2674 quod
546 2634 695 2673 praediaus
709 2634 872 2665 Willielmus
887 2635 1084 2676 Compotum,
1103 2638 1169 2671 inde
1178 2637 1228 2669 de-

163 2673 275 2742 birIurn,
295 2674 313 2717 si
330 2673 424 2742 &gbi
440 2672 574 2712 debetur,
593 2682 679 2711 prout
691 2675 780 2704 moris
796 2673 854 2712 est,
872 2674 986 2705 reddere
1001 2685 1136 2707 teneatur.

218 2722 238 2741 n
255 2721 291 2742 cu
303 2722 332 2742 us
392 2720 430 2742 ἐ.

197 2750 268 2781 Dat.
287 2722 360 2790 :ipud
374 2749 497 2790 Castrum
513 2752 591 2789 Regis
601 2750 779 2790 Rothomagi,
796 2752 935 2783 vicesimo
952 2762 1032 2783 nono
1049 2753 1096 2784 die
1117 2753 1230 2792 Aprilis.

15 2888 149 2918 txdm,
266 2873 294 2900 ’X‘
318 2872 503 2921 Approbatio
526 2877 614 2908 Pacis
634 2902 644 2918 ‚
675 2878 777 2909 Trecis
799 2877 933 2924 concluse
953 2904 964 2920 ‚
984 2888 1041 2925 per
1063 2881 1137 2912 Tres

574 2927 680 2957 Status
701 2925 827 2972 Angliae.

16 3010 95 3042 Ann.
111 3010 152 3041 D.
173 3010 356 3065 MEivioiz
371 3021 388 3041 A
400 3020 422 3042 n
434 3019 525 3042 DUM
544 3010 635 3050 quod,

46 3059 59 3080 1
87 3059 135 3079 21.
291 3048 371 3081 Cum
385 3050 489 3081 Trecis

18 3059 114 3124 Ans-9.
212 3085 358 3118 Vicesimo
384 3089 478 3125 primo
489 3073 543 3119 ²die
563 3087 654 3127 Maii,
670 3087 748 3119 Anni
769 3087 896 3120 Domini
910 3088 1073 3129 Millesimi,
1092 3091 1237 3130 Qadrin-

20 3130 55 3154 H.
70 3137 98 3163 5.
170 3125 335 3165 gentesimi,
354 3126 509 3165 Vicesimi,
527 3128 560 3158 &
577 3126 674 3164 Regni
687 3127 859 3158 Sereniffimi
872 3139 907 3159 ac
921 3128 1147 3161 Metuendissimi
1168 3130 1236 3161 Do-

17 3165 152 3194 Rot.Parl.
173 3164 245 3194 mini
257 3164 344 3194 nostri
361 3166 438 3201 Regis
456 3167 567 3195 Henrici
579 3165 702 3204 Quinti,
722 3166 840 3204 octavi,

22 3213 50 3239 9.
207 3201 302 3240 Inter,
335 3202 548 3233 serenissimum
566 3213 599 3233 ac
619 3203 837 3235 illustrissimum
859 3204 1040 3245 Principem,
1066 3206 1233 3237 Dominum

20 3247 55 3271 Η.
71 3251 99 3277 5.
168 3240 319 3278 Karolum,
338 3240 396 3270 Dei
407 3241 510 3279 gratia,
527 3244 690 3271 Francorum
703 3245 814 3281 Regem,
832 3243 944 3275 Patrem
960 3245 1051 3283 suurn,
1070 3246 1235 3277 &eundern

20 3286 47 3318 p.
68 3290 93 3309 i.
172 3279 440 3310 Metuendisfimum
461 3277 627 3309 Dominum
642 3279 774 3311 nostrum
787 3281 899 3321 Regem
914 3306 924 3322 ,
949 3284 983 3314 &
1004 3283 1099 3314 inclita
1119 3284 1235 3320 Angliae

21 3328 48 3348 η.
70 3320 113 3348 18.
172 3318 207 3349 &
222 3318 349 3350 Franciae
371 3317 492 3356 Regna,
516 3317 740 3358 eorumdemque
763 3319 934 3360 Regnorum
955 3322 1088 3353 Subditos
1107 3323 1141 3353 &
1161 3322 1234 3353 Sub-

173 3357 272 3395 enos,

168 3368 287 3427 JPAx
306 3403 486 3426 FINALIS
506 3395 540 3426 δε
556 3403 806 3435 PERPETUA,
824 3397 956 3438 largiente
977 3398 1100 3430 Pacis
1124 3399 1234 3432 Aucto-

173 3444 203 3466 re
238 3434 372 3465 conclusa
385 3434 465 3464 fuerit
479 3435 579 3473 pariter
591 3434 625 3464 &
639 3435 811 3466 concordata
820 3458 830 3474 ,

208 3457 243 3503 ln
258 3473 336 3511 cujus
350 3471 374 3502 P
383 3482 403 3503 A
413 3481 448 3502 CI
457 3481 470 3502 s
486 3471 642 3510 Tradiatu,
658 3473 730 3503 inter
743 3481 862 3513 caetera,
879 3477 1040 3507 continetur
1054 3476 1135 3515 quod
1158 3477 1234 3509 dicia

172 3511 270 3549 PAx,
287 3511 394 3542 nedum
409 3520 459 3551 per
471 3510 564 3542 dictos
581 3511 665 3541 Duos
683 3510 778 3549 Reges
786 3511 878 3550 Jurari
893 3536 902 3552 ,
921 3513 961 3545 set
984 3516 1068 3545 etiam
1091 3526 1140 3553 per
1161 3516 1236 3547 Tres

172 3550 265 3582 Status
279 3549 420 3588 utriusque
433 3549 527 3588 Regni
542 3549 641 3580 debeat
652 3549 755 3581 laudari
788 3553 942 3591 acceptari,
960 3553 992 3583 &
1007 3555 1167 3592 approbari,

209 3588 312 3628 Qam
328 3588 443 3626 quidem
458 3586 534 3618 PAc
544 3597 562 3619 Ε
572 3595 600 3618 Μ
618 3587 727 3618 idcirco
745 3573 822 3619 id'em
840 3590 1034 3622 Serenissimus
1061 3595 1122 3621 Rex
1143 3596 1234 3623 Fran-

175 3629 240 3664 εἰει»,
257 3636 311 3666 pro
324 3626 407 3657 Parte
420 3625 484 3664 sufi,
501 3628 531 3656 in
545 3626 645 3657 Verbo
658 3625 772 3665 Regio,
787 3637 904 3659 necnon
919 3630 953 3660 ad
970 3630 1072 3662 San&a
1095 3630 1154 3662 Dei
1175 3630 1234 3662 Eu-

176 3666 315 3703 vangeHa,
331 3675 380 3703 per
392 3664 480 3703 ipsum
495 3664 678 3703 corporaliter
696 3665 787 3702 taeta,
806 3665 842 3697 de
886 3667 934 3698 ura
954 3668 988 3699 &
1008 3669 1162 3707 spontane&
1181 3680 1234 3700 vo-

176 3702 281 3733 luntate
292 3703 358 3744 sua,
374 3703 520 3742 promisit,
538 3705 571 3735 &
584 3705 614 3734 in
649 3703 741 3741 ropria
758 3703 880 3736 Persona
900 3705 946 3736 sui
961 3707 1065 3745 juravit
1083 3708 1108 3738 se
1132 3708 1240 3739 Obser-

176 3745 374 3779 vaturum,'ac
390 3743 488 3773 omnia
503 3744 537 3774 ὃς
554 3743 630 3783 singu
642 3753 657 3774 a
674 3743 704 3773 in
723 3742 800 3773 dieta
817 3742 922 3775 PAcss
942 3754 1076 3777 contenta
1092 3746 1147 3777 fine
1169 3747 1239 3778 dolo

175 3779 209 3811 &
226 3778 323 3809 fraude
337 3780 537 3820 Impleturum,

216 3816 364 3855 Necnon,
387 3819 422 3850 ad
447 3821 551 3860 majora
574 3820 750 3852 Firmitatem
763 3843 773 3859 ,
797 3820 1024 3855 stabilimentum
1046 3845 1056 3859 ,
1079 3825 1113 3855 &
1135 3824 1241 3855 Robur

181 3855 307 3886 PAc1s
326 3857 469 3893 praedietae
484 3881 494 3897 ,
518 3859 596 3890 idem
617 3859 815 3890 Illustriffimus
839 3859 972 3899 Princeps
993 3864 1053 3892 Rex
1076 3865 1240 3893 Francorum

183 3903 234 3932 per
247 3893 321 3923 Tres
337 3893 427 3924 Status
439 3896 485 3926 Re
505 3899 534 3928 ni
550 3898 608 3937 sui,
624 3898 767 3937 videlicet,

136 3973 139 3977 V
220 3929 408 3975 Praelatorum
421 3933 454 3963 δί
497 3936 561 3975 leri,
578 3947 692 3968 necnon
709 3937 868 3968 Procerum
881 3936 915 3968 &
929 3937 1104 3978 Nobilium,
1119 3950 1153 3971 ac
1161 3942 1243 3971 etiam

129 3979 134 3986 ‘
186 3969 327 4013 Civium,
345 3969 546 4014 Burgensium,
563 3975 740 4015 Civitatum',
759 3975 914 4014 Villarum‚
932 3986 966 4007 ac
990 3976 1244 4010 Communitatum

186 4007 256 4039 dieti
270 4006 383 4047 Regni,
402 4009 532 4046 praefatos
543 4012 617 4045 Tres
631 4015 723 4046 Status
735 4015 902 4046 facientium
925 4015 958 4046 &
979 4017 1246 4057 repraesentantium,

1253 195 1369 247 pur
1407 198 1440 239 B
1479 199 1513 240 L
1550 201 1569 241 1
1607 203 1723 254 CJA.

1244 279 1357 313 Sextam
1372 282 1461 315 Diem
1477 285 1585 317 Mensis
1598 287 1770 320 Decembris
1787 290 1877 322 ultimi
1895 291 2037 331 praeteiiri,

1277 321 1406 353 Eandem
1421 323 1444 353 P
1454 333 1499 354 Ac
1509 333 1526 354 Ε
1536 333 1564 355 Μ
1585 325 1703 357 Laudari
1718 329 1752 358 ὅ(
1768 331 1928 367 Approbari
1943 331 2020 368 fecit,
2033 369 2038 374 ι

2264 223 2313 262 25

2331 294 2407 327 Arm.
2422 294 2467 326 D.

2349 343 2362 363 1
2388 342 2438 363 21.

1282 358 1326 389 Ut
1344 361 1474 407 dessipsius
1488 362 1647 409 Mandato,
1665 367 1702 394 eis
1715 366 1794 404 super
1808 369 1866 398 lioc
1882 370 1955 399 vivae
1972 379 2051 399 voce
2073 367 2190 400 oraculo
2205 367 2282 398 fadto
2299 392 2308 406 ,
2335 343 2395 402 hlefi..
2407 381 2438 408 5,

1245 398 1405 443 praehabita·
1427 409 1534 445 matura
1559 401 1771 435 Deliberatione
1785 429 1795 443 ,
1823 406 1949 437 Decima
1971 406 2032 437 Die
2050 408 2173 444 ejusdem
2201 406 2311 437 Mensis

1247 434 1418 511 geffmibm
1432 461 1441 476 ,
1466 438 1525 477 ipso
1546 439 1680 471 Domino
1701 442 1784 482 Rege
1805 445 1834 474 in
1857 445 1962 483 Regali
1991 445 2071 475 Solio
2091 446 2219 483 sedente,
2242 446 2311 476 loco

1282 484 1305 503 ae
1329 485 1353 504 ic
1366 485 1396 514 o,

1284 511 1412 544 Eandem
1429 514 1568 546 PAcEM
1583 527 1615 548 ac
1628 519 1724 549 omnia
1742 519 1776 550 δε
1798 519 1902 559 singula
1926 530 2062 552 contenta
2090 523 2118 552 in
2138 522 2237 553 eadem
2262 522 2312 560 ipsi

1248 548 1425 597 TresnStatus
1441 553 1451 590 (
1460 564 1543 591 prout
1557 565 1592 585 ex
1605 556 1723 587 Tenore
1737 559 1823 588 dietae
1839 561 1890 589 ΡΑ
1900 570 1916 590 c
1928 570 1937 589 i
1951 569 1962 589 s
1987 559 2224 598 astringebantur)
2250 560 2313 600 Ap-

1247 590 1423 634 probarunt,
1443 592 1623 632 Laudarunt,
1643 595 1855 636 Acceptflrunt,
1874 598 1907 628 δε
1928 599 2151 629 Αυθεοτίῑὲιωηῑ
2166 623 2176 638 ,
2195 601 2264 630 ficut
2283 601 2313 630 in

1249 627 1332 658 Actis
1351 630 1418 660 inde
1435 631 1574 662 confestis
1590 634 1698 671 plenius
1711 637 1882 672 continetur,

1273 666 1449 709 'Volensque
1466 670 1542 700 idem
1558 671 1752 703 Serenisfimus
1771 672 1918 704 Dominus
1946 673 2039 704 noster
2055 697 2065 712 ,
2088 685 2140 713 pro
2162 684 2238 714 parte
2266 674 2312 707 sui

1248 703 1366 749 dietam·
1381 706 1523 752 PAcizM
1543 709 1575 739 δε
1597 712 1694 740 omnia
1714 712 1747 741 ὃς
1771 712 1872 750 singula
1895 722 2027 742 contenta
2044 714 2079 747 ,in
2103 714 2201 744 eadem
2223 714 2313 745 modo

1248 744 1392 788 consimili
1405 756 1454 782 per
1468 747 1558 784 ipsum
1573 748 1607 778 &
1619 748 1692 779 Tres
1707 749 1798 780 Status
1821 750 1915 789 Regni
1937 751 1975 781 sui
1992 751 2084 790 Jurai·i
2100 775 2110 789 ,
2127 753 2149 782 F
2152 754 2261 790 irmari,
2279 754 2313 783 ὃς

1250 780 1394 825 Roborari
1408 786 1511 821 (prout
1527 795 1560 815 ex
1575 787 1661 817 dieiae
1675 787 1725 817 PA
1736 799 1752 818 c
1762 796 1773 816 1
1784 796 1796 818 s
1816 789 1932 820 Tenore
1954 789 2111 829 astringitur
2140 793 2172 821 &
2202 792 2312 830 obliga-

1250 824 1312 854 tur)
1330 821 1434 864 distam
1450 822 1593 854 PACEM
1610 827 1684 856 bene
1699 827 1731 856 ὃς
1746 825 1864 857 fideliter
1887 830 1917 857 in
1941 829 2073 857 omnibus
2095 829 2120 858 se
2143 829 2314 859 Observatu-

1251 867 1333 896 rum,
1352 862 1482 904 inverbo
1501 862 1612 901 Regio,
1627 864 1659 894 ὅ(
1680 865 1713 894 ad
1737 864 1838 895 Sancta
1862 865 1920 896 Dei
1943 866 2129 905 Euvangelia,
2155 877 2205 905 per
2223 868 2315 905 ipsum

1252 898 1433 941 corporaliter
1448 901 1537 938 tacita,
1549 902 1662 939 Juravit
1678 904 1712 934 ὅ(
1725 902 1868 934 Promisit:

1291 936 1337 965 Ac
1353 936 1447 967 dietos
1460 940 1531 969 Tres
1545 941 1651 979 status,

1295 973 1451 1019 Videlicet,
1467 977 1601 1022 Praelatos
1613 980 1647 1010 ὃς
1661 978 1797 1021 Clerum,
1814 980 1940 1012 Nobiles
1961 982 1994 1013 ὃς
2014 980 2181 1022 Magnates,
2204 991 2321 1014 necnon

1257 1010 1487 1046 Communitates
1501 1016 1570 1047 dieti
1583 1018 1678 1057 Regni
1691 1020 1729 1050 sui
1741 1045 1750 1057 ‚

1295 1051 1342 1096 Ad.
1356 1053 1507 1085 secundum
1524 1055 1611 1086 Diem
1627 1058 1733 1088 Mensis
1748 1058 1833 1098 Maii,
1850 1059 1937 1090 Anno
1960 1059 2055 1099 Regni
2076 1061 2114 1091 sui
2141 1060 2238 1091 Nono
2258 1083 2267 1098 ,
2285 1059 2321 1091 ad

1258 1087 1394 1121 Palatium
1409 1091 1488 1123 suum
1502 1094 1808 1129 westmonasteriense
1823 1098 2003 1137 Londoniae,
2019 1099 2053 1129 ad
2070 1100 2174 1137 majora
2190 1099 2321 1129 Firmita-

1259 1136 1317 1158 tem
1333 1129 1365 1159 &
1386 1130 1490 1162 Robur
1513 1133 1632 1177 PACIS
1644 1137 1786 1174 praediclae
1800 1160 1810 1175 ,
1838 1147 1954 1168 necnon
1977 1148 2093 1175 propter
2115 1138 2178 1168 alias
2200 1137 2320 1175 Causas,

1259 1166 1341 1197 suum
1354 1168 1462 1199 Statum
1478 1170 1604 1214 Regium
1618 1176 1651 1205 ὃς
1664 1176 1733 1206 dicti
1749 1174 1845 1215 Regni
1860 1177 2008 1206 utilitatem
2028 1185 2242 1216 concernentes,
2256 1177 2322 1214 jux-

1260 1214 1287 1236 ta
1302 1216 1414 1236 morem
1429 1210 1709 1255 &consuetudinem
1723 1214 1844 1252 ejusdem
1859 1215 1961 1245 fecerat
1972 1216 2146 1254 congregari,

1298 1244 1406 1274 Coram
1421 1248 1523 1286 quibus
1537 1249 1655 1287 quidem
1668 1253 1776 1283 Tribus
1789 1253 1910 1284 Statibus
1926 1253 2000 1284 idern
2013 1253 2208 1284 Sereniffimus
2228 1256 2324 1284 Domi-

1261 1293 1311 1312 nur
1329 1283 1415 1321 noster
1432 1289 1509 1330 Reor,
1528 1297 1594 1326 per,
1614 1288 1811 1321 Venerabilem
1827 1292 1856 1320 in
1871 1291 1989 1323 Christo
2001 1292 2132 1330 Patrem,
2157 1292 2323 1322 Dominum

1263 1321 1408 1361 Thomam,
1428 1324 1485 1354 Del
1495 1326 1592 1364 gratifi,
1611 1328 1817 1368 Dunolmensem
1830 1329 2089 1368 Episc'opum‚suum
2106 1330 2325 1369 Cancellarium,

1262 1360 1409 1408 Tenorem
1425 1363 1510 1407 didiae
1525 1363 1548 1394 P
1559 1374 1579 1395 A
1589 1375 1605 1395 c
1616 1375 1627 1395 1
1639 1375 1668 1404 s,
1687 1367 1719 1397 &
1734 1377 1835 1398 omnes
1851 1370 1883 1398 ὃς
1895 1369 2013 1407 singulos
2027 1370 2169 1400 Articulos
2190 1369 2325 1408 ejusdem,

1263 1400 1362 1430 seriose
1377 1410 1481 1439 exponi
1494 1404 1561 1433 iecit
1577 1405 1610 1435 &
1625 1404 1755 1442 specifice
1771 1406 1913 1443 declarari,

1299 1437 1449 1484 Mandavit
1464 1441 1574 1479 insuper
1589 1443 1663 1473 idem
1680 1447 1814 1474 Dominus
1826 1443 1912 1484 noster
1921 1448 1979 1474 Rex
1988 1445 2080 1477 eidem
2089 1445 2268 1476 Cancellario
2276 1445 2326 1476 suo

1263 1479 1343 1548 {quoti
1360 1479 1429 1510 dieti
1444 1479 1518 1510 Tres
1539 1480 1631 1512 Status
1651 1482 1800 1514 Tenorem
1813 1485 1898 1515 dietae
1913 1483 1937 1514 P
1947 1494 1964 1513 A
1975 1494 2011 1514 ei
2024 1495 2036 1516 s
2052 1486 2217 1523 inspicerent
2231 1486 2264 1516 &
2281 1486 2326 1516 vi·

1275 1525 1390 1558 itarent,

1304 1560 1417 1601 Qubus
1431 1559 1467 1590 sie
1481 1560 1624 1598 diligenter
1638 1561 1670 1591 ὃς
1686 1563 1796 1593 mature
1811 1561 1948 1601 peradiis,
1963 1561 2011 1600 ipsi
2026 1562 2100 1593 Tres
2116 1561 2222 1601 Status,

1303 1599 1518 1630 Consideranres
1527 1622 1536 1637 ,
1556 1599 1714 1637 censentes,
1731 1600 1765 1630 ὃς
1779 1609 1938 1638 reputantes
1952 1601 2056 1632 dietam
2079 1599 2103 1630 P
2113 1609 2156 1629 Ac
2169 1610 2187 1630 E
2197 1609 2225 1630 M
2253 1601 2327 1632 Lau-

1265 1638 1408 1676 dabilem,
1426 1638 1638 1675 Neceffiriam,
1657 1639 1690 1669 &
1707 1638 1819 1669 Utilem
1833 1639 1976 1677 utriusque
1998 1638 2126 1678 Regnis,
2144 1639 2178 1670 δε
2202 1639 2326 1670 Subditis

1266 1678 1437 1708 eorumdem
1448 1700 1457 1715 ,
1473 1686 1575 1716 yniino
1592 1678 1625 1708 ὃς
1642 1678 1692 1707 toti
1709 1676 1909 1715 Cristianitati,

1303 1715 1392 1756 Ipsam
1408 1716 1484 1746 PAc
1495 1725 1512 1745 E
1523 1723 1551 1745 M
1569 1715 1602 1745 &
1617 1716 1715 1744 omnia
1726 1715 1760 1746 ὃς
1784 1715 1886 1755 singula
1907 1723 2040 1746 contenta
2060 1716 2088 1746 in
2109 1715 2229 1754 eadem,
2248 1715 2328 1753 ipsius

1266 1757 1376 1785 Domini
1395 1754 1479 1793 nostri
1494 1757 1588 1792 Regis,
1608 1762 1638 1783 ut
1655 1754 1802 1791 praefertur
1815 1778 1825 1791 ,
1851 1754 1989 1784 Mandato
2003 1778 2012 1791 ,
2034 1755 2118 1785 velud
2140 1755 2214 1785 Tres
2235 1754 2329 1784 Status

1264 1793 1335 1823 dieti
1348 1793 1446 1833 Regni
1461 1794 1517 1831 sui,
1535 1792 1756 1831 Approbarunt,
1775 1792 1957 1830 Laudarunt,
1977 1792 2202 1832 Autorizarunt,
2217 1793 2250 1823 ὃς
2267 1792 2328 1822 Ac-

1265 1833 1432 1872 ceptarunt,
1447 1843 1480 1863 ac
1495 1832 1616 1862 eandem
1636 1832 1678 1869 se,
1696 1832 1729 1862 δε
1746 1841 1848 1862 eorum
1871 1831 2024 1874 quemlibet
2036 1855 2046 1870 ,
2072 1841 2124 1870 pro
2145 1832 2170 1862 se
2185 1854 2194 1869 ,
2219 1830 2329 1874 suisque

1264 1871 1452 1910 Haeredibus,
1472 1872 1504 1901 &
1519 1869 1747 1907 Successoribus,
1763 1871 1836 1901 bene
1849 1871 1881 1902 &
1906 1869 2019 1900 fideliter
2034 1894 2043 1907 ,
2069 1871 2207 1907 perpetuis
2229 1869 2328 1912 futuris

1264 1910 1455 1949 temporibus,
1476 1917 1613 1947 quantum
1628 1908 1661 1938 ad
1677 1918 1724 1938 eos
1738 1910 1770 1938 δε
1783 1909 1903 1949 singulos
1919 1918 2022 1940 eorum
2036 1910 2166 1948 pertinet,
2185 1908 2326 1940 Observa-

1263 1956 1341 1980 turos
1356 1948 1388 1979 &
1403 1947 1574 1990 Impleturos
1585 1947 1782 1985 promiserunt.

1423 2072 1451 2099 ὅ*
1476 2076 1536 2108 Pro
1559 2070 1830 2117 AmbaffiatorIbus
1865 2075 1962 2107 Ducis
1993 2075 2160 2107 Bavnrriae,
2343 2078 2360 2096 ⁴¹
2369 2078 2408 2106 X.
2418 2089 2428 2106 1
2437 2080 2479 2110 ix:

1260 2159 1557 2220 REqulflversjs
1572 2160 1605 2192 &
1620 2160 1729 2200 singulis
1744 2159 1888 2200 Alligatis,
1902 2161 1963 2193 &c.
2345 2163 2424 2195 Arm,
2435 2163 2478 2194 Dl

1372 2203 1471 2231 beiatis
1485 2199 1577 2239 quod,
2368 2212 2455 2242 1421.

1297 2239 1392 2276 Cum,
1409 2239 1562 2270 carissimus
1578 2237 1811 2278 Consanguineus
1824 2237 1939 2277 noster,
1957 2237 2195 2277 Johannes,Dux
2212 2240 2328 2268 Bavar-
2343 2247 2428 2277 Arr9.

1262 2282 1328 2316 riae,
1347 2286 1436 2309 certos
1450 2277 1633 2308 Consiliarios
1647 2278 1680 2308 ὃ(
1696 2277 1916 2308 Ambassiatores
1931 2277 1994 2307 suos
2008 2299 2018 2314 ‚
2041 2286 2126 2317 penes
2146 2276 2325 2307 Praesentiarn
2345 2286 2379 2310 H.
2397 2290 2423 2315 5·

1261 2317 1406 2355 nostram,
1421 2317 1451 2346 in
1468 2316 1604 2354 Regnum
1620 2315 1750 2347 nostrum
1766 2316 1877 2356 Angliae
1893 2339 1903 2355 ,
1918 2316 1962 2346 seu
1981 2316 2046 2346 alibi
2067 2316 2137 2347 ins-‘ra
2156 2315 2328 2346 Potestatem
2350 2321 2477 2354 fra-0:35

1263 2356 1406 2393 nostiam,
1423 2365 1476 2393 pro
1492 2356 1572 2385 certis
1589 2353 1725 2392 Negotiis
1738 2355 1821 2393 ipsius
1834 2354 2045 2394 Consanguinei
2061 2354 2151 2385 nostri
2166 2354 2265 2385 Nobis
2278 2353 2328 2386 de·
2348 2364 2383 2388 H.
2391 2368 2418 2394 5.

1264 2395 1416 2431 clarandis,
1435 2393 1507 2424 infra
1520 2393 1607 2423 breve
1620 2391 1755 2423 destinare
1773 2402 1923 2432 proponat,
1939 2402 1969 2423 ut
1984 2393 2162 2431 accepimus,

1302 2433 1384 2470 Nos,
1402 2431 1552 2463 Praemissis
1567 2432 1693 2471 attentis,
1712 2441 1763 2462 vos
1780 2431 1934 2471 Alligatos,
1959 2431 2095 2470 Amicos,
2120 2432 2153 2462 ὃ(
2174 2431 2327 2462 Benivolos

1263 2472 1448 2508 Requirimus
1462 2473 1495 2503 ὅ(
1513 2470 1678 2510 Rogamus,
1697 2469 1757 2504 &a
1772 2478 1855 2509 prout
1869 2474 1898 2500 in
1918 2469 2044 2510 ejusmodi
2065 2472 2105 2501 dei
2120 2471 2257 2501 Conduft'u
2273 2472 2326 2500 Li-

1263 2519 1330 2541 terzs

1302 2534 1442 2588 ln’cujus,
1461 2549 1521 2580 &c.
1549 2547 1634 2587 usque
1654 2546 1803 2579 Odiavum
1824 2546 1916 2578 Diem
1935 2546 2016 2586 Junii
2039 2548 2177 2586 proximo
2201 2546 2331 2579 futurum

1264 2589 1413 2619 duraturas.

1301 2626 1390 2657 Teste
1404 2625 1488 2665 Rege
1499 2625 1575 2665 apud
1590 2622 1864 2666 Wstmonasterium,
1881 2624 1983 2656 Tertio
2001 2623 2060 2655 Die
2080 2624 2163 2656 Maii.

2347 2407 2374 2427 m
2397 2405 2441 2433 ¹72

1896 2704 1951 2732 Per
1968 2701 2050 2741 ipsitm
2068 2704 2173 2741 Regem.

1624 2834 1682 2865 Pro
1705 2833 1792 2864 Duce
1813 2827 1975 2863 Burboniae.

1273 2923 1332 2977 R
1347 2918 1432 2957 EX,
1449 2927 1498 2957 per
1516 2918 1624 2949 Literas
1637 2917 1694 2947 suas
1707 2916 1854 2954 Parentes,
1868 2925 1918 2954 per
1932 2924 2023 2946 unum
2044 2914 2184 2946 Mensem*
2196 2916 2333 2954 proximo
2353 2923 2428 2955 Αῃῃ,
2439 2921 2482 2955 D,

1352 2958 1477 2988 futurum
1494 2957 1648 2989 duraturas,
1673 2955 1789 2992 suscepit
1812 2955 1842 2984 in
1856 2955 1969 2985 isalvum
1993 2954 2027 2984 &
2061 2956 2190 2984 securum
2214 2953 2335 2985 Condu-
2373 2972 2457 3002 1421.

1273 2996 1372 3035 (ilum,
1390 2998 1451 3028 &e
1469 2998 1582 3025 Petrum
1596 2992 1764 3034 Despinenfis
1778 2993 1924 3030 Militem,
1942 2991 2036 3030 Gaffot
2055 2993 2087 3022 de
2107 2991 2210 3022 Villete
2234 2993 2333 3024 Armi·
2352 3005 2402 3029 An.
2418 3011 2446 3035 9-

1273 3044 1391 3074 gerum,
1409 3035 1443 3065 &
1458 3033 1619 3072 Johannem
1633 3033 1665 3062 de
1684 3035 1854 3070 Beaupigne,
1876 3030 2031 3061 Servitores
2050 3031 2182 3062 cariffimi
2205 3030 2334 3062 Consan-
2351 3045 2385 3068 H.
2404 3049 2432 3076 5,

1273 3075 1371 3111 guinei
1394 3072 1486 3109 Regis
1500 3096 1510 3111 ‚
1532 3071 1675 3110 Johannis
1698 3073 1784 3099 Ducis
1804 3069 1951 3100 Burbom‘ae
1965 3092 1975 3107 ,
2003 3069 2036 3100 ὅ(
2056 3079 2157 3100 eorum
2179 3070 2335 3107 quemlibet
2352 3083 2441 3107 Norm.
2455 3082 2484 3116 92

1273 3112 1432 3148 (affociatis
1448 3112 1496 3141 sibi
1514 3111 1567 3141 Sex
1581 3109 1727 3147 Personis,
1743 3109 1786 3139 vel
1803 3107 1983 3147 infra)usque
1996 3106 2151 3139 Civitatem
2170 3108 2255 3147 Regis
2268 3107 2335 3139 Ro·
2353 3122 2381 3144 H
2398 3127 2429 3153 5,
2480 3113 2483 3116 ⁴

1274 3151 1419 3189 thomagi‚
1437 3159 1486 3189 per
1503 3149 1602 3186 Loca,
1620 3147 1725 3184 villas,
1738 3149 1771 3179 ὃ(
1784 3146 1925 3177 Dominia
1938 3146 2130 3186 praecariffimi
2144 3146 2233 3177 Patris
2247 3147 2335 3186 Regis
2352 3165 2390 3185 m,
2409 3165 2455 3194 34,

1275 3190 1308 3220 &
1322 3189 1382 3226 sua,
1400 3189 1458 3219 tam
1475 3188 1629 3225 periDiem
1639 3208 1649 3224 ,
1669 3187 1753 3223 quam
1769 3195 1818 3223 per
1836 3184 1973 3216 Noctem
1989 3208 1998 3224 ,
2023 3184 2168 3223 pedestre,
2191 3185 2236 3216 vel
2253 3195 2338 3226 eque-

1273 3228 1345 3264 stre,
1365 3227 1495 3266 quotiens
1509 3226 1542 3257 &
1558 3225 1674 3264 quando
1686 3225 1723 3254 eis
1738 3224 1890 3265 placuerit,
1907 3223 2064 3263 veniendo,
2081 3224 2258 3263 transeundo,
2270 3235 2336 3255 mo-

1272 3267 1379 3304 rand0,
1399 3265 1432 3296 &
1448 3265 1613 3304 redeundo,
1629 3272 1744 3294 necnon
1758 3262 1874 3302 Equos,
1892 3262 1989 3301 Bona,
2004 3261 2081 3301 Res,
2097 3264 2130 3295 &
2144 3262 2279 3295 Hernesia
2291 3262 2335 3296 sua

1268 3314 1474 3346 quaecumque;

1308 3343 1344 3374 Et
1359 3343 1436 3381 ideo,
1453 3343 1515 3373 &c-

1307 3382 1443 3420 Proviso,
1461 3382 1522 3412 &c.

1304 3421 1339 3452 In
1356 3421 1455 3458 cujus,
1471 3421 1533 3450 &c.

1329 3459 1396 3491 Dat.
1414 3458 1591 3496 Rothomagi,
1607 3457 1707 3495 quinto
1722 3455 1769 3487 die
1787 3455 1871 3490 Maii.

1571 3536 1626 3564 Per
1640 3533 1722 3573 ipsitm
1738 3535 1835 3572 Regem
1854 3533 1896 3564 ad
1909 3532 2078 3564 Relationem
2095 3533 2213 3566 concilii.

1627 3662 1677 3694 De
1700 3658 1969 3705 Rattficationibus.

1276 3747 1410 3805 REX,
1429 3746 1593 3784 Omnibus,
1612 3745 1647 3777 ad
1661 3756 1749 3786 quos,
1767 3747 1827 3777 &c.
1845 3746 1978 3778 Salutem.
2347 3746 2424 3779 Ann.
2438 3744 2483 3782 Ι),

1393 3786 1512 3816 Notum
1527 3787 1647 3816 facimus
1661 3785 1758 3824 quod,
2377 3794 2466 3824 1421„

1312 3823 1342 3855 Si
1364 3824 1511 3862 Hospitale
1533 3825 1589 3855 sive
1616 3823 1731 3854 Domus
1752 3823 1810 3854 Dei
1830 3824 1866 3854 de
1889 3822 2038 3854 Villari'bus
2061 3824 2090 3853 in
2115 3822 2251 3862 Boscagio
2283 3822 2335 3855 Ba-
2351 3828 2402 3853 An.
2420 3834 2450 3858 9.

1271 3864 1392 3902 jocensis
1408 3862 1565 3900 Dioecesis,
1583 3872 1633 3901 per
1647 3862 1770 3893 Obitum
1793 3862 1916 3893 Domini
1936 3861 2077 3900 Johanm's
2098 3861 2220 3900 Bucelli,
2246 3861 2339 3893 ultimi
2354 3868 2390 3892 H.
2409 3872 2438 3899 5.

1277 3901 1443 3932 Pofl‘efforis
1457 3901 1577 3937 eiusdem
1586 3924 1596 3939 ,
1612 3911 1701 3938 nuper
1713 3911 1824 3938 vacanS,
2389 3899 2457 3932 ibid,

1316 3940 1423 3979 Qiod,
1442 3940 1559 3971 dilectus
1573 3940 1668 3978 nobis,
1684 3939 1816 3969 Ricardus
1830 3937 1993 3978 Portefaiz,
2012 3936 2149 3977 Magister
2163 3939 2194 3969 in
2210 3937 2340 3979 Artibus,

1278 3980 1380 4018 iuratus
1394 3979 1498 4018 Ligeus
1513 3979 1624 4017 noster,
1639 3979 1764 4008 noscitur
1780 3976 1896 4015 pacifice
1911 3976 2064 4015 possidere,

1319 4017 1561 4048 Praedecefforum
1584 4016 1748 4048 nostrorum
1770 4016 1815 4047 vel
1838 4014 1955 4046 Nostris
1976 4014 2150 4053 temporibus
2167 4016 2197 4046 in
2221 4016 2338 4057 Regalia

225 4045 310 4113 (ξος
319 4045 354 4076 ad
366 4047 468 4078 Aulam
491 4049 586 4081 Palatii
606 4052 647 4083 sui
667 4077 677 4091 ,
703 4054 777 4092 apud
799 4053 936 4084 Saniturn
955 4052 1094 4093 Paulum,
1119 4055 1249 4088 Civitatis
1280 4057 1433 4094 vacaverit,
1449 4065 1496 4086 aut
1508 4064 1600 4094 vacet,

187 4084 253 4116 Pari
263 4084 356 4122 iensis,
373 4095 490 4124 propter
503 4088 713 4127 expeditionem
732 4091 947 4125 Praemiffoxum
961 4114 972 4131 ‚
996 4095 1112 4126 evocari
1129 4094 1198 4127 fecit
1216 4096 1251 4127 ad

226 4125 302 4154 Tem.
319 4125 376 4155 IV.
394 4126 418 4155 P
436 4127 485 4156 JV.

1321 4094 1441 4134 Propter
1454 4094 1531 4135 quod
1545 4095 1579 4126 ad
1597 4093 1666 4134 ipsos
1681 4091 1981 4160 Praedecefforesbvel
1993 4091 2028 4123 ad
2050 4090 2137 4130 Nos,
2161 4093 2243 4132 ipsius
2262 4092 2355 4168 1-Ξῖῑῖ-
