2562 4274
49 241 127 275 Ann.
142 241 182 273 D.

72 290 156 320 1403.

50 326 111 351 ΗΜ.
127 330 157 356 4.

53 740 131 774 Ann-
145 740 188 773 D.

76 790 163 821 1403-

55 826 96 849 Atl
128 831 156 855 5.

55 866 88 888 H.
115 869 147 894 4.

57 898 145 934 Claus-
164 905 190 933 5.

57 942 91 965 H.
107 947 135 972 4.
151 943 175 973 p.

62 986 84 1004 ι.
101 985 137 1003 m.
149 983 192 1010 19.

64 1014 86 1042 d.

61 1556 81 1580 ⁸*
91 1559 173 1589 vm.

81 1606 145 1637 344·

67 2258 200 2298 ΛΜΗ).

87 2308 173 2343 1403.

66 2346 120 2370 An.
133 2351 160 2378 5.

68 2402 161 2448 Fr'ani.
171 2428 198 2454 5.

68 2462 200 2494 H.4.m.7.

688 168 814 209 ET
898 170 1218 212 ACTA
1302 167 1866 222 PUBLICA.

204 250 260 281 tiva
282 250 406 290 ipibrum
428 249 570 282 Fidelium
585 250 765 291 nostrorum,
778 253 812 283 ad
827 252 1010 283 resistendum
1031 253 1151 284 Malitiae
1166 254 1266 292 praedi-

203 288 277 326 elae,
290 297 373 327 prout
391 289 440 319 fibi
458 298 493 319 ex
510 297 588 326 parte
606 288 698 319 nostra
713 291 893 328 injungetur,
914 290 1068 328 profecturi
1078 292 1094 328 τὶ

241 326 277 357 Et
292 328 349 357 hoc
371 328 450 364 super
468 327 538 357 Fide
551 328 585 358 δε
606 327 768 366 Ligeantia,
792 329 895 366 quibus
914 329 996 359 nobis
1014 332 1114 360 teneris
1128 352 1138 367 ,
1166 339 1200 360 ac
1219 329 1269 361 sub

202 364 388 396 Forisfacwra
410 374 466 403 qua
482 365 584 395 Nobis
600 365 761 396 forisfacere
776 367 895 403 poteris,
916 367 1067 398 nullatenus
1084 369 1206 399 omittas.

239 402 328 433 Teste
342 402 428 440 Rege
443 402 517 441 apud
533 402 809 444 Wstmonasterium,
827 413 844 434 x
862 404 908 435 die
923 405 1103 436 Decembris.

237 477 374 518 Confimile
388 481 481 510 Breve
494 480 620 518 dirigitur
635 483 783 512 Vicecomiti
798 480 933 522 Wiltefiae
941 481 1008 521 ,sub
1019 482 1112 513 eadem
1125 485 1216 512 Data.

476 650 630 685 Mandati
643 652 806 698 fitperioris
823 655 994 688 Revocatio.

262 734 327 767 EX
350 735 528 768 Vicecomiti
543 736 675 777 Kantiae,
691 737 835 769 Salutem?
912 770 915 771 γ

223 809 225 812 .
301 774 386 805 Licet
404 785 509 814 nuper,
519 785 570 813 per
585 775 674 807 Breve
690 775 818 807 nostrum
828 799 837 814 ,
851 775 887 807 de
905 775 1019 807 Privato
1040 774 1137 814 sigillo
1151 773 1270 818 nostro,

208 812 282 844 Tibi
297 815 514 852 praeceperimus
532 814 611 853 quod
632 837 643 854 ‚
674 815 704 845 in
729 813 879 846 Comitatu
899 823 951 845 tuo
966 836 976 852 ,
1008 815 1177 851 proclamari
1195 812 1270 844 face-¹

208 862 250 882 res

251 873 346 928 Qec!
368 900 467 921 omnes
481 891 515 923 &
528 891 630 929 finguli
651 890 792 922 Homines
811 889 1008 927 defensabiles,
1026 889 1150 928 ejusdem
1165 888 1273 919 Comi⁵

214 928 305 966 tatus,
320 938 405 966 penes
423 929 601 960 Praesentiam
617 929 759 963 nostram,
775 928 924 960 occasione
945 936 1088 958 certorum
1103 927 1274 971 Novorum,

215 970 325 997 Comitis
340 969 434 998 Sam‘li
450 967 549 1006 Pauli,
566 969 600 1000 &
618 968 735 998 aliorum
751 966 939 997 Inimicorum
956 966 1118 997 nostrorum
1132 966 1274 1004 Franciae,

211 1006 241 1036 in
258 1005 361 1037 eodem
382 1006 463 1037 Brevi
487 1014 707 1043 contentorum,
722 1004 750 1035 se
763 1012 913 1042 properent
934 1005 967 1035 &
983 1004 1161 1047 festinarent,

218 1078 220 1080 ,
246 1043 305 1075 Pro
327 1054 364 1074 eo
377 1052 473 1075 tamen
487 1044 566 1082 quod
581 1043 710 1081 Nos,de
728 1042 854 1073 Veritate
872 1044 906 1074 ὃς
921 1043 1086 1074 certitudine
1101 1042 1271 1074 eorumdem

212 1082 371 1113 Novorum
389 1083 423 1113 ad
443 1082 558 1120 praesens
573 1081 671 1112 clarius
686 1080 828 1111 informati
844 1104 854 1119 ,
882 1080 994 1111 eosdem
1016 1081 1123 1119 Ligeos
1143 1081 1273 1120 nostros,

210 1120 246 1151 de
268 1120 429 1159 hujusmodi
445 1120 579 1151 Adventu
593 1119 660 1157 su0,
673 1119 813 1150 excusatos
829 1119 929 1150 habere
944 1119 1073 1151 volumus
1087 1119 1137 1150 ista
1153 1121 1234 1158 vice,

247 1160 320 1189 Tibi
342 1159 522 1196 praecipimus
537 1158 617 1196 quod
634 1157 814 1196 statim,visis
834 1158 1073 1196 Praesentibus,in
1087 1158 1196 1198 singulis
1211 1159 1272 1189 Lo-

209 1198 251 1228 cis
273 1195 435 1228 Comitatus
451 1196 598 1234 praedicti,
613 1197 661 1227 ubi
676 1196 823 1235 expediens
837 1196 922 1227 fuerit
936 1197 969 1227 &
991 1196 1101 1228 neceffe
1115 1219 1124 1234 ‚
1156 1196 1271 1234 publice·

207 1245 242 1267 ex
264 1243 339 1272 parte
361 1234 454 1265 nostra
473 1235 638 1273 proclamari
659 1234 760 1273 facias,

245 1273 338 1313 Qiod
357 1274 416 1304 tam
434 1283 535 1304 omnes
555 1275 588 1305 &
610 1273 706 1313 singuli
728 1272 885 1311 hujusmodi
908 1272 1053 1304 Homines
1075 1271 1272 1312 defensabiles,

209 1311 297 1351 quam
316 1321 417 1342 omnes
435 1312 497 1350 alii,

248 1350 362 1388 Qibus
376 1372 386 1388 ,
407 1350 466 1380 tarn
482 1359 532 1388 per
549 1349 599 1380 alia
617 1349 716 1380 Brevia
735 1348 827 1379 nostra
847 1349 883 1379 de
900 1349 1015 1380 Privato
1037 1348 1136 1388 Sigillo
1155 1348 1272 1388 nostro,

207 1389 292 1426 quarn
310 1398 359 1425 per
380 1388 483 1418 Literas
498 1386 603 1417 nostras
617 1388 652 1419 de
664 1388 782 1424 Signeto
800 1387 915 1425 nostr0,
931 1388 1010 1426 quod
1024 1389 1074 1426 ipsi
1090 1397 1173 1425 penes
1196 1387 1273 1418 Prie-

207 1427 320 1457 sentiam
335 1425 479 1464 nostram,
501 1426 651 1457 occasione
666 1425 827 1464 hujusmodi
840 1426 1000 1457 Novorum
1015 1449 1024 1464 ,
1051 1426 1080 1456 se
1094 1426 1216 1457 limiliter
1231 1427 1273 1457 fe-

207 1465 337 1495 stinarent
349 1465 383 1496 &
398 1472 565 1502 properent,
579 1464 721 1502 separatim
735 1464 820 1495 scribi
836 1464 956 1496 fecimus
965 1488 976 1504 ,

242 1502 275 1532 In
293 1502 418 1532 Partibus
434 1501 488 1532 suis
503 1503 620 1540 propriis
635 1525 645 1541 ‚
676 1504 726 1533 ubi
744 1503 793 1533 sibi
815 1503 948 1540 placuerit
961 1527 972 1542 ,
990 1502 1145 1542 quousque·
1156 1502 1229 1533 aliud
1247 1510 1263 1534 a

206 1540 307 1572 Nobis
323 1540 467 1571 habuerint
482 1540 513 1571 in
532 1540 689 1579 Mandatis,
715 1550 950 1579 commorentur,
968 1542 987 1562 ²*
1003 1541 1081 1572 diCta
1100 1541 1264 1572 Proclama-

206 1581 301 1618 tione,
315 1579 412 1618 vigore
428 1577 499 1609 dieti
516 1579 612 1610 Brevis
630 1580 720 1610 nostri
739 1579 775 1609 de
796 1578 911 1610 Privato
929 1580 1051 1617 Sigillo,
1070 1580 1141 1610 Tibi
1155 1580 1266 1619 direeti,

207 1616 300 1656 faeti,
324 1627 370 1648 aut
386 1615 445 1649 aliis
462 1616 596 1650 Brevibus
613 1618 648 1649 de
666 1616 782 1650 Privato
801 1618 914 1658 Sigillo,
935 1619 991 1650 five
1007 1620 1108 1650 Literis
1123 1619 1264 1657 praedietis

211 1666 271 1687 non
290 1655 484 1694 obstantibus3

247 1693 286 1725 Et
303 1694 360 1725 hoc
374 1694 529 1725 nullatenus
545 1695 666 1725 omittas.

211 1772 232 1803 b
249 1772 255 1777 -
286 1732 373 1764 Teste
391 1732 473 1773 Rege
489 1733 563 1772 apud
581 1732 976 1774 Wllmonasterium,decimo
992 1734 1073 1765 tertio
1085 1734 1131 1764 die
1146 1734 1274 1766 Decem-

233 1781 279 1802 ris.

890 1846 944 1880 Per
962 1849 1045 1890 ipfiim
1063 1852 1168 1888 Regem.

212 1920 378 1958 Consimilia
390 1926 489 1959 Brevia
503 1926 663 1966 diriguntur
677 1926 905 1958 Vicecomitibus
919 1926 1091 1966 subscriptis,
1106 1928 1155 1959 sub
1169 1927 1271 1959 eadem

616 1966 709 2005 Data,
727 1965 875 2004 videlicet,

723 2044 868 2073 Vicecomiti
881 2040 1017 2081 Notingh.
1031 2041 1070 2078 &
1085 2043 1171 2073 Derb.
1180 2042 1242 2080 &c.

502 2169 596 2213 Super
610 2165 806 2200 Traffatibus
820 2165 979 2200 Flandriae.

215 2247 340 2307 REX
362 2248 524 2290 Omnibus,
541 2251 575 2282 ad
591 2261 679 2291 quos,
695 2252 757 2284 &c.
792 2251 926 2284 Salutem.

312 2291 482 2321 ScrATis
508 2297 641 2328 Quot),

252 2329 333 2360 Cslm
353 2330 472 2367 septimo
486 2328 532 2359 die
546 2328 665 2367 Martii,
679 2331 811 2366 proximo
828 2330 971 2367 praeterito
979 2352 989 2368 ,

252 2361 324 2398 Inter
343 2367 510 2399 Concilium
530 2367 658 2397 nostrum
678 2377 711 2397 ex
730 2377 807 2405 parte
825 2379 896 2407 una,
920 2368 953 2398 &
977 2367 1129 2407 Magistros
1145 2368 1274 2401 Simonem

216 2406 248 2436 de
255 2404 376 2436 Freivell
387 2404 587 2436 &Nicholaum
600 2405 718 2446 Skorkyn
726 2406 878 2444 ,Nuncios
893 2416 944 2444 pro
958 2415 1034 2444 parte
1051 2407 1112 2445 Qu
1124 2417 1143 2437 A
1152 2417 1174 2438 T
1185 2418 1206 2439 υ
1218 2422 1238 2440 o
1250 2420 1273 2441 R

217 2444 474 2475 MEMERORU
485 2451 512 2473 M
543 2441 624 2473 FLA
637 2452 788 2475 NDRiAE
804 2468 813 2483 ‚
842 2444 878 2475 ad
905 2444 1045 2482 Regnum
1067 2445 1194 2476 nostrum
1214 2450 1275 2478 An-

216 2484 281 2523 gliae
294 2482 461 2519 destinat08‚
476 2490 509 2511 ex
524 2490 599 2518 parte
613 2482 712 2519 altera,

254 2521 341 2558 Apud
356 2519 890 2558 Westmonasterium,Concordatum
903 2521 936 2551 &
952 2520 1168 2559 Appunffitatum
1185 2522 1277 2555 fuiffet

215 2559 296 2599 quod
306 2582 315 2597 ,
866 2566 879 2579 ⁸

255 2598 374 2635 Propter
387 2596 540 2626 absentiam
554 2602 691 2625 certarum
702 2595 886 2627 Personarum
897 2596 947 2634 ,de
962 2597 1061 2634 quibus
1076 2598 1278 2634 praefatiNun-

218 2637 278 2674 cii,
293 2637 323 2666 in
336 2634 499 2673 quibusdam
513 2633 667 2671 Articulis,
682 2635 710 2663 in
726 2634 850 2664 Praefato
865 2633 1002 2665 Concilio
1017 2635 1116 2666 nostro
1131 2637 1194 2667 alias
1209 2649 1278 2675 por-

216 2675 316 2713 metis,
338 2673 486 2711 conquesti
500 2672 626 2709 fuerunt,
644 2682 696 2709 pro
712 2671 851 2710 Dampnis
864 2673 896 2703 &
912 2672 1101 2710 Captionibus
1115 2674 1278 2716 Bonorum,

217 2724 267 2752 per
282 2712 416 2744 Personas
432 2710 578 2749 praedietas
593 2710 803 2741 Flandrenlibus
818 2711 915 2750 illatis,
937 2710 1160 2743 Restitutionem
1181 2715 1214 2745 δε
1228 2716 1278 2747 Sa-

218 2751 408 2783 tisfiffionem
432 2749 610 2787 condignam
633 2748 777 2788 Petentes,

256 2790 350 2820 Partes
367 2787 509 2826 praediC’tae
524 2787 672 2818 voluerunt
685 2789 718 2819 ὃς
738 2787 934 2818 concesserunt
949 2788 1027 2826 quod
1042 2788 1203 2826 Negotium
1224 2792 1278 2824 hu-

215 2828 338 2867 jusmodi
370 2827 451 2866 usque
466 2827 496 2856 in
511 2827 637 2864 primum
650 2826 727 2857 diem
738 2826 803 2865 Julii
821 2848 830 2864 ,
854 2835 923 2857 tunc
939 2828 1072 2864 proximo
1085 2829 1227 2868 futurum,
1246 2833 1277 2862 in

219 2866 313 2897 nostra
326 2850 399 2896 &filla
413 2863 512 2894 Calefii
526 2873 694 2907 prorogetur
714 2887 724 2903 ,
758 2866 795 2894 ita
819 2865 898 2908 quud
917 2865 1028 2895 dietum
1046 2866 1212 2899 Concilium
1224 2880 1277 2899 no-

219 2904 307 2935 strum
328 2903 364 2934 de
377 2905 411 2935 ὃς
426 2902 503 2941 super
519 2910 634 2932 veritate
656 2902 865 2933 Praemifforum
880 2906 991 2933 interim
1006 2903 1031 2934 se
1046 2906 1225 2946 informaret,
1241 2911 1274 2940 ὃς

217 2943 298 2981 quod
318 2942 444 2972 Personae
459 2940 604 2979 praedietae
617 2940 745 2977 legitime
755 2950 816 2979 ,aut
832 2941 1025 2981 personaliter,
1042 2943 1086 2974 seu
1101 2944 1160 2975 aliis
1175 2947 1226 2975 viis
1240 2949 1274 2978 &

219 2981 392 3020 modis‚sive
410 2991 458 3018 per
473 2979 611 3010 Edietum
625 2980 772 3009 citarentur
784 2979 820 3009 ad
836 2980 1060 3017 comparendum
1076 2990 1144 3013 tunc
1158 2984 1276 3023 ibidem,

219 3029 319 3050 coram
338 3019 422 3049 certis
433 3017 643 3049 Commissariis
673 3027 720 3055 per
734 3017 802 3047 Nos
817 3017 850 3048 &
866 3027 912 3054 per
927 3018 1014 3049 diffitas
1030 3019 1124 3051 Partes
1140 3021 1275 3054 Flandriae

218 3057 253 3088 ad
271 3057 329 3087 hoc
344 3056 523 3095 deputandis,
536 3056 573 3087 de
595 3056 628 3087 &
640 3040 719 3094 super
733 3055 995 3094 Conquestionibus
1008 3058 1041 3088 &
1059 3059 1189 3097 Querelis
1204 3071 1276 3099 prae-

218 3095 301 3126 dietis
312 3095 494 3133 responsurae,
508 3094 670 3132 ulteriusque
685 3103 840 3132 recepturae
854 3094 931 3131 quod
947 3094 1020 3126 foret
1031 3097 1137 3134 Justum
1146 3121 1156 3136 ,

257 3133 293 3164 Et
310 3132 389 3171 quod
406 3134 508 3164 eodem
532 3133 622 3163 modo
642 3133 746 3163 faciant
766 3132 838 3163 dieti
860 3132 973 3163 Nuncii
994 3134 1030 3164 de
1047 3135 1079 3165 &
1097 3135 1174 3173 super
1195 3140 1277 3169 certis

219 3170 356 3203 Articulis
371 3193 382 3209 ,
408 3172 445 3201 eis
464 3170 584 3210 traditis,
599 3171 732 3210 Qierelas
746 3170 939 3209 Anglicorum
955 3180 1053 3203 contra
1071 3174 1184 3205 eosdem
1197 3176 1276 3207 Flan-

221 3209 329 3240 drenses
347 3209 573 3247 continentibus,

259 3247 422 3286 Qiodque,
436 3246 648 3286 subsequenter,
663 3247 799 3279 vicesimo
814 3257 893 3278 nono
907 3246 952 3279 die
969 3247 1076 3279 Mensis
1092 3250 1211 3288 Augusti
1221 3253 1279 3290 ,ul-

221 3287 298 3317 timo
325 3283 465 3323 praeterito
494 3307 503 3322 ,
538 3285 650 3316 dietum
678 3286 976 3323 Appuneluamentum
997 3297 1045 3325 per
1065 3289 1279 3321 Ambaffiatores

221 3323 357 3363 utriusque
376 3323 522 3360 Partis,de
535 3323 656 3360 ipsorum
675 3323 819 3355 Consensu
833 3347 842 3364 ,
869 3335 901 3355 ex
926 3325 994 3355 resse
1013 3326 1065 3356 fuit
1078 3329 1275 3360 continuatum

220 3363 254 3394 ὃς
271 3370 453 3400 prorogatum
470 3361 555 3398 usque
573 3361 608 3391 ad
625 3362 771 3392 decimum
788 3363 864 3393 diem
919 3363 988 3393 ensis
1003 3364 1181 3397 Novembris
1195 3390 1204 3405 ,
1229 3377 1278 3397 ex-

219 3408 288 3431 tunc
307 3401 440 3438 proximo
456 3399 581 3428 futurum
606 3422 616 3436 ,
646 3410 715 3430 cum
732 3400 783 3430 suis
798 3399 1015 3438 Emergentibus
1030 3425 1039 3440 ,
1070 3403 1279 3444 IncidentibuS,

220 3437 456 3477 Dependentibus
469 3460 478 3474 ,
500 3437 531 3466 &
551 3434 715 3475 Connexis,
733 3446 817 3474 prout
836 3439 900 3469 haec
919 3440 953 3470 δε
971 3440 1041 3479 alia,
1057 3442 1088 3472 in
1110 3442 1194 3473 dietis
1216 3444 1278 3482 Ap-

222 3477 451 3516 punetuamentis
462 3473 628 3513 expreffata,
648 3475 756 3514 plenius
773 3478 971 3516 continentur,

258 3516 327 3546 Nos

262 3538 527 3622 fippt'meluamenta
545 3550 697 3590 praedieta,
718 3560 852 3590 quatenus
873 3553 910 3585 ad
929 3563 981 3584 nos
1005 3554 1121 3595 attinet,
1133 3556 1280 3596 adimpleri

224 3599 263 3624 vo
272 3602 349 3624 entes

262 3631 307 3660 Ac
327 3614 366 3661 de'
381 3629 543 3667 Fidelitate,
559 3627 881 3667 Circumspeeione‚&
898 3628 1046 3670 industria,
1061 3632 1229 3664 dilectorum
1245 3635 1278 3665 sc

224 3667 364 3700 Fidelium
382 3667 544 3698 nostrorum
554 3692 562 3705 ,
578 3670 697 3704 Hugonis
714 3666 841 3705 Lutrell,
857 3667 963 3697 Thomae
977 3670 1158 3709 Swynbourn,
1174 3673 1207 3702 &
1222 3673 1279 3710 Jo-

223 3705 322 3737 hanm’s
349 3706 381 3736 de
409 3705 489 3745 Croft
505 3729 515 3744 ,
543 3705 694 3743 Militum,
714 3715 765 3743 ac,
781 3705 877 3735 dileeti
892 3705 999 3737 Clerici
1018 3708 1124 3746 nostri,
1144 3709 1279 3747 Magistri

224 3744 353 3775 Nicholai
366 3744 398 3774 de
411 3744 555 3782 Rusfheton
575 3743 714 3780 utriusque
734 3742 806 3781 Juris
829 3741 1011 3784 Profefforis,
1030 3757 1161 3787 necnon,
1182 3748 1279 3780 dilecti

223 3783 322 3821 nobis,
333 3782 474 3821 Johannis
488 3783 601 3820 Urban,
620 3783 727 3820 plenius
740 3780 910 3811 confidentes
919 3804 933 3825 ‚-

262 3821 310 3852 Ad
328 3821 554 3853 conveniendum
577 3822 610 3852 &
631 3819 804 3851 tractandum
815 3841 824 3857 ,
838 3829 870 3849 ac
886 3819 1044 3858 hujusmodi
1065 3822 1230 3855 Traeiatum
1250 3826 1279 3855 in

224 3858 327 3889 eodem
343 3858 431 3898 statu,
445 3868 501 3897 quo
515 3859 644 3889 remansit
657 3858 738 3888 dieto
753 3858 869 3888 decimo
890 3857 935 3888 die
957 3858 1063 3890 Mensis
1081 3861 1279 3901 Novembris,

227 3904 297 3927 cum
310 3896 362 3927 suis
383 3895 602 3934 Emergentibus
616 3920 626 3935 ,
650 3896 880 3935 Dependentibus
893 3918 902 3933 ,
929 3897 962 3928 ὃς
981 3896 1141 3938 Connexis,
1159 3902 1188 3931 in
1205 3901 1278 3931 dicta

228 3932 302 3964 Villa
318 3933 413 3965 nostra
431 3934 547 3974 Calefii,
559 3936 604 3966 seu
619 3935 698 3972 alias,
710 3945 761 3972 pro
777 3934 860 3964 Bono
874 3933 967 3973 Pacis,
990 3944 1063 3966 extra
1077 3937 1180 3969 Villam
1196 3938 1281 3970 Cale-

227 3971 276 4009 sii,
291 3971 322 4001 in
340 3971 423 4003 Loco
437 3973 507 4011 alio,
526 3974 563 4004 de
578 3972 723 4004 Consensu
743 3973 868 4003 Partium
886 3972 1068 4013 assignando,
1091 3976 1163 4008 infra
1184 3986 1279 4007 toturn

228 4007 497 4053 Memfim-Aprilis,
511 4012 648 4050 proximo
664 4011 766 4050 futuri,
778 4009 989 4051 resumendum,
1000 4023 1034 4044 ac
1047 4014 1281 4054 prosequendum,

225 4046 260 4079 δι
277 4045 497 4087 perficiendum,

2314 188 2363 223 61

1347 257 1421 302 Non
1440 259 1568 293 obstante
1586 265 1664 300 quod
1684 265 1846 304 Negotium
1859 265 2015 304 hujusmodi
2030 266 2198 305 Tradimus,
2217 277 2265 304 per
2285 265 2367 297 Con-
2387 262 2462 293 Ann-
2476 258 2520 295 Di,

1311 301 1465 326 tumaciam
1481 296 1684 342 &aDefectum
1699 303 1845 334 distorum
1854 306 1984 343 Qatuor
2000 304 2203 335 Men‘brorum
2219 304 2366 342 Flindriae,
2402 308 2487 340 1403·

1309 342 1359 370 per
1377 333 1480 371 lapsum
1499 335 1569 366 dieti
1586 338 1691 369 decimi
1712 341 1766 371 diei
1787 342 1985 380 Novembris,
2004 344 2091 374 exiitit
2110 342 2366 380 Discentinuatum,
2384 344 2448 367 Hen.
2462 350 2492 374 4·

1378 381 1425 401 um
1446 375 1670 418 continuatione,
1688 378 1721 407 &
1739 382 1954 419 prorogatione,
1971 382 2027 412 five
2042 381 2094 412 alia
2111 381 2205 412 mutua
2226 390 2366 420 quacum-⁴

1310 417 1366 445 que
1383 409 1577 447 Affignatione
1596 413 1704 444 dierum
1718 415 1906 457 sequentium,

1347 446 1426 490 Cum
1453 449 1703 494 Ambaffiatoribus
1724 454 1756 483 ὃς
1774 455 1807 483 N
1811 466 1915 494 unciis,
1937 457 2070 488 cariffimi
2088 457 2296 496 Consanguinei
2311 467 2366 487 n0-·

1310 483 1377 522 stri,
1402 486 1518 525 Plnltppi
1535 491 1618 517 Ducis
1633 491 1795 526 Burgundiae
1811 497 1919 523 Comitis
1940 495 2077 526 Flandriae
2093 518 2103 534 ,
2137 506 2169 526 ac
2191 497 2275 526 etiam
2298 506 2366 526 cum

1308 523 1563 567 Ambaffiatoribus
1586 536 1636 563 pro
1657 536 1732 564 parte
1749 530 1891 560 dierorum
1919 532 2048 569 Quatuor
2076 533 2259 564 Membrorum
2281 534 2366 563 Flan-

1310 561 1393 598 driae,
1409 562 1443 592 ad
1459 563 1515 593 hoc
1528 563 1713 595 sufficientem
1729 565 1900 598 Potestatem
1917 571 2097 610 habentibus,
2119 573 2154 603 de
2177 573 2210 603 &
2226 574 2305 610 ssiper
2316 572 2368 602 Se-

1310 601 1426 643 curi-tate
1439 601 1540 631 Terrae
1555 603 1588 633 &
1605 602 1710 640 Maris,
1726 604 1849 641 respectu
1866 606 2063 647 Subditorum,
2079 610 2257 649 incolarum,
2271 611 2304 641 ὅ(
2319 610 2367 640 In-

1310 637 1521 685 habitatorum,
1534 650 1567 670 ac
1583 640 1780 672 Mercatorum
1796 665 1805 680 ,
1835 644 1891 673 tam
1914 644 2007 683 Regni
2022 647 2150 687 Angliae,
2184 650 2251 680 uam
2267 648 2367 679 Patriae

1310 676 1344 706 δε
1367 675 1530 708 Comitatus
1549 678 1685 709 Flandriae
1700 702 1709 716 ‚
1742 691 1857 711 necnon
1878 683 2089 719 peregrinorum
2111 697 2144 717 ac
2160 698 2174 717 a
2186 690 2281 718 iorum
2297 696 2369 725 quo-

1311 722 1498 753 rumcumque
1515 723 1564 754 per
1577 717 1665 747 dictas
1681 726 1769 755 partes
1782 719 2001 759 transeuntium,
2017 722 2205 756 ordinandum
2215 749 2224 764 ,
2246 725 2368 756 statuen-

1310 752 1397 790 dum,
1413 754 1659 793 concludendum,
1675 756 1708 786 &
1729 755 1845 787 fideliter
1858 759 2081 798 terminandum,

1350 791 1369 809 ²*
1385 790 1431 821 Ac
1451 791 1487 821 de
1504 793 1536 822 ὃς
1555 792 1632 830 super
1647 794 1777 832 Querelis
1791 796 1823 826 &
1838 794 2111 836 Conquestionibus,
2125 809 2172 836 per
2187 800 2279 832 Partes
2292 802 2365 833 ultro
2386 816 2405 836 ai:
2432 812 2516 845 Vnt,

1312 828 1439 872 citroque
1452 831 1602 868 propositis
1615 833 1648 862 ὅ(
1662 833 1851 870 proponendis
1864 856 1875 872 ,
1898 835 2052 872 petendum
2066 858 2075 873 ,
2100 839 2297 875 requirendum
2308 865 2316 878 ‚
2332 842 2365 871 δε

1311 867 1501 897 obtinendum
1511 890 1521 906 ,
2407 863 2471 891 345⁶

1351 905 1480 944 Necnon
1494 906 1528 936 ad
1546 906 1635 937 salvos
1651 906 1837 947 conductus,
1849 910 1905 940 tam
1922 911 1972 941 illis
2008 912 2034 941 ui
2048 922 2100 949 pro
2116 921 2191 950 parte
2206 914 2274 944 dieti
2287 915 2368 946 Con-

1313 942 1455 982 sanguinei
1471 945 1559 980 nostri
1575 944 1700 976 Comitis
1716 947 1869 985 Flandriae,
1884 950 1968 987 quam
1983 950 2035 979 ilis
2057 952 2104 988 qui
2120 961 2171 988 pro
2188 960 2261 989 parte
2276 953 2368 984 dieto-

1313 991 1376 1011 rum
1392 982 1524 1020 Quatuor
1542 982 1744 1014 Membroruni
1762 985 1917 1024 Flandriae,
1930 997 1963 1017 ex
1978 987 2057 1018 causa
2072 990 2210 1026 praemiffa
2223 1013 2233 1028 ‚
2263 1000 2369 1022 conve-

1310 1021 1406 1060 niunt,
1420 1021 1559 1059 dandum,
1574 1022 1793 1065 concedendum
1803 1046 1813 1062 ,
1823 1026 1855 1055 &
1871 1025 1974 1055 eisdem
1996 1026 2187 1066 liberandum,

1347 1058 1512 1098 Caeteraque
1535 1062 1631 1091 omnia
1645 1062 1679 1092 ὃς
1693 1062 1812 1100 lingula,
1829 1073 1893 1101 quae
1908 1065 1938 1094 in
1956 1063 2101 1095 Praemiffis
2117 1066 2149 1096 ὃς
2173 1067 2248 1097 circa
2270 1078 2300 1098 ea
2323 1079 2372 1098 ne-

1312 1097 1424 1128 ceffaria
1443 1097 1546 1129 fuerint
1561 1099 1606 1129 seu
1621 1101 1835 1138 quomodolibet
1854 1110 2012 1140 oportuna,
2035 1113 2101 1133 cum
2123 1105 2244 1141 ipsorum
2269 1106 2371 1136 Emer-

1313 1137 1461 1175 gentibus,
1477 1137 1708 1175 Dependentibus
1721 1161 1731 1177 ,
1761 1140 1794 1171 &
1817 1139 1979 1180 Connexis,
2003 1141 2177 1174 Faciendum
2193 1167 2202 1181 ,
2223 1153 2372 1175 excercen—

1312 1174 1397 1211 dum,
1413 1175 1446 1205 &
1460 1176 1681 1214 expediendum,

1350 1212 1478 1252 Ipsosque
1492 1213 1667 1252 Hugonem,
1682 1214 1850 1253 Thomam‚
1861 1215 2042 1256 Johannem,
2061 1218 2257 1257 Nicholaum,
2273 1221 2306 1251 &
2320 1221 2372 1260 Jo—

1314 1249 1452 1288 hannem,
1469 1251 1622 1294 Quinque,
1638 1252 1786 1292 Quatu0r‚
1798 1255 1887 1291 Tres,
1901 1256 1933 1285 &
1949 1255 2032 1286 Duos
2047 1267 2146 1287 eorum
2171 1259 2311 1296 (quorum
2325 1259 2374 1289 ali-

1314 1298 1398 1326 quem
1416 1290 1620 1326 praedietorum
1636 1290 1768 1329 Hugonis
1782 1314 1792 1329 ,
1820 1292 1946 1322 Thomae
1961 1316 1970 1330 ,
1993 1294 2026 1325 ὃς
2051 1295 2190 1326 Nicholai
2214 1307 2300 1327 unum
2317 1297 2374 1328 effe

1316 1327 1466 1365 volumus)
1490 1328 1600 1357 nostros
1614 1338 1712 1366 veros,
1727 1329 1889 1368 legitimos,
1910 1331 1943 1361 ὃς
1959 1332 2124 1363 indubitatos
2140 1334 2375 1374 Commissarios,

1317 1365 1516 1403 Negotiorum
1530 1365 1684 1404 Gestores,
1697 1377 1729 1397 ac
1746 1367 1880 1398 Nuncios
1894 1368 2035 1408 speciales,
2044 1371 2178 1411 facimus,
2192 1373 2374 1413 ordinamus,

1315 1414 1456 1442 creamus,
1470 1406 1503 1436 ὃ(
1519 1404 1715 1435 constituimus
1732 1416 1780 1443 per
1795 1405 1961 1444 Praesentes,

1353 1442 1571 1481 Promittentes,
1587 1444 1615 1472 in
1632 1443 1730 1473 Verbo
1746 1443 1862 1482 Regio,
1877 1445 1943 1474 Nos
1958 1445 2062 1476 Ratum
2072 1471 2080 1485 ,
2094 1447 2214 1479 Gratum
2225 1472 2233 1486 ,
2257 1450 2290 1481 &
2314 1450 2375 1480 Fir-⁷

1316 1490 1398 1511 mum
1438 1484 1558 1519 erpetuo
1574 1482 1716 1512 habituros
1731 1483 1867 1521 quicquid
1878 1505 1892 1520 ,A
1901 1493 1949 1520 per
1963 1485 2075 1514 eosdem
2091 1485 2306 1519 Commiffarios
2321 1499 2376 1519 no-

1318 1518 1389 1549 stros
1437 1521 1555 1558 uirique,
1571 1520 1817 1559 Qiatuor,Tres,
1832 1522 1866 1552 ὃς
1882 1521 1963 1552 Duos
1979 1532 2077 1553 eorum
2099 1526 2234 1564 (quorum
2251 1527 2376 1566 aliquem

1315 1557 1518 1595 praedietorum
1539 1558 1677 1596 Hugonis
1691 1582 1701 1597 ,
1727 1559 1857 1589 Thomae
1872 1581 1881 1597 ,
1903 1561 1936 1591 ἃ
1961 1561 1993 1590 N
1998 1561 2100 1591 icholai
2116 1573 2204 1593 unum
2220 1564 2275 1594 esse
2294 1566 2377 1597 volus

1317 1596 1397 1665 mufss)
1417 1597 1526 1627 Actum
1542 1597 1598 1627 sive
1618 1596 1743 1629 Gestum
1766 1598 1892 1629 fueritin
1908 1598 2060 1630 Praemiffis
2074 1622 2084 1638 ,
2110 1600 2143 1631 &
2167 1602 2274 1642 singuhs
2297 1603 2375 1636 Praea

1316 1644 1357 1664 nii
1382 1645 1477 1665 orum.

1354 1673 1387 1703 In
1401 1674 1480 1711 cujus
1487 1695 1496 1711 ,
1514 1675 1576 1705 &c.

1390 1711 1457 1742 Dat.
1476 1714 1526 1742 sub
1542 1712 1644 1752 Magni
1659 1709 1747 1752 Sigilli
1762 1710 1850 1753 Regis
1864 1714 2066 1755 Testimonio,
2080 1717 2154 1755 apud
2164 1716 2303 1749 Palatium
2325 1722 2377 1749 Rea

1312 1752 1355 1788 gis
1375 1750 1483 1792 Wistm.
1502 1760 1538 1781 xx
1552 1751 1599 1781 die
1618 1750 1800 1782 Decembris.

2072 1795 2126 1823 Per
2138 1793 2222 1834 ipftcm
2236 1797 2342 1834 Regem.

1505 1923 1555 1955 De
1573 1920 1729 1954 traffando
1741 1948 1750 1964 ,
1777 1933 1846 1954 cum
1865 1921 2054 1967 Adverfizrio
2073 1926 2183 1958 Scotiae.

1317 2000 1370 2060 R
1380 2003 1404 2035 E
1416 2004 1466 2044 X,
1482 2005 1611 2037 ‘Dileetis
1624 2007 1657 2038 ὃς
1674 2006 1815 2037 Fidelibus
1829 2006 1894 2046 suis,
1910 2007 2023 2037 Roberto
2044 2007 2211 2048 Umfi·aville
2227 2009 2377 2048 Chivcler,
2399 2007 2474 2040 Arm.
2489 2009 2531 2040 D.

1391 2046 1425 2076 &
1440 2044 1545 2075 Thomae
1562 2045 1672 2085 Colvyle
1688 2045 1839 2084 Chivaler,
1860 2046 1993 2076 Salutem.
2419 2056 2505 2087 1403.

1352 2082 1451 2113 Sciatis
1470 2083 1550 2121 quod
1574 2084 1642 2114 Nos
1641 2083 1710 2152 ff(de
1722 2084 1866 2114 Fidelitate
1879 2085 1912 2114 &
1929 2083 2194 2122 Circumspet‘tione
2209 2086 2303 2116 vestris
2317 2087 2376 2125 ple-
2398 2090 2451 2114 Aa.
2465 2096 2493 2122 5·

1317 2121 1382 2190 nisisss
1398 2121 1586 2160 confidentes)
1612 2123 1639 2153 A
1664 2123 1818 2162 ignavimus
1833 2132 1886 2153 vos
1909 2121 2127 2154 Commissarios
2143 2124 2198 2156 live
2222 2125 2379 2166 Deputatos
2399 2129 2432 2152 H·
2448 2135 2477 2160 4-

1319 2170 1359 2191 no
1384 2171 1430 2191 ros
2399 2168 2465 2191 Scot.
2481 2170 2511 2198 ς.

1356 2198 1402 2230 Ad
1421 2182 1670 2237 conveniendum,
1684 2199 1880 2238 traetandum,
1895 2201 1929 2231 &
1942 2200 2268 2240 concordandum,cum
2284 2201 2379 2232 Com-
2399 2206 2470 2236 H-4·
2486 2210 2524 2228 m·

1319 2237 1445 2268 miffariis
1459 2237 1514 2268 five
1531 2237 1678 2275 Deputatis
1693 2237 1862 2276 Adverfizrii
1876 2238 1958 2279 nostri
1981 2242 2093 2277 Scotiae,
2114 2239 2193 2277 super
2208 2240 2330 2279 Treugis
2344 2241 2378 2271 &
2404 2249 2445 2267 ¹2-

1320 2275 1495 2306 Guerrarum
1513 2276 1716 2314 Abstinentiis,
1734 2277 1908 2316 generalibus
1922 2278 1967 2307 vel
1981 2278 2205 2315 particularibus,
2227 2279 2298 2308 inter
2311 2278 2381 2309 Nos

1319 2314 1353 2344 ὅ(
1376 2313 1507 2353 Regnum
1529 2313 1658 2345 nostrum
1680 2315 1811 2354 Angliae,
1826 2315 1859 2346 &
1880 2317 2026 2353 praefatum
2043 2316 2237 2346 Adversarium
2251 2315 2381 2348 nostrum

1320 2353 1353 2383 &
1367 2352 1476 2383 dictum
1499 2352 1634 2391 Regnum
1650 2353 1755 2383 Scotiae
1768 2376 1778 2390 ,
1795 2356 1852 2383 tam
1868 2363 1916 2390 per
1930 2355 2049 2383 Terram
2062 2376 2070 2390 ,
2097 2356 2183 2392 quam
2204 2363 2253 2392 per
2278 2355 2382 2395 Mare,

1320 2390 1406 2429 usque
1424 2391 1458 2421 ad
1477 2399 1585 2421 tantum
1605 2398 1732 2429 tempus,
1743 2401 1876 2428 quantum
1891 2392 1973 2421 vobis
1989 2391 2128 2422 videbitur
2145 2393 2206 2423 fore
2221 2393 2382 2433 expediens,

1321 2429 1446 2459 tenendis
1463 2430 1496 2459 &
1514 2428 1707 2466 observandis,

1358 2466 1560 2509 Promitteiites
1574 2476 1625 2496 nos
1641 2466 1748 2497 Ratum
1764 2465 1925 2497 &Gratum
1942 2467 2082 2498 habituros
2096 2469 2231 2507 quicquid
2248 2477 2297 2507 per
2309 2470 2383 2508 Vos,

1321 2504 1397 2542 super
1420 2503 1587 2542 praemissis,
1602 2505 1801 2535 rationabiliter
1816 2504 1942 2543 Aetam,
1957 2504 2099 2546 Gestum,
2114 2508 2160 2538 vel
2183 2508 2303 2539 Fadium
2319 2509 2380 2540 fue-

1321 2544 1373 2580 rit,
1387 2543 1453 2573 licet
1468 2542 1638 2573 Mandatum
1661 2543 1753 2579 exigat
1769 2544 1859 2580 magis
1874 2542 2005 2580 speciale:

1359 2581 1396 2611 Et
1415 2581 1480 2611 ideo
1497 2581 1578 2610 vobis
1595 2581 1761 2612 mandamus
1777 2581 1858 2620 quod
1877 2583 1953 2613 circa
1966 2581 2112 2613 Praemissa
2126 2583 2270 2623 diligenter
2285 2583 2379 2617 Inten-

1320 2618 1408 2688 datIiS,
1425 2619 1457 2662 ὃς
1475 2629 1507 2649 ea
1521 2619 1631 2688 {acciatis
1645 2622 1678 2651 ὃς
1695 2620 1872 2658 exequamini
1887 2621 1916 2650 in
1932 2621 2036 2652 Forma
2050 2621 2193 2660 praedieta.

1375 2668 1392 2687 n
1412 2667 1448 2687 cu
1460 2664 1490 2687 us
1556 2667 1581 2687 c.

1397 2668 1584 2735 Teite'Rege
1598 2696 1672 2735 apud
1688 2696 1839 2737 Abyndon,
1860 2699 1925 2729 xxiv
1945 2697 1994 2729 die
2009 2696 2189 2730 Decembris.

2069 2776 2123 2805 Per
2137 2775 2219 2815 ipficm
2238 2779 2342 2815 Regem.

1565 2901 1614 2933 De
1627 2899 1750 2946 Trengis
1763 2901 1883 2946 Ispam'ae
1900 2912 1956 2931 non
1971 2899 2130 2934 violandis.

1321 2980 1465 3037 REX,
1488 2984 1665 3015 Vicecomiti
1681 2983 1858 3022 Cornubiae,
1875 2984 2008 3015 Salutem.
2189 3019 2192 3021 Α
2303 3020 2305 3022 ,

1417 3022 1496 3053 Cum
1513 3032 1600 3060 nuper
1615 3032 1699 3053 certae
1708 3023 1837 3060 Treugae
1852 3025 1923 3053 inter
1934 3023 2004 3053 Nos
2018 3023 2050 3054 &
2065 3020 2282 3057 Ambassiatores
2295 3024 2374 3062 Reg-

1320 3063 1351 3093 ni
1364 3060 1467 3099 nostri,
1480 3062 1512 3092 &
1529 3061 1744 3092 Ambassiatores
1758 3061 1848 3097 Regis
1867 3060 1996 3092 Castellae
2011 3064 2044 3093 ὃς
2060 3062 2212 3102 Legionis,
2225 3065 2308 3103 usque
2324 3065 2376 3095 Fe-

1322 3100 1395 3130 stum
1412 3098 1616 3130 Purificationis
1629 3099 1717 3130 Beatae
1733 3098 1835 3130 Mariae
1850 3100 1982 3137 proximo
1999 3100 2120 3132 futurum
2141 3101 2294 3142 duraturae,
2309 3114 2376 3142 cap-

1321 3147 1359 3169 tae
1375 3139 1407 3168 &
1425 3138 1503 3168 init-ae
1521 3137 1652 3175 fuissent,

1359 3175 1405 3206 Ad
1422 3176 1523 3207 Finem
1541 3176 1620 3214 quod
1639 3176 1812 3213 Attemptata
1827 3185 2030 3215 quaecumque,
2048 3176 2123 3214 supra
2141 3177 2241 3217 Mare,
2256 3188 2289 3209 ex
2305 3187 2378 3210 utra-

1323 3224 1378 3252 que
1403 3223 1478 3251 parte
1496 3214 1670 3252 Regnorum
1691 3214 1891 3251 praedictorum
1905 3215 1978 3246 fat‘ta
1992 3237 2002 3254 ,
2029 3215 2148 3255 Treugis
2168 3217 2310 3254 praedicitis
2325 3218 2376 3248 du-

1322 3253 1460 3290 rantibus,
1480 3252 1694 3282 reformarentur
1712 3254 1744 3284 &
1761 3261 1937 3291 reparentur,
2394 3265 2420 3295 p⁴
2447 3264 2526 3289 i.,m«

1359 3291 1445 3328 Super
1467 3291 1567 3328 quibus
1581 3290 1694 3330 quidem
1717 3290 1929 3321 Reformatione
1954 3291 1987 3322 &
2015 3290 2199 3328 Reparatione
2216 3293 2319 3331 aliquid
2336 3295 2378 3324 in-
2400 3296 2472 3323 ind.

1323 3338 1365 3360 ter
1383 3329 1450 3359 Nos
1467 3330 1499 3359 ὃ(
1519 3329 1664 3366 praefatum
1684 3328 1797 3373 Regem
1818 3330 1946 3359 nondum
1961 3330 2002 3359 est
2015 3330 2178 3360 conclusum
2189 3354 2198 3368 ,

1362 3367 1399 3397 Et
1417 3368 1480 3406 quia
1496 3368 1581 3404 inter,
1600 3367 1800 3398 Venerabilem
1816 3367 1945 3405 Patrem,
1955 3370 2100 3397 Henrisum
2117 3368 2325 3408 Bathoniensem
2340 3369 2378 3404 &

1325 3405 1497 3444 mellensem,
1517 3404 1752 3435 Commissarium
1769 3407 1802 3437 ἃ
1824 3405 1998 3443 Deputatum
2018 3406 2142 3437 nostrum
2165 3409 2193 3437 in
2217 3408 2269 3438 hac
2287 3417 2380 3446 parte,

1323 3445 1356 3474 &
1371 3444 1569 3481 Gundisalvum
1587 3447 1716 3473 Maurum
1746 3444 1861 3480 Legum
1884 3443 2065 3482 Dot‘torem,
2088 3446 2320 3476 Ambaffiatorem
2337 3447 2380 3482 ip-

1322 3483 1374 3513 sius
1388 3482 1492 3519 Regis,
1510 3492 1561 3519 pro
1577 3483 1656 3511 bono
1670 3482 1752 3512 Pacis
1765 3484 1797 3512 &
1811 3481 2026 3520 Tranquillitate
2042 3483 2213 3521 Regnorum
2226 3485 2379 3522 praedicto-

1324 3531 1406 3558 rum,
1428 3520 1660 3557 Appunetuamm
1675 3521 1707 3550 &
1724 3519 1937 3551 Concordatum
1954 3520 2062 3559 existit,

1362 3558 1455 3597 Quod
1469 3558 1547 3588 Treu
1568 3568 1593 3587 ae
1608 3558 1768 3595 praed1&ae‚
1792 3568 1825 3588 ex
1849 3568 1962 3597 utraque
1985 3568 2064 3596 parte
2078 3559 2249 3596 Regnorum
2265 3568 2375 3589 eorum-

1324 3597 1391 3627 dem
1401 3619 1409 3633 ,
1423 3597 1482 3626 tam
1498 3606 1544 3633 per
1591 3606 1678 3626 errani
1690 3619 1698 3634 ,
1709 3598 1792 3634 quam
1808 3606 1857 3634 per
1871 3597 2061 3635 Mare,usque
2076 3598 2192 3629 Festum
2207 3598 2241 3628 N
2244 3599 2375 3628 ativitatis

1325 3635 1422 3665 Sancti
1431 3635 1567 3672 johannis
1582 3633 1711 3672 Baptistae
1725 3658 1735 3672 ,
1768 3635 1786 3654 ¹*
1813 3636 1945 3673 proximo
1964 3635 2108 3675 futurum,
2127 3638 2324 3667 continuentur
2341 3637 2375 3668 &

1344 3683 1409 3703 roro
1431 3682 1510 3702 entur

1324 3683 1343 3711 p
1362 3682 1435 3740 Tstgi
1450 3695 1766 3748 praec'ipimus,firmiter
1781 3711 1976 3750 injungentes,
1995 3712 2074 3751 quod
2096 3714 2123 3741 in
2146 3711 2251 3750 singulis
2275 3711 2375 3744 Portu-

1325 3750 1376 3780 bus
1392 3749 1425 3779 &
1446 3749 1550 3785 Locis,
1564 3748 1634 3778 infra
1646 3748 1776 3779 Ballivam
1799 3751 1968 3787 tuam,t{1m
1993 3751 2062 3780 infra
2085 3751 2234 3780 Libertates
2247 3772 2256 3787 ,
2287 3752 2374 3789 quam

1325 3795 1417 3825 extra,
1431 3787 1477 3816 ubi
1493 3788 1583 3823 magis
1596 3786 1743 3825 expediens
1760 3787 1841 3818 fuerit
1856 3789 1888 3819 ὃ(
1903 3788 2013 3819 neceffe
2028 3811 2037 3826 ‚
2066 3798 2100 3818 ex
2121 3796 2195 3825 parte
2218 3788 2311 3820 nostra
2324 3799 2377 3828 pu-

1325 3825 1401 3855 blice
1419 3825 1587 3864 proclamari
1603 3826 1637 3856 ὅτ.
1653 3826 1770 3856 inhiberi
1791 3827 1890 3865 facias,

1360 3863 1410 3893 Ne
1425 3863 1521 3900 aliquis
1538 3863 1640 3901 Ligeus
1656 3863 1710 3893 sive
1722 3863 1856 3894 Subditus
1870 3864 1964 3895 noster
1986 3864 1996 3899 (
2005 3862 2206 3907 cujuscumque¹
2222 3863 2313 3896 Statsis
2331 3865 2376 3897 seu

1324 3901 1507 3931 Conditionis
1525 3901 1623 3938 fiierit)
1641 3901 1691 3932 sub
1711 3902 1895 3933 Forisfaetura
1910 3903 2041 3933 omniurn
2057 3911 2121 3939 quae
2139 3902 2220 3932 nobis
2235 3902 2378 3935 forisface-

1324 3950 1354 3969 re
1368 3940 1485 3977 poterit,
1498 3939 1576 3970 Treu
1598 3951 1625 3970 as
1648 3939 1794 3977 praedietas
1813 3962 1823 3978 ,
1855 3942 1923 3971 citra
1944 3940 2052 3970 dietum
2078 3939 2190 3971 Festum
2211 3940 2376 3973 Nativitatis

1325 3976 1568 4015 SanetiJohannis
1604 3978 1710 4015 aptistae
1722 4001 1731 4016 ,
1750 3978 1856 4010 armata
1875 3978 1969 4008 Manu
1990 3977 2034 4008 vel
2056 3977 2112 4008 alio
2131 3979 2222 4010 modo
2237 3990 2378 4019 quocum-

1326 4025 1382 4055 que
1397 4015 1500 4046 violare
1513 4015 1669 4053 praesumat.

1363 4052 1451 4084 Teste
1466 4053 1550 4092 Rege
1565 4054 1637 4093 apud
1653 4052 2061 4121 nbstrmastgiumyicefimo
2071 4055 2177 4088 oetavo
2193 4056 2239 4088 die
2250 4056 2382 4126 Jangarii.

1877 4100 1891 4130 3
2329 4103 2384 4127 οτιἢ

2410 3654 2524 3691 *Vim

2422 3695 2487 3731 34⁶-
