2562 4274
639 158 672 198 E

7 245 136 280 Ann.D.

28 286 117 325 1416.

7 329 72 353 Hm·
88 332 117 360 5·
154 339 248 382 Super
257 330 406 367 Adventu
424 331 512 377 Regis
523 331 729 362 Romanorum
738 353 748 370 ,
760 325 796 358 de
816 325 1052 358 Proclamatione
1061 321 1217 369 facienda.

6 428 83 461 Ann.
98 428 142 464 D.

84 466 103 496 6
157 416 305 483 REX,
322 415 500 447 vicecomiri
515 413 648 452 Kantiae,
662 412 800 444 satutem.

26 477 80 507 141
107 491 113 497 .

259 455 354 493 Quia,
373 454 450 485 certa
464 453 612 490 relatione,
631 451 667 483 ad
683 451 822 481 Auditum
835 449 963 480 nostrum
977 447 1146 480 credibiliter
1159 454 1223 484 per-

5 511 49 535 A„
152 495 232 525 venit
247 493 326 533 quod
335 515 345 531 ,
361 491 557 523 Sereniffimus
569 491 602 521 &
617 488 872 521 Excellentiffimus
884 487 1107 526 Princeps,Rex
1123 488 1222 515 Roma-

6 517 104 580 HJ54'
151 541 263 572 norum,
281 531 377 563 Frater
398 530 493 561 noster
514 529 669 560 carissimus
683 551 692 566 ,
712 528 782 559 Nos
804 529 838 559 &
858 526 994 566 Regnum
1015 525 1143 569 nostrum
1160 523 1222 553 An-

6 567 92 619 claus‘
107 592 126 618 4
153 570 237 610 gliae,
257 580 325 602 cum
335 569 478 601 celeritate
494 567 550 606 qua
565 566 722 598 commode
739 565 1028 604 potest,personaliter
1045 567 1150 606 vilitate
1159 571 1224 599 pro—

6 625 41 648 H.
58 605 92 656 5:
130 604 134 610 '
154 610 238 646 ponit
258 610 292 640 &
314 607 434 640 intend-it
448 629 458 646 ,
475 605 552 637 unde
573 605 656 637 valde
679 604 772 636 sumus
793 605 891 635 hilares
906 627 916 644 ‚
934 605 967 635 δε
988 612 1048 633 non
1071 601 1222 632 modicum

153 656 352 679 contemnamur

8 668 46 688 Μ’
57 657 138 686 adl*
192 686 266 717 Tibi
280 670 485 722 Praec’ipimus‚
502 681 620 713 firmiter
634 682 831 721 injungentes,
850 680 930 720 quod
944 680 1058 717 statim,
1073 678 1139 722 'visis
1148 676 1226 720 Prae-

156 724 296 762 sentibus,
313 725 343 755 in
359 723 447 761 iocis,
464 722 537 753 infra
548 721 685 753 Ballivam
701 729 798 758 tuam,
812 720 862 750 ubi
878 720 968 757 magis
979 718 1129 755 expediens
1145 715 1226 745 fuerit

158 764 191 795 &
205 762 335 802 necesse,
352 761 470 799 publice
485 783 495 799 ,
513 769 546 791 ex
563 767 639 798 parte
658 759 766 797 nostra,
783 758 952 800 proclamari
964 756 1068 799 facias,
1100 791 1110 799 Α

190 800 288 840 Qiod
310 799 428 831 universi
455 800 488 831 &
508 799 605 838 singuli
627 798 736 829 Milites
753 799 787 829 &
806 797 944 834 Armigeri
964 793 1129 840 Cognitatus
1152 801 1227 830 prce-

155 839 243 879 dieti,
261 840 396 869 omnibus
417 839 475 869 aliis
495 836 706 875 Praeterrniffis,
723 836 757 866 &
775 834 951 866 excusatione
967 840 1149 870 quacumque
1167 830 1227 860 ces-

157 877 253 917 sante,
268 879 297 908 in
318 877 438 917 propriis
457 876 583 907 Peribnis
603 875 675 913 suss,
694 884 780 912 penes
805 871 955 902 Personam
973 870 1100 900 nostram
1116 891 1126 905 ,
1143 868 1228 911 usque

154 915 313 947 Civitatem
340 915 465 947 nostram
487 914 624 946 London.
647 913 675 943 se
694 912 803 943 trahant
817 934 827 948 ‚
845 916 996 948 properent
1011 931 1020 947 ‚
1038 910 1072 941 ὃς
1092 907 1226 939 festinent

154 964 189 985 ex
204 954 286 986 causi
297 954 472 994 supradicta,
708 966 727 994 .-
808 989 814 994 ν
916 988 920 993 ι
935 988 941 994 ”
1071 987 1076 992 ⁴

193 992 237 1024 Ita
254 994 333 1032 quod
353 993 405 1024 fint
422 992 531 1022 ibidem
547 1013 558 1029 ,
575 989 768 1021 sextodecimo
786 988 833 1019 die
852 987 956 1026 Aprilis
970 1011 979 1026 ‚
997 989 1131 1026 proximo
1148 985 1227 1017 futu-

158 1041 192 1063 ro
226 1032 262 1063 ad
276 1031 408 1063 ultimum

195 1055 234 1101 felt
251 1070 330 1110 quod
346 1054 496 1108 ipfi‚'ficut
512 1066 583 1098 Nos
599 1067 633 1098 ὃς
648 1066 804 1098 Honorem
821 1066 948 1098 nostrum
958 1064 1099 1103 diligunt,
1117 1074 1150 1094 ac
1166 1074 1229 1101 gra-

160 1117 229 1138 vem
243 1109 469 1148 indignationem
478 1107 586 1137 >evitare
601 1105 744 1135 voluerint
758 1129 767 1143 ‚
785 1104 948 1144 hujusmodi
963 1104 1127 1135 Adventum
1147 1102 1228 1133 suum

159 1147 252 1215 ultrca30
253 1147 331 1178 diem
352 1147 433 1177 illum
458 1154 517 1175 non
543 1143 683 1176 retardent
704 1166 714 1182 ,
739 1143 785 1174 seu
814 1144 943 1175 retardari
974 1142 1146 1181 praesumant
1172 1140 1231 1171 ullo

162 1194 213 1215 mo
263 1196 269 1202 .

197 1208 348 1261 Aliq’uibus
366 1222 426 1253 aliis
448 1221 607 1259 Mancinus,
624 1220 675 1251 sub
693 1220 809 1252 Privato
830 1220 930 1260 Sigillo
950 1218 1065 1256 nostro,
1082 1227 1145 1249 ante
1166 1217 1230 1246 haec

161 1268 305 1299 tempora,
322 1261 419 1298 faffls,
438 1270 496 1291 non
514 1259 707 1298 obstantibus3

194 1298 234 1330 Et
250 1299 309 1330 hoc
325 1299 478 1330 nullatenus
490 1299 613 1329 omittas

231 1337 320 1368 Teste
335 1337 418 1378 Rege
432 1337 507 1376 apud
523 1334 780 1376 Wstmonasterimn
794 1357 804 1374 ,
819 1333 939 1373 septimo
955 1333 1002 1364 die
1015 1332 1126 1371 Aprilis.

887 1446 891 1450 ⁵
924 1412 978 1440 Per
993 1408 1075 1450 iinem
1091 1412 1195 1447 Regem.

195 1491 348 1533 ConfimiIia
368 1493 476 1522 Brevia
499 1491 652 1529 diriguntur
673 1488 782 1529 singulis
802 1491 831 1518 V
831 1487 1006 1518 icecomitibur
1014 1494 1064 1526 per
1077 1485 1232 1525 Anglae'am,

163 1543 195 1562 ac
209 1530 376 1562 Cancellario
387 1530 540 1561 Comitattis
551 1528 676 1560 Palatini
690 1525 869 1566 Lancastriae.

184 1658 234 1690 De
255 1652 404 1689 Navibus
421 1653 586 1702 arestandis
598 1664 655 1701 pro
672 1652 867 1688 Conduezione
881 1656 972 1700 Regis
992 1654 1208 1686 Romanorum.

5 1737 85 1770 Ann-
97 1736 140 1767 D·
160 1739 301 1798 REX,
320 1739 539 1772 Constabulario
559 1738 652 1771 Castri
666 1738 704 1783 sui
721 1738 891 1777 Dovorriae,
910 1739 944 1770 &
957 1736 1079 1782 Custodi
1095 1738 1232 1777 Quinque

1 1777 116 1851 442426·
157 1828 217 1852 tem
237 1780 380 1811 Portuum
404 1779 520 1811 suorum
537 1802 546 1818 ,
572 1779 631 1810 sive
657 1787 717 1816 ejus
744 1777 966 1809 Locumtenenti
990 1776 1098 1806 ibidem
1120 1800 1129 1814 ,
1154 1776 1233 1807 Salu-

7 1857 43 1882 Η·
63 1862 80 1889 5
84 1874 91 1880 -
197 1843 369 1889 Mandamus
386 1857 486 1894 vobis,
506 1853 621 1886 firmiter
639 1855 832 1893 injungentes,
848 1852 928 1893 quod
949 1853 1061 1892 statim,
1079 1854 1141 1884 vifis
1154 1852 1234 1885 Prae-

5 1892 75 1920 ibid.
159 1897 280 1928 sentibus
295 1917 305 1934 ‚
321 1896 356 1927 ὃς
377 1894 554 1925 excusatione
574 1903 755 1932 quacumque
777 1891 900 1924 cessante
915 1915 926 1931 ,
948 1902 1049 1922 omnes
1066 1892 1099 1922 δε
1118 1892 1235 1928 singulas

7 1939 102 1967 7⁶³3·
162 1935 281 1971 Naves,
298 1943 332 1964 ac
355 1932 408 1963 alia
423 1932 495 1964 Vasa
513 1942 717 1971 quaecumque,
735 1941 788 1970 pro
807 1931 878 1962 salva
895 1932 928 1962 &
943 1930 1036 1962 secura
1051 1929 1236 1961 Conduistio-

162 1983 199 2004 ne
213 1996 224 2012 ,
249 1971 420 2003 Sereniffimi
436 1972 470 2002 &
489 1970 722 2002 Excellentiffimi
745 1970 884 2008 Principis
896 1992 906 2008 ,
933 1972 1011 2007 Regis
1029 1972 1210 1999 Romanorum
1225 1992 1235 2007 ‚

163 2011 264 2042 Fratris
279 2009 368 2042 nostri
382 2009 532 2048 cariffimi,
551 2008 625 2047 apud
645 2008 749 2039 Villam
766 2007 891 2039 nostram
910 2006 1027 2045 Caleni,
1046 2007 1080 2038 ad
1099 2007 1236 2046 praesens,

163 2058 196 2082 ut
215 2050 336 2087 dicitur,
351 2047 512 2087 existentis,
530 2047 625 2078 versus
638 2046 775 2085 Regnum
791 2046 920 2078 nostrum
939 2045 1049 2085 Angliae
1058 2068 1069 2084 ,
1086 2045 1238 2077 necessaria

168 2089 203 2120 &
222 2096 361 2126 oportuna
377 2109 388 2125 ,
429 2096 474 2117 uae
492 2086 565 2117 infra
584 2086 756 2117 Libertatem
774 2083 915 2116 Portuum
935 2084 1142 2122 praedhstorum
1159 2085 1238 2115 inve-

169 2128 232 2159 nire
250 2126 374 2164 poteritis
386 2149 393 2163 ,
422 2135 469 2156 ine
485 2124 619 2156 dilatione
636 2123 765 2162 arestari,
782 2124 815 2155 &
837 2133 887 2161 ea,
905 2123 990 2162 usque
1007 2122 1114 2153 dietam
1133 2122 1239 2154 Villam

168 2164 296 2197 nostram
315 2163 415 2194 Calesii
430 2187 441 2203 ‚
466 2174 536 2194 curn
552 2163 636 2194 omni
653 2163 794 2194 celeritate
810 2161 867 2201 qua
885 2161 941 2192 fieri
959 2162 1061 2202 poterit
1076 2184 1085 2199 ,
1109 2161 1177 2192 duci
1196 2161 1238 2192 fa-

165 2205 258 2241 ciatis,
272 2203 354 2233 nobis
369 2202 495 2240 ibidem,
512 2203 542 2233 in
559 2201 694 2242 obsequio
713 2200 813 2232 nostro
829 2223 839 2240 ,
857 2210 890 2232 ex
908 2200 997 2232 Causa
1016 2199 1166 2238 praedffika,
1183 2210 1237 2238 pro

166 2241 298 2274 Denariis
312 2240 414 2272 nostris
428 2240 611 2272 deservitura·

204 2280 242 2311 Et
258 2279 319 2310 hoc
333 2301 343 2316 ,
360 2279 431 2310 sicut
448 2278 519 2309 Nos
534 2280 568 2311 ὃς
585 2264 741 2309 Honorem
759 2277 888 2309 nostrum
904 2276 1021 2315 diligitis
1034 2299 1043 2315 ,
1065 2286 1098 2320 ac
1118 2286 1236 2314 gravem

165 2318 397 2356 Indignationem
413 2317 540 2348 nostram
556 2318 660 2348 evitare
679 2317 838 2355 volueritis,
852 2315 1007 2347 nullatenus
1019 2316 1164 2345 omittatis.

204 2356 294 2389 Teste
312 2355 395 2395 Rege
417 2355 491 2395 apud
513 2354 770 2396 Wstmonasterium
784 2377 794 2394 ‚
809 2354 930 2393 septimo
945 2354 991 2386 die
1003 2353 1115 2392 Aprilis.

37 2496 127 2525 *DL

31 2540 37 2547 .
93 2545 120 2563 ο·

55 2544 91 2572 34
107 2598 139 2629 D
176 2574 262 2636 RE
272 2574 322 2613 X,
340 2574 520 2606 Vicecomiti
535 2573 664 2613 Kantiae,
681 2574 815 2606 Salutem.

20 2599 99 2631 Anu·
143 2621 150 2628 ·
255 2614 352 2652 Quia,
369 2613 446 2644 certa
459 2613 591 2644 relatione
604 2636 614 2652 ,
629 2614 663 2644 ad
686 2613 825 2644 Auditum
846 2612 972 2643 nostrum
989 2610 1160 2642 credibiliter
1178 2621 1242 2649 per-

47 2638 137 2677 1416.
174 2651 253 2681 venit
268 2652 347 2690 quod
357 2674 366 2689 ,
384 2650 578 2682 Sereniffimus
589 2653 622 2683 &
639 2650 890 2682 Excellentiffimus
906 2650 1123 2688 Princeps‚Rex
1139 2653 1242 2680 Roma-

22 2681 76 2704 Aa.
91 2687 121 2713 4·
175 2699 286 2728 norum,
304 2690 399 2721 Frater
421 2690 516 2720 noster
539 2690 692 2721 carissimus
708 2713 717 2727 ,
738 2689 806 2720 Nos
826 2690 858 2719 &
876 2689 1015 2725 Regnum
1033 2688 1161 2719 nostrum
1179 2690 1243 2719 An-

23 2720 58 2744 H.
74 2725 102 2751 5·
175 2728 256 2766 gliae,
267 2738 337 2759 cum
350 2729 487 2759 celeritate
499 2728 555 2768 quii
571 2728 730 2759 commode
747 2726 856 2766 potest,
864 2727 1042 2765 personaliter
1055 2727 1164 2758 visitare
1177 2737 1245 2765 pro·

351 2488 380 2515 *ἲ
405 2492 467 2524 Pro
483 2493 564 2537 Rege
583 2499 765 2532 memorato,
789 2487 825 2522 de
844 2481 1040 2522 Providendo.

25 2754 115 2819 Icilaus-
124 2763 153 2789 4·
171 2767 252 2804 ponit
268 2767 301 2798 &
315 2766 452 2805 intendit,

29 2801 104 2866 225·
117 2801 156 2821 m.
213 2805 287 2836 Tibi
308 2804 497 2848 Praecipimus
510 2827 520 2843 ‚
544 2804 658 2836 firmiter
680 2805 859 2843 injungentes
871 2827 880 2842 2
896 2804 976 2842 quod
992 2826 1001 2841 ν
1018 2811 1076 2834 tam
1091 2804 1119 2834 ³¹¹
1134 2804 1245 2841 fingulis

177 2842 259 2874 Villis
278 2842 460 2874 Mercatoriis
475 2866 484 2881 ‚
497 2843 584 2881 quarn
606 2844 636 2873 in
657 2844 718 2873 aliis
727 2843 807 2873 Villis
822 2843 855 2873 &
872 2843 958 2873 Locis
978 2842 1084 2873 eisdem
1096 2837 1246 2880 adjacenti-

179 2881 250 2920 bus,
269 2883 286 2913 a
308 2882 383 2913 Villa
405 2881 500 2912 nostra
521 2881 673 2912 Dovorriae
692 2881 778 2921 usque
804 2880 963 2911 Civitatem
978 2880 1103 2911 nostram
1125 2881 1245 2911 Londo-

181 2921 253 2959 niae,
269 2921 319 2951 ubi
332 2920 445 2951 necesse
462 2919 546 2951 fuerit
589 2919 730 2951 victualia
744 2942 754 2958 ,
771 2919 934 2950 sufficientia
951 2919 984 2949 &
1000 2918 1167 2953 necessaria,
1185 2928 1244 2950 tam

181 2966 235 2994 pro
254 2959 372 2997 praefato
393 2958 486 2989 Fratre
507 2942 608 2989 nosiro
623 2981 633 2996 ,
656 2967 689 2988 ac
714 2957 870 2995 Dominis,
887 2959 921 2989 &
941 2957 999 2987 aliis
1020 2957 1198 2987 Hominibus
1216 2959 1245 2987 in

184 2994 332 3038 Comitiva
344 2997 404 3035 sua,
423 2998 510 3035 quam
526 3006 579 3035 pro
593 2996 681 3035 Equis
693 2994 745 3027 suis
757 3018 768 3032 ,
785 3005 854 3026 cum
869 2997 953 3026 omni
965 2995 1143 3026 festinatione
1160 2996 1246 3034 poffi—

184 3032 252 3070 bili,
267 3034 389 3065 ordinari
403 3035 436 3066 &
450 3035 592 3073 provideri
609 3035 710 3072 facias,

219 3068 257 3102 Et
272 3072 400 3110 ulterius,
418 3082 452 3103 ex
468 3082 545 3111 parte
555 3072 786 3112 nostra,publice
800 3071 965 3110 proclamari
980 3072 1079 3110 facias,
1098 3072 1128 3101 in
1142 3072 1247 3103 eisdem

182 3109 262 3141 Villis
275 3111 308 3141 &
323 3110 411 3141 Locis
417 3111 484 3148 ‚ubi
499 3113 591 3149 magis
603 3112 750 3150 expediens
765 3111 846 3141 fuerit
861 3112 895 3141 &
911 3109 1039 3148 neceffe,

221 3148 272 3178 Ne
292 3148 376 3187 aliqui
395 3148 548 3187 Ligeorum
566 3150 727 3181 nostrorum
741 3172 750 3188 ,
767 3150 816 3180 sub
831 3148 1016 3179 Forisfaetura
1029 3150 1162 3179 omniurn
1185 3160 1249 3188 quae

183 3187 286 3217 Nobis
304 3186 464 3217 forisfacere
483 3196 615 3225 poterunt
629 3211 640 3227 ,
663 3189 785 3226 aliquem
808 3187 966 3218 Denarium
981 3187 1016 3216 ab
1031 3187 1135 3218 eisdem
1155 3187 1250 3218 Fratre

184 3225 283 3255 nostro
298 3247 309 3264 ,
331 3225 466 3255 Dominis
480 3249 490 3263 ‚
509 3235 556 3256 aut
575 3227 634 3257 aliis
654 3226 833 3257 Hominibus
855 3226 996 3263 praediffis
1012 3248 1022 3263 ‚
1040 3236 1092 3263 pro
1114 3225 1249 3265 aliquibus

184 3262 362 3332 Victuallilbus
378 3286 388 3302 ,
403 3263 451 3332 geu
474 3273 528 3302 pro
548 3264 635 3296 Ferris
649 3274 697 3296 aut
712 3264 808 3296 Clavis
823 3264 991 3303 Equorum,
1009 3273 1106 3302 petant
1119 3273 1166 3295 aut
1179 3266 1251 3295 reci-

206 3311 264 3333 ianr
278 3313 294 3332 u
315 3312 336 3335 ο
351 3312 402 3333 mo
423 3311 458 3332 o:

184 3312 204 3341 p
221 3340 361 3372 Volumus
376 3350 471 3371 tamen
486 3340 519 3371 &
534 3339 703 3371 Intentionis
725 3338 829 3370 nostrae
850 3339 940 3370 existit
954 3340 1035 3380 quod
1052 3350 1183 3379 prompta
1197 3341 1253 3372 So-

183 3378 256 3410 tutio
269 3379 304 3410 &
317 3378 478 3410 Satisfaistio
498 3378 602 3410 eisdem
626 3379 725 3415 Ligeis
741 3377 861 3416 nostriS,
899 3388 930 3408 ro
945 3379 1104 3416 hujusmodi
1118 3380 1252 3411 Vicsstuali-

183 3417 253 3456 bus,
270 3417 357 3448 Ferris
393 3418 426 3449 &
445 3416 542 3448 Clavis
555 3440 566 3455 ,
583 3426 633 3455 per
645 3416 809 3447 Officiarios
822 3416 855 3447 &
872 3388 1018 3447 lelinistros
1033 3417 1146 3449 nostros
1164 3422 1253 3456 (quos

182 3465 268 3497 penes
283 3440 462 3487 Praese'ntiam
475 3455 581 3493 praefati
591 3454 691 3485 Fratris
706 3454 794 3485 nostri
807 3476 817 3492 ,
832 3453 917 3492 usque
931 3454 1037 3486 dietam
1062 3456 1165 3487 Villam
1187 3457 1254 3487 Do-

183 3495 304 3533 vorriae,
318 3505 353 3525 ex
366 3495 420 3526 hac
433 3493 523 3527 Causa
537 3493 756 3529 destinavimus)
773 3492 897 3531 plenarie
915 3492 980 3525 fiant
995 3517 1005 3533 ,
1025 3502 1055 3525 ut
1068 3494 1110 3525 est
1123 3495 1253 3534 justum3

219 3532 258 3565 Et
270 3532 328 3565 hoc
344 3533 504 3566 nullatenus
516 3533 639 3564 omittas.

257 3570 346 3609 Teste
361 3571 445 3612 Rege
458 3570 534 3612 apud
553 3568 809 3611 lffistmonasterium
820 3591 831 3609 ,
847 3569 952 3601 oetavo
970 3568 1017 3600 die
1036 3569 1147 3609 Aprilis.

933 3647 986 3676 Per
1003 3646 1087 3685 ipsiaem
1105 3649 1213 3686 Regem.

31 3827 100 3859 Am
124 3827 156 3858 D
523 3790 582 3820 Pro
604 3784 732 3829 Guaston
746 3785 782 3820 de
798 3786 888 3817 Foix.

53 3869 138 3906 1416.
183 3866 387 3921 HEnricus,
403 3861 461 3904 Dei
481 3871 569 3911 gratia
584 3896 594 3910 ,
612 3874 672 3902 Rex
694 3869 808 3909 Angliae
830 3866 869 3904 ὠ
890 3870 1016 3898 Franciae
1032 3891 1042 3908 ‚
1061 3866 1099 3903 ὠ·
1118 3871 1251 3899 Dominur

29 3908 123 3975 Za?
179 3907 399 3978 Salutgfibemiae
416 3932 426 3948 ,
441 3909 587 3942 Omnibus
599 3933 609 3949 ,
629 3909 664 3941 ad
676 3920 751 3950 quos
768 3906 913 3948 praesentes
929 3906 1034 3942 Literae
1045 3909 1251 3957 pervenerint,

14 3965 99 4016 ‘Vasa
115 3991 143 4018 4.
215 3956 317 4016 Sciatttils
331 3972 410 4025 qubd
419 4007 430 4023 ,

27 4021 64 4046 H.
78 4028 107 4055 5-
120 4030 159 4048 m.
186 4021 188 4023 ’
212 4023 294 4055 Cum
305 4023 450 4057 Dominus
467 4025 502 4054 R.
519 4033 608 4066 nuper
627 4026 687 4054 Rex
710 4021 843 4066 Angliae²
860 4021 1012 4054 Secundus
1031 4020 1093 4060 post
1110 4021 1251 4061 Conque-

0 4084 3 4088 «
28 4063 56 4090 9·
172 4061 268 4107 stum,
287 4061 323 4094 de
344 4061 446 4095 Gratia
465 4061 514 4093 sua
535 4061 664 4101 speciali,
686 4061 856 4095 concesserit
869 4061 1024 4102 Reymuna'o
1039 4061 1171 4092 Dorinha
1185 4085 1195 4100 ‚
1212 4061 1249 4093 de

726 157 765 198 T
848 153 1160 195 ACTA
1242 148 1811 195 PUBLICA.

2256 169 2335 210 157

1264 233 1390 266 Civitate
1406 234 1579 280 Burdegaliae
1592 259 1602 276 ,
1619 237 1795 276 Bailliagium
1811 241 1844 272 &
1858 239 1994 278 Peagium
2008 241 2044 272 de
2059 239 2157 281 Mios,
2173 242 2208 272 de
2223 241 2313 273 Mixta
2323 264 2332 280 ,
2350 236 2425 267 Ans!-
2440 236 2484 272 Di

1264 272 1300 302 de
1315 273 1595 312 Aulas,BaiUiagiuni
1608 276 1640 306 ὃς
1656 276 1773 317 Costa-rii
1788 279 1824 310 de
1838 278 1947 319 Pourge
1962 279 1998 310 de
2012 279 2092 311 Buch
2102 279 2330 319 ‚5Pi·aepositui·am
2370 277 2456 314 1416,

1263 310 1441 355 de'Sales4&
1461 313 1497 342 de
1514 313 1644 357 Salaonnes
1659 338 1668 353 ,
1686 312 1811 346 Pontem
1830 319 1863 348 ὃ(
1882 315 2038 349 Praderiam
2056 341 2065 356 ,
2083 319 2137 349 una
2155 329 2220 350 cum
2241 318 2331 350 Profi-
2348 318 2448 352 Heu-5·

1262 359 1323 379 cuis
1335 350 1368 380 &
1385 349 1593 382 Emolumentis
1608 352 1642 383 ad
1657 354 1754 384 eadem
1769 357 1973 392 pertinentibus
1984 380 1995 395 ,
2012 356 2170 396 Habenda,
2187 367 2237 395 pro
2253 358 2328 389 Tei·-

1261 388 1343 456 Υῐὶῐιυίἓὶο
1364 388 1444 419 Vitae
1468 392 1523 420 suae
1536 413 1547 428 ,
1574 390 1657 429 usque
1682 392 1716 422 ad
1745 393 1868 424 valorem
1894 394 2008 425 Decem
2027 396 2180 427 Librarum
2200 406 2249 434 per
2268 397 2330 427 An-

1341 448 1350 464 5

1301 463 1385 503 Nos,

1299 501 1355 545 Pro
1376 512 1411 533 eo
1427 504 1504 542 quod
1523 504 1674 542 praediCms
1690 506 1855 544 Reymundus
1871 507 1961 537 Diem
1975 509 2070 540 clausit
2087 520 2244 542 extremum
2255 534 2264 549 ,
2282 521 2331 549 per

1263 550 1342 584 cujus
1358 540 1489 574 Mortem
1509 544 1607 574 omnia
1624 544 1746 582 superins
1768 547 1913 576 nominata
1927 547 1961 576 ad
1976 548 2098 579 nostram
2113 552 2252 589 pertinent
2266 550 2334 581 Do*-

1263 588 1423 618 nationem,

1302 616 1348 648 De
1367 618 1467 649 Gratia
1485 618 1577 650 nostra
1597 620 1724 659 speciali,
1743 621 1776 652 ad
1798 620 2040 661 Supplicationem
2058 624 2177 664 Guaston
2192 627 2225 656 de
2244 629 2330 668 Faix,

1265 653 1377 693 Captan
1395 656 1430 700 de
1448 657 1539 688 Buchs
1552 681 1562 696 ,
1590 658 1788 690 Concesiimus
1813 660 1906 690 eidem
1931 660 2071 691 Guastoni
2097 665 2171 695 dieta
2190 664 2331 703 Bailliagia

1265 693 1298 723 &
1317 694 1420 731 Peagia
1438 695 1473 726 de
1492 695 1590 734 Mios,
1608 697 1644 728 de
1662 696 1773 736 Mina,
1791 698 1827 729 de
1847 699 1947 736 Aulas,
1965 698 2138 739 Bailli'agium
2158 704 2192 732 δε
2209 704 2332 736 Costam

1264 731 1301 761 de
1319 731 1381 763 Pou
1414 743 1430 763 e
1449 733 1485 763 de
1500 734 1596 778 Buch,
1616 734 1829 773 Praeposituram
1849 736 1885 767 de
1906 736 1980 767 Sales
1997 738 2030 768 &
2046 739 2082 769 de
2100 739 2334 781 Salannes,P0n-

1265 771 1377 814 tem&
1406 771 1556 816 ¹raderiam
1567 794 1576 810 ,
1595 774 1651 803 uria
1669 784 1735 805 cum
1755 775 1892 805 Proficuis
1910 776 1943 806 &
1961 775 2170 808 Emolumentis
2183 781 2216 810 ad
2234 782 2334 813 eadem

1265 811 1482 854 pertinennbuS,
1499 809 1655 849 Habenda,
1673 822 1724 849 pro
1738 813 1881 844 Termino
1898 813 1973 845 Vitae
1985 814 2148 853 suae2usque
2161 816 2196 847 ad
2211 819 2337 851 valorem

1266 846 1369 877 decem
1386 848 1534 880 Librarum
1550 859 1600 887 per
1614 851 1730 881 Annum
1741 874 1750 889 ,

1304 884 1346 929 Ita
1365 888 1443 924 quod
1462 887 1498 917 de
1515 888 1728 927 Superplusagio
1750 889 1833 927 inde,
1851 889 1870 919 fi
1890 891 1965 928 quod
1984 891 2188 930 fuerit,Nobis
2203 894 2236 924 ad
2251 894 2338 928 Scae-

1268 934 1378 992 {arium
1404 925 1532 957 nostrum
1557 926 1729 966 Burdegaliae
1756 930 1916 960 Annuatim
1942 930 2137 968 respondeatur
2153 955 2163 971 ,
2186 941 2217 964 ut
2232 934 2273 964 est
2287 936 2335 973 ju-

1295 973 1344 993 um
1360 973 1370 1000 ,·

1307 1001 1414 1045 Aliquo
1432 1002 1526 1034 Censu
1540 1026 1550 1041 ‚
1575 1002 1748 1047 Dimissione
1762 1026 1771 1042 ,
1793 1005 1849 1036 sive
1866 1005 2060 1038 Conceffione
2071 1031 2080 1044 ,
2105 1018 2154 1046 per
2172 1008 2336 1043 Constaba-

1270 1039 1368 1108 lalrjisssm
1387 1041 1577 1081 Burdegaliae‚
1597 1048 1654 1074 iive
1672 1054 1721 1082 per
1738 1044 1923 1083 Concilium,
1940 1046 1986 1075 alii
2002 1045 2132 1078 Personae
2150 1047 2231 1079 saetis
2244 1072 2255 1088 ,
2273 1060 2336 1083 non

1272 1088 1290 1108 o
1338 1089 1409 1109 ante.

1270 1162 1298 1184 te
1309 1116 1343 1184 Itn
1368 1119 1445 1156 cujus
1470 1119 1509 1149 rei
1534 1119 1732 1151 testimonium
1757 1121 1804 1151 has
1823 1121 1928 1153 Literas
1945 1121 2050 1153 nostras
2069 1121 2126 1154 fieri
2145 1122 2266 1156 fecimus
2283 1124 2338 1157 Pa-

1299 1165 1317 1184 Π
1331 1165 1359 1185 CS

1311 1193 1399 1237 Teste
1415 1193 1500 1238 Rege
1516 1195 1589 1232 apud
1604 1196 1860 1237 Qflmonasterium
1872 1222 1883 1237 ,
1901 1198 2019 1230 decimo
2040 1198 2086 1230 die
2109 1199 2231 1240 Aprilis,
2249 1201 2339 1233 Anno

1273 1229 1370 1269 Regni
1386 1233 1477 1263 nostri
1493 1233 1614 1271 Quarto.

2033 1278 2087 1306 Per
2098 1277 2182 1318 szficm
2196 1280 2303 1316 Regem.

1273 1343 1357 1399 ET
1375 1344 1548 1391 Mandatum
1570 1347 1610 1377 est
1634 1346 1748 1379 Locum
1771 1346 1860 1387 Regis
1879 1352 1984 1381 tenenti
2001 1352 2197 1393 Aquitanniae,
2216 1352 2340 1387 Consta·

1335 1385 1442 1416 bulario
1463 1385 1552 1425 Regis
1576 1385 1767 1425 Burdegaliae‚
1785 1388 1818 1418 ὃς
1832 1388 1987 1419 Senescallo
2000 1390 2087 1427 Regis
2102 1390 2261 1424 Landarum
2276 1417 2286 1432 ,
2304 1403 2339 1425 ac

1272 1433 1371 1454 eorum
1394 1424 1474 1455 Loca
1494 1427 1653 1456 tenentibus
1677 1425 1804 1464 ibidem,
1819 1427 1852 1457 &
1872 1437 1972 1458 eorum
1994 1430 2110 1460 cuilibet
2124 1452 2134 1468 ,
2153 1431 2232 1470 quod
2245 1431 2338 1469 ipsum

1272 1460 1431 1502 Guastonem
1452 1465 1482 1494 in
1505 1463 1692 1501 Corporalem
1715 1464 1922 1496 Poiseffioncm
1944 1465 2019 1496 Bailli
2057 1469 2150 1497 iorum
2164 1470 2198 1500 &
2220 1468 2339 1509 Peagio-

1273 1511 1338 1531 rum
1352 1501 1388 1531 de
1406 1501 1503 1540 MiOS,
1521 1497 1540 1515 '¹'
1558 1504 1593 1533 de
1609 1502 1720 1545 Mixta,
1739 1504 1775 1533 de
1787 1503 2025 1543 Aulisssailliagii
2089 1504 2186 1537 Costae
2199 1507 2234 1537 de
2249 1508 2340 1540 Pour-
2375 1527 2395 1549 t
2416 1528 2458 1556 IX

1273 1549 1310 1577 ge
1322 1539 1358 1571 de
1372 1540 1469 1572 Buche
1480 1563 1488 1578 ,
1505 1539 1696 1579 Praepoliturae
1708 1542 1743 1572 de
1759 1541 1833 1572 Sales
1845 1544 1877 1573 Sc
1892 1543 1928 1573 de
1942 1542 2075 1574 Salannes
2083 1567 2094 1582 ,
2112 1544 2210 1575 Pontis
2223 1547 2257 1577 &
2274 1547 2340 1578 Pra-
2459 1545 2472 1558 ⁸

1271 1579 1375 1622 deriae,
1391 1579 1592 1617 praedietorurn
1607 1589 1713 1622 ponant
1729 1580 1774 1611 vel
1790 1582 1924 1611 inducant
1937 1604 1946 1619 ,
1965 1582 2009 1612 seu
2030 1584 2100 1620 poni
2124 1583 2168 1613 vel
2184 1583 2281 1615 induci
2298 1588 2340 1616 fa—
2378 1575 2443 1605 34¹²

1271 1626 1346 1647 ciant
1373 1616 1609 1655 (Habendorum
1627 1628 1704 1655 Juxta
1729 1619 1878 1650 Terrorem
1903 1620 2059 1651 Literarum
2084 1620 2171 1660 Regis
2192 1623 2342 1659 praedieia-

1270 1657 1347 1724 trium)
1369 1666 1401 1687 ac
1417 1657 1525 1696 ipsum,
1543 1657 1580 1687 sic
1599 1655 1769 1696 inductum,
1783 1667 1998 1697 manuteneant,
2016 1668 2179 1699 protegant,
2198 1660 2230 1692 ὅ(
2246 1661 2343 1693 defen-

1291 1703 1346 1724 ant.

1308 1731 1397 1763 Teste
1412 1741 1442 1764 ut
1456 1731 1543 1771 supra.

1611 1863 1670 1892 Pro
1690 1862 1800 1892 comite
1818 1859 1985 1893 Orclmdiae.

1277 1942 1415 1999 REX,
1434 1955 1482 1983 per
1499 1944 1607 1976 Literas
1620 1945 1679 1976 suas
1702 1944 1830 1975 Parentes
1843 1969 1851 1983 ,
1869 1946 1952 1984 usque
1973 1946 2248 1984 quintumdecimum
2264 1947 2343 1977 diem
2364 1947 2491 1983 Ann.,D.

1351 1983 1470 2023 Augusti
1484 1985 1620 2021 proximo
1642 1985 1766 2014 futurum
1781 1984 1919 2015 duraturas
1936 2008 1945 2022 ,
1961 1984 2077 2022 suscepit
2091 1985 2119 2014 in
2136 1985 2241 2015 salvum
2255 1986 2287 2016 ὃ(
2304 1986 2344 2016 se·
2384 1989 2472 2028 1416.

1278 2030 1381 2054 curum
1402 2021 1593 2053 Conduetum
1618 2022 1696 2052 suum
1710 2044 1720 2060 ,
1738 2032 1772 2051 ac
1795 2023 1824 2051 in
1846 2021 2062 2053 Proteffionem
2076 2044 2085 2060 ,
2101 2023 2271 2053 Tuitionem
2283 2047 2293 2061 ,
2310 2026 2343 2057 ὃς
2363 2033 2456 2064 An‚4,

1279 2060 1486 2093 Defenfionem
1505 2060 1562 2091 suas
1580 2060 1709 2098 speciales
1723 2082 1733 2098 ,
1752 2063 1898 2090 Henricum
1914 2061 1945 2090 de
1962 2062 2058 2090 Saullo
2074 2060 2154 2091 Claro
2168 2084 2179 2100 ,
2197 2060 2345 2093 Comitem
2364 2070 2399 2094 H.
2415 2075 2444 2101 5.

1279 2099 1451 2137 Orchadiae,
1471 2109 1540 2129 cum
1563 2098 1670 2138 Viginti
1692 2098 1819 2129 Personis
1842 2100 1871 2128 in
1893 2099 2041 2130 Coi-nitiva
2057 2100 2105 2130 sua
2118 2122 2128 2138 ,
2146 2100 2347 2139 cujuscumque
2369 2110 2437 2132 scot.
2450 2114 2480 2139 4.

1279 2139 1373 2170 Status
1388 2161 1398 2177 ,
1417 2137 1532 2168 Gradus
1545 2160 1555 2175 ,
1572 2137 1690 2168 Ordinis
1735 2138 1784 2167 livi
1807 2136 1990 2169 Conditionis
2009 2138 2125 2168 existant
2140 2160 2150 2176 ,
2165 2139 2195 2168 in
2213 2138 2347 2178 Regnum
2366 2147 2400 2170 H.
2416 2152 2444 2178 5.
2458 2151 2496 2177 m,

1280 2177 1373 2215 Regis
1388 2177 1503 2214 Anglire
1517 2185 1575 2206 tam
1592 2187 1640 2213 per
1655 2159 1740 2206 Vilias
1753 2175 1886 2214 firmatas,
1907 2178 1993 2214 quam
2011 2186 2060 2214 per
2074 2176 2211 2215 Patriam,
2231 2180 2349 2209 venien·
2367 2189 2414 2210 ιο,

1279 2216 1334 2253 do,
1354 2217 1386 2246 &
1403 2216 1509 2245 ibidem
1529 2214 1687 2252 morando,
1706 2214 1738 2244 ὅ(
1760 2214 1860 2244 exinde
1880 2214 1972 2245 versus
1992 2214 2125 2255 Regnum
2143 2215 2247 2246 Scotiae
2261 2217 2289 2246 se
2303 2217 2349 2248 di-

1279 2255 1418 2323 isleitendo
1433 2254 1466 2284 δε
1482 2252 1623 2283 redeundo
1639 2275 1649 2291 ,
1668 2262 1782 2283 necnon
1805 2251 1901 2290 Equos
1917 2275 1928 2291 ,
1945 2252 2023 2284 Bona
2038 2276 2047 2291 ‚
2066 2252 2123 2284 Res
2136 2276 2146 2292 ,
2165 2255 2198 2286 &
2211 2253 2346 2287 Herneiia

1291 2303 1324 2323 ua
1360 2301 1469 2322 uaecum
1492 2301 1525 2321 ue

1317 2303 1434 2361 piorem
1453 2302 1542 2360 edim²
1554 2328 1616 2359 Rex
1635 2328 1716 2369 quod
1738 2328 1815 2359 idem
1837 2326 1946 2359 Comes
1961 2352 1970 2366 2
1986 2327 2047 2364 &c.
2065 2336 2099 2359 ut
2113 2334 2143 2360 in
2164 2330 2299 2363 similibus
2313 2332 2346 2363 de

1280 2369 1418 2399 Conduc‘lu
1442 2371 1556 2397 Literis.

1316 2407 1406 2439 Teste
1417 2406 1503 2445 Rege
1515 2405 1588 2444 apud
1605 2404 1880 2444 westmonasterium,
1896 2404 2013 2436 decimo
2029 2415 2126 2444 quarto
2141 2405 2187 2438 die
2199 2407 2314 2447 Aprilis.

1985 2484 2038 2511 Per
2050 2483 2132 2522 ipficm
2145 2486 2249 2522 Regem.

1283 2560 1455 2591 Confimiles
1472 2559 1581 2590 Literas
1595 2558 1632 2588 de
1645 2558 1722 2589 salvo
1735 2557 1892 2589 Conduetu
1907 2559 2011 2589 'nabent
2026 2557 2186 2598 subscripti,
2205 2571 2257 2598 per
2276 2560 2354 2592 idem

1443 2607 1554 2635 tempus
1570 2597 1729 2635 duraturas,
1747 2597 1796 2628 sub
1810 2597 1908 2627 eadem
1925 2596 2018 2636 Data·‚
2034 2597 2167 2629 videlicet
2175 2621 2185 2636 ,

1321 2675 1444 2715 Jacobus
1460 2675 1492 2704 de
1507 2673 1630 2711 Douglas
1643 2674 1738 2705 Frater
1754 2676 1862 2704 Comitis
1873 2673 1905 2703 de
1919 2672 2048 2711 Douglas.

1322 2718 1456 2744 Dominus
1467 2713 1633 2744 Willielmus
1645 2713 1678 2742 de
1694 2712 1814 2750 Douglas
1827 2712 1864 2742 de
1880 2712 2118 2752 Drumlangrigg.

1588 2842 1682 2885 Super
1696 2839 1792 2884 fhlva
1815 2836 1949 2881 Custodia
1969 2840 2084 2872 Maris.

1285 2924 1499 2981 willielmus
1513 2923 1637 2969 Bgmham
1653 2947 1661 2961 ‚
1681 2923 1754 2968 alias*
1765 2923 1858 2969 didius
1873 2923 1986 2966 *Barker
2002 2923 2040 2967 de
2063 2923 2286 2969 Longstratton,
2304 2925 2352 2963 qui
2369 2934 2443 2964 Λῃη.
2459 2934 2500 2965 D·

1376 2975 1411 3008 *in
1425 2964 1601 3008 Obsequium
1616 2962 1707 3008 Regis
1720 2985 1730 3000 ‚
1748 2972 1776 2991 in
1790 2960 1937 3007 Comitiva
1953 2984 1963 3001 ,
1980 2962 2077 3007 dileeh
2098 2964 2132 2994 &
2154 2963 2254 2993 Fidelis
2274 2963 2356 2994 Con·
2391 2972 2474 3010 1415·

1287 3004 1432 3040 sanguinei
1449 3002 1549 3046 Regis,
1567 3000 1707 3043 Johargms
1720 3004 1831 3030 Connus
1844 3001 2079 3044 Huntytngdomq,
2098 3003 2188 3045 versus
2198 3001 2280 3045 Mare
2289 3012 2355 3040 pro·
2366 3016 2419 3038 Aa.
2450 3022 2479 3047 4,

1288 3043 1412 3073 feriturus
1427 3041 1484 3078 est,
1504 3040 1629 3084 ibidem,
1649 3044 1729 3082 super
1742 3038 1812 3068 salva
1826 3037 1961 3081 Custodia
1978 3038 2067 3069 Maris
2083 3039 2211 3083 praedic‘ri
2226 3063 2235 3076 ,
2262 3051 2353 3070 inora—
2367 3054 2399 3076 H.
2417 3058 2443 3083 5,

1289 3091 1382 3117 turus,
1399 3080 1484 3123 habet
1500 3079 1603 3122 Literas
1617 3077 1756 3120 Regisrde
1772 3075 1956 3107 protectione
1975 3078 2063 3115 (cum
2079 3076 2207 3109 Clauiula
2222 3078 2354 3115 Vm'umus)
2369 3091 2453 3115 Frauc.
2470 3098 2498 3124 4,

1288 3129 1335 3157 per
1353 3119 1534 3159 Quarteriuin
1550 3126 1630 3146 unius
1645 3117 1721 3146 Anni
1735 3115 1884 3145 duraturas.

1325 3156 1556 3231 Prssesffgfissege
1570 3192 1645 3230 apud
1659 3190 2005 3231 Wstmonasterum,xxvi.
2023 3190 2068 3222 die
2087 3191 2200 3229 Aprilis.

2369 3130 2403 3152 H.
2420 3135 2448 3160 5.

2369 3173 2407 3191 m.
2428 3173 2471 3198 32.

1823 3270 1878 3298 Per
1894 3267 1998 3298 Billam
2018 3268 2051 3298 de
2074 3270 2195 3298 Privato
2218 3268 2317 3308 Sigillo.

1543 3399 1636 3442 Super
1654 3391 1873 3428 Deliberasione
1895 3396 1979 3441 Regis
1996 3395 2105 3427 Scoti'ae.

1295 3481 1440 3537 REX,
1458 3491 1506 3519 per
1523 3481 1627 3511 Literas
1640 3479 1697 3510 suas
1716 3478 1860 3516 Patentes,
1879 3479 1962 3516 usque
1984 3478 2116 3509 Primum
2137 3479 2214 3510 diem
2231 3477 2346 3518 Augusti
2363 3491 2429 3522 Am,
2450 3490 2483 3522 D

1340 3554 1352 3560 ,
1371 3522 1504 3560 proximo
1519 3521 1646 3549 futurum
1671 3519 1810 3548 duraturas
1825 3540 1834 3555 ,
1857 3516 1970 3555 suscepit
1983 3518 2012 3546 in
2028 3516 2132 3547 salvum
2157 3520 2190 3548 &
2220 3521 2346 3547 securum
2384 3516 2462 3569 14i6
2486 3515 2494 3523 '

1291 3559 1481 3590 Conduecum
1497 3557 1595 3595 suurn,
1614 3566 1648 3586 ac
1663 3558 1692 3586 in
1702 3555 1931 3593 Protectionem,
1948 3554 2173 3593 Tuitionem,&
2191 3555 2342 3585 Desensio-
2357 3573 2398 3596 Aa
2427 3580 2445 3604 4
2466 3554 2474 3560 “

1291 3609 1359 3629 nem
1374 3598 1431 3628 suas
1444 3596 1591 3634 speciales,
1619 3594 1816 3625 Venerabilem
1840 3595 1870 3624 in
1892 3591 2010 3624 Christo
2027 3593 2137 3625 Patrem
2152 3616 2161 3631 ‚
2185 3592 2341 3631 Johannem
2375 3591 2410 3634 H·
2427 3591 2458 3642 5⁹

1291 3638 1325 3667 de
1338 3636 1422 3666 Halis
1434 3635 1575 3665 Abbatem
1591 3633 1756 3663 Monasterii
1769 3632 1804 3662 de
1821 3631 2036 3671 Balmerynach,
2053 3632 2210 3673 Johanpem
2225 3630 2341 3670 Foresler
2359 3630 2415 3672 Sco}
2444 3655 2475 3681 4-

1291 3675 1327 3705 de
1343 3672 1503 3704 Corstorfin
1520 3672 1664 3709 Militem,
1680 3673 1713 3703 &
1728 3670 1887 3701 Walterum
1902 3670 1934 3700 de
1948 3670 2045 3710 Ogilby
2060 3671 2232 3700 Scutiierum
2269 3679 2341 3699 con·
2360 3687 2392 3710 H.
2404 3668 2456 3718 5'm

1287 3713 1413 3753 june‘tim
1426 3734 1436 3750 ,
1460 3711 1505 3741 seu
1525 3711 1636 3741 divifim
1689 3720 1757 3740 cum
1781 3709 1974 3746 Quadraginta
2000 3708 2126 3738 Personis
2149 3705 2239 3749 Equei
2256 3709 2347 3746 ribus,
2365 3731 2403 3748 10.
2422 3706 2428 3711 '
2459 3705 2468 3712 ’

1291 3751 1494 3790 cujuscumque
1507 3748 1615 3787 Staius,
1633 3733 1766 3786 dradfis,
1786 3756 1831 3778 aut
1847 3746 2029 3777 Conditionis
2045 3746 2177 3781 existant,
2196 3755 2224 3788 in
2246 3756 2346 3776 corum

1292 3789 1438 3820 Comiiiva
1452 3811 1463 3827 ‚
1487 3789 1518 3818 in
1533 3786 1673 3825 Regnum
1696 3786 1786 3824 Regis
1815 3786 1930 3823 Angliae
1944 3807 1954 3822 ,
1980 3794 2071 3822 paenes
2093 3782 2273 3817 Praesentiam
2289 3784 2352 3815 Re-

1318 3838 1340 3858 is
2301 3853 2305 3856 .

1296 3838 1316 3866 g
1329 3851 1419 3903 Siiper
1433 3864 1571 3895 Tractatu
1587 3863 1803 3895 Deliberationis
1818 3865 1895 3898 Regis
1910 3863 2002 3890 Scotiae
2012 3883 2020 3898 ‚
2038 3870 2071 3891 ac
2090 3859 2168 3897 super
2187 3860 2244 3891 aliis
2266 3862 2349 3893 certis

1293 3905 1437 3942 Materiis,
1461 3903 1571 3934 Statum
1591 3902 1763 3942 Regnorum
1782 3900 1896 3937 Angiiae
1916 3900 1949 3929 &
1970 3898 2077 3928 Scotiae
2097 3902 2332 3931 concernentibus
2339 3923 2350 3938 ‚

1291 3943 1425 3974 habendo

1328 3965 1502 4018 Venierido,
1518 3979 1625 4010 ibidem
1642 3977 1800 4014 morandO,
1818 3976 1850 4006 ὃ(
1865 3974 1966 4005 exinde
1980 3974 2015 4004 ad
2039 3983 2127 4012 partes
2150 3975 2207 4006 suas
2229 3977 2354 4015 proprias

1290 4019 1452 4057 redeundo,
1469 4027 1603 4057 necnon,
1621 4015 1838 4055 Equos‚B0na‚
1856 4012 1974 4051 Res‚&
1987 4013 2123 4045 Hernefia
2138 4013 2183 4045 sua
2195 4024 2343 4054 quaecum-

1291 4069 1346 4099 que
1355 4081 1366 4096 ²
1790 4088 1818 4122 V
1841 4099 1854 4127 3
2278 4087 2347 4119 No-
