2562 4274
94 178 171 211 Ann.
184 178 226 209 D.

254 106 334 145 104

277 179 389 218 Ipsique
413 175 630 209 Ambaffiatores
641 199 650 212 ,
677 174 889 214 Consanguinei
903 176 937 206 &
955 175 1110 207 Adversarii
1127 174 1305 205 Metuendis-

120 227 204 257 ¹4¹9·
240 218 302 249 fimi
328 217 448 248 Domini
475 215 560 246 nostri
572 239 580 250 ,
603 213 765 252 hujusmodi
788 214 818 243 T
830 224 852 244 R
864 223 882 244 E
893 223 978 244 UGA
989 224 1001 245 s
1017 239 1027 251 ,
1046 215 1075 244 in
1092 213 1184 244 forma
1199 213 1303 252 praedi—

93 262 158 287 Heu.
176 267 195 293 5

87 2578 168 2605 QX.

86 2625 152 2653 721.

199 277 206 284 ·
236 258 283 288 eta
294 280 303 294 ‚
322 255 489 287 Nobiscum
508 263 520 283 1
530 261 552 283 N
563 262 573 282 1
585 262 602 282 ε
613 261 666 282 RU
677 260 700 281 N
710 261 733 281 τ
747 275 756 289 ,
772 251 901 283 fecerunt
910 275 920 290 ‚
938 254 972 283 &
986 252 1200 283 concordarunt
1209 258 1231 291 ,“

273 295 472 331 Inchoaturas‚
492 293 520 322 in
535 292 672 321 omnibus
688 290 793 327 Locis,
811 291 862 328 qui
880 293 1060 328 praesentibus
1082 291 1206 326 Treugis
1219 300 1304 320 com-

236 333 462 372 prehenduntur,
482 340 582 368 quarto
599 329 644 359 die
660 328 724 368 post
736 329 829 366 diem,
849 339 903 366 qua
918 330 992 359 Parti
1008 329 1228 360 metuendiffimi
1241 333 1302 359 Do-

238 376 304 403 mini
316 371 398 410 nostri
410 369 555 399 tradentur
573 367 678 397 Literae
693 366 894 397 Ratificatoriae
908 367 1087 405 infrascriptis
1098 390 1108 406 ‚

275 410 404 446 Exceptis
421 407 565 438 Marcbeis
589 406 706 436 Caleliae
722 405 864 443 praedietis
886 407 919 436 δε
943 405 1077 437 Picardiae
1093 406 1162 436 ultra
1178 405 1300 438 Flumen

222 450 385 486 ’Surum-ie,
403 448 433 476 in
455 447 555 485 quibis
574 446 709 482 incipient
729 444 814 474 disice
831 444 961 480 Treugae
984 455 998 473 a
1020 453 1149 480 tempore
1172 444 1302 476 Publica-

236 488 320 519 tionis
340 488 373 517 &
396 485 630 515 proclamationis
653 482 817 513 earumdem
833 494 842 520 3
862 492 926 520 quae
942 482 1007 520 siet,
1023 482 1087 520 post
1101 483 1299 515 Traditionem

237 526 381 557 dictarum
407 524 567 554 Literarum
587 521 867 559 Ratificatoriarum‚
891 530 959 552 cum
979 522 1062 551 omni
1085 521 1226 553 celeritate
1250 533 1304 562 qua

240 562 402 596 commode
417 562 477 592 fici-i
494 561 594 597 potest.

275 602 315 634 Et
331 602 472 632 durabunt
484 600 569 630 dietae
590 599 716 638 Treugae
731 622 740 635 ,
757 608 773 627 a
788 606 918 636 tempore
932 596 1106 628 Incoarionis
1121 599 1304 640 earumdem,

237 642 324 680 usque
341 640 376 671 ad
393 640 543 678 praefatum
557 639 696 680 Qintum
712 638 839 666 decimum
855 637 924 665 diem
943 635 1046 676 Mensis
1063 639 1137 666 Maii
1151 638 1302 669 inclusive:

236 682 271 712 δε
288 680 390 710 abinde
405 689 453 716 per
470 687 563 708 totum
581 686 690 713 tempus
705 678 897 705 conventionis
910 675 1092 713 supradict&
1119 685 1232 707 necnon
1254 687 1303 715 per

236 719 308 750 osto
332 718 390 748 dies
410 719 532 756 integros
552 714 617 754 post
641 718 851 745 Conventionem
875 713 1060 752 supradictam
1075 713 1183 744 finitam
1199 717 1232 747 δε
1248 725 1306 747 ter-

242 766 393 789 minatam:
538 766 539 769 ¹

275 796 316 827 Ita
328 804 425 826 tamen
440 793 521 833 quod
536 792 715 831 praesentibus
729 790 853 828 Treugis
874 799 933 820 non
949 791 1226 828 comprehendantur
1243 793 1304 823 Vil-

237 836 276 867 lae
290 860 300 873 ,
324 834 423 865 Castra
439 856 448 871 ‚
476 832 616 862 Fortalitia
630 855 639 867 ,
667 830 723 860 sive
745 829 844 866 Loca,
862 829 931 858 infra
950 828 1098 859 Ducat-um
1113 829 1307 862 Normanniae

237 873 393 906 constituta
405 895 414 909 ,
430 881 494 909 quae
509 871 588 900 dieto
606 867 840 899 Metuendiffimo
856 870 971 896 Domino
986 867 1072 906 nostro
1090 878 1148 898 non
1163 869 1303 901 obediunt

238 913 383 950 (Exceptis
396 910 468 941 Vilia
492 911 525 940 &
548 908 652 938 Castro
667 906 702 936 de
724 905 832 942 Gisors)
858 916 911 935 nec
924 905 974 934 alia
990 905 1087 941 Loca,
1106 915 1182 936 extra
1195 908 1305 939 diCtum

235 952 385 983 Ducatum
407 947 560 979 constituta
575 970 585 984 ,
608 955 674 984 quse
698 954 746 982 per
765 943 875 974 Gentes
894 946 1006 973 Domini
1032 943 1114 982 nostri
1138 947 1216 983 Regis
1242 946 1304 978 sunt

241 989 361 1021 Obseffa
371 1011 381 1026 ,
832 1023 836 1027 .
1023 1024 1027 1028 ⁸

272 1028 307 1059 N
309 1038 381 1065 eque
403 1025 534 1055 Personoe
557 1023 686 1053 foventes
703 1022 814 1050 Partem
826 1019 905 1048 illam
921 1031 979 1062 quae
999 1020 1097 1050 dicitur
1119 1025 1303 1063 Armeniaci,

237 1077 330 1104 neque
349 1064 437 1102 Villa,
456 1063 574 1100 Castra,
592 1060 751 1097 Fortalitia,
767 1059 824 1090 five
841 1058 938 1096 Loca,
958 1068 1007 1097 per
1021 1060 1133 1090 eoidem
1149 1063 1175 1091 in
1194 1062 1302 1103 Regno

239 1104 366 1136 Franciae
381 1111 528 1139 occupata.

274 1143 327 1182 Et,
346 1142 366 1172 si
382 1142 528 1179 contingat
543 1137 712 1177 praediecum
727 1139 873 1166 Dominum
883 1135 999 1176 nostrum
1010 1139 1106 1175 Regem
1122 1148 1240 1170 movere
1255 1140 1301 1171 vel

234 1182 326 1213 facere
348 1180 492 1210 Guesram
512 1177 640 1208 Personis
653 1199 662 1214 ,
689 1174 788 1213 Villis,
816 1174 939 1213 Castris,
960 1174 1120 1213 Fortalitiis,
1138 1177 1301 1209 {ive'Locis

233 1220 413 1258 supradietis,
432 1217 482 1248 sub
503 1216 682 1254 praesentibus
700 1213 822 1244 Treueris
844 1223 906 1243 non
922 1215 1133 1251 comprehensis
1148 1239 1157 1254 ,
1177 1226 1226 1254 per
1242 1217 1300 1249 hoc

235 1270 296 1289 non
319 1259 438 1289 debeant
459 1256 604 1296 praescntes
625 1253 749 1292 Treugae
770 1238 877 1290 ffuptae
901 1252 945 1282 vel
968 1251 1088 1283 Violatoe
1103 1255 1226 1293 censeri,
1245 1266 1299 1287 nec

233 1299 339 1329 debent
357 1296 486 1334 prtefatus
501 1293 714 1338 confinguineus
730 1289 768 1325 ὅ*
783 1290 974 1330 Adversarius
989 1301 1081 1330 neque
1096 1292 1300 1326 iibiObedien-

232 1345 273 1367 tes
287 1338 316 1367 in
330 1338 388 1366 hoc
404 1332 640 1365 Metuendissimo
657 1333 772 1360 Domino
787 1329 890 1370 nostro,
910 1330 962 1359 hiis
975 1329 1097 1370 Trcugis
1115 1331 1299 1372 durantibus,

234 1375 479 1412 Impedimentum
493 1371 607 1402 inferre.
893 1407 897 1411 ¹
970 1407 975 1412 .

274 1414 328 1451 Et,
347 1414 398 1444 hiis
415 1412 540 1448 Treugis
558 1410 603 1440 seu
619 1408 798 1438 Guetrarum
815 1406 998 1437 Abstinentiis
1019 1407 1182 1440 durantibus
1195 1410 1301 1441 cessare

234 1453 322 1484 faciet
346 1454 479 1482 Dominus
501 1448 587 1487 noller
610 1450 669 1476 Rex
686 1469 696 1485 ,
712 1455 747 1476 ex
763 1454 838 1485 parte
854 1445 916 1484 sua,
933 1447 966 1476 δε
983 1447 1012 1489 in
1027 1445 1154 1478 Personis
1168 1448 1302 1484 Subdito-

235 1502 302 1522 rum
324 1491 438 1521 stiorum
453 1513 463 1528 ‚
488 1497 590 1518 omnes
611 1486 697 1516 Prisas
718 1484 902 1515 Personarum
918 1506 928 1521 ,
956 1483 1095 1516 Villarum
1109 1485 1301 1528 firmatarum,

235 1530 468 1566 Fortalitiorum,
485 1527 517 1558 δε
535 1526 654 1555 aliorum
672 1523 840 1554 Locorum:
859 1522 1016 1561 omnesque
1043 1523 1181 1564 Pinerias‚
1200 1526 1302 1558 Robe—

234 1570 285 1599 rias
300 1592 310 1608 ‚
336 1567 469 1598 Incendia
484 1588 494 1603 ,
520 1563 732 1594 Demolitiones
752 1560 921 1592 Domorum
939 1573 948 1596 ς
973 1572 1005 1592 ac
1027 1564 1125 1594 omnia
1146 1565 1198 1596 alia
1218 1566 1300 1597 Facta

234 1607 359 1638 Guerrae
373 1604 499 1637 adversus
513 1602 664 1639 Personas,
681 1610 715 1632 ac
736 1610 785 1638 per
804 1602 903 1630 omnia
925 1599 1045 1639 Terras,
1065 1601 1203 1634 Civitates
1238 1603 1301 1634 Vil-

234 1646 286 1685 las,
298 1645 413 1681 Castra,
423 1642 625 1679 Fortalitia,&
640 1641 689 1671 alia
705 1638 785 1670 Loca
799 1648 991 1676 quaecumque
1005 1640 1033 1669 in
1050 1641 1192 1678 praedic'tis
1205 1627 1301 1674 ΖΓτευ-

233 1687 276 1725 gis
292 1681 512 1722 comprehensa,
522 1680 649 1718 Fraude,
668 1678 770 1716 Dolo,
789 1677 823 1708 &
837 1678 914 1708 malo
929 1677 1050 1717 Ingenio
1063 1681 1232 1711 cessantibus
1241 1683 1303 1720 qui-

254 1723 349 1754 uscum
372 1732 415 1752 ue.
789 1722 804 1730 ⁴*

230 1725 251 1756 b
267 1762 282 1792 l
291 1771 313 1792 τ
322 1771 339 1791 ε
349 1733 375 1791 ξι
384 1784 394 1799 ,
413 1758 609 1790 Concordatum
621 1755 662 1787 est
675 1756 746 1786 inter
760 1763 828 1791 ηοε,
847 1753 1068 1787 Ambassiatores
1082 1756 1302 1790 &Commissa-

230 1802 288 1833 rios
308 1800 436 1831 Partium
460 1797 678 1837 supradictarum
691 1817 701 1833 ,
729 1792 809 1832 qubd
826 1802 874 1830 per
891 1793 1000 1823 nullum
1019 1794 1226 1835 malefactum,
1244 1799 1298 1830 At—

232 1848 402 1878 temptatum
414 1860 423 1876 ‚
441 1837 486 1868 vel
504 1834 680 1872 Interpr'isam
691 1855 701 1871 ,
719 1842 768 1877 per
777 1831 911 1862 Subditos
926 1835 1006 1863 unius
1021 1833 1108 1865 Partis
1122 1835 1166 1865 vel
1179 1836 1299 1876 alterius,
1333 1849 1338 1852 ·

232 1879 253 1909 si
269 1888 324 1917 qua
341 1876 431 1916 (quod
442 1875 521 1906 Deus
539 1872 655 1910 avertat)
672 1878 801 1915 eveniant
818 1879 918 1901 contra
935 1872 1058 1909 superius
1069 1874 1297 1914 expressata‚de-

232 1918 300 1947 bent
325 1916 472 1955 praesentes
489 1914 618 1953 Treugie
643 1919 762 1948 reputari
782 1918 828 1939 aut
841 1908 937 1939 haberi
954 1921 1006 1948 pro
1024 1913 1110 1950 ruptis
1121 1921 1169 1943 aut
1185 1914 1297 1953 solutis:,

229 1956 270 1988 set
286 1957 313 1985 in
329 1955 378 1985 suo
396 1953 598 1984 nichilominus
614 1951 710 1989 vigore
725 1950 759 1980 δε
782 1949 885 1991 robore
906 1948 1013 1980 debent
1036 1960 1220 1987 permanere:
1242 1963 1296 1984 nec

234 1993 358 2026 Guerrae
384 1993 493 2022 idcirco
516 1990 575 2021 fieri
597 1989 702 2019 debent
719 2010 729 2025 ,
753 1986 904 2031 nechpriloe
920 1987 1121 2028 Personarum,
1140 1999 1194 2021 nec
1213 1990 1300 2022 Obsi-

230 2033 333 2064 diones
349 2031 506 2068 VHlarum,
525 2027 710 2064 Castrorum,
729 2035 775 2056 aut
793 2025 1022 2065 hortalitiorum,
1041 2037 1094 2059 nec
1108 2028 1277 2061 Homicidia
1291 2054 1301 2070 ,

232 2081 288 2103 nec
309 2070 385 2102 aliud
407 2068 612 2108 quodcumque
633 2065 797 2096 Gravamen
808 2087 817 2102 ,
835 2064 870 2108 ab
888 2074 940 2094 una
955 2066 1154 2103 praedi&arum
1171 2067 1296 2100 Partium

230 2111 310 2141 alteri
325 2110 383 2140 sieri
397 2109 441 2139 vel
460 2107 574 2144 inferri3
593 2106 631 2136 set
647 2104 752 2134 debent
769 2112 868 2145 omnia
885 2102 1055 2142 malefacta,
1077 2104 1233 2144 Interprisae
1244 2131 1253 2146 ‚
1264 2110 1298 2140 δε

232 2149 410 2186 Attemptata
437 2145 597 2184 hujusmodi
629 2153 676 2181 per
704 2141 926 2184 Conservatores
945 2143 1064 2180 ipsarum
1089 2143 1271 2185 Trcugarum
1290 2170 1300 2185 ,

232 2187 368 2219 hincinde
389 2184 562 2223 deputandos
575 2206 584 2221 ,
610 2190 694 2221 prout
719 2181 840 2224 ungulos
862 2183 1029 2219 concernit,
1045 2182 1142 2214 debite
1160 2186 1299 2224 reparari,

232 2227 267 2258 δε
282 2228 311 2257 in
327 2226 437 2256 Statum
462 2223 610 2262 pristinum
629 2220 724 2250 reduci
740 2231 750 2263 5
769 2229 802 2249 ac
824 2218 1112 2263 ipsi-Malcfasstores,
1129 2222 1204 2260 juxm
1221 2223 1299 2255 Facti

231 2265 394 2304 qualitatem
408 2264 441 2295 &
455 2262 640 2302 exigentiam,
658 2259 803 2297 condigne
817 2267 927 2295 puniri:

273 2303 311 2335 Et

272 2343 302 2373 Si
320 2327 473 2379 ²contingat
497 2339 578 2378 quod
596 2337 680 2376 aliqui
696 2337 776 2367 unius
791 2335 930 2378 dictarum
944 2335 1070 2367 Partium
1089 2337 1254 2377 delinquant
1271 2341 1301 2370 in

235 2380 398 2412 Territorio
421 2380 529 2410 alterius
549 2377 635 2408 Partis
649 2401 659 2414 ‚
684 2376 717 2406 δε
737 2378 941 2418 consequenter
963 2376 1064 2407 abinde
1082 2377 1207 2417 fugiant,
1227 2380 1259 2410 &
1275 2379 1301 2410 se

236 2421 374 2451 retrahant
389 2419 507 2457 impune
522 2416 555 2447 acl
574 2416 652 2445 Loca
668 2414 738 2444 illius
757 2413 844 2443 Partis
862 2423 940 2451 cujus
953 2413 1014 2445 sunt
1033 2415 1179 2455 Srubjeffl,

273 2458 494 2488 Conservatores
514 2455 584 2485 illius
607 2453 710 2490 Partis,
736 2451 816 2489 super
837 2452 895 2482 hoc
918 2454 1060 2491 requisiti,
1079 2456 1249 2486 tenebuntur
1269 2457 1302 2486 li-

237 2497 334 2526 berare
350 2496 483 2526 Personas
495 2493 674 2532 hujusmodi,
694 2492 713 2521 li
727 2491 789 2528 capi
803 2492 924 2533 poterint
938 2515 947 2528 ‚
974 2492 1048 2533 alteri
1064 2491 1158 2532 Parti,
1175 2496 1207 2525 &
1226 2505 1302 2534 repa-

240 2545 301 2565 rare
318 2535 467 2571 Dampna,
485 2533 522 2562 sic
540 2532 627 2568 illata,
646 2531 681 2560 de
700 2530 786 2560 Bonis
800 2533 924 2566 ipsorum
942 2529 1184 2570 Malera&orum3
1208 2534 1240 2563 &
1254 2556 1263 2570 ‚
1283 2535 1301 2564 ii

243 2574 321 2603 bona
341 2574 359 2591 ἐῢ
386 2571 545 2610 hujusmodi
565 2569 787 2599 Miiefaetorum
810 2566 844 2596 ad
862 2566 1081 2605 Reparationem
1100 2569 1224 2601 debitam
1241 2581 1301 2602 non

243 2610 382 2642 sufficiant
396 2633 405 2648 ‚
432 2620 480 2640 eos
503 2609 601 2646 punire
617 2607 722 2638 debent
743 2607 771 2635 in
794 2605 935 2641 Personis,
957 2606 1113 2638 secundum
1134 2608 1223 2639 Caius
1246 2613 1304 2639 exi-

242 2652 386 2689 gentiam,
411 2650 445 2680 &
467 2646 636 2678 eorumdem
662 2644 885 2674 ixiaicfaetorum
911 2643 1081 2683 Demerita·,
1105 2648 1133 2676 iri
1158 2658 1216 2686 quo
1232 2648 1305 2679 Casu

243 2689 462 2720 Conservatores
478 2684 618 2725 utriusque
636 2683 724 2713 Partis
738 2682 764 2711 sc
780 2685 882 2712 mutuo
895 2682 998 2713 debent
1011 2684 1154 2720 adjuvare:

280 2726 334 2766 Et,
349 2727 369 2756 si
387 2726 489 2765 aliqui,
505 2724 540 2755 de
555 2733 608 2754 una
623 2731 698 2760 parte
718 2721 762 2751 vel
778 2720 813 2764 de
826 2721 894 2766 alia,
910 2723 1018 2766 capiant
1034 2722 1208 2754 Fortalitium
1225 2725 1302 2764 super

243 2767 325 2797 aliam
339 2765 451 2795 Partem
462 2786 472 2802 ‚
491 2763 547 2801 ipse
558 2785 567 2800 ,
584 2762 663 2799 super
683 2769 770 2797 quem
787 2760 1091 2803 dictunrkortaiitium
1111 2772 1225 2800 ciprum
1243 2768 1306 2793 mc-

243 2806 298 2843 tit‚
316 2803 406 2842 ipsum
419 2808 587 2839 'recuperare
607 2800 708 2837 poterit
726 2808 776 2836 per
793 2807 869 2828 viam
891 2797 987 2837 faeti,
1011 2800 1055 2829 ve!
1071 2800 1145 2830 aliter
1163 2811 1307 2839 quocum-

243 2853 300 2882 que
315 2842 404 2872 modo
422 2841 520 2871 melius
537 2840 657 2878 poterit:

284 2881 321 2912 Et
339 2881 510 2911 tenebuntur
525 2878 746 2908 Conservatores
764 2874 852 2919 Partis
876 2874 955 2912 ipsius
971 2898 980 2913 ‚
1004 2886 1069 2914 quae
1086 2878 1175 2914 ipsum
1191 2877 1308 2908 Forta'ii-

245 2922 318 2952 tium
342 2920 468 2957 ceperit,
493 2919 652 2948 succurrere
675 2915 707 2945 δε
731 2913 948 2957 aduvareeum
965 2937 974 2952 ‚
993 2914 1071 2952 super
1085 2925 1174 2954 quem
1191 2926 1307 2954 captum

246 2960 349 2996 fuerit,
379 2967 465 2996 quam
484 2957 566 2988 citius
590 2956 622 2986 ὸς
646 2963 730 2991 quam
769 2952 908 2994 iligentius
925 2952 982 2983 hoc
1000 2954 1091 2984 ficere
1114 2958 1255 2993 poterint,
1273 2956 1308 2986 ad

247 2997 388 3036 Expensas
409 2996 495 3025 Partis
519 2993 702 3034 Offendcntjs
720 3003 728 3027 ς
749 2992 812 3027 vel,
833 2993 954 3037 igmagis
972 2992 1105 3029 placuerit
1122 2993 1197 3024 Parti
1231 3004 1309 3025 rava-

251 3047 288 3068 tae
303 3059 312 3074 ,
332 3035 471 3074 requirere
492 3033 592 3071 poterit
615 3032 647 3061 &
667 3034 805 3060 summare
829 3030 1051 3060 Loniervatores
1071 3032 1179 3062 alterius
1204 3003 1311 3071 igniis,

255 3074 333 3112 quod
355 3073 403 3112 ipii
428 3073 529 3103 faciant
554 3070 631 3100 reddi
657 3070 689 3100 &
709 3067 815 3098 restitui
837 3068 947 3098 dietum
971 3068 1051 3099 suum
1065 3069 1258 3109 Fortalitium,
1276 3073 1310 3103 &

252 3114 369 3151 puniant
392 3110 592 3142 Malefat‘tores
615 3108 662 3145 qui
685 3107 743 3136 hoc
762 3115 918 3143 ceperuntg
938 3117 1021 3144 quain
1040 3109 1158 3145 quidem
1173 3110 1312 3147 provisio-

250 3161 318 3181 nem
343 3151 391 3189 ipsi
417 3148 635 3180 Conservatores
658 3144 791 3182 perficere
811 3146 980 3175 tenebuntur
1004 3146 1037 3176 ὃς
1055 3148 1201 3186 complere
1214 3149 1312 3179 sccun-

251 3191 322 3219 dum
335 3189 415 3219 suum
433 3186 534 3218 Poii‘e:

289 3227 346 3264 Et,
365 3228 384 3257 si
399 3227 544 3264 contingat
558 3222 636 3262 quod
652 3221 725 3259 ipse,
745 3221 790 3250 vel
805 3221 853 3258 ipsi
865 3245 872 3257 ,
892 3222 941 3259 qui
958 3223 1078 3260 ceperit,
1098 3224 1142 3253 vel
1160 3234 1314 3263 ceperunt,

253 3266 330 3296 idem
347 3265 539 3300 Fortalitium‚
555 3261 676 3292 noluerit
691 3283 700 3297 ,
720 3259 764 3288 vel
779 3260 936 3303 noluerint,
955 3260 988 3289 ad
1008 3262 1033 3290 id
1052 3262 1130 3298 quod
1143 3262 1252 3293 dictum
1271 3264 1313 3294 est

253 3303 389 3339 obedire,
407 3302 626 3332 Conservatores
644 3300 725 3328 unius
742 3296 831 3327 Partis
849 3298 881 3327 ὃς
898 3298 1006 3328 alterius
1020 3301 1188 3330 tenebuntur
1205 3301 1230 3331 se
1247 3311 1311 3332 mu-

255 3345 307 3374 tuo
322 3341 450 3379 adjuvare
465 3363 474 3378 ‚
499 3341 531 3371 &
547 3340 678 3369 reducere
695 3335 892 3366 malefactores
908 3336 942 3365 ad
956 3336 1156 3368 Obedientiam
1166 3363 1176 3376 ,
1193 3340 1227 3370 &
1242 3341 1314 3376 ipsos

257 3381 362 3412 Punite
375 3380 527 3409 secundum
543 3376 631 3408 Casus
650 3376 816 3413 exigentiam
828 3385 834 3403 ς

294 3420 350 3456 Et,
369 3417 483 3455 quando
502 3415 578 3446 idem
603 3414 779 3456 Fortalitiuni
795 3412 1006 3449 Recuperatum
1030 3413 1129 3451 fuerit,
1146 3416 1236 3452 ipsum
1254 3416 1315 3447 Re-

258 3458 387 3490 stituetur
399 3458 431 3486 δε
446 3454 594 3484 Reddetur
611 3454 637 3484 ei
650 3456 728 3489 izipcr
745 3461 830 3493 quern
847 3450 972 3487 Captum
992 3451 1090 3489 fuerin
1110 3453 1210 3492 Dolo,
1229 3455 1314 3485 Frau-

258 3497 311 3534 de,
331 3492 523 3529 Difficultate,
538 3493 570 3523 &
585 3490 774 3527 Neglieentia
788 3488 957 3519 cessantibus
973 3491 1204 3530 quibuscumque.

299 3536 377 3572 Quae
392 3533 488 3563 omnia
502 3533 533 3562 δε
553 3531 657 3567 lingula
669 3529 796 3566 praefatus
814 3527 1011 3569 illustrissimus
1028 3528 1161 3568 Princeps
1184 3535 1315 3562 Dominus

260 3573 347 3614 noster
371 3574 431 3601 Rex
447 3595 457 3609 ‚
483 3577 616 3606 quatenus
633 3568 669 3609 Se
685 3568 722 3606 &⁴
738 3566 849 3596 Partem
869 3573 943 3596 luam
964 3577 1160 3607 concernunt,
1177 3571 1203 3599 se
1219 3579 1253 3599 ex
1271 3572 1314 3599 in-

259 3622 343 3649 tegro
356 3611 539 3648 impleturum
556 3608 590 3637 ὃ(
604 3606 815 3635 obiervatumm
825 3628 833 3640 ,
843 3605 870 3633 in
881 3605 1021 3646 prffesentia
1029 3607 1233 3643 praedioimrum
1242 3608 1315 3638 Am-

263 3645 443 3682 baisiatorum
458 3645 649 3686 Consanguinet
664 3642 701 3676 de·
718 3641 890 3685 Advorsqrii
906 3644 957 3686 1uj,
977 3645 1154 3680 personaliter
1176 3646 1314 3683 promifit.

304 3687 341 3718 Et
356 3689 482 3722 idcirco,
501 3695 533 3715 ac
547 3694 575 3714 ut
594 3681 734 3713 Praemissi
751 3690 847 3716 majori
864 3679 992 3711 firmitate
1008 3683 1148 3722 nitantur,
1165 3685 1314 3714 concorda-

267 3733 324 3755 tum
339 3725 379 3755 est
394 3725 468 3764 quod
483 3724 611 3761 prresatus
625 3718 818 3750 Sereniiiimus
833 3718 966 3756 Princeps
978 3720 1187 3759 Consiznguineus
1201 3722 1240 3757 ὠ·
1250 3723 1316 3752 Ad-

268 3764 404 3803 verfizri'us
419 3764 485 3793 disti
505 3760 625 3791 Domini
650 3757 739 3799 nostri
760 3756 849 3800 Regis
864 3779 873 3793 ,
895 3757 963 3786 citra
979 3757 1068 3800 finem
1091 3760 1228 3800 Vicefimae
1252 3764 1317 3791 Diei

270 3802 381 3841 Istavm
404 3801 502 3840 Monfis
519 3798 640 3837 Aprilir,
657 3800 823 3827 transmittet
840 3797 871 3824 δε
890 3795 960 3825 tradi
975 3797 1055 3826 iaciet
1071 3799 1188 3836 praefato
1202 3802 1318 3829 Domino

270 3841 354 3877 nostro
369 3843 448 3877 Regi,
467 3839 556 3870 eusve
576 3838 736 3873 Depuram,
755 3833 1057 3876 adscirg‘praedietam
1080 3836 1184 3865 Villam
1206 3837 1238 3866 de
1254 3840 1318 3866 Me-

268 3877 371 3914 diana,
394 3878 495 3908 Literas
510 3877 565 3907 suas
583 3876 729 3910 Parentes,
748 3881 846 3916 maiori
860 3872 960 3914 cSizrillo
975 3871 1024 3901 suo
1043 3873 1184 3913 sigillatas,
1205 3885 1320 3905 necnon

272 3915 377 3945 Literas
396 3915 524 3945 Patentcs
538 3939 546 3953 ,
570 3923 626 3943 tam
649 3912 769 3950 praefatae
790 3910 976 3939 bereniiiimae
1000 3910 1172 3949 Principiffae
1189 3913 1323 3952 Confiirtis

257 3952 323 3990 Juae
334 3975 343 3990 ‚
363 3955 446 3990 quarn
460 3955 542 3983 etiam
557 3952 663 3989 proefati
680 3954 764 3980 Ducis
779 3951 839 3977 Bur
855 3948 958 3983 uridiae,
980 3947 1183 3982 Ratificatorias
1196 3951 1322 3984 &Con-

271 3991 434 4022 firmatoiias
447 3993 579 4022 omnium
596 3991 629 4022 δε
646 3989 818 4029 singulorum
859 3986 1063 4018 raeinifforum:

712 86 1515 140 CONVENTION‘ES‚

1335 1947 1447 1978 -hannes
1455 1972 1465 1986 ‚
1483 1947 1522 1983 &

1570 87 1960 136 LITERAE‚

1385 172 1419 203 In
1436 173 1537 211 quibus
1554 175 1656 212 etiam,
1674 176 1746 206 inter
1759 183 1859 206 caetera
1870 197 1880 212 ,
1898 174 2109 214 continebitur3
2127 175 2280 214 videlicet,

1348 250 1368 280 b
1385 211 1426 279 lili2
1439 212 1538 256 μίῑςῑίξ
1551 212 1626 253 ipfius
1642 213 1835 253 consanguinei
1852 213 1891 250 ώ-
1910 213 2100 253 Adverfizrii,
2127 214 2206 253 quod
2224 213 2285 252 Ipse
2306 215 2336 245 iri
2349 225 2413 248 ver-

1369 259 1388 280 o
1428 259 1544 287 nncipis

1350 287 1418 356 Pin
1439 273 1636 356 .L.ifffi⁵’il'fi⁸5
1654 289 1819 330 Principi'ffae
1841 289 1977 330 consortis
1990 289 2069 330 fiae,
2095 291 2175 330 quod
2195 290 2254 332 Ipsa
2277 292 2307 323 in
2322 293 2414 325 verbo

1376 336 1476 364 nncipi
1502 337 1545 364 ae,

1386 364 1535 403 Promisit,

1351 440 1356 446 .
1386 402 1434 447 Ae
1455 404 1485 433 in
1500 401 1601 434 Literis
1615 401 1698 442 Ipfius
1712 406 1816 443 Ducis,
1833 404 1932 444 quod,
1949 404 2029 435 tastis
2043 403 2229 437 saerosanctis
2243 406 2414 448 Evangeliis,

1343 449 1466 479 juravit,

1384 479 1495 510 Omnia
1516 480 1550 510 &
1571 479 1673 518 singula
1690 479 1844 518 supradidia
1863 481 1938 512 bene
1954 482 1988 514 &
2009 480 2127 514 fideliter
2138 481 2257 521 implere
2270 485 2305 516 &
2316 486 2412 517 obser-

1347 526 1430 556 vare,
1449 527 1484 548 ac
1497 518 1587 550 facere
1599 518 1714 556 impleri
1729 519 1762 549 &
1777 520 1926 550 observari.

1383 556 1438 594 Et,
1457 557 1515 594 pari
1538 557 1644 595 modo,
1664 565 1698 587 ex
1720 565 1796 594 parte
1818 558 1886 588 dic‘ti
1905 561 2017 589 Domini
2037 557 2120 597 nostri
2140 561 2235 597 Regis,
2260 560 2409 602 jurabunt,

1347 594 1471 625 Illustres
1492 594 1636 633 Principes
1652 619 1662 632 ‚
1683 594 1809 625 Domini
1821 599 1908 625 Duces
1921 596 2069 628 Clarenciae
2085 595 2123 632 ὦ·
2135 597 2321 639 mamistra,
2340 601 2410 631 Fra-

1348 641 1402 663 tres
1419 633 1541 672 ejusdem
1563 632 1784 665 metuendiffimi
1806 633 1927 664 Domini
1949 635 2040 666 nostri
2060 636 2090 666 R
2128 636 2167 674 ‘s,
2183 637 2219 668 ad
2231 637 2335 669 Samira
2349 638 2408 670 Dei

1347 671 1500 712 Evangelia
1513 695 1523 711 ,
1549 682 1598 710 per
1618 682 1666 703 eos
1690 672 1871 710 corporaliter
1889 673 2043 712 tangenda,
2060 674 2097 705 de
2142 675 2296 708 bservando
2309 680 2409 710 omnia

1348 711 1382 742 &
1399 711 1519 750 singula,
1537 711 1645 741 dietam
1660 713 1871 741 conventionem
1887 714 2096 743 concernentia.

1384 748 1436 787 Et,
1453 751 1472 780 ii
1487 751 1636 786 contingat
1650 749 1774 787 praefatas
1790 748 1896 780 Literas
1910 748 2158 790 Confirmatorias,
2175 753 2245 784 infra
2260 753 2409 792 praefatum

1349 786 1545 825 Terminum,
1565 789 1598 819 ad
1615 788 1672 819 hoc
1689 789 1859 826 limitatum,
1876 787 1962 818 Loco
1985 788 2159 827 supradicto,
2177 792 2231 830 iic,
2248 802 2280 823 ut
2293 794 2409 830 praefer-

1348 834 1392 855 tut
1410 849 1420 864 ,
1446 837 1505 858 non
1527 827 1674 858 transmitti
1697 827 1732 857 &
1751 826 1846 864 tradi,
1870 835 1974 857 extunc
1991 850 1999 864 ,
2018 826 2146 864 praefatus
2162 827 2410 863 Metuendiffimus

1348 862 1501 903 Princeps,
1519 869 1652 896 Dominus
1665 865 1751 904 noster
1765 869 1826 895 Rex
1841 875 1902 895 non
1917 873 2044 896 teneatur
2058 865 2092 896 ad
2114 866 2261 904 praedistas
2284 872 2409 902 conven-

1347 905 1447 933 tionem
1464 904 1641 935 Personalem
1658 905 1690 935 &
1707 907 1823 942 Treugas
1839 903 2031 935 observandas.

1387 941 1442 980 Et,
1461 943 1519 980 pari
1538 941 1654 980 Modo,
1671 943 1690 973 si
1705 945 1852 982 contingat
1862 943 1983 980 aliquam
2002 941 2202 980 praediocarum
2217 942 2343 976 Partium
2360 946 2410 978 de-

1348 977 1433 1011 ficere
1456 982 1484 1011 in
1507 981 1703 1012 observatione
1723 984 1914 1011 conventionis
1933 980 2095 1018 supradictae
2111 1003 2121 1020 ,
2152 991 2198 1012 aut
2218 983 2248 1012 in
2271 983 2410 1018 electione

1349 1017 1441 1058 Loci,
1460 1029 1533 1058 quo,
1551 1029 1581 1050 ut
1604 1020 1751 1060 praefertur
1766 1043 1776 1058 ‚
1795 1023 1945 1049 Conventio
1960 1020 2117 1058 hujusmodi
2134 1019 2192 1050 fieri
2207 1021 2323 1061 debeat,
2342 1023 2410 1055 Pars

1347 1057 1398 1087 alia
1409 1080 1418 1096 ,
1433 1068 1483 1096 per
1507 1068 1592 1096 quam
1613 1068 1673 1090 non
1696 1057 1770 1088 stetit
1786 1080 1796 1096 ‚
1814 1058 1944 1088 liberetur
1957 1059 1993 1089 ab
2007 1061 2088 1088 omni
2107 1058 2293 1098 obligatione
2307 1063 2411 1099 praedi-

1346 1095 1480 1165 Porugs’
1497 1107 1561 1165 necd
1572 1105 1677 1128 exrunc
1701 1106 1828 1128 teneatur
1842 1097 1876 1127 ad
1891 1096 2020 1135 Treugas
2032 1097 2200 1135 supradictas
2213 1099 2411 1133 custodiendas

1341 1144 1392 1165 >eu
1408 1145 1427 1165 o
1459 1146 1542 1166 ervan
1564 1146 1600 1166 as.

1385 1173 1579 1206 promittimus
1592 1175 1675 1214 igitur
1691 1184 1762 1212 nos,
1782 1172 1978 1204 Commissarii
1997 1175 2031 1205 δε
2046 1172 2183 1212 Deputati
2199 1176 2308 1214 praefati
2329 1176 2408 1209 Invi—

1348 1211 1463 1243 &issimi
1481 1213 1618 1252 Principis
1629 1216 1741 1243 Domini
1756 1212 1838 1252 nostri
1850 1215 1927 1250 Regis
1939 1235 1949 1250 ,
1970 1211 2045 1243 Vice
2060 1212 2093 1243 δε
2111 1212 2247 1245 Nomine
2265 1215 2407 1255 ejusdem,

1343 1251 1499 1282 secundum
1513 1262 1634 1282 omnem
1646 1250 1716 1282 Vim
1733 1250 1878 1281 potesta-is
1895 1251 1979 1281 nobis
1994 1250 2152 1290 attributae,
2170 1254 2248 1291 quod
2264 1255 2333 1284 idem
2346 1258 2408 1285 Do-

1344 1293 1431 1320 minus
1453 1290 1539 1333 noster
1559 1293 1618 1320 Rex
1642 1289 1785 1320 Praemissa
1806 1291 1902 1320 omnia
1926 1290 1958 1320 δε
1975 1289 2098 1328 singula,
2115 1299 2249 1328 quatenus
2263 1291 2359 1330 Ipsum
2373 1294 2408 1324 ὃς

1344 1327 1460 1360 Partem
1475 1334 1550 1360 luam
1566 1337 1762 1367 concernunt,
1781 1329 1880 1367 plene,
1901 1327 2017 1359 fideliter
2028 1352 2038 1366 ‚
2056 1328 2090 1359 &
2106 1328 2184 1360 bonfi
2196 1328 2254 1361 fide
2266 1331 2409 1363 custodiet

1345 1368 1379 1398 δε
1394 1368 1570 1405 observabit,
1589 1377 1636 1398 aut
1653 1379 1685 1398 ea
1701 1367 1783 1398 faciet
1801 1367 1837 1397 sic
1851 1366 1987 1397 custodiri
2001 1368 2035 1398 &
2050 1366 2200 1399 observari.

1383 1405 1439 1445 Er,
1458 1417 1511 1445 pro
1528 1407 1646 1438 feliciori
1668 1408 1701 1439 &
1726 1407 1896 1444 promptiori
1919 1415 1953 1436 ex
1973 1406 2098 1436 editione
2111 1409 2304 1438 conventionis
2318 1409 2411 1447 supra-

1344 1444 1446 1482 dictae,
1465 1449 1692 1475 Connnunicatum
1707 1444 1747 1475 est
1764 1445 1836 1475 inter
1852 1454 1923 1483 nos,
1969 1443 2161 1476 mbaffiatorae
2177 1447 2211 1477 &
2231 1444 2410 1479 Commina—

1347 1485 1404 1514 rios
1418 1483 1542 1515 Partium
1559 1483 1779 1522 praedidiarum,
1798 1483 1834 1514 de
1849 1483 1948 1514 Lireris
1961 1482 2024 1513 salvi
2035 1482 2222 1523 Comma-tis,
2238 1485 2344 1529 przfati
2357 1486 2410 1517 Se-

1345 1522 1479 1553 renisfimi
1494 1522 1632 1560 Principis
1645 1520 1839 1561 consanguinei
1851 1521 1890 1556 ὠ·
1906 1520 2078 1561 Adverfhrii
2093 1521 2320 1554 Metuendisfirni
2339 1523 2408 1556 Do-

1345 1562 1417 1591 mini
1441 1561 1530 1592 nostri
1545 1585 1555 1600 ,
1578 1561 1809 1598 transmittendis,
1829 1559 1928 1590 Illustri
1944 1562 1978 1592 &
1993 1559 2154 1599 Magnifico
2170 1560 2324 1602 Domino,
2342 1562 2408 1595 Do-

1347 1601 1430 1630 mino
1445 1603 1541 1630 Comiti
1558 1601 1721 1637 Warwicae,
1739 1600 1772 1630 &
1789 1600 1846 1630 aliis
1861 1598 2112 1630 Ambaffiatoribus
2126 1600 2193 1630 didi
2204 1603 2316 1632 Domini
2326 1602 2408 1643 nostri

1343 1641 1440 1677 Regis,
1457 1638 1492 1669 ad
1508 1638 1674 1668 Numerum
1693 1637 1977 1677 Qiadringentarum
1995 1637 2183 1670 Personarum
2195 1661 2205 1678 ,
2224 1640 2407 1673 Armatarum

1346 1678 1390 1707 vel
1406 1687 1465 1707 non
1484 1677 1662 1708 Armatarum
1679 1699 1689 1714 ,
1709 1679 1743 1707 &
1766 1676 1887 1706 totidem
1906 1675 2075 1714 Equorum,
2094 1676 2128 1707 ad
2145 1676 2323 1710 Praesentiam
2336 1679 2408 1711 dieti

1347 1717 1539 1754 consanguinei
1552 1715 1590 1750 ὠ
1607 1716 1625 1734 ²*
1643 1713 1814 1753 Adversbrii
1826 1713 2052 1745 Metuendiffimi
2067 1713 2190 1746 Domini
2202 1716 2292 1747 nostri
2307 1728 2408 1750 ventu-

2428 175 2505 208 Ann.
2517 178 2562 211 D.

2444 250 2447 256 p
2456 218 2543 256 141'9.

2427 259 2492 284 Hen.
2506 265 2535 292 5.

2444 1720 2460 1738 ⁸
2482 1722 2536 1749 Ix.

1346 1764 1455 1793 rarum,
1473 1764 1522 1792 per
1537 1764 1609 1792 quos
1624 1753 1744 1784 debeant
1758 1753 1826 1783 ultra
1841 1753 1972 1783 maturari
1988 1753 2022 1784 &
2036 1753 2147 1783 trae‘mri
2163 1752 2274 1785 Modus
2281 1759 2408 1788 Conven-
2427 1769 2491 1797 72²·

1343 1796 1426 1823 tionis
1439 1792 1620 1832 supradiCtae,
1639 1794 1672 1824 ὃ(
1685 1792 1746 1822 alite
1761 1793 1888 1822 materiae
1903 1791 1939 1822 de
1956 1791 2058 1830 quibus
2071 1791 2213 1824 videbitur
2224 1791 2365 1832 expedire.

1379 1870 1412 1901 In
1433 1880 1558 1910 quorum
1579 1871 1712 1901 omnium
1734 1869 1768 1900 &
1795 1869 1969 1907 singulorum
1986 1867 2200 1901 Praernifforum
2214 1871 2413 1904 testimonium

1346 1918 1430 1947 atque
1444 1910 1529 1940 fidem
1545 1909 1632 1947 Nos,
1649 1908 1797 1946 Mardus,
1813 1907 1976 1947 Johnues,
1987 1908 2142 1946 Gilbertus,
2158 1909 2340 1949 Willielnas,
2357 1911 2414 1951 Jo-

1543 1947 1708 1987 Johannes,
1735 1946 1976 1985 Ambaffiatores‚
1999 1946 2111 1977 Nuncii
2126 1971 2135 1985 ,
2160 1949 2194 1980 ὃς
2215 1948 2413 1982 Coi-nmisiarii

1343 1987 1511 2026 supradicti,
1528 1987 1624 2027 Sigilla
1641 1986 1736 2017 nostra
1751 1985 1937 2016 Praesentibus
1953 1985 2145 2023 apposuimus.

1382 2062 1450 2095 Dat.
1469 2064 1543 2102 apud
1569 2067 1674 2095 Vernon
1688 2063 1770 2104 fiper
1787 2068 1917 2094 secanam
1929 2086 1939 2101 ,
1965 2061 2011 2092 die
2032 2062 2147 2106 septima
2163 2062 2272 2095 Menfis
2286 2065 2409 2105 Aprilis,

1343 2101 1574 2173 xpeopaDsggiini
1599 2102 1757 2134 Millelimo
1774 2128 1784 2142 ,
1811 2102 2102 2141 Qiadringenteiimo
2117 2125 2128 2141 ‚
2150 2102 2280 2135 Decimo
2292 2103 2412 2137 Octavo

1705 2294 1764 2324 Pro
1775 2302 1864 2338 parte
1881 2294 2024 2324 Franciae.

1430 2375 1460 2407 O
1470 2375 1489 2407 S
1498 2401 1507 2414 ,
1523 2378 1656 2406 Henricus
1670 2378 1701 2406 de
1714 2376 1851 2416 Chaufour
1864 2377 1998 2413 Armiger
2006 2399 2015 2414 ,
2033 2376 2120 2406 Guido
2132 2376 2164 2406 de
2178 2375 2296 2406 Geluner
2310 2376 2340 2405 in
2351 2375 2410 2406 Le-

1441 2416 1522 2454 gibus
1537 2415 1726 2453 Licentiatus,
1744 2415 1901 2446 Consiliarii
1917 2437 1927 2453 ‚
1952 2416 1985 2446 ὅ(
2003 2414 2150 2454 Johannes
2165 2414 2198 2444 de
2213 2413 2302 2453 Rynel
2311 2413 2410 2444 Secre-

1347 2457 1445 2492 tarius‚
1462 2453 1633 2484 Sereniffimi
1656 2463 1740 2492 atque
1760 2452 1987 2484 Christianiflimi
2006 2453 2158 2490 Principis,
2176 2451 2303 2482 Domini
2320 2451 2409 2482 nostri

1349 2491 1577 2524 hsletuendiffimi
1590 2515 1600 2531 ,
1626 2492 1747 2523 Domini
1770 2492 1870 2523 Karoli
1883 2516 1893 2531 ,
1920 2491 1979 2521 Dei
2000 2491 2118 2528 Gratia,
2134 2493 2297 2520 Francorum
2312 2492 2409 2529 Regis,

1347 2534 1380 2564 δε
1397 2532 1435 2562 sui
1453 2532 1668 2562 Ambaxiatores
1687 2533 1720 2562 &
1742 2531 1854 2561 Nuncii'
1870 2554 1878 2568 ‚
1894 2530 1928 2560 ad
1943 2529 2159 2567 Tractandum,
2177 2528 2409 2559 Communican—

2431 2382 2506 2415 Ann.
2518 2383 2562 2415 D.

2450 2431 2537 2462 1419.

2430 2466 2481 2489 Atl-
2501 2472 2515 2497 7
2522 2483 2529 2489 .

2429 2505 2464 2528 H.
2485 2510 2510 2534 ς.

2430 2543 2470 2566 Ex
2477 2538 2543 2566 Bibl.

1347 2571 1436 2607 dum,
1453 2571 1486 2600 &
1504 2569 1746 2599 Concludendum
1758 2579 1825 2599 cum
1843 2568 2090 2599 Ambaxiatoribus
2106 2567 2138 2597 &
2155 2567 2283 2598 Nunciis
2296 2590 2305 2605 ‚
2324 2568 2409 2602 ‚Scre-
2426 2580 2484 2605 CM„
2500 2580 2548 2604 Ti-

1349 2607 1456 2638 nissimi
1479 2616 1562 2644 atque
1588 2606 1820 2638 Excellentissimi
1840 2607 1933 2636 Princi
1956 2607 1998 2643 is,
2020 2605 2231 2645 Consanguinei
2245 2607 2277 2636 ἃ
2295 2606 2409 2636 Adver-
2428 2618 2512 2644 bert-u,
2531 2618 2562 2644 Β,

1349 2647 1409 2677 sarii
1423 2646 1493 2681 dieti
1510 2646 1631 2676 Domini
1649 2645 1754 2682 nostri,
1769 2648 1848 2683 Regis
1861 2649 1930 2681 Ang
1940 2648 1975 2674 iae
1985 2667 1995 2682 ,
2012 2644 2049 2674 de
2063 2646 2096 2675 δε
2112 2644 2191 2682 super
2213 2644 2410 2684 lnfrastripris,
2431 2654 2562 2691 ⁶·f⁰²·3²-

1349 2684 1520 2715 sufficienter
1535 2685 1565 2714 &
1582 2684 1706 2722 legitime
1722 2683 1875 2721 Deputati‚
1894 2684 1964 2713 sicut
1983 2692 2032 2720 per
2045 2683 2167 2720 ejusdem
2181 2682 2306 2713 Domini
2322 2683 2411 2714 nostri
2428 2696 2460 2720 B.

1351 2721 1577 2753 Metuendiffimi
1591 2725 1755 2752 Francorum
1774 2724 1867 2760 Regis,
1889 2720 2139 2752 Commiffionum
2153 2721 2278 2760 Literas,
2294 2721 2411 2752 eviden-

1351 2772 1393 2792 ter
1405 2770 1535 2798 apparet,

1390 2801 1524 2839 Qiarum
1537 2798 1639 2829 Tenor
1651 2798 1789 2838 sequitur,
1805 2800 1839 2831 ὃς
1855 2798 1898 2829 est
1909 2798 1989 2836 talis,

1418 2876 1539 2914 Hales,
1557 2885 1606 2914 par
1629 2875 1653 2905 la
1673 2874 1770 2906 Grace
1785 2875 1821 2905 de
1835 2874 1912 2905 Dieu
1922 2898 1931 2913 ,
1950 2878 2007 2911 Roy
2021 2875 2054 2904 de
2066 2877 2169 2904 France
2183 2873 2212 2904 A
2224 2881 2290 2905 tous
2305 2873 2415 2914 Cequ,

1430 2916 1479 2953 qui
1492 2925 1538 2945 ces
1553 2914 1688 2952 presentes
1706 2914 1813 2945 Lettres
1827 2923 1959 2950 verrom,
1977 2912 2061 2943 Salut.

1389 2952 1536 2990 Comme,
1554 2963 1594 2984 ou
1609 2952 1698 2992 Moys
1711 2953 1746 2983 de
1760 2953 1874 2983 Feurier
1883 2952 2122 2982 derrenierement
2137 2949 2229 2990 paffe,
2247 2950 2353 2991 Nous,

1389 2991 1469 3022 Pour
1482 2992 1622 3023 l'Onneur
1637 2993 1670 3023 ὅτ,
1685 2991 1852 3022 Reverence
1865 2989 1900 3020 de
1917 2988 2013 3019 nostre
2024 2989 2178 3028 Seigneur‚

1390 3030 1430 3062 Et
1445 3031 1585 3064 Eschever
1599 3029 1740 3061 l'effulion
1753 3030 1792 3059 du
1807 3029 1880 3059 Sanc
1895 3026 2056 3066 Christien‚

1392 3068 1429 3099 Et
1449 3080 1463 3100 a
1477 3069 1522 3100 :fin
1543 3069 1579 3099 de
1597 3077 1714 3099 trouver
1734 3067 1800 3097 Paix
1817 3088 1826 3102 ,
1852 3067 1966 3097 Amour
1978 3089 1988 3105 ,
2015 3067 2049 3097 ὃς
2064 3065 2222 3098 Concorde
2236 3076 2305 3099 avec
2318 3065 2414 3099 nostre

1356 3108 1449 3148 Coufin
1464 3107 1502 3142 &t
1519 3108 1691 3145 Adversaire
1713 3105 1926 3143 d'Angleterre‚

1393 3147 1471 3177 Pour
1486 3146 1510 3177 le
1528 3147 1627 3182 Repos
1641 3145 1675 3175 &
1689 3144 1881 3181 Tranquillite
1895 3144 1930 3174 de
1945 3153 2005 3174 noz
2018 3143 2125 3180 Peuple
2136 3144 2168 3174 &
2184 3143 2299 3182 Subgez

1392 3184 1524 3214 Euffions
1545 3183 1680 3213 Commis
1702 3184 1736 3212 δε
1759 3183 1892 3220 Deputez
1907 3205 1916 3220 ‚
1939 3183 2035 3213 nostre
2054 3182 2196 3212 Trescher
2220 3182 2253 3213 &
2279 3166 2415 3212 'fresame

1357 3223 1436 3259 fiiz,
1455 3222 1480 3252 le
1495 3225 1554 3251 Duc
1567 3222 1599 3251 de
1612 3223 1777 3258 Bretaigne‚
1796 3230 1855 3250 noz
1877 3222 1971 3251 Amez
1992 3222 2025 3252 &
2042 3221 2150 3259 feaulx,
2166 3219 2267 3259 Johan
2289 3221 2321 3250 de
2337 3224 2414 3258 Vergi

1356 3262 1491 3299 Seigneur
1506 3259 1638 3300 Daucrey
1674 3263 1772 3289 Renier
1789 3262 1840 3289 Pot
1853 3260 1987 3290 Scioneur
2003 3260 2040 3289 de
2055 3261 2080 3290 la
2093 3259 2199 3290 Roche
2209 3281 2219 3296 ³
2237 3263 2364 3289 Antoine
2380 3260 2413 3288 de

1355 3298 1537 3336 Thoulonion‚
1555 3307 1614 3329 noz
1627 3282 1806 3336 (flievalierQ
1826 3284 2004 3329 Conseilliers
2015 3321 2024 3335 ,
2039 3299 2073 3329 &
2082 3297 2302 3335 Chambenans‚
2322 3296 2413 3327 Mais-

1357 3345 1409 3368 tre;
1423 3361 1432 3375 ,
1457 3337 1556 3375 Johan
1577 3336 1601 3366 le
1621 3336 1700 3366 Clerk
1714 3360 1722 3374 ,
1747 3340 1806 3377 Guy
1826 3335 1943 3366 Geluner
1959 3359 1968 3374 ‚
1994 3336 2125 3366 Maistres
2136 3335 2185 3366 des
2207 3335 2361 3373 Requestes
2375 3335 2412 3364 de

1356 3375 1452 3406 nostre
1474 3374 1610 3411 Hostele,
1626 3378 1721 3416 Henry
1746 3376 1778 3404 de
1793 3374 1933 3415 Chaufhur
1954 3375 2067 3406 Escuier
2078 3374 2262 3410 d'Escuierie,
2281 3372 2411 3411 Maystre

1356 3417 1455 3452 Geor-ge
1474 3413 1626 3451 d'Osband,
1652 3415 1685 3444 &
1706 3413 1786 3453 John
1799 3414 1901 3454 Rynel,
1919 3423 1978 3444 noz
1991 3414 2162 3449 Secretares,
2177 3421 2250 3449 pour
2263 3410 2410 3446 affernbler

1356 3462 1427 3483 avec
1449 3452 1544 3482 nostre
1565 3453 1607 3482 dit
1623 3453 1816 3492 Adversi'iire²
1833 3463 1872 3482 ou
1894 3452 1933 3482 ses
1949 3451 2086 3482 Commis
2099 3451 2134 3481 δε
2146 3449 2297 3487 Deputez,
2315 3449 2358 3479 sur
2371 3450 2411 3480 les

1358 3491 1426 3521 Faiz
1441 3490 1488 3521 des
1502 3490 1586 3529 Paix,
1605 3490 1778 3528 Concorde‚
1797 3493 1831 3523 &
1846 3491 2015 3528 Traieiaeez,
2135 3525 2141 3531 ,
2321 3526 2326 3531 ‚

1394 3529 1431 3559 Et
1453 3530 1510 3559 leur
1530 3538 1548 3559 E
1559 3538 1580 3558 υ
1593 3538 1604 3559 s
1613 3539 1625 3559 s
1635 3538 1673 3559 or
1684 3538 1706 3559 N
1716 3539 1728 3560 s
1754 3529 1784 3559 D
1793 3539 1813 3559 o
1823 3537 1846 3559 N
1857 3537 1880 3559 N
1891 3539 1919 3560 E.
1936 3530 2008 3566 plain
2028 3524 2156 3556 Pouvoir
2168 3547 2180 3562 ,
2205 3523 2356 3555 Αιιᾶοτιῐε
2376 3527 2412 3557 &

1359 3567 1550 3598 Mandement
1563 3567 1676 3605 especial
1691 3568 1726 3598 de
1739 3567 1906 3605 Convenit,
1922 3565 2068 3603 Traffier,
2086 3562 2249 3600 Composer
2264 3585 2274 3600 ,
2294 3563 2410 3594 Transi-

1357 3616 1405 3645 ger
1419 3630 1428 3644 ,
1457 3605 1574 3636 Pacifier
1597 3608 1769 3644 plainement
1785 3630 1795 3644 ‚
1817 3607 1850 3636 ὃ(
1871 3605 2054 3635 finablement
2073 3601 2222 3632 Accorder
2240 3601 2274 3632 ὃς
2298 3603 2377 3632 venir
2395 3613 2411 3634 a

1358 3647 1457 3674 bonne
1476 3643 1551 3674 Peax
1575 3646 1609 3675 &
1628 3644 1801 3682 Concorde,
1817 3644 1859 3674 sur
1869 3652 1933 3674 tous
1948 3642 2068 3677 Debaz,
2086 3638 2296 3678 Contentions,
2315 3641 2410 3679 Qies-

1358 3685 1451 3720 tions,
1467 3681 1609 3720 Guerres‚
1626 3682 1746 3721 Riotes‚
1764 3684 1797 3714 &
1813 3682 1942 3717 Discors,
1959 3688 2045 3710 meuz
2058 3679 2092 3708 &
2105 3687 2120 3722 a
2134 3679 2286 3716 mouvoir,
2303 3681 2411 3710 entem-

1357 3722 1407 3751 ble
1418 3729 1481 3750 tous
1494 3721 1566 3750 leurs
1586 3722 1724 3760 Articles>
1741 3723 1775 3752 &
1793 3718 2040 3753 circumstances,
2055 3715 2235 3754 Incidences,
2254 3716 2413 3756 Emergen-

1359 3769 1423 3796 ces,
1440 3759 1473 3789 &
1489 3758 1714 3796 Dependence5‚
1734 3767 1811 3789 entre
1823 3760 1918 3794 Nous,
1937 3766 1989 3786 nos
2004 3755 2177 3793 Roiaumes,
2195 3755 2338 3794 Subgiez‚
2350 3756 2412 3787 Sei-

1360 3799 1490 3835 gneuries
1504 3820 1513 3835 ,
1542 3798 1621 3827 Amis
1637 3821 1647 3836 ,
1674 3799 1768 3835 Alies‚
1789 3797 1907 3831 Amans,
1925 3795 1958 3824 &
1975 3794 2120 3824 Adherens
2133 3793 2359 3832 quekconques,
2377 3794 2414 3824 de

1361 3845 1394 3865 ca
1415 3837 1448 3865 &
1470 3835 1506 3865 de
1518 3836 1542 3865 la
1557 3836 1581 3865 la
1596 3835 1678 3873 Mer,
1693 3836 1778 3866 d'une
1790 3834 1873 3870 Part,
1890 3834 1924 3864 &
1938 3831 2022 3870 nostre
2037 3831 2078 3862 dit
2090 3831 2266 3872 Adverfizir‚
2284 3833 2324 3863 ses
2337 3833 2412 3864 Sub-

1360 3875 1441 3912 giez,
1457 3874 1491 3903 &
1510 3875 1683 3912 Seigneuries
1697 3898 1706 3912 ,
1724 3868 1820 3910 Ᾰπιίε,
1838 3872 1938 3908 Aliez,
1957 3871 2079 3909 Aidam,
2095 3871 2129 3901 &
2153 3871 2298 3901 Adherens
2316 3871 2414 3909 quelx-

1362 3922 1505 3949 conques‚
1524 3913 1630 3942 d’autre
1639 3912 1722 3949 Part,
1741 3913 1760 3943 si
1777 3919 1894 3942 comme
1907 3911 1967 3948 plus
1983 3919 1999 3940 a
2010 3910 2082 3946 plain
2097 3920 2144 3940 ces
2158 3909 2256 3939 choses
2267 3909 2301 3940 &
2314 3909 2416 3940 aultres

1363 3950 1426 3980 sont
1446 3958 1601 3980 contenues
1622 3961 1657 3980 en
1669 3959 1727 3979 noz
1742 3950 1850 3980 Lettres
1860 3971 1870 3985 ,
1884 3947 1927 3977 sur
1942 3957 1976 3977 ce
1990 3948 2101 3986 fanstes,
2119 3949 2152 3978 &
2167 3947 2256 3986 paffes
2268 3957 2304 3978 en
2320 3946 2416 3977 nostre

1365 3987 1459 4018 Grant
1473 3987 1604 4025 Corisess,
1620 3999 1639 4017 a
1655 3991 1790 4018 Prouvins
1802 3987 1829 4018 le
1844 3987 1922 4018 xxvi.
1936 3986 2008 4025 Jour
2018 3986 2057 4017 du
2073 3985 2164 4026 Moys
2179 3985 2216 4017 de
2227 3985 2340 4022 Femier
2352 3985 2418 4015 der-

1365 4028 1549 4057 renieretnent
1563 4025 1655 4064 passe,
1731 4054 1734 4057 .
2385 4022 2424 4055 Et
