2562 4274
726 169 838 217 ΕΤ
918 142 1741 238 ACTA'PUBLJCA.

26 263 103 299 Ann.
119 265 160 297 D.
182 262 251 294 dicii
273 261 471 298 Matrimonii,
494 267 619 292 teneatur
641 260 675 292 &
689 259 789 292 debeat
809 258 996 298 constituere,
1018 260 1051 290 &
1071 259 1150 298 quod
1165 268 1237 289 con-

56 313 136 344 ¹421·
180 300 289 338 stituet,
307 301 417 332 Dotem
432 299 516 330 dieta:
530 298 685 336 Dominae,
701 309 734 329 ac
748 299 813 329 dare
827 299 860 328 δε
873 299 980 328 solvere
995 300 1113 337 praefato
1129 297 1236 328 Domi-

27 347 90 372 lien.
102 352 131 380 5.
177 347 218 371 no
238 338 394 376 Edmundo,
412 340 509 367 comiti
531 347 561 368 ut
575 337 670 374 supra,
688 347 742 374 pro
757 336 838 367 Dore
849 336 883 367 ὃς
898 336 1033 367 Nomine
1046 335 1234 374 Dotispraeli-

177 378 250 407 batae
266 380 390 407 Dominae
406 379 517 413 Luciae,
534 375 704 404 Florenorum
717 378 892 413 Septuaginta
908 375 1182 413 Millia,valentium
1198 374 1234 404 ad

176 425 311 453 computa
327 414 508 453 infrascripta,
526 414 559 444 &
577 424 624 452 per
636 414 667 444 Τ
669 413 793 443 erminos
807 413 1007 451 infrascriptos,

216 453 318 492 (Viz.)
340 453 523 483 Florenorum
547 451 714 482 Duodecim
735 450 843 488 Millia,
859 451 894 482 ad
915 451 1099 489 Compotum
1117 451 1233 481 Sterlin-

176 491 318 530 lingorum
331 493 416 522 xxxvi
430 491 513 529 Angl.
526 500 579 531 pro
595 490 728 531 Floreno,
735 489 991 527 consignandorum
1002 492 1031 521 in
1046 490 1148 529 Anglia
1163 489 1232 519 cum

179 530 283 560 solenni
309 529 448 560 Tractatu
466 531 500 561 &
520 531 673 560 deventum
695 530 724 557 iit
749 528 784 558 ad
806 528 917 558 dffium
940 529 1162 559 Matrimonium
1183 537 1232 566 per

178 568 264 600 verba
283 567 319 598 de
338 567 488 606 Praesenti,
505 568 539 599 ὅτ.
556 576 604 604 per
618 565 780 597 Anulorum
794 565 1003 598 Immisfionem
1017 568 1050 598 &
1062 566 1233 597 Subarratio-

176 616 261 644 nem,
279 606 312 637 &
326 606 384 647 ipfi'z
397 609 515 638 Domina
527 607 615 635 Lucia
626 605 707 635 fuerit
721 604 867 636 Tradueia
881 605 915 637 ad
924 604 1073 644 praefatum
1088 608 1233 635 Dominum

176 648 304 675 Comitem
317 646 351 675 ὃ(
367 655 415 683 per
429 654 494 675 eum
508 642 653 673 carnaliter
670 642 753 673 fuerit
765 645 896 682 cognita,

215 683 270 722 Et,
287 683 378 721 elapso
399 683 488 715 Anno
507 690 585 717 un0,
603 691 618 711 a
637 681 682 711 die
701 681 756 718 qua
776 682 849 713 faita
869 682 952 713 fuerit
965 681 1076 712 Solutio
1089 681 1233 712 dietorum

179 721 366 753 Florenorum
388 719 556 752 Duodecim
572 718 681 757 Millia,
700 728 767 750 tunc
780 721 862 757 inde,
878 720 912 751 ad
928 721 1046 750 Annum
1062 730 1151 750 unum
1165 728 1234 749 tunc

178 762 311 798 proximo
325 760 468 796 futurum,
485 758 670 789 Florenorum
682 757 762 788 Octo
777 758 888 797 Millia,
907 758 1077 789 Ducenium
1093 758 1233 797 Ociogin-

178 807 206 829 ta
245 799 366 835 uirique,
383 797 418 828 ad
437 805 606 834 computum
624 796 653 827 S.
674 797 756 827 xxxvi
778 796 863 836 Angl.
884 807 938 837 pro
953 797 1082 836 quolibet
1096 796 1235 834 FlorenO,

177 838 213 869 &
225 809 257 866 ἓ.
270 837 315 867 xxi
330 836 363 867 &
380 835 420 866 D.
435 846 462 867 v.
476 834 577 873 imper.
641 873 646 878 ι
790 873 794 879 Ι
840 874 844 878 .
979 873 984 878 .

216 874 254 905 Et
275 873 393 913 deinde,
413 874 496 904 omni
518 874 622 911 Anno,
639 883 667 902 in
683 871 739 902 fine
751 872 894 911 cujussibet
908 872 1003 910 Anni,
1022 873 1088 903 alios
1103 873 1237 903 Florenos

177 910 259 943 Octo
280 911 393 951 Miilia,
411 912 579 944 Ducenium
594 935 604 949 ,
626 910 784 948 Octoginta
801 913 928 950 quinque
947 910 1052 948 Imper.
1071 912 1165 941 donec
1186 911 1237 940 erit

176 950 251 982 faeta
271 951 305 982 &
323 951 466 989 completa
487 950 599 981 Solutio
617 949 820 988 praedietorum
846 949 1033 980 Florenorum
1059 949 1237 990 Septuaginta

175 988 270 1021 Millia
285 989 319 1020 ad
331 998 466 1029 compota
479 987 653 1025 suprascripta
672 996 679 1015 z

214 1028 253 1059 Et
263 1028 353 1068 quod,
360 1028 488 1067 praefatus
498 1024 801 1063 Dominusssominus
809 1028 848 1055 N.
858 1029 927 1056 Dux
933 1034 1057 1058 teneatur
1064 1027 1098 1058 &
1105 1027 1216 1064 debeat,

213 1065 270 1097 Pet
282 1067 431 1104 publicum
444 1066 477 1096 &
493 1064 617 1095 solemne
629 1062 849 1094 instrumentum
859 1086 868 1102 ,
883 1065 1015 1095 vallatum
1030 1076 1096 1096 cum
1112 1066 1238 1096 Promis-

178 1106 320 1143 l'ionibus,
336 1103 585 1143 obligationibus,
601 1101 892 1145 RenunciationibuS,
911 1103 1186 1144 Constitutionibus,
1203 1106 1237 1135 &

177 1144 312 1175 Clausulis
332 1142 555 1182 quibuscumque
567 1141 724 1172 necessariis
738 1142 772 1172 δε
785 1143 952 1181 oportunis,
970 1144 1003 1174 &
1018 1153 1068 1181 per
1084 1142 1235 1174 Publicum

175 1182 332 1214 Notarium
351 1180 585 1217 conficiendum,

213 1219 400 1258 Promittere,
418 1220 451 1250 δε
466 1219 503 1250 Se
516 1221 548 1250 &
562 1219 640 1249 Bona
652 1217 697 1249 sua
712 1217 862 1259 Obligare,
881 1220 914 1251 ὃς
929 1219 1021 1250 facere
1035 1229 1103 1251 cum
1117 1219 1235 1258 effectu,

174 1259 255 1299 quod
269 1258 405 1290 Comune
416 1257 582 1289 Mediollani
590 1280 600 1296 ,

164 1303 168 1310 ‘
213 1296 270 1327 Per
281 1296 431 1335 Sindico8,
448 1297 572 1336 legitime
587 1297 755 1327 constitutos
769 1295 814 1326 seu
830 1295 1058 1334 constituendos,

214 1334 349 1366 Similiter
368 1335 423 1366 una
445 1345 515 1366 cum
528 1335 673 1374 praelibato
693 1335 840 1372 Domino,
860 1334 995 1364 Domino
1019 1337 1058 1363 N.
1076 1337 1165 1371 Duce,
1184 1344 1233 1371 per

176 1373 326 1411 publicum
343 1375 376 1405 ὃ(
397 1374 522 1405 solemne
543 1373 780 1410 instrumentum,
799 1373 930 1403 vallatum
953 1382 982 1403 ut
1001 1373 1096 1410 supra,
1114 1374 1234 1412 promit-

176 1418 236 1442 tent
256 1412 310 1451 Se,
329 1413 362 1443 ὃς
382 1413 472 1452 ipsum
498 1412 650 1451 Comune,
668 1414 702 1443 &
722 1412 799 1442 Bona
814 1412 847 1441 &
862 1410 977 1442 Intratas
989 1411 1059 1442 dicti
1074 1411 1233 1449 Comunis,

176 1450 313 1490 Obligare
335 1452 453 1490 praefato
474 1450 575 1481 Illustri
597 1454 712 1481 Domino
731 1449 890 1487 Edmundo,
908 1450 952 1480 seu
971 1451 1027 1487 ejus
1048 1449 1232 1487 Haeredibus,

177 1497 224 1518 aut
237 1492 293 1528 ejus
307 1498 386 1520 certo
400 1489 484 1520 miffo
498 1490 638 1527 Nuncio,
655 1489 701 1520 vel
716 1487 914 1525 Procuratori,
934 1489 1086 1526 praedictos
1100 1488 1233 1519 Florenos

175 1526 356 1568 Septuaginta
379 1528 488 1567 Millia,
505 1538 554 1566 per
574 1527 728 1558 Terminos
748 1526 958 1566 suprascriptos,
977 1527 1011 1556 ad
1032 1535 1169 1565 compota
1191 1526 1235 1557 su-

176 1566 342 1605 prascripta,
361 1569 395 1598 &
414 1576 484 1599 cum
504 1566 655 1605 Expensis,
673 1566 832 1603 Dampnis‚
851 1563 1030 1607 &Interesse
1042 1575 1106 1602 quae
1123 1564 1236 1595 Fierent

177 1604 223 1635 vel
243 1604 406 1636 Paterentur
425 1615 479 1645 pro
497 1605 639 1647 praedietis
658 1604 788 1634 Denariis
810 1602 941 1633 Petendis
955 1603 989 1634 &
1008 1602 1173 1642 Exigendis,
1190 1603 1236 1634 vel

176 1643 213 1674 ab
226 1643 282 1674 alio
294 1644 505 1683 recuperandis,
522 1644 617 1681 aliquo
629 1643 772 1673 Termino
784 1641 922 1678 praeterito
942 1648 948 1667 :

215 1680 254 1720 Et
272 1682 371 1723 quod,
388 1682 516 1720 ulterius,
531 1682 660 1717 praefatus
674 1680 819 1710 Dominus
834 1681 965 1708 Dominus
980 1681 1050 1708 Dux
1065 1688 1189 1710 teneatur
1202 1681 1235 1711 ὃς

174 1719 290 1759 debeat,
308 1721 365 1759 ejus
385 1721 505 1759 propriis
520 1719 663 1757 Dampnis
676 1720 709 1750 &
725 1717 874 1756 Expensis,
893 1718 921 1746 in
936 1726 1071 1748 eventurn
1084 1718 1152 1748 dieti
1170 1717 1238 1748 Ma-

175 1759 320 1797 trimonii,
338 1759 479 1791 contracti
500 1768 548 1796 per
566 1759 652 1788 verba
670 1757 705 1787 de
723 1756 849 1794 praesenti
872 1764 901 1786 ut
920 1756 1014 1795 supra,
1033 1756 1189 1795 consignari
1203 1758 1237 1787 &

176 1796 305 1828 associari
316 1797 408 1828 facere
421 1796 594 1827 Honorifice
608 1797 640 1827 &
655 1795 788 1825 decenter
795 1792 946 1832 praefatam
959 1797 1105 1825 Dominam
1113 1797 1238 1834 Luciam,

176 1836 327 1905 ‘’ccafissnle
338 1835 408 1866 dicti
425 1834 605 1866 Matrimonii
620 1834 764 1865 carnaliter
780 1832 1107 1873 consummandi,usque
1122 1833 1156 1864 ad
1172 1833 1240 1865 Ma-

175 1883 220 1904 re·
241 1885 271 1905 vr
292 1882 372 1905 ercet

213 1898 262 1944 Ἆά
273 1897 391 1943 alterutri
402 1921 437 1943 ex
448 1911 558 1943 Tribus
571 1911 746 1951 infrascriptis
760 1908 910 1948 Portibu83
927 1909 1073 1950 videlicet,

212 1950 261 1981 Ad
281 1953 392 1980 Portum
409 1951 579 1989 Dordrecht,

215 1989 270 2020 Vel
287 1990 322 2020 ad
339 1992 451 2019 Portum
468 1989 639 2028 Midelburg‚

213 2028 269 2058 Vel
284 2028 318 2059 ad
335 2030 447 2058 Portum
464 2027 569 2060 calexii
588 2038 597 2057 :
1130 2058 1134 2063 .

215 2066 252 2097 Et
274 2076 291 2097 a
309 2065 389 2097 dieto
409 2066 485 2097 Mari
506 2067 534 2097 in
557 2073 637 2097 antea
654 2065 850 2105 consignetur,
871 2065 905 2096 δε
920 2065 1077 2105 consignari
1091 2065 1238 2097 debeat&

176 2106 299 2143 traduci,
316 2105 483 2143 Sumptibus
501 2106 535 2136 &
557 2102 690 2144 Expenfis
709 2105 743 2135 ὃς
757 2113 826 2135 cum
840 2103 988 2136 Comitiva
1002 2103 1110 2144 praefati
1124 2104 1241 2136 illustris

176 2142 303 2174 Domini
318 2143 457 2174 Edmundi
468 2146 577 2173 comitis
590 2151 621 2173 ut
636 2142 715 2180 stipra
732 2152 739 2171 t

215 2182 314 2221 Qare
326 2182 482 2220 praelibatus
496 2182 643 2212 Dominus
655 2184 787 2211 Dominus
797 2183 839 2211 N.
854 2184 933 2220 Dux,
942 2182 1027 2212 etiam
1041 2180 1091 2213 sub
1105 2180 1240 2213 Nomine

177 2213 297 2256 Ducaiis
311 2220 539 2260 Dignitatis,pr0
552 2219 608 2251 una
621 2229 714 2258 parte,
727 2221 761 2252 &
773 2219 924 2257 praedictus
938 2219 1057 2250 Nobilis
1069 2221 1102 2250 &
1116 2222 1241 2260 egregius

179 2258 369 2297 Vir,Thomas
383 2259 414 2289 de
433 2258 463 2289 la
476 2263 568 2298 Crois,
581 2259 644 2290 alias
656 2259 688 2288 de
699 2258 728 2288 la
743 2261 838 2295 Cruce,
852 2258 987 2289 Nomine
1003 2267 1061 2297 quo
1073 2258 1168 2298 supra,
1185 2269 1239 2296 pro

176 2296 263 2328 altera
282 2307 375 2337 parte,
393 2297 598 2335 Promiserunt,
615 2297 649 2328 &
667 2295 792 2327 Vadium
816 2297 966 2335 dederunt,
985 2297 1018 2328 ὃς
1030 2296 1110 2334 Sese,
1125 2297 1158 2327 &
1171 2307 1239 2328 otn-

177 2336 224 2366 nia
236 2338 299 2375 iiia,
313 2336 364 2368 sub
377 2334 410 2368 &
429 2336 458 2366 in
474 2336 557 2367 dietis
570 2335 767 2374 Nominibus,
782 2334 877 2373 Bona,
891 2336 910 2355 *ὅ
926 2335 1069 2375 praesentia
1082 2336 1115 2366 &
1130 2335 1240 2375 futura,

177 2374 373 2414 Obligaverint
391 2370 445 2405 sibi
458 2374 578 2405 viciffim
599 2374 764 2412 (videlicet,
782 2383 836 2404 una
849 2374 916 2405 Pars
931 2374 1023 2411 alteri,
1043 2375 1076 2405 &
1093 2373 1186 2405 Altera
1199 2375 1240 2406 al-

177 2413 247 2451 teri)
266 2413 402 2454 praedicta
425 2414 524 2444 omnia
537 2413 570 2444 &
586 2413 690 2452 singula
703 2412 873 2450 Attendere,
890 2412 1051 2451 observare,
1069 2413 1240 2452 adimplere,

177 2452 212 2484 &
227 2453 390 2483 executioni
402 2452 551 2489 mandare,
563 2453 597 2484 ὃς
612 2453 640 2482 in
653 2452 745 2491 aliquo
760 2459 861 2482 contra
876 2460 936 2481 non
949 2452 1040 2482 facere
1053 2461 1107 2482 nec
1123 2453 1220 2483 venire
1229 2476 1240 2491 ,

175 2490 270 2529 aliqua
289 2492 413 2529 ratione,
430 2500 484 2522 nec
504 2490 603 2528 causa,
620 2490 751 2559 degure,
768 2499 823 2520 nec
839 2489 875 2520 de
889 2489 997 2528 Facto,
1015 2489 1065 2519 sub
1080 2489 1242 2522 Reffetstio-

176 2539 215 2560 ne
235 2530 269 2560 &
289 2528 483 2561 Restitutione
501 2530 635 2560 omnium
664 2528 863 2569 ⁴'xpensarum,
878 2527 1100 2567 Dampnorum,
1117 2530 1150 2561 ὃ(
1164 2528 1243 2559 Inte-

175 2566 248 2599 reffe
263 2568 335 2598 Liris
349 2569 382 2599 &
396 2577 471 2599 extra
490 2578 497 2598 ι

217 2605 348 2646 Insuper,
363 2606 397 2636 ad
418 2607 553 2645 majorem
573 2606 684 2637 roboris
707 2605 888 2643 firmitatem,
905 2605 939 2636 &
961 2614 1015 2644 pro
1029 2605 1166 2642 praediCtis
1182 2614 1244 2636 me·-

178 2643 232 2675 lius
251 2645 442 2683 attendendis,
462 2647 495 2677 &
508 2654 539 2676 ut
553 2643 686 2685 praefatus
705 2644 864 2674 Edmundus
884 2643 915 2673 sit
936 2642 973 2673 de
993 2644 1027 2673 &
1041 2654 1093 2682 pro
1108 2644 1242 2683 praedicta

179 2681 262 2714 Dote
283 2684 480 2715 constituenda
501 2693 532 2714 ut
553 2684 631 2723 supra
650 2684 736 2721 magis
754 2684 865 2714 securus
878 2705 888 2720 ,
909 2681 1058 2719 Rugirollus
1080 2683 1112 2712 de
1128 2686 1244 2721 comite,

182 2721 269 2753 Filius
289 2723 434 2761 quondam
455 2722 579 2753 Domini
601 2721 726 2761 Gasperri
748 2725 873 2760 Comitis,
889 2719 984 2751 Portae
998 2720 1173 2759 Ticinensis,
1191 2720 1246 2752 Pa-

182 2760 291 2790 rochiae
306 2761 402 2797 Sanffl
417 2761 559 2792 Laurentii
575 2760 694 2799 Majoris
706 2761 779 2790 intus
792 2758 977 2795 Mediollani,
997 2759 1126 2789 Calzinus
1144 2760 1176 2789 de
1191 2762 1245 2789 Vi-

181 2798 343 2828 cecomitibus
364 2799 449 2830 Filius
490 2800 613 2831 nondam
637 2798 761 2829 Domini
781 2798 937 2838 Johannis,
964 2797 1060 2829 Portae
1080 2798 1244 2837 Romanae,

182 2834 331 2880 Parochiae
350 2837 445 2868 Sancti
464 2811 601 2876 Jqohannis
623 2837 737 2878 ytollani
751 2860 761 2875 ,
790 2836 983 2867 Bertollonicus
1003 2838 1035 2866 de
1060 2836 1245 2875 Aliprandis,

183 2873 269 2905 Filius
293 2875 437 2913 quondam
457 2877 610 2915 specstabilis
629 2877 663 2907 δε
678 2877 783 2915 egregii
804 2875 907 2907 Militis
924 2875 1091 2914 Legumque
1102 2875 1244 2906 Doctoris

180 2911 309 2944 Domini
323 2916 451 2944 Araxini
484 2914 580 2945 Portae
590 2914 907 2952 Cumanae,Parochiae
922 2913 951 2944 S.
964 2913 1101 2953 Johannis
1113 2914 1147 2945 ad
1163 2914 1245 2952 Qa-

180 2958 245 2983 tuor
267 2952 378 2991 Facies,
393 2938 502 2983 Sindici
525 2954 558 2983 ὃ(
580 2952 794 2996 Procuratores,
814 2953 846 2983 ἃ
860 2952 1015 2996 Sindicario
1030 2953 1063 2983 &
1077 2952 1245 2996 Procurato-

181 2992 225 3020 rio
245 2990 379 3022 Nomine
401 2991 545 3022 Comunis
563 2989 741 3028 Mediolani,
759 2991 793 3020 ad
815 2990 878 3020 haec
890 2991 924 3020 ὅτ
937 2991 988 3020 alia
1001 2991 1151 3028 specialiter
1166 3001 1242 3021 con-

184 3028 287 3067 stituti,
304 3039 334 3061 ut
350 3029 473 3061 Publico
488 3029 598 3061 constat
614 3028 806 3059 instrumento
819 3028 891 3059 dieti
905 3028 1082 3066 Sindicatfis,
1096 3029 1200 3060 tradito
1212 3031 1244 3061 δε

182 3075 283 3105 rogato
302 3077 353 3106 per
371 3068 543 3110 Ambrofium
559 3069 590 3098 de
605 3067 729 3105 clericis,
747 3067 783 3096 de
799 3067 959 3105 Lomazio,
977 3066 1156 3105 Mediolani,
1174 3068 1245 3098 No-

180 3107 283 3136 tarium
298 3115 331 3137 ac
346 3106 415 3137 dieti
430 3106 604 3140 Communis
621 3106 797 3144 Mediolani,
815 3106 902 3136 Anno
914 3105 1061 3144 praesenti,
1078 3106 1124 3136 die
1138 3106 1246 3137 Sabba-

180 3144 203 3174 ti
225 3144 279 3182 xxij
303 3144 441 3182 praesentis
461 3145 569 3176 Mensis
592 3145 712 3183 Martii,
729 3145 763 3175 ὃς
783 3144 900 3183 quilibet
915 3154 1016 3174 eorum
1032 3143 1245 3183 Promiserunt,

179 3182 215 3212 δε
229 3182 342 3213 vadium
357 3183 494 3213 dederunt
509 3183 663 3223 Obligandi
677 3183 788 3214 dictum
805 3181 990 3220 Commune,
1007 3183 1041 3213 &
1054 3183 1152 3212 omnia
1166 3182 1244 3213 Bona

180 3221 216 3252 &
239 3217 353 3252 liitratas
375 3221 444 3251 dicti
467 3221 641 3252 Communis
659 3221 838 3259 Mediolani,
856 3221 1000 3260 praesentia
1021 3222 1054 3251 &
1069 3221 1177 3260 futura,
1195 3220 1245 3250 Pi-

180 3262 266 3299 gnori
285 3260 463 3299 suprascripto
483 3259 595 3290 Thomae
612 3260 756 3298 praesenti,
774 3260 856 3290 dieto
877 3260 1010 3290 Nomine
1031 3259 1184 3298 stipulanti,
1210 3260 1244 3290 ὃς

182 3300 329 3338 recipienti
350 3298 483 3328 Nomine
504 3299 611 3338 praefati
634 3297 756 3328 Domini
779 3299 917 3329 Edmundi
932 3301 1040 3328 Comitis
1055 3305 1085 3327 ut
1098 3297 1192 3336 supra,
1209 3298 1243 3329 &

179 3342 233 3374 per
253 3347 321 3368 eum
343 3337 494 3374 Thomam,
519 3336 599 3367 dicto
620 3335 772 3374 Nomine,
796 3337 847 3376 ipsi
869 3340 1001 3374 Domino,
1026 3336 1186 3374 Edmunolo,
1208 3338 1241 3367 &

179 3376 251 3405 item
267 3376 314 3414 ipsi
335 3379 451 3405 Demino
466 3374 625 3412 Edmundo,
641 3373 738 3412 quod,
755 3375 785 3404 in
805 3384 938 3406 eventum
957 3375 1027 3405 dieti
1045 3375 1242 3414 Matrimonii,

181 3414 216 3445 &
238 3413 307 3445 dum
322 3413 432 3444 dietum
448 3413 668 3443 Matrimonium
685 3413 736 3442 erit
748 3413 928 3444 contractum
948 3423 998 3451 per
1015 3414 1102 3444 verba
1119 3415 1155 3444 de
1170 3423 1243 3451 prae-

181 3452 268 3492 senti,
285 3461 334 3491 per
354 3452 477 3482 modum
499 3452 533 3482 &
554 3451 678 3481 formam
699 3450 905 3490 suprascriptos,
923 3451 1062 3482 curabunt
1083 3452 1117 3481 &
1137 3452 1242 3482 facient

180 3498 252 3522 cum
272 3490 377 3523 effinstu
399 3490 498 3528 quod,
516 3490 674 3528 praelibatus
686 3488 849 3528 Dominus,
866 3488 1012 3519 Dominus
1028 3491 1068 3518 N.
1085 3492 1153 3520 Dux
1167 3490 1243 3523 dabit

181 3530 216 3560 &
231 3526 320 3561 solvet
333 3528 451 3567 praefato
465 3531 582 3558 Domino
596 3527 803 3566 Edmundo‚seu
816 3528 874 3566 ejus
887 3527 966 3567 legali
980 3527 1103 3558 Nuncio
1118 3528 1164 3558 vel
1172 3528 1244 3559 Pro-

179 3568 319 3608 curatori,
332 3567 483 3606 praedietos
504 3566 629 3597 Florenos
650 3569 824 3605 Septuaginta
843 3565 955 3605 Millia,
979 3566 1012 3597 ad
1032 3564 1111 3596 Com
1163 3576 1179 3596 a
1198 3567 1243 3598 su-·

178 3607 340 3646 prascripra,
354 3607 387 3637 δε
400 3605 554 3636 Terminos
567 3605 775 3644 suprascriptos,
783 3615 835 3643 pro
848 3604 931 3636 Dote
944 3603 1098 3636 constith
1122 3613 1158 3635 eu
1170 3614 1242 3636 con-

184 3646 324 3677 stituenda
336 3645 416 3675 distae
429 3647 553 3676 Dominae
567 3647 670 3674 Luciae.

219 3683 274 3721 Et,
291 3685 320 3715 in
341 3684 404 3715 casu
426 3693 500 3722 quo,
517 3692 567 3722 per
588 3683 679 3722 ipsum
702 3685 849 3712 Dominum
867 3684 986 3720 Ducem,
1003 3681 1079 3713 dicta
1099 3680 1182 3719 Dos,
1196 3681 1243 3712 seu

183 3722 311 3761 praediffi
326 3723 446 3753 Denarii
469 3732 521 3761 pro
538 3721 670 3760 praedicta
681 3720 775 3758 Dote,
793 3730 853 3750 non
868 3721 1013 3757 darentur,
1030 3720 1064 3751 δε
1078 3729 1138 3749 non
1154 3719 1245 3750 solve-

182 3767 296 3798 rentur,
318 3769 403 3801 proui
421 3760 561 3799 superius,
585 3758 663 3798 quod
684 3759 753 3790 dieti
779 3758 905 3796 Sindici,
930 3759 1090 3790 Sindicario
1109 3758 1244 3803 Nomine

180 3799 400 3868 issimi}
413 3795 1244 3879 Sssssiffioff‘ffiffssmdassst'lfifffifflviffiapjaeiiit‘ssossffi

183 3876 212 3908 su
234 3872 379 3914 rascripta,
396 3876 429 3912 ὃς
442 3878 472 3906 in
487 3876 632 3907 Terminis
643 3875 844 3913 suprascriptis,

249 3923 260 3944 t
282 3913 340 3943 hoc
359 3922 430 3943 eum
450 3916 583 3946 omnibus
607 3913 758 3952 Expenfis,
776 3912 933 3950 Dampnis,
949 3913 983 3943 &
1007 3911 1155 3981 interemi,
1178 3919 1243 3952 quae

29 2384 87 2421 EX.
99 2390 162 2423 ¹41·

184 3952 284 3983 fierent
298 3951 332 3982 δε
349 3958 506 3990 paterentur
517 3963 569 3992 pro
583 3953 720 3992 praedie'tis
733 3951 862 3981 Denariis
877 3950 1017 3988 petendis,
1034 3951 1132 3990 exigen
1154 3951 1190 3989 is,
1211 3952 1245 3983 &

186 3989 407 4030 consequendis,
424 3989 469 4025 vel
485 3990 548 4022 alias
562 3991 771 4033 recuperandis,
790 3989 932 4027 praeterito
945 3988 1040 4028 aliquo
1050 3991 1193 4027 termino,

223 4024 433 4060 Renunciando
442 4026 626 4069 acceptioni,
638 4029 766 4068 praefatus
774 4028 919 4058 Dominus
933 4029 1067 4057 Dominus
1074 4030 1159 4065 Dux,
1171 4036 1243 4097 {glae-

195 4067 288 4101 dietus
297 4066 429 4106 mmai,
445 4075 560 4098 necnon
574 4067 702 4105 praedicti
720 4068 839 4105 Sindici,
856 4066 890 4098 δε
909 4065 1027 4106 quilibet
1041 4075 1160 4104 eorum,
1213 4075 1244 4096 o-

2284 184 2337 232 37

1277 260 1401 289 minibus
1413 261 1513 298 quibus
1532 260 1627 298 supra,
1646 271 1706 291 non
1727 260 1869 291 Celebrati
1891 261 2049 301 hujusmodi
2069 259 2261 300 Contractus,
2279 261 2333 293 Pa·
2354 261 2431 296 Ann.
2443 256 2485 297 D.

1277 297 1390 328 <storum
1404 321 1413 335 ,
1428 298 1666 336 Promiffionum,
1691 298 1908 338 &Concordii,
1925 302 1959 331 ὃς
1981 299 2189 330 Ρηεάίᾶοηπη
2208 299 2329 337 supradi-
2374 311 2462 342 1421.

1275 335 1388 366 (storum
1405 337 1537 366 omnium
1558 337 1591 367 δε
1614 338 1650 366 iin
1673 337 1783 367 ulorum
1807 348 1866 367 non
1884 339 1921 369 ita
1944 339 2087 369 Actorum
2109 339 2141 369 &
2162 338 2333 377 Fadiorum,
2354 345 2418 370 Hen.
2438 350 2469 378 5:

1274 373 1307 402 &
1323 376 1401 403 omni
1417 374 1581 404 Probationi
1597 376 1629 405 ὃς
1678 375 1812 406 efensioni
1825 376 1855 406 in
1868 378 2056 414 contrarium,

1311 412 1438 449 Suplevit
1451 413 1574 451 insuper,
1592 415 1625 442 δε
1647 414 1760 451 Suplet,
1778 424 1810 444 ac
1832 415 1966 450 Remiffi,
1989 417 2023 447 ὃς
2046 415 2180 445 Remittit
2201 414 2332 452 praefatus

1272 448 1386 479 Illustris
1402 452 1434 481 ὃς
1449 451 1578 481 Excelsus
1594 451 1739 482 Dominus
1752 453 1895 483 Dominus
1907 456 1948 483 N.
1961 458 2040 490 Dux,
2048 453 2109 488 &a
2129 453 2206 483 certa
2218 453 2334 483 scientia

1272 487 1308 530 ὃς
1322 488 1473 519 deliberato
1487 491 1586 519 animo
1601 500 1633 519 ac
1648 490 1684 520 de
1698 492 1751 520 suae
1769 490 2008 522 Potestatisetiam
2024 492 2140 523 Ducalis
2162 492 2334 532 plenitudine

1271 534 1355 555 eiiam
1370 527 1490 558 absoluta
1500 550 1510 565 ,
1529 537 1649 557 ornnem
1664 528 1887 566 solempnitatem
1898 530 1973 568 Juris
1983 553 1992 568 ,
2009 539 2066 561 tam
2080 530 2234 568 Comanis,
2248 532 2334 569 quam

1270 562 1467 608 Municipalis,
1487 574 1545 595 tam
1561 566 1762 604 instriniicam,
1778 568 1864 605 quam
1881 570 2077 607 exirinficam,
2096 579 2160 608 quae
2174 569 2237 600 alias
2248 570 2279 599 in
2293 577 2334 600 ta-

1270 602 1343 632 libus
1357 605 1446 642 requir
1454 612 1516 634 atur
1527 604 1571 634 seu
1587 604 1734 642 expediens
1744 606 1828 636 foret:

1310 640 1498 681 Mandantes,
1514 644 1547 673 ὃς
1560 642 1770 674 Mandaverunt
1799 644 1926 683 insuper,
1944 646 2072 682 praefatus
2092 644 2204 676 Illustris
2226 642 2334 676 Domi-

1274 688 1325 708 nus
1342 682 1472 710 Dominus
1495 684 1536 711 N.
1557 684 1643 720 Dux,
1663 682 1695 712 &
1714 682 1820 720 praefati
1842 684 1946 713 Sindici
1960 682 2134 713 Communis
2156 684 2335 722 Mediolani,

1272 725 1321 756 per
1336 717 1504 758 Praesentes,
1521 720 1578 750 hoc
1598 720 1716 759 praesens
1734 719 1976 759 Instrumentum,
1991 721 2024 752 ad
2046 723 2180 760 majorem
2200 722 2334 754 Firmita-

1274 765 1352 799 tem,
1370 757 1403 787 &
1425 758 1454 786 in
1478 757 1673 788 testimonium
1694 759 1726 788 &
1750 759 1838 789 robur
1859 759 2088 797 Praemissorum,
2105 761 2272 799 appensione
2288 761 2333 791 Si-

1274 793 1531 862 {diffruffipraef'f'ti
1546 796 1671 827 Domini
1691 798 1732 826 N.
1753 800 1854 835 Ducis,
1870 798 1902 829 &
1918 798 1987 828 dieti
2009 796 2150 829 Comun‘is
2173 799 2333 831 Mediolani

1296 841 1311 861 e
1332 841 1378 863 ere
1394 859 1402 863 .
1433 843 1522 869 uniri‚·

1310 869 1348 900 Et
1364 870 1399 900 de
1412 873 1553 910 praediciis
1570 871 1697 910 praefatus
1719 871 1865 904 Dominus
1879 877 2010 904 Dominus
2028 876 2069 904 N.
2086 877 2156 904 Dux
2175 875 2334 915 mandavit,

1276 908 1450 953 &praedicti
1462 911 1560 940 Sindici
1575 915 1723 940 Communis
1739 912 1906 950 Mediolani,
1924 923 1957 942 ac
1978 911 2093 942 Thomas
2116 912 2280 951 praedictus,
2297 914 2332 944 &

1275 947 1392 990 quilibet
1414 958 1529 987 eorum,
1554 957 1723 987 rogaverunt
1744 960 1791 989 per
1813 961 1877 989 me,
1895 950 2053 988 Johannem
2076 953 2212 989 Moroun,
2238 951 2334 982 Nota-

1277 995 1353 1015 rium
1366 986 1595 1029 ·iufrascriptum,
1610 997 1644 1018 ac
1659 987 1816 1019 Notarium
1835 990 1868 1019 &c
1896 989 2026 1019 Scribam
2050 989 2184 1028 praelibati
2209 989 2335 1020 Domini

1278 1022 1402 1054 Domini
1420 1027 1461 1055 N.
1473 1029 1573 1064 Ducis,
1591 1025 1743 1057 Publicum
1757 1027 1862 1058 confici
1875 1027 1978 1057 debere
1989 1027 2229 1066 Instrumentum,
2247 1027 2335 1059 &Inq

1277 1061 1447 1102 strumenta,
1465 1074 1572 1102 unum,
1589 1066 1622 1095 &
1635 1065 1729 1103 plura,
1747 1067 1829 1096 unius
1842 1067 1875 1097 &
1889 1065 2012 1103 ejusdem
2026 1066 2158 1097 Tenoris.

1313 1100 1387 1131 Aeta
1401 1102 1434 1133 ὃς
1450 1101 1523 1133 facta
1537 1102 1615 1133 fuere
1629 1103 1771 1134 Praemiffa
1785 1114 1872 1135 omna
1885 1104 1918 1134 &
1934 1104 2037 1143 singula
2059 1105 2088 1135 in
2104 1103 2193 1135 Curia
2207 1103 2333 1144 praeliba-

1276 1146 1313 1168 tae
1330 1138 1463 1179 ingenuae
1477 1142 1511 1172 &
1550 1142 1669 1172 raeclarae
1690 1142 1829 1173 Dominae
1844 1146 1969 1172 Dominae
1985 1146 2077 1174 Luciae
2098 1145 2125 1173 in
2146 1142 2337 1182 Mediolano,

1276 1177 1368 1208 situata
1379 1179 1407 1208 in
1422 1179 1506 1210 Porta
1554 1190 1656 1211 omana
1666 1204 1675 1219 ,
1693 1181 1722 1211 in
1735 1181 1871 1212 Parochia
1885 1181 2124 1220 SanetiJohannis
2138 1182 2172 1213 ad
2187 1181 2299 1220 Fontes,

1309 1253 1493 1286 Praesentibus
1507 1255 1693 1294 Pronotariis,
1710 1260 1821 1288 Donato
1830 1258 1863 1288 de
1877 1261 2018 1297 Aricutis,
2035 1258 2103 1288 Filio
2109 1258 2252 1298 quondam
2268 1257 2336 1289 Do-

1274 1293 1345 1360 gini
1368 1293 1521 1337 Assbfflfii,
1544 1294 1641 1325 Portae
1664 1295 1823 1335 Cumanae,
1848 1296 1995 1327 Parochiae
2020 1296 2118 1327 Sanffi
2138 1295 2290 1335 Prothasii,
2306 1298 2337 1328 in

1304 1340 1390 1370 ampo
1402 1341 1475 1362 intus

1311 1370 1465 1401 Ambobus
1479 1355 1638 1414 Mediolani
1654 1370 1784 1403 Notariis
1796 1373 1829 1403 ὃς
1841 1373 2028 1411 Pronotariis,

1310 1407 1440 1439 Necnon
1457 1409 1654 1448 praesentibus,

1309 1445 1468 1486 Magnifice
1480 1448 1513 1478 ὃ(
1527 1448 1670 1485 speci-abili
1684 1447 1794 1486 Milite,
1814 1447 1950 1479 Domino
1965 1450 2084 1481 Guidone
2101 1460 2132 1480 ae
2148 1449 2289 1482 Galeaziis
2301 1450 2338 1481 de

1272 1483 1352 1515 Seins
1366 1485 1486 1516 Comite
1501 1486 1534 1517 &
1550 1485 1711 1517 Mediolani
1727 1486 1883 1525 Potestate,

1311 1524 1331 1542 ²*
1348 1523 1511 1561 Magnifico
1526 1523 1661 1555 Domino
1669 1524 1806 1554 Gabrielle
1819 1527 1971 1555 Vicecomite
1979 1525 2082 1564 ,Nato
2095 1528 2337 1567 quondam,prae—

1274 1560 1356 1591 clarae
1370 1564 1535 1601 memoriae,
1549 1562 1676 1594 Domini
1689 1562 1831 1602 Johannis
1839 1564 1965 1603 Galeaz,
1983 1565 2053 1594 olim
2067 1565 2157 1595 Ducis
2167 1565 2337 1607 Mediolani,

1274 1599 1335 1630 &c.
1350 1600 1490 1632 habitante
1502 1603 1531 1632 in
1541 1602 1599 1640 ejus
1612 1602 1718 1642 Curia,
1737 1602 1830 1634 fituata
1844 1603 1874 1633 in
1889 1603 1975 1634 Porta
1986 1602 2138 1643 Romana,
2154 1605 2183 1634 in
2197 1604 2336 1638 Parochia

1274 1637 1372 1669 Sancti
1384 1639 1520 1678 Johannis
1534 1641 1569 1670 ad
1581 1651 1596 1671 a
1619 1651 1701 1678 uam,

1315 1676 1475 1721 Magnifice
1491 1679 1586 1709 Milite
1639 1680 1742 1710 omino
1762 1678 1911 1710 Valzarino
1930 1680 1963 1710 de
1981 1680 2130 1720 Pustrella,
2148 1681 2223 1713 Filio
2244 1692 2339 1721 quon-

1276 1714 1343 1759 dam
1364 1717 1517 1753 spectabilis
1540 1716 1604 1747 Viri
1626 1718 1750 1748 Domini
1769 1719 1921 1758 Francisci,
1939 1719 2036 1750 Portae
2055 1720 2231 1760 Ticinenfis,
2249 1721 2338 1753 Paro-

1277 1753 1351 1784 chiae
1365 1756 1462 1786 Sancti
1479 1756 1650 1795 Sebastiani,

1308 1792 1500 1836 *Serenislimo
1514 1796 1546 1826 &
1560 1794 1703 1833 spectabili
1719 1793 1815 1825 Milite
1835 1795 1969 1826 Domino
1989 1795 2122 1835 Jolmnne
2137 1797 2169 1827 de
2187 1795 2340 1837 Pastrella,

1281 1829 1354 1861 Filio
1367 1833 1512 1871 quondam
1525 1833 1681 1874 specstabilis
1694 1833 1756 1864 Viri
1768 1833 1893 1864 Domini
1906 1835 2017 1864 Guideti
2024 1858 2034 1873 ,
2052 1834 2148 1866 Portae
2162 1835 2338 1875 Ticinenfis,

1280 1867 1428 1901 Parochiae
1444 1872 1541 1902 Sancti
1558 1872 1634 1903 Petri
1649 1874 1678 1903 in
1695 1871 1804 1911 Curte,

1320 1906 1454 1941 Domino
1476 1914 1579 1940 Ottone
1595 1911 1627 1941 de
1646 1910 1788 1941 Mandello
1809 1910 1881 1941 Filio
1896 1909 2040 1949 quondam
2057 1911 2214 1949 speeiabnis
2235 1911 2341 1944 Militis

1280 1943 1407 1978 Domini
1422 1951 1500 1979 Petri
1514 1949 1610 1980 Portae
1625 1950 1726 1980 Novae
1741 1949 1888 1980 Parochiae
1902 1950 1998 1980 Sancti
2018 1949 2041 1979 F
2043 1950 2148 1989 idellis,

1279 1984 1462 2056 NOAEnunibus
1477 1987 1648 2019 Consiliariis
1661 1989 1696 2020 &
1710 1988 1746 2019 de
1760 1988 1899 2020 Concilio
1918 1987 2053 2026 praelibati
2074 1989 2201 2020 Domini
2215 1989 2339 2021 Domini

1316 2047 1322 2053 .
1388 2037 1422 2055 (15

1315 2049 1469 2133 ScpeCiassili
1483 2066 1516 2096 &
1531 2065 1658 2105 Egregio
1671 2065 1803 2097 Doc'tore
1817 2065 1953 2096 Domino
1965 2065 2083 2095 Tadiollo
2100 2066 2132 2096 de
2147 2069 2338 2099 Vicecomerca-

1280 2110 1308 2133 to
1355 2104 1503 2134 ancellario
1516 2103 1628 2143 Magno
1642 2105 1748 2144 praefati
1762 2105 1886 2135 Domini
1899 2107 2013 2135 Domini
2029 2107 2133 2144 Ducis,

1317 2141 1445 2181 Egregiis
1459 2142 1637 2174 Dmstoribus
1651 2143 1804 2181 Dominis,

1317 2180 1455 2220 Francifio
1472 2181 1503 2210 de
1522 2184 1669 2220 Tigmoxiis
1690 2182 1802 2214 Vicario
1816 2182 1948 2221 proximo
1964 2178 2106 2213 Comunis
2123 2181 2299 2221 Mediolani,

1313 2217 1447 2256 Johanne
1463 2220 1496 2249 de
1511 2223 1647 2258 Caruago,

1314 2260 1447 2287 Simarino
1470 2259 1501 2287 de
1520 2260 1680 2297 Homodffl,

1316 2295 1458 2326 Beltramo
1476 2297 1634 2337 Pasqualli,

1315 2334 1456 2403 ΙΙΞἉαςῄοΙΙο
1475 2336 1507 2366 de
1524 2340 1665 2374 Seregnio‚

1343 2381 1354 2403 t

1318 2395 1464 2451 Ga-'sperino
1480 2413 1512 2442 de
1529 2411 1679 2451 Caponibus

1317 2449 1465 2481 Omnibus
1483 2452 1519 2482 de
1537 2449 1670 2490 Collegio
1687 2434 1914 2488 jurisperitorum
1932 2448 2109 2489 Mediolani,

1319 2488 1523 2526 Spac'tabilibus
1537 2491 1569 2520 &
1584 2489 1729 2527 Egregiis,

1319 2526 1453 2564 Johanne
1469 2529 1501 2558 de
1520 2527 1700 2566 Aliprandis,
2308 2562 2311 2566 ,

1314 2564 1451 2608 ,ῗσίαανικε
1470 2568 1502 2596 de
1525 2568 1648 2604 Badagio
1666 2565 1789 2598 similiter
1808 2564 1965 2596 Confilario
1985 2564 2123 2604 praelibati
2142 2564 2266 2598 Domini
2282 2568 2341 2603 Dos,

1281 2607 1347 2633 mini
1360 2608 1443 2635 Ducis

1315 2646 1359 2711 ἔ.
1375 2627 1483 2674 ΗίνοΞῙυ
1502 2643 1534 2674 de
1549 2642 1578 2674 la
1594 2647 1692 2682 cruce,

1343 2690 1371 2719 f,

1319 2721 1436 2750 Guideto
1454 2722 1486 2751 de
1502 2723 1640 2759 Seregnio,
1940 2752 1943 2753 γ

1318 2757 1491 2790 Camerariis
1505 2760 1643 2798 praelibati
1660 2756 1784 2788 Domini
1800 2756 1912 2787 Domini
1930 2758 2031 2794 Ducis,

1317 2797 1418 2828 Uberto
1433 2799 1466 2828 de
1484 2798 1648 2836 Viglinario,

1315 2834 1352 2867 Et
1371 2837 1513 2867 Bernardo
1530 2838 1561 2866 de
1578 2838 1718 2873 Sinnatis,

1315 2874 1469 2907 Ambobus
1484 2875 1642 2906 Secretariis
1659 2873 1794 2915 praelibati
1811 2871 1937 2903 Domini
1948 2871 2074 2903 Domini
2090 2871 2133 2901 N.
2151 2872 2252 2910 Ducis,

1316 2912 1429 2950 Johane
1449 2915 1481 2944 de
1496 2917 1617 2952 Brugore
1631 2912 1855 2948 Conservatore,

1318 2952 1423 2991 Jacobo
1439 2954 1471 2983 de
1491 2952 1520 2981 la
1535 2957 1634 2988 cruce,

1318 2994 1401 3022 Petro
1421 2992 1452 3021 de
1472 2991 1661 3028 Raymondiis,

1316 3029 1354 3060 Et
1370 3029 1504 3060 Nicholao
1525 3031 1556 3058 de
1576 3028 1604 3057 la
1623 3032 1721 3065 cruce,
2015 3062 2021 3067 ·
2114 3061 2119 3067 .

1319 3067 1464 3098 Omnibus
1478 3067 1692 3098 Habitatoribus
1709 3063 1842 3097 Civitatis
1862 3061 2022 3094 Mediolani
2042 3060 2133 3093 Notis
2153 3061 2187 3093 &
2207 3060 2241 3093 ad
2262 3060 2339 3092 Praea·

1282 3106 1362 3137 mista
1378 3107 1486 3138 vocatis
1501 3106 1535 3136 &
1550 3106 1662 3145 rogatis·

2358 1534 2487 1570 *X.142.'

1625 3233 1674 3265 De
1700 3226 1985 3276 Praefintationibus.

1277 3321 1354 3372 M
1360 3319 1457 3363 Arkus
1477 3318 1602 3359 Bykker,
1619 3316 1787 3358 Capellanus
1803 3313 1887 3360 babet
1910 3314 2017 3345 Literas
2037 3312 2125 3352 Regis
2138 3310 2174 3342 de
2187 3302 2340 3341 Praesenta-
2358 3307 2434 3339 Anii.
2448 3308 2489 3339 D.

1372 3366 1451 3388 tione
1465 3357 1499 3388 ad
1521 3357 1676 3388 Ecclesiam
1697 3353 1894 3385 parochialem
1914 3352 1950 3383 de
1969 3351 2115 3391 Grinnes,
2132 3358 2281 3383 vacantem
2303 3350 2336 3380 &
2379 3356 2464 3385 1421.

1278 3393 1312 3425 ad
1327 3395 1414 3435 Regis
1428 3396 1625 3426 Donationem
1640 3394 1811 3432 speciantem
1826 3399 1856 3421 ut
1870 3391 1991 3428 dicitur,
2355 3389 2406 3413 Ao.
2423 3396 2451 3421 9.

1319 3436 1358 3466 Et
1372 3436 1527 3474 diriguntur
1538 3435 1639 3465 Literae
1655 3433 1710 3463 illae
1724 3435 1761 3461 L.
1779 3430 1902 3474 Episcopo
1916 3428 2079 3468 Morinenfi,
2097 3427 2143 3460 vel
2156 3429 2212 3466 eius
2222 3427 2338 3460 Vicario
2355 3428 2388 3451 H.
2404 3433 2432 3459 5.

1278 3473 1429 3517 Generali,
1447 3473 1508 3512 ipso
1523 3473 1666 3511 Episcopo
1680 3472 1710 3501 in
1724 3470 1854 3501 Remotis
1870 3476 1978 3508 agente.
2354 3465 2441 3537 {frag-c
2459 3470 2491 3498 9.

1313 3512 1442 3582 1ηὲἓῖἓέ
1451 3514 1571 3591 3ἶὲῗᾲιο
1584 3546 1714 3579 Custode
1728 3546 1803 3586 apud
1818 3544 1925 3585 Wstm.
1940 3545 1977 3583 xij
1992 3543 2038 3575 cire
2045 3541 2125 3582 Julii.
2357 3551 2393 3571 m.
2405 3523 2436 3568 εἰ

1750 3625 1804 3653 Per
1821 3625 1913 3653 Breve
1932 3621 1964 3651 de
1983 3622 2101 3652 Privato
2119 3612 2215 3656 Sigillo.

1279 3699 1448 3765 Dilectus
1461 3703 1547 3742 Regis
1565 3700 1706 3746 Johonnes
1723 3702 1859 3747 Pegntourt
1870 3697 2036 3737 Capelianus
2048 3696 2132 3728 habet
2145 3694 2258 3761 'Literkas
2275 3689 2338 3762 Ῑὲα·

1300 3783 1307 3812 1
1327 3783 1343 3814 s
1363 3733 2339 3812 §.3⁵§.eniiaeffiigtgffleeinssff‘nffinffiffffssissaeiss’52¹3oe&

1278 3793 1361 3852 geeald
1375 3820 1461 3858 Regis
1476 3819 1672 3862 Donationem
1685 3799 1876 3861 spectan’tem3
2007 3851 2012 3857 ¹
2199 3848 2204 3853 ⁸
2281 3847 2286 3853 ,
2334 3857 2338 3861 η

1315 3860 1353 3891 Et
1364 3858 1519 3898 diriguntur
1535 3857 1640 3888 Literae
1659 3856 1714 3886 111ae
1736 3857 1774 3886 L.
1797 3852 1920 3896 Epistropo
1936 3847 2100 3888 Morznenfi‚
2114 3847 2161 3880 vel
2180 3857 2238 3886 ejus
2250 3844 2336 3880 Vica-

1280 3899 1323 3929 rio
1345 3897 1495 3934 Generali,
1510 3897 1569 3936 ipso
1580 3894 1723 3933 Episcopo
1737 3895 1765 3923 in
1780 3899 1896 3923 remotis
1914 3897 2022 3928 agente.

1317 3935 1406 3968 Teste
1423 3934 1555 3975 Johanne
1572 3937 1646 3966 Duce
1663 3930 1834 3971 Bedfhrdiae,
1849 3927 1979 3959 Custode
1994 3924 2124 3965 Angliae,
2138 3923 2200 3958 &c.

1780 4093 1841 4131 Es
2265 4086 2340 4125 Di-
