2562 4274
22 193 99 224 Ann.
114 192 156 223 D.

51 240 138 270 1421.

22 274 87 299 Hen.
103 279 131 306 5.

22 417 105 449 Ann.
113 417 154 448 D.

44 466 131 495 1421.

23 499 77 524 An.
92 505 121 530 9.

22 575 83 600 Par.
95 555 105 564 ·

23 615 113 638 Norm.
130 619 158 644 9.

24 696 59 714 m.
76 696 121 722 ²9·

22 991 79 1020 ·X.
91 998 154 1031 ¹43·

36 3419 114 3449 'Anti
123 3416 166 3448 D.

62 3467 154 3497 1421.

36 3500 89 3526 An.
105 3507 131 3532 9.

38 3539 72 3562 H.
93 3544 119 3569 5.

38 3576 128 3600 Franc.
142 3583 168 3609 9.

37 3614 72 3638 H.
88 3620 115 3646 5.

37 3657 76 3676 m.
96 3651 137 3678 16.

41 3733 169 3772 ‘X-144·

181 111 230 163 38

180 282 522 316 DecLARATio
553 280 820 322 REGALtte,
845 282 877 312 in
900 278 1027 322 Ecclgfia
1051 275 1212 310 Rothoma-

652 328 742 374 gffl

182 414 266 469 RE
277 413 308 444 X
327 412 472 450 universis,
490 412 636 450 praesentes
647 411 765 442 Litteras
777 410 956 450 inspecturis,
974 411 1106 442 Salutem.

277 452 375 490 Cum,
393 462 408 480 a
422 461 553 489 tempore
569 446 752 490 Conquestfis
764 450 853 481 nostri
866 451 901 480 de
918 450 1034 481 Ducatu
1049 448 1146 479 nostro
1153 447 1239 478 Nor-

182 491 302 520 manniae
318 491 351 520 ὅ(
363 490 421 520 aliis
434 490 556 527 parribus
569 489 667 520 Nobis
681 486 828 527 subiectis,
845 489 952 519 Nullus
974 490 1023 526 qui
1036 488 1062 518 se
1077 487 1239 517 Rothoma-

180 528 294 563 gensem
311 527 564 566 Archiepiscopum
582 527 673 558 asserit
683 527 728 558 seu
743 527 908 566 praetendit,
927 527 1142 558 Sacramentum
1157 524 1238 555 Fide-

181 566 262 597 litatis
295 566 394 597 Nobis
416 567 590 604 exhibuerit,
615 566 787 606 praestiterit,
818 566 864 597 seu
894 566 1006 603 fecerit,
1029 573 1075 596 aut
1091 564 1238 602 exhibere,

181 604 327 643 praestare,
344 605 389 636 seu
405 606 495 635 facere
509 606 657 642 optulerit,
675 605 731 635 five
745 606 882 642 voluerit,

219 643 287 682 Qia
305 645 341 674 de
359 643 440 674 causa
453 648 468 683 J
481 653 505 674 u
516 653 539 673 R
549 654 568 673 A
590 643 618 673 R
630 653 648 674 E
658 653 681 674 G
691 653 711 674 A
720 652 740 673 L
749 653 801 674 1AE
817 642 918 673 Nobis
932 643 962 673 in
979 640 1056 672 dieta
1073 640 1238 671 Rothoma-

179 683 255 721 genii
269 681 393 720 Ecclefia
408 682 588 713 dinoscuntur
602 683 754 721 pertinere,

218 719 335 751 Notum
351 721 556 759 facimusquod
573 721 693 751 Ri-:GA
707 727 812 750 [ΛΑΜ
832 718 993 757 &JURA
1011 717 1085 757 ipfius
1103 716 1240 747 REGA-

179 765 200 788 Ι..
212 767 264 789 1AE
283 761 311 789 in
327 759 401 790 dieta
417 759 645 795 Rotnomagensi
668 758 808 797 Ecclefia,
827 768 893 788 cum
914 756 1119 796 Dependentiis
1138 755 1239 798 solitis,

177 797 367 835 Apperuimus
381 799 414 828 &
430 798 660 836 Declaravitnus,
678 808 710 828 ac
729 797 848 827 Tenore
870 796 1054 826 Praesentium
1069 795 1240 832 Apperimus

177 835 212 866 &
226 836 409 867 Declaramus
423 838 537 876 apperte
548 861 557 873 ,

194 912 198 916 ³
217 875 290 914 Qio
305 877 395 913 circa,
414 875 522 905 dileetis
537 876 570 906 &
582 874 707 904 fidelibus
721 873 820 904 nostris
830 898 838 912 ,
854 872 1032 904 Cancellario
1047 872 1080 902 δε
1098 869 1242 901 Consilia-

176 912 223 945 riis
246 913 333 944 nostri
354 914 453 953 Magni
471 910 597 944 Concilii
618 915 649 944 &
673 913 813 942 Scaccarii
835 914 864 942 in
889 911 1005 941 Ducam
1028 909 1240 946 Normanniae,

176 959 210 982 ac
223 953 307 983 etiam
322 951 695 989 Gentibus'Compotoruni
710 949 874 981 nostrorum
898 950 931 980 &
951 948 1153 985 Thesaurario,
1172 956 1240 977 nec-

177 998 238 1021 non
252 990 361 1021 Ballivo
379 992 411 1022 ὅ(
433 990 606 1021 Vicecomi'ti
626 989 728 1019 nostris
742 989 777 1019 de
799 989 817 1007 ²*
838 988 960 1025 Rouen,
979 986 1136 1025 caeterisque
1151 984 1240 1023 Justi-

176 1029 268 1059 ciariis
283 1029 400 1067 nostris,
417 1030 450 1060 &
466 1038 564 1059 eorum
581 1029 712 1065 cuilibet,
730 1036 815 1067 prout
829 1027 862 1057 ad
877 1036 944 1057 eum
960 1026 1134 1063 pertinuerit,
1153 1023 1241 1054 Man-

175 1066 292 1106 damus,
311 1069 343 1098 ὃς
359 1067 595 1104 Committimus‚
615 1066 634 1096 si
646 1067 676 1096 lit
686 1075 774 1104 opus,
791 1067 931 1103 quatinus,
950 1064 1124 1094 Auctor-itate
1136 1061 1240 1099 nostra,

177 1105 234 1136 RE
244 1115 266 1136 G
277 1115 297 1135 A
308 1115 329 1135 L
340 1115 381 1136 1A
402 1107 435 1136 ὃς
448 1105 560 1143 Juribus
577 1104 699 1142 ejusdem
714 1105 743 1134 in
764 1104 842 1134 dieta
860 1102 985 1134 Ecclesia
1004 1111 1134 1139 utantur,
1154 1110 1240 1132 caete-

176 1154 261 1182 raque
275 1144 378 1175 faciant
391 1145 425 1175 &
440 1152 612 1182 exequantur
625 1153 689 1182 quae
704 1143 738 1173 ad
754 1142 913 1181 hujusmodi
933 1141 961 1171 R
972 1151 989 1171 a
1000 1150 1022 1171 o
1034 1150 1054 1170 A
1070 1150 1090 1171 L
1100 1150 1111 1170 1
1122 1149 1142 1170 A
1152 1148 1179 1170 Μ
1199 1139 1242 1170 di-

176 1183 332 1214 noscuntur
346 1184 498 1221 pertinere3
517 1181 712 1219 Significantes
724 1182 868 1219 praefatam
887 1181 918 1210 R
929 1190 946 1211 E
956 1189 978 1210 o
987 1190 1006 1210 A
1016 1189 1036 1210 L
1049 1189 1059 1209 1
1070 1190 1088 1210 A
1098 1188 1126 1209 M
1144 1179 1241 1216 &ejus

176 1221 345 1258 Aperturam
358 1221 480 1252 Decano
496 1221 528 1252 ὅ(
546 1219 683 1257 Capitulo
699 1220 844 1257 praedietae
866 1219 997 1250 Ecclesia:
1019 1217 1240 1256 Rothomagen-

176 1259 224 1297 fis,
244 1269 277 1290 ac
293 1260 410 1291 Vicariis
429 1261 457 1290 in
471 1259 664 1299 Spiritualibus
678 1258 759 1296 ipsius
774 1255 1055 1296 Archiepiscopatfis,
1076 1257 1095 1286 fi
1109 1258 1158 1297 qui
1171 1256 1238 1294 sint,

175 1308 224 1331 aut
240 1299 358 1337 fuerint,
377 1309 410 1329 ac
425 1299 558 1328 omnibus
571 1298 628 1327 aliis
642 1298 675 1328 &
691 1297 801 1336 lingulis
813 1306 935 1336 quorum
949 1296 1077 1332 interest,

214 1338 260 1368 Ac
274 1339 358 1368 etiarn
374 1336 519 1377 significari
533 1337 666 1367 facientes
681 1336 813 1374 publice,
830 1337 860 1366 in
880 1334 957 1366 diela
979 1332 1104 1365 Ecclesia
1122 1331 1240 1363 Rotho-

176 1377 317 1415 magensi,
333 1377 366 1407 &
380 1376 444 1406 alibi
459 1376 488 1405 in
503 1375 575 1406 locis
588 1375 745 1413 consuetis,

214 1414 379 1445 Inhibentes
404 1414 507 1445 eisdem
525 1414 638 1452 (quibus
658 1413 775 1443 Tenore
800 1411 984 1442 Praesentium
1007 1410 1182 1445 Inhibemus)
1202 1409 1239 1439 ne

179 1456 334 1493 quicquam
347 1463 448 1484 contra
461 1452 506 1483 seu
521 1454 549 1482 in
572 1452 765 1490 praejudicium
781 1450 866 1481 dietae
884 1450 912 1480 R
924 1460 942 1480 E
952 1459 975 1480 G
988 1459 1005 1479 A
1016 1459 1036 1480 L
1048 1459 1055 1479 ι
1067 1459 1098 1480 AE
1116 1450 1149 1480 &
1164 1449 1240 1488 Juris

175 1493 300 1531 ejusdem
330 1492 434 1524 faciant
451 1490 495 1521 seu
513 1499 695 1528 atteniptent,
722 1498 767 1520 aut
789 1490 947 1526 attemptari
972 1488 1018 1519 seu
1041 1486 1099 1518 fieri
1123 1488 1240 1526 permit-

174 1539 233 1563 tant

217 1555 325 1609 Qiod,
345 1569 364 1600 fi
377 1568 488 1600 facturn
505 1568 604 1605 fuerit,
618 1574 665 1597 aut
681 1565 739 1596 fieri
757 1566 922 1605 contigerit,
939 1566 1038 1596 nullius
1059 1565 1116 1596 effe
1129 1564 1239 1595 Decer-

175 1610 270 1678 nirfus
284 1609 422 1677 ωοηῃοέζῑί
430 1607 576 1646 ,ipsosque
587 1607 794 1644 Atternptantes
806 1604 902 1636 Poena
910 1604 1056 1645 condigna
1070 1603 1239 1643 puniendos.

231 1657 250 1677 n
268 1656 302 1676 cu
316 1657 345 1676 us
410 1656 435 1676 c.

253 1657 341 1716 Telke
351 1669 440 1724 ²Rege
453 1683 526 1723 apud
547 1682 652 1713 villam
659 1681 740 1722 fitam
753 1682 786 1712 de
799 1683 916 1720 Manto,
933 1682 980 1712 xiv
991 1681 1039 1712 die
1051 1681 1128 1721 Julii.

815 1761 870 1789 Per
882 1757 965 1798 ipst'cm
978 1761 1082 1796 Regem.

341 1894 389 1925 De
409 1890 646 1937 Respeffuasione
661 1898 717 1935 pro
742 1887 880 1934 Epifiopo
906 1886 1079 1921 d’Eureux.

151 1997 157 2004 ·
183 1976 326 2037 REX,
352 1976 473 2007 Dileffis
495 1975 527 2006 δε
546 1974 687 2005 Fidelibus
708 1973 775 2012 suis,
798 1973 976 2013 Thesaurario
1009 1972 1096 2014 nostro
1116 1974 1246 2006 Generali

261 2019 457 2053 Normanm‘ae,
473 2014 534 2045 &Q
560 2014 698 2045 Salutem·

220 2056 318 2086 Sciatis
331 2054 410 2094 quod
420 2078 429 2092 ,

219 2094 301 2125 Cum
313 2104 402 2132 nuper
426 2092 586 2122 Dederimus
606 2091 640 2121 &
661 2088 880 2130 Conceffirimus,
895 2089 1057 2121 Venerabili
1077 2091 1107 2120 in
1125 2090 1244 2122 Christo

155 2152 160 2158 ·
181 2133 274 2172 Patri,
295 2132 383 2162 Paulo
399 2132 430 2161 de
444 2133 614 2169 Crapanica,

218 2172 318 2211 Qiem
332 2170 480 2201 Dominus
493 2174 612 2199 Summus
628 2166 759 2207 Pontiftx
771 2167 803 2198 ad
819 2167 1022 2206 Episcopatum
1038 2167 1243 2199 Ebroicensem

180 2221 269 2249 nuper
283 2210 423 2248 providit,

218 2250 341 2280 Certum
356 2248 432 2278 diem
451 2246 610 2283 (videlicet,
629 2244 652 2274 F
654 2244 745 2275 cstum
761 2244 858 2274 Sanc‘li
873 2243 1011 2281 johannis
1034 2244 1163 2283 Baptistae
1179 2256 1246 2284 pro-

178 2290 259 2319 ximo
275 2297 353 2318 nunc
368 2286 531 2320 venturum)
552 2285 586 2315 ad
599 2283 758 2314 faciendum
775 2287 807 2314 ὸε
831 2282 1020 2319 praestandum
1042 2284 1125 2314 nobis
1140 2293 1245 2325 corpo-

180 2327 270 2359 raliter
286 2326 502 2356 Sacramentum
518 2322 680 2359 Fidelitatis,

218 2364 310 2405 Qod
326 2365 426 2401 nobis,
447 2363 552 2392 ratione
566 2359 784 2398 Temporalium
799 2358 984 2400 Episcopatus
1002 2361 1152 2400 praediffl,
1170 2361 1246 2393 face-

182 2414 212 2435 re
225 2406 323 2435 debeat
337 2403 370 2433 &
386 2410 511 2438 tenetur,

219 2443 290 2472 Infra
304 2451 391 2479 quem
414 2440 530 2478 quidem
552 2437 742 2474 Terminum,
758 2436 937 2467 obstantibus
959 2437 1166 2476 impedimentis
1184 2449 1244 2469 ῃοη

183 2482 320 2517 modicis,
334 2479 368 2509 ad
384 2478 565 2508 Praelentiam
580 2475 703 2507 nostram
721 2477 748 2505 iri
762 2476 884 2506 Persona
898 2475 943 2506 sua
956 2478 1116 2508 commode
1128 2478 1246 2508 accede-

184 2529 215 2550 re
231 2529 290 2550 non
306 2518 392 2548 valeat
407 2526 439 2547 ut
451 2517 631 2553 accepimus,
1032 2540 1034 2543 ¹

221 2557 288 2587 Nos
300 2558 382 2594 igitur
403 2556 449 2593 (de
463 2554 563 2584 Gratia
577 2552 671 2583 nostra
683 2552 803 2591 speciali)
820 2551 909 2582 Diem
924 2552 979 2583 sive
988 2554 1161 2586 Terminum
1172 2566 1244 2593 prae*

183 2593 294 2624 didrum
309 2595 392 2631 usque
404 2595 529 2629 primum
546 2591 633 2621 Diem
650 2590 770 2630 Augusti
782 2592 917 2629 proximo
932 2591 1056 2623 futurum
1072 2594 1244 2633 Prorogavi,

183 2642 246 2663 mus
260 2634 292 2663 &c
312 2632 530 2670 ElongavimuS,
547 2640 579 2660 ac
596 2630 784 2668 prorogamus
805 2630 836 2659 δε
860 2628 1033 2669 Elongamus
1056 2642 1105 2670 per
1120 2633 1245 2665 Praesen.

183 2680 238 2702 tes·

223 2695 406 2744 Mandantes,
421 2706 541 2737 Tenorc
561 2704 745 2735 Praesentium
761 2727 771 2740 ‚
789 2706 889 2742 vobiS,
904 2707 937 2736 &
960 2709 1076 2739 cuilibet
1097 2709 1244 2748 vestrum,

182 2757 266 2788 prout
279 2746 312 2777 ad
329 2756 395 2775 eum
412 2745 590 2782 pertinuerit,
605 2745 732 2781 quatinus
748 2742 947 2775 Procuratores
964 2747 1093 2782 praedieti
1110 2748 1243 2787 Episcopi

181 2787 279 2818 omnia
298 2784 497 2823 Temporalia,
516 2783 549 2813 ad
573 2782 773 2820 Episcopatum
797 2782 983 2821 praediCtum,
1003 2785 1073 2814 infra
1094 2785 1244 2817 Ducatum

185 2824 313 2856 nostrum
329 2822 536 2860 Normanniae,
556 2830 590 2851 ac
605 2821 667 2851 alias
680 2829 767 2857 partes
776 2818 902 2850 Francia:
916 2822 997 2851 nobis
1012 2823 1144 2860 subjesstas
1154 2847 1162 2862 ,
1181 2835 1243 2862 per-

182 2863 297 2894 tinentia
311 2863 342 2893 &
360 2860 527 2897 speetantia‚
546 2869 658 2890 necnon
680 2858 815 2896 FruCtuS,
841 2858 980 2890 Redditus
996 2882 1006 2898 ,
1031 2862 1063 2891 &
1086 2861 1242 2894 Proventus

182 2901 304 2940 ejusdem
315 2923 324 2937 ,
339 2899 423 2937 usque
440 2898 607 2936 praedictum
622 2898 713 2934 diem,
733 2897 796 2926 vice
812 2898 844 2928 &
859 2899 977 2928 nomine
990 2900 1114 2936 ejusdem
1123 2901 1242 2939 Episco-

183 2942 230 2979 pi,
248 2940 408 2976 percipere,
428 2938 577 2975 colligere,
596 2937 633 2978 &⁴
644 2936 761 2972 habere,
780 2936 813 2965 &
830 2937 868 2966 eis
881 2935 915 2965 ad
929 2936 1008 2966 usum
1023 2938 1056 2968 ὃς
1077 2940 1240 2976 proficuum

185 2980 268 3017 iplius
282 2976 413 3015 Episcopi
429 2978 540 3006 interim
554 2976 672 3011 pacifice
688 2975 728 3005 uti
743 2974 776 3004 δε
790 2974 926 3013 gaudere,
946 2977 1124 3016 permittatis,
1141 2980 1242 3018 absque

186 3016 382 3049 molestatione
396 3015 440 3044 vel
455 3013 661 3054 impedimento
675 3021 866 3051 quocumque.

224 3055 258 3086 In
278 3054 371 3092 cujus,
391 3054 451 3083 δίς.

262 3092 331 3123 Dat.
344 3092 417 3132 apud
432 3089 553 3130 Castrum
565 3089 681 3129 nostrum
696 3088 853 3128 Rothomagi
861 3112 871 3128 ,
888 3089 1005 3121 decimo
1020 3091 1097 3122 sexto
1110 3092 1156 3124 die
1165 3093 1242 3133 Julii.

368 3170 421 3199 Per
439 3165 521 3207 ipficm
538 3169 634 3205 Regem
653 3167 693 3195 ad
706 3166 873 3196 Relationem
892 3170 992 3205 Magni
1012 3169 1132 3199 concilii·

215 3295 264 3328 De
285 3291 454 3326 Traffiando
475 3303 542 3324 cum
567 3293 869 3384 RegesRZmanorum
882 3302 937 3338 pro
956 3293 1082 3325 Ducatu
1100 3292 1136 3326 de
1158 3297 1224 3327 Lu-

659 3351 691 3370 Cn
711 3351 780 3385 urg·

195 3425 321 3486 REX
340 3424 502 3462 Omnibus,
519 3424 552 3454 ad
565 3433 651 3463 quos,
669 3424 730 3454 &c
743 3424 876 3455 Salutem.

307 3464 405 3494 Sciatis
423 3463 507 3499 Nos,

231 3503 280 3534 De
301 3502 460 3538 Fidelitate,
480 3499 750 3539 circumspectione,
767 3502 800 3532 ὃ(
821 3500 975 3538 industrii,
991 3501 1086 3533 dileeti
1105 3503 1139 3533 ὃ(
1161 3503 1248 3535 fidelis

195 3542 301 3578 nostri,
321 3539 437 3570 W'alteri
456 3539 486 3567 de
501 3539 527 3568 la
546 3539 607 3568 Pole
625 3539 741 3579 Militis,
759 3540 810 3577 ὃς,
828 3539 924 3570 dilecti
940 3539 1047 3571 Clerici
1064 3541 1164 3580 nostri,
1180 3543 1246 3574 Ma-

195 3581 270 3621 gistri
283 3578 426 3618 Johannis
440 3578 531 3606 Stokei·
545 3578 655 3615 Legum
670 3576 823 3614 Doctoris,
840 3579 959 3615 plenarie
974 3578 1162 3618 confidentes,

229 3619 275 3650 Ad
299 3617 396 3648 Trans
410 3616 558 3646 ortanduin
583 3617 608 3645 se
633 3625 715 3652 penes
735 3615 915 3646 Praesentiam
938 3617 1110 3648 Illustriffimi
1129 3619 1162 3650 ὃς
1187 3619 1244 3650 Ex-

192 3655 377 3689 cellentiffimi
391 3627 536 3691 kl’rincipis
552 3656 606 3689 Sigi
618 3652 723 3697 inundi,
750 3653 809 3683 Dei
830 3654 920 3690 gratia
938 3658 1133 3695 Romanorum,
1156 3658 1246 3688 Bohe-

194 3691 1063 3763 ”¹''52AL0''‘{‘{J¹“51212²}{{}{31230{Zissffilc‘ssssffifflsssffss
1158 3733 1176 3764 d

611 3753 619 3766 ,
1101 3743 1156 3764 nen
1179 3743 1228 3764 um

194 3771 453 3807 Concordandurn,
479 3770 510 3799 &
530 3768 647 3798 finaliter
664 3767 923 3805 Concludendum,
941 3754 994 3807 pro
1012 3743 1110 3802 Nopbcis
1126 3773 1159 3802 &
1177 3757 1245 3802 No³

194 3812 270 3839 mine
289 3808 403 3847 nostro,
429 3817 499 3838 cuin
516 3806 635 3845 praefato
653 3805 856 3835 Praecariffimo
876 3807 967 3838 Fratre
985 3809 1100 3848 nostro,
1123 3810 1167 3840 seu
1187 3811 1245 3848 ejus

193 3848 222 3876 in
241 3848 293 3877 hac
313 3857 387 3884 parte
408 3845 636 3882 CominiflariiS,
659 3843 909 3882 Procuratoribus,
928 3846 982 3875 five
1002 3846 1166 3887 Deputatis,
1184 3849 1244 3886 ple-

190 3894 257 3914 nam
278 3885 310 3914 &
322 3884 506 3914 sufficientem
520 3882 692 3913 Potest-atem
707 3883 742 3912 ab
757 3883 858 3913 eodem
873 3883 1051 3923 habentibus,
1068 3886 1104 3916 de
1117 3886 1151 3917 &
1164 3886 1244 3924 super

195 3921 376 3951 DUCATU
396 3922 776 3959 LusENBURGENSI,

231 3959 269 3989 Et
288 3959 320 3988 ad
341 3959 584 3989 Concordandum
607 3959 642 3990 de
665 3960 886 3998 quibuscumque
910 3959 1098 3991 Pecuniarum
1118 3961 1246 3993 Summis

195 4006 248 4038 pro
271 3996 399 4028 Luitione
418 4000 451 4029 ὃς
467 3998 645 4030 Liberatione
660 3998 782 4036 ejuidern
801 3999 866 4036 (qui
880 3997 1008 4029 Ducatus
1022 4000 1052 4030 in
1066 3998 1184 4039 Pignus,
1202 4001 1246 4032 Y-

658 102 1456 159 coNVENrioNEQ

1516 105 1907 163 LITERAE,

1276 200 1425 235 potecam,
1445 192 1688 237 seurMorgagium
1701 196 1839 236 obligatus
1853 195 1910 226 five
1925 195 2128 241 impignoratus
2141 197 2247 235 existit)
2266 199 2335 232 No-

1278 230 1321 260 bis
1335 232 1368 262 &
1381 230 1551 262 Haeredibus
1564 233 1664 265 nostris
1677 236 1784 265 realiter
1795 234 1928 265 faciendis
1941 235 2131 267 &liberandis
2144 246 2212 268 cum
2221 237 2325 270 effoeta

1278 267 1435 338 ffgrgndum
1445 270 1534 338 tquod
1557 271 1658 303 melius
1676 282 1725 313 per
1741 271 1959 304 Ambaffiatores
1973 273 2084 305 nostros
2101 275 2252 315 praedietos
2267 263 2338 308 coni

1320 318 1332 337 r
1352 317 1389 338 ari
1404 317 1443 345 po
1456 316 1508 338 erit

1316 344 1355 376 Et
1382 355 1432 384 ea,
1454 347 1492 376 fic
1514 331 1666 389 ³Trae’tata,
1691 349 1933 388 Communicata,
1958 348 2143 390 Composita,
2166 351 2339 391 Trantaffl,

1278 382 1499 429 seu'Coriclusa,
1517 393 1653 424 quatenus
1665 388 1700 418 ad
1718 389 1788 420 Nos
1804 389 1902 419 attinet
1932 387 2118 419 Omnimodis
2140 389 2340 422 Securitatibus

1277 421 1428 490 ffiggighrttlixig,
1446 433 1475 453 in
1495 432 1527 454 ea
1546 432 1625 464 parte.
1642 425 1741 458 debitis
1760 428 1795 459 ὃς
1816 410 1986 466 neceisarriis,
2003 426 2137 459 Nomine
2156 429 2254 460 nostro
2275 429 2338 460 Fir-

1422 484 1433 498 ,
2063 493 2067 499 ι

1300 497 1485 544 ,similesque
1503 499 1668 544 Securitates
1681 511 1696 532 a
1709 503 1827 541 praefato
1840 502 2043 542 praecariffimo
2059 506 2159 534 Fratre
2174 503 2276 546 nostro,
2293 505 2340 537 seu

1280 546 1338 574 ejus
1363 536 1588 583 Commislariis,
1613 540 1668 571 five
1690 540 1856 579 Deputatis,
1876 541 2032 580 praedietis,
2049 541 2227 583 Petendum,
2243 544 2340 582 Stipu·

1280 574 1397 605 landum
1403 598 1413 614 ,
1419 613 1427 623 Ι
1434 575 1647 615 Recipiendum
1655 600 1665 617 ,
1683 579 1718 610 δε
1735 579 1951 618 Obtinendumz,

1318 612 1486 657 Caeteraque
1499 617 1599 660 omnia
1613 617 1647 647 δι’.
1662 617 1769 653 singula
1784 617 1973 657 Faciendum,
1990 618 2224 659 Excercendum,
2238 621 2271 652 &
2284 620 2341 651 Ex-

1280 651 1451 696 pediendum
1467 663 1531 692 quae
1546 664 1576 684 iri
1590 654 1739 686 Praemiffis
1753 656 1787 687 δε
1800 656 1875 685 circa
1888 665 1920 687 ea
1937 658 2083 689 necessaria
2095 659 2196 689 suerint
2206 660 2251 690 seu
2267 669 2339 698 quo-

1281 690 1440 734 modolibet
1460 701 1617 731 oportuna,
1633 693 1667 724 &
1686 703 1751 732 quae
1767 693 1881 732 qualitas
1891 694 2046 732 hujusmodi
2061 697 2184 736 Negotii
2198 698 2231 729 &
2245 707 2342 729 natura

1281 737 1394 772 eng-unt
1409 731 1448 774 ,δε
1462 732 1623 775 requirunt,
1639 733 1673 763 &
1687 743 1750 772 quae
1765 742 1816 762 nos
1832 732 1986 763 faceremus
1997 733 2043 764 seu
2057 735 2149 766 facere
2163 735 2306 776 poffemus
2321 736 2342 766 si

1281 768 1456 806 perlonaliter
1469 770 1577 800 ibidem
1593 770 1740 808 praesentes
1756 770 1960 810 interess'emus,
1969 771 2051 802 etiam
2065 773 2085 802 fi
2099 773 2270 806 Mandatum
2283 776 2341 806 exi-

1282 814 1353 842 gant
1365 815 1619 847 quantumcunque
1631 808 1745 847 speciale
1753 831 1763 847 ,

1318 843 1456 890 Praefatos
1472 846 1626 877 Walterum
1639 870 1649 885 ,
1672 849 1706 879 δε
1723 847 1883 886 Johannem
1896 870 1906 886 ,
1933 846 2046 878 nostros
2064 857 2160 886 veros,
2184 851 2341 892 legitimos,

1281 882 1315 913 &
1335 884 1506 916 indubitatos
1523 885 1739 924 Procuratores,
1762 885 1996 925 Ambassiatores,
2015 885 2211 927 Negotiorum
2233 890 2338 922 Gesto-

1281 930 1322 950 res
1336 944 1346 960 ,
1372 922 1406 953 &
1430 923 1566 954 Nuncios
1590 924 1718 963 speciales
1766 925 1963 964 conjunctim,
1986 926 2020 956 &
2041 925 2170 964 divifim,
2195 927 2340 968 Facimus,

1281 957 1439 1006 creamus,
1456 962 1646 1002 Ordinamus,
1663 963 1697 994 &
1718 947 1944 1002 Oonstituimus,
1962 972 1995 993 ac
2016 964 2128 1001 plenam
2147 961 2276 1004 ipfis,‘&
2292 976 2342 998 eo-

1281 1006 1346 1028 rum
1363 999 1456 1038 alteri,
1476 1000 1589 1032 Damus
1602 1002 1635 1032 &
1648 1001 1846 1033 Conceditnus
1858 1002 2027 1032 Potestatem
2042 1013 2092 1041 per
2107 1003 2276 1044 Praesentes,

1319 1035 1533 1083 Promittentes,
1549 1041 1578 1070 in
1599 1040 1689 1071 verbo
1710 1040 1821 1079 Regio,
1840 1040 1908 1071 Nos
1928 1039 2055 1080 Ratum,
2073 1040 2216 1082 Gratum,
2233 1045 2266 1075 &
2281 1043 2343 1074 Fir-

1282 1084 1365 1105 mum
1386 1076 1531 1108 habituros
1545 1087 1638 1109 toturn
1655 1079 1688 1109 &
1700 1079 1834 1117 quicquid
1847 1089 1897 1117 per
1932 1079 2061 1110 raedidws
2076 1079 2276 1114 Procuratores
2288 1093 2342 1113 no-

1282 1112 1375 1151 stros,
1399 1115 1445 1146 seu
1465 1126 1569 1147 eorum
1592 1117 1725 1156 alterum,
1748 1117 1873 1155 Actum,
1930 1117 2038 1156 estum,
2065 1118 2272 1160 Procuratum,
2296 1122 2343 1153 seu

1282 1150 1460 1184 Conclusum
1475 1155 1558 1187 fuerit
1574 1155 1602 1184 in
1618 1154 1783 1193 Praemiffis,
1799 1157 1833 1187 &
1846 1156 1956 1195 singulis
1970 1155 2190 1188 Praemissorurn.

1319 1191 1353 1221 In
1375 1193 1454 1236 cujus
1472 1195 1511 1224 rci
1534 1194 1729 1224 testimoninm
1753 1194 1802 1224 has
1824 1194 1928 1225 Lireras
1948 1193 2056 1226 nostras
2070 1195 2201 1228 Patentes
2214 1195 2290 1237 fieti,
2308 1197 2342 1228 δι

1283 1227 1386 1268 Magni
1401 1232 1468 1270 Sigil
1473 1232 1489 1261 li
1505 1232 1594 1263 nostri
1608 1234 1765 1263 munimine
1779 1233 1899 1263 fecimus
1913 1234 2046 1264 roborari.

1318 1268 1385 1300 Dat.
1398 1271 1429 1301 in
1442 1270 1554 1302 Palatio
1567 1271 1653 1312 nostro
1663 1270 1887 1312 Wstmonallerii
1894 1294 1904 1311 ,
1923 1271 2054 1303 Decimo
2069 1271 2191 1312 septimo
2205 1274 2252 1305 die
2263 1273 2344 1314 Julii.

1964 1350 2019 1379 Per
2036 1349 2189 1381 Concilium.

1279 1501 1339 1533 Pro
1366 1500 1538 1534 ‘Ti‘aHando
1559 1513 1629 1534 cum
1646 1499 1760 1534 Eodem
1772 1501 1863 1548 fhper
1880 1497 2101 1549 quibuftunque
2121 1503 2279 1550 Negotiis,
2303 1506 2342 1542 &-

1582 1554 1721 1596 pracipue
1739 1562 1795 1597 pro
1822 1548 2022 1597 Dolphinatu.

1281 1642 1404 1700 REX
1422 1642 1584 1688 Omnibus,
1601 1643 1636 1675 ad
1650 1654 1739 1684 quos,
1756 1645 1818 1676 &c.
1838 1643 1975 1677 Salutem.

1392 1681 1490 1713 Sciatis
1502 1685 1582 1721 quod
1598 1683 1683 1721 Nos,

1320 1718 1370 1750 De
1388 1720 1535 1760 fidelitate,
1559 1721 1830 1761 circumspectione,
1855 1722 1889 1753 &
1911 1721 2060 1762 industria,
2081 1722 2178 1755 dileeti
2201 1724 2236 1755 ὃς
2253 1722 2341 1755 fidelis

1281 1757 1386 1796 nostri,
1406 1759 1523 1790 nfzzltm·
1536 1761 1568 1790 de
1584 1759 1612 1790 la
1626 1759 1689 1790 Pole
1707 1760 1863 1798 Militis,&
1876 1759 1974 1791 dilecti
1986 1761 2093 1792 Clerici
2108 1762 2198 1793 nostri
2211 1761 2340 1803 Magistri

1281 1795 1423 1834 Johannis
1442 1799 1532 1828 Stokes
1551 1798 1661 1839 Legum
1680 1798 1830 1834 Doc‘toris,
1849 1799 1971 1836 plenarie
1987 1799 2178 1838 confidentes,

1320 1835 1367 1879 Ad
1391 1836 1651 1875 Transportandum
1670 1838 1697 1868 se
1711 1846 1796 1875 penes
1811 1836 1990 1868 Praelentiam
2005 1837 2183 1869 lllustriss‘irni
2198 1838 2231 1869 &
2244 1837 2344 1870 Excel-

1281 1871 1423 1905 lentiffimi
1439 1875 1576 1912 Principis
1590 1875 1763 1915 Sigismundi,
1787 1875 1841 1906 Dei
1855 1875 1961 1913 gratia,
1978 1878 2175 1916 Romanorum,
2192 1876 2345 1917 Bohemt'ae,

1283 1913 1410 1950 Ungariae
1423 1917 1513 1954 Regis,
1529 1914 1590 1949 &aa
1606 1915 1706 1945 Fratris
1720 1914 1808 1945 nostri
1824 1914 2032 1953 praecarilsimi,

1324 1953 1369 1982 Ac
1385 1953 1418 1983 ad
1431 1954 1644 1992 Tractandum,
1661 1953 1965 1991 Communicandum,
1982 1953 2060 1984 Com
2083 1953 2246 1992 oriendum,
2261 1953 2344 1985 Con—

1283 1992 1479 2030 cordandum,
1498 1994 1531 2023 ὅ(
1550 1993 1663 2024 finaliter
1682 1991 1944 2030 Concludendum,
1962 2002 2016 2030 pro
2073 1993 2136 2023 obis
2157 1994 2190 2024 &
2213 1993 2348 2024 Nomine

1285 2029 1401 2067 nostro,
1417 2041 1485 2061 cum
1505 2031 1621 2071 praefato
1643 2030 1851 2068 Praecariffimo
1870 2030 1964 2061 Fratre
1986 2030 2105 2069 nostro,
2120 2031 2167 2062 seu
2180 2032 2235 2070 ejus
2250 2033 2279 2062 in
2294 2032 2348 2064 hac

1283 2077 1361 2109 parte
1381 2070 1589 2100 Commiffariis
1603 2092 1613 2108 ,
1639 2068 1892 2105 Procuratoribns,
1915 2069 1971 2099 five
1991 2069 2159 2108 Deputatis,
2183 2070 2295 2108 plenam
2315 2072 2350 2102 &

1283 2107 1471 2138 lufficientem
1489 2108 1659 2139 Potestitem
1680 2109 1717 2138 ab
1731 2108 1833 2138 eodem
1846 2108 2030 2146 habentibus,
2047 2107 2084 2138 de
2097 2109 2129 2139 &
2143 2109 2221 2145 super
2236 2110 2350 2147 quibus-

1285 2155 1409 2185 cumque
1430 2146 1581 2186 Negotiis,
1607 2146 1722 2184 Cauris,
1748 2146 1794 2176 seu
1818 2146 1963 2185 Materiis,
1984 2146 2114 2185 Statum,
2133 2146 2294 2186 Dignitates
2315 2150 2349 2180 ὃ(

1285 2183 1423 2227 l-ionores
1440 2187 1551 2216 nostros
1567 2185 1685 2232 Regales
1700 2186 1942 2223 qualitercumque
1956 2185 2206 2224 concernentibus,
2229 2186 2263 2216 ὃ(
2277 2196 2352 2224 prae-

1286 2225 1372 2261 cipue
1395 2223 1431 2253 de
1452 2224 1485 2254 &
1506 2224 1584 2263 super
1600 2223 1792 2254 (mceffione
1808 2224 1841 2254 &
1857 2223 2040 2262 Donatione,
2059 2223 2158 2254 Nobis
2171 2225 2204 2256 ὃς
2219 2223 2353 2257 Haeredi-

1287 2262 1338 2292 bus
1354 2263 1469 2300 nostris,
1490 2273 1538 2303 per
1552 2264 1643 2301 ipsum
1659 2262 1894 2293 Praecariffimum
1910 2262 2036 2292 Fratrem
2051 2262 2196 2300 nostrum,
2211 2272 2352 2300 quantum

1286 2301 1316 2330 in
1340 2301 1398 2340 ipso
1422 2303 1490 2338 erit,
1515 2301 1551 2332 de
1575 2301 1872 2332 DoLPHINATU
1899 2300 2090 2331 VIENENS
2103 2310 2132 2339 1,
2149 2311 2181 2331 ac
2200 2301 2298 2332 Terris
2315 2304 2350 2334 δε

1287 2339 1437 2370 Dominiis
1453 2340 1489 2371 de
1512 2339 1537 2370 L
1549 2350 1570 2370 A
1581 2349 1602 2371 N
1613 2348 1712 2377 DoK,
1738 2350 1807 2370 cum
1827 2340 1960 2370 omnibus
1983 2340 2015 2370 &
2040 2339 2152 2379 singulis
2170 2339 2351 2374 Pertinentiis

1285 2379 1472 2417 eorumdem,
1488 2379 1644 2410 secundum
1658 2378 1737 2418 quud
1753 2378 1850 2409 melius
1863 2378 2032 2408 concordari
2048 2380 2166 2417 poterit,
2182 2379 2332 2419 faciendis,

1323 2418 1492 2457 Caetera‘ique
1506 2419 1601 2448 omnia
1616 2420 1648 2448 δε
1665 2416 1768 2455 lingula
1782 2416 1964 2455 Faciendum,
1976 2416 2174 2448 Exercendum
2183 2439 2192 2456 ,
2208 2417 2242 2448 &
2255 2417 2352 2458 Expe-

1285 2458 1422 2489 diendurn
1436 2466 1501 2496 qua:
1523 2457 1552 2487 in
1573 2456 1725 2487 Praemissis
1740 2457 1772 2487 δε
1788 2456 1864 2486 circa
1878 2466 1910 2486 ea
1930 2455 2078 2486 necessaria
2101 2456 2203 2487 fuerint
2218 2456 2264 2487 seu
2277 2467 2350 2496 quo-

1286 2497 1447 2527 modolibet
1460 2497 1657 2534 oportuna,&
1670 2504 1734 2534 quae
1746 2495 1860 2533 qualitas
1878 2494 2037 2530 hujusmodi
2058 2494 2093 2524 N
2095 2495 2180 2534 egotii
2203 2494 2236 2525 &
2251 2504 2349 2527 natura

1284 2537 1397 2575 exigunt
1413 2537 1445 2566 &
1459 2535 1621 2574 requirunt,
1638 2535 1671 2564 &
1683 2543 1747 2572 quae
1763 2533 1831 2564 Nos
1843 2534 1998 2564 faceremus
2010 2534 2056 2564 seu
2068 2532 2159 2564 facere
2173 2532 2313 2572 poliemus
2327 2534 2348 2565 fi

1285 2573 1465 2613 personaliter
1491 2573 1600 2603 ibidem
1624 2573 1770 2610 praesentes
1791 2572 1998 2609 interessemus,
2011 2572 2106 2605 retiam
2125 2572 2145 2602 fi
2176 2570 2350 2602 Mandatum

1284 2615 1394 2644 exioant
1407 2621 1669 2652 quantumcumque
1686 2610 1818 2650 speciale,

1322 2639 1476 2688 firaefatos,
1496 2649 1663 2688 Walterum,
1680 2651 1714 2681 &
1737 2649 1905 2687 Johmnem,
1940 2646 2053 2678 nostros
2071 2647 2351 2688 veros„legitimos,

1285 2691 1318 2722 &
1343 2689 1513 2720 indubitatos
1534 2687 1752 2725 Procuratores,
1770 2686 2004 2723 Ambaffiatores,
2022 2685 2220 2725 Negotiorum
2241 2687 2349 2719 Gesto—

1286 2740 1327 2759 rcs
1339 2751 1349 2766 ,
1374 2730 1407 2758 ἃ
1441 2726 1577 2756 Nuncios
1600 2726 1728 2765 speciales
1769 2725 1965 2763 conjunetim,
1989 2725 2022 2755 δε
2045 2725 2155 2755 divisim
2165 2749 2174 2762 ,
2199 2724 2351 2766 Facimus,

1285 2767 1440 2801 Cre-amus,
1459 2764 1647 2802 ordinamus,
1663 2765 1696 2795 &
1722 2747 1948 2801 Constituimus,
1965 2772 1997 2793 ac
2019 2763 2130 2802 plenam
2147 2762 2227 2801 ipsis,
2245 2765 2279 2796 &
2296 2775 2346 2796 eo-

1285 2815 1349 2835 rum
1364 2805 1441 2835 alteri
1455 2802 1566 2832 Damus
1579 2804 1613 2833 &
1631 2808 1644 2819 ”
1662 2801 1859 2832 Concedimus
1871 2800 2044 2832 Potestatem
2058 2811 2108 2839 per
2123 2801 2292 2841 Praesentes,

1321 2843 1539 2879 Promittentes,
1557 2841 1587 2871 in
1608 2841 1700 2872 verbo
1714 2839 1831 2877 Regio,
1850 2840 1920 2870 Nos
1934 2839 2060 2878 Ratum,
2077 2839 2218 2878 Gratum,
2234 2842 2270 2871 &
2283 2840 2345 2872 Fir-

1285 2892 1367 2913 mum
1389 2881 1532 2911 habituros
1546 2888 1638 2910 totum
1652 2879 1685 2910 &
1700 2878 1834 2918 quicquid
1849 2888 1899 2917 per
1913 2878 2064 2915 praedieios
2079 2878 2279 2909 Procuratores
2291 2889 2345 2911 no-

1285 2922 1355 2952 stros
1369 2942 1379 2958 ,
1399 2921 1445 2950 seu
1466 2928 1566 2949 eorum
1587 2918 1724 2955 alterutri,
1752 2917 1859 2948 Aetam
1904 2916 2044 2954 Gestum,
2070 2915 2275 2956 Procuratum,
2299 2917 2346 2950 seu

1284 2959 1464 2991 Conclusum
1480 2956 1563 2987 fuerit
1578 2957 1607 2986 in
1622 2955 1792 2994 Praemiffis,
1810 2956 1843 2986 ὃ(
1858 2940 1968 2995 lingulis
1981 2953 2206 2985 Praemifforum.

1321 2999 1354 3029 ln
1375 2997 1454 3034 cujus
1476 2996 1515 3025 rei
1533 2994 1752 3026 Testimonium
1766 2995 1815 3025 has
1831 2994 1936 3024 Literas
1948 2992 2057 3022 nostras
2070 2991 2200 3024 Parentes
2217 2992 2294 3033 fieri,
2312 2996 2346 3027 &

1286 3037 1389 3076 Magni
1402 3034 1494 3072 Sigilli
1508 3033 1597 3064 nostri
1611 3034 1772 3064 munimine
1787 3033 1907 3062 fecimus
1919 3031 2053 3061 roborari.

1323 3075 1390 3106 Dat.
1405 3075 1435 3105 in
1450 3071 1560 3103 Palatio
1572 3070 1658 3113 nostro
1673 3069 1913 3111 Westmonasterii,
1924 3069 2039 3101 decimo
2052 3069 2173 3109 septimo
2186 3069 2234 3102 die
2249 3069 2332 3104 Maii.

1958 3148 2012 3177 Per
2030 3145 2184 3177 Concilium.

1447 3296 1499 3328 De
1521 3290 1710 3327 Tranezando
1731 3303 1800 3325 cum
1824 3287 2007 3324 Marchione
2023 3287 2060 3322 de
2077 3287 2190 3323 Baden.

1286 3388 1368 3447 RE
1377 3387 1409 3419 X
1429 3387 1590 3424 Omnibus,
1603 3385 1638 3417 ad
1651 3396 1740 3427 quos,
1758 3385 1818 3417 δῖε.
1833 3384 1968 3416 Salutem.

1392 3427 1491 3457 Sciatis
1508 3427 1588 3465 quod
1605 3425 1689 3463 Nos,
2321 3457 2327 3464 .

1323 3465 1373 3496 De
1394 3465 1542 3503 fidelitate,
1564 3462 1832 3501 circumspeetione,
1851 3462 1885 3492 δε
1908 3458 2041 3491 industria
2080 3458 2176 3490 dilecti
2199 3458 2232 3489 δε
2254 3456 2340 3488 fidelis

1286 3503 1392 3542 nostri,
1411 3503 1528 3533 mrtem·
1543 3503 1576 3532 de
1597 3501 1626 3532 la
1640 3502 1705 3532 fote
1717 3500 1835 3538 Militis,
1852 3501 1903 3538 δε,
1919 3498 2016 3529 diicat
2030 3481 2136 3542 diesi-:i
2151 3496 2254 3534 nostri,
2271 3498 2341 3525 Ma-

1281 3541 1359 3582 gistri
1370 3542 1511 3582 Johannis
1526 3541 1619 3571 stokes
1632 3540 1747 3577 Legum
1762 3539 1920 3576 Doctoris,
1937 3537 2059 3576 plenarie
2073 3535 2260 3571 confidentes,

1322 3580 1369 3611 Ad
1383 3578 1647 3617 Transportariduni
1662 3578 1688 3608 se
1702 3588 1786 3615 penes
1799 3577 1995 3613 Praesentiam,
2011 3572 2162 3617 Magnifici
2174 3572 2208 3603 &
2223 3571 2341 3612 Praepo-

1288 3620 1370 3650 tentis
1386 3618 1466 3656 Viri,
1483 3618 1653 3647 Marchionis
1666 3617 1781 3655 Baden,
1797 3616 1893 3646 Amici
1908 3614 1997 3645 nostri
2012 3610 2159 3648 cariffimi,

1322 3658 1368 3688 Ac
1382 3657 1418 3688 ad
1431 3656 1645 3693 Tractandum,
1663 3653 1964 3690 Communicandum,
1983 3646 2248 3686 Componendum,
2259 3647 2343 3693 Con-

1286 3695 1463 3727 cordandum
1472 3717 1481 3731 ,
1499 3695 1532 3725 δε
1552 3693 1668 3723 finaliter
1682 3692 1926 3723 Concludendum
1939 3698 2007 3719 cum
2021 3687 2137 3726 praefato
2152 3684 2342 3728 Marchione,

1286 3735 1395 3766 Amico
1416 3732 1516 3762 nostro
1538 3731 1695 3769 cariffimo,
1712 3731 1749 3762 de
1770 3733 1803 3762 ὅ(
1825 3730 1905 3766 super
1917 3730 2061 3768 Emptionf
2075 3724 2132 3767 five
2144 3723 2279 3755 Solutione
2295 3727 2341 3757 Fi-

1286 3772 1398 3803 nanciae
1412 3770 1544 3800 'Domini
1565 3769 1673 3800 oliveri
1692 3769 1723 3799 de
1746 3768 1844 3808 Bloys,
1867 3766 1994 3808 Comitis
2014 3761 2164 3802 Pictaviae,
2190 3762 2340 3796 Prisonarii

1284 3812 1340 3847 sui,
1358 3818 1391 3839 ac
1405 3807 1568 3839 liberatione
1583 3808 1704 3846 ejusdem
1721 3807 1802 3837 nobis
1816 3805 1923 3835 realiter
1935 3800 2094 3845 facienda„
2146 3839 2152 3846 .

1321 3847 1451 3892 Necnon
1472 3847 1510 3877 de
1529 3847 1754 3885 quibuscumque
1776 3843 1962 3875 Pecuniarum
1982 3837 2126 3878 Summis,
2143 3849 2172 3870 iii
2193 3839 2247 3871 hac
2263 3848 2342 3880 parte

1284 3895 1326 3918 exi

1283 3934 1323 3956 rio

1321 3961 1359 3992 Et
1372 3971 1404 3991 ea
1439 3961 1477 3991 fic
1491 3960 1640 3999 Tractata,
1658 3957 1899 3993 communicata,
1918 3953 2086 3994 Composita
2113 3953 2284 3994 Transa6³ta‚
2295 3955 2342 3987 {eu

1285 3984 1446 4039 auctarii,
1461 4007 1595 4039 quatenus
1613 3998 1649 4030 ad
1671 3996 1741 4034 NOS
1754 3995 1869 4037 attinet,
1886 3991 2060 4031 011¹&dess
2081 3977 2344 4063 §ecuritatihutismlig-

1730 4052 1734 4057 ¹
2220 4041 2252 4071 8¹
2331 4053 2343 4070 ι

1323 3884 1424 3954 1ξεηάἰε
1442 3886 1476 3916 &
1495 3885 1649 3922 solvendis,
1666 3882 1819 3914 secundum
1834 3879 1918 3924 ‘quod
1940 3877 2040 3908 melius
2062 3887 2111 3916 per
2123 3877 2342 3911 Ambaffiatores

1350 3933 1396 3953 ros
1407 3922 1558 3961 praedieios
1570 3921 1740 3953 concordari
1753 3927 1870 3960 poterit,

2357 196 2434 228 Anii.
2447 196 2489 230 Da

2379 245 2465 276 ¹421.·

2357 280 2421 305 Heu.
2440 285 2469 312 5.
2484 295 2486 297 -

2364 1681 2440 1712 Ann.
2454 1680 2497 1713 D.

2381 1729 2469 1759 142¹·

2363 1764 2413 1788 An.
2429 1770 2459 1796 9.

2363 1803 2398 1826 H.
2415 1807 2443 1834 5.

2362 1841 2448 1866 franc.
2465 1846 2495 1875 9-

2363 1880 2397 1903 H.
2410 1884 2437 1911 5.

2364 1923 2402 1944 m.
2418 1922 2428 1940 ι
2438 1922 2461 1950 1,(

2365 2802 2427 2830 ἣΧ.
2439 2810 2500 2839 ¹45-

2366 3385 2497 3419 Ann.D.

2381 3433 2468 3462 1421.

2359 3466 2412 3490 An.
2431 3473 2459 3498 9.
2495 3485 2497 3487 .

2360 3505 2396 3529 H.
2416 3510 2443 3536 5.

2359 3544 2449 3568 Franc.
2465 3549 2494 3576 9.

2360 3582 2396 3606 H.
2414 3587 2443 3614 5.

2363 3626 2453 3646 m.ii.
