2562 4274
700 130 811 172 ET
897 132 1161 172 ACTA
1243 131 1718 175 PUBLICA.

23 217 99 252 Anu.
113 212 155 248 Dr
166 218 214 254 qui
228 216 394 253 vobiscum,
412 217 441 245 in
457 214 585 253 praesenti
602 215 709 252 Viagio
724 216 821 246 nostro
835 239 844 254 ‚
871 217 951 253 supra
969 216 1068 255 Mire,
1086 220 1112 248 in
1136 218 1217 248 Reli-

43 259 127 296 1416.
164 256 290 286 stentiam
309 255 498 285 Inimicorum
513 253 672 284 nostrorum
682 276 691 290 ,
709 254 814 283 ibidem
830 255 866 284 de
881 254 1019 285 Mandato
1035 256 1133 286 nostro
1149 266 1216 293 pro-

23 300 85 323 Hm.
105 305 132 331 5.
167 294 268 325 secturi
282 293 359 330 sunt,

201 332 306 362 Dantes
321 330 410 361 Vobis
423 329 552 367 plenam,
571 329 685 359 Tenore
698 328 897 368 praesentium,
916 330 1089 363 Potestatem
1105 333 1137 363 &
1154 333 1215 362 Au-

166 371 326 401 ‹storiratem
342 368 375 398 ad
393 367 626 405 proficiscendum
641 368 720 405 supra
734 367 834 405 Mare,
853 378 920 399 cum
936 369 1110 402 Hominibus
1118 371 1152 401 ad
1162 372 1216 401 At-

168 419 215 439 ma
227 410 260 439 <St
273 407 424 443 Sagittariis
439 407 596 444 praediCtis,
614 414 712 436 contra
726 405 861 436 Inimicos
869 407 981 438 nostros
994 410 1162 447 praedidtos,

166 445 375 515 REtstipficalrum
391 444 510 475 Malitiae
528 447 558 475 in
574 445 626 475 hac
643 453 718 482 parte
733 453 882 484 potenter,
900 457 969 478 cum
985 447 1043 477 Dei
1056 448 1216 486 adjutorio,

198 484 234 515 eli
258 494 293 514 en
316 493 382 520 um,

200 521 348 559 Ipsosque,
366 521 482 551 deloco
503 521 538 550 ad
559 521 658 551 locum
675 543 684 558 ,
710 521 916 559 insequendum
933 524 966 554 δε
990 523 1217 561 Debellandum,

163 570 197 590 ac
212 562 344 590 omnibus
358 561 409 589 viis
425 561 457 590 &
478 559 568 589 modis
583 582 592 597 ,
617 560 718 597 quibus
741 561 840 591 melitis
860 562 990 593 sciveritis
1006 563 1049 593 vel
1075 564 1215 600 poteritis,

165 599 369 637 Gravandum,
388 597 616 635 Destruendum,
634 598 667 628 δε
682 597 878 637 Capiendum,

204 639 249 668 Ac

202 660 277 713 Ipso⁷s
291 676 300 706 (
310 675 512 713 cujuscumque
533 673 625 704 Status
638 697 647 712 ,
674 674 803 714 Gradus,
821 676 866 707 seu
887 676 1070 707 Conditionis
1091 676 1211 713 fuerint)

165 724 233 745 cum
250 714 373 751 ipsorum
389 712 537 750 Navibus,
555 712 656 750 Bonis,
677 713 775 744 Rebus
789 736 798 751 ,
826 717 858 745 ὃς
876 714 1015 746 Hernefiis
1035 716 1214 752 quibulcuzn-

164 764 220 791 que
231 775 241 790 ,
265 753 295 781 in
310 751 450 787 Regnum
464 750 591 780 nostrum
608 751 721 788 Angliae
734 752 950 791 adducendum,

196 791 231 821 Et
244 800 346 819 omnes
362 789 421 819 illos
432 789 468 819 de
487 789 629 828 Ligeantia
643 789 753 827 nostra,
773 793 819 828 qui
837 794 866 821 in
882 792 934 821 hac
951 799 1026 828 parte
1036 790 1214 829 Delinquen-

160 839 218 866 tes,
239 828 388 866 Rebelles,
406 828 449 857 vel
466 827 674 858 Contrariantes
695 829 812 866 fuerint,
835 831 912 867 juxta
930 839 1032 858 eorum
1050 829 1215 865 Demerita,

160 866 365 906 Castigandum
382 889 390 904 ,
414 866 591 896 Puniendum
608 889 617 904 ‚
642 867 676 896 &
697 866 933 897 incarcerandum
946 890 956 905 ,
976 868 1023 905 qui
1045 868 1215 898 deliberandi

162 907 263 937 fuerint
276 905 500 935 Deliberandum
512 927 521 942 ,

195 944 232 974 Et
246 943 280 975 ad
294 945 391 973 omnia
404 943 455 974 alia
468 945 501 974 δε
516 942 633 980 singuli,
643 953 706 980 quse
720 942 754 972 ad
764 941 909 973 Officium
925 943 1083 982 hujusmodi
1094 944 1212 974 Locum

161 983 292 1014 nostrum
307 983 424 1012 tenentis
439 983 471 1012 &
486 980 622 1011 DuCtoris
636 982 791 1019 pertinent,
802 981 824 1011 F
825 981 1196 1020 acicndum,Exercendum
1205 1005 1215 1021 ,

163 1024 197 1054 &
212 1020 444 1058 Expediendum·

197 1060 235 1091 Et
250 1060 315 1088 ideo
331 1058 421 1088 Vobis
433 1043 604 1086 svlandamus
621 1055 699 1094 quod
714 1058 788 1088 circa
804 1056 949 1088 Praemisla
962 1058 1107 1097 diligenter
1121 1060 1214 1090 inten-

163 1099 249 1136 datis,
267 1098 300 1128 δε
316 1107 346 1127 ea
359 1096 465 1125 faciatis
477 1095 510 1124 &
524 1096 703 1132 exequamini
719 1097 747 1125 in
763 1096 854 1126 forma
870 1097 1015 1134 praedicta:

201 1136 309 1166 Damus
323 1142 414 1164 autem
429 1133 559 1162 univerfis
574 1134 606 1163 δε
623 1134 734 1170 lingulis
761 1134 912 1171 Dominis,
933 1135 1108 1172 Admiraliis,
1128 1134 1215 1174 Capi-

161 1175 262 1210 taneis,
283 1171 442 1209 Magistris,
460 1173 493 1202 ὃς
512 1170 667 1201 marinariis
683 1172 828 1210 Navium,
847 1183 879 1203 ac
895 1172 968 1210 aliis,
989 1184 1110 1211 quorum
1130 1176 1215 1203 inter-

158 1213 201 1244 est
214 1236 223 1250 ‚
242 1211 359 1241 Tenore
380 1209 579 1248 Praesentium,
597 1209 714 1241 firmiter
728 1211 757 1240 in
782 1211 942 1249 Mandans,
961 1213 1038 1249 quod
1062 1212 1167 1249 VobiS,
1187 1213 1214 1243 in

160 1250 335 1282 Executione
351 1247 582 1286 Praemifforum,
603 1247 780 1279 Intendentes
795 1250 862 1287 lint,
881 1249 1084 1289 consulentes,
1111 1251 1144 1280 δε
1168 1260 1217 1280 ve-

163 1290 225 1321 stris
240 1286 382 1317 Mandatis
400 1286 589 1324 Obedientes,
610 1296 693 1326 prout
709 1288 800 1317 decet.

199 1327 232 1358 In
247 1326 341 1363 cujus,
358 1326 418 1355 &c.
438 1325 561 1362 praesenti
577 1324 682 1361 Vi.1gio
701 1325 799 1355 nostro
817 1325 932 1355 durante
944 1324 1092 1356 duraturas.

235 1364 323 1395 Teste
340 1363 425 1401 Rege
443 1362 514 1401 apud
532 1362 721 1402 Suthampton.
738 1363 873 1395 vicesimo
889 1363 1014 1394 secundo
1029 1365 1074 1394 die
1087 1364 1163 1403 Julii.

870 1443 922 1471 Per
938 1440 1020 1481 ipſsan
1037 1444 1142 1479 Regem.

395 1580 416 1599 ’⁴‘
443 1582 501 1611 Pro
525 1576 622 1610 eodem
644 1580 727 1610 Duce
746 1577 779 1610 de
797 1578 986 1611 Proteft'ione.

37 1609 59 1629 Ψ
78 1609 132 1637 IX.

18 1657 150 1716 ΑῙΞᾹΖΒ
194 1663 339 1708 Olqannes,
357 1667 426 1693 Dux
440 1663 614 1702 Bedfordiae,
632 1663 726 1693 Frater
735 1663 915 1707 ¹Regis2qui
925 1664 972 1701 ,in
980 1664 1148 1709 obsequium
1156 1664 1218 1695 Re-

41 1708 126 1762 14s6.
212 1712 268 1741 gis,
286 1703 364 1770 stsspga
379 1702 463 1770 MLare
477 1701 653 1770 ρῑοῖἓᾶᾳηὲῗ
668 1701 839 1770 ειίὶὶμὺιέὶςηι
855 1711 882 1731 in
891 1702 994 1732 eodem
1008 1704 1146 1742 obsequio
1153 1713 1222 1765 mo:

19 1767 73 1792 An.
90 1772 118 1798 4·
166 1750 286 1779 rarurus,
323 1752 335 1770 a
359 1749 384 1770 et
433 1749 509 1784 iteras
556 1750 616 1784 egis
651 1750 667 1769 e
695 1749 766 1783 ⁴rote
800 1750 865 1770 ione
885 1742 974 1791 (cum
997 1740 1123 1773 Clausula
1138 1741 1204 1771 Volu

22 1806 58 1829 H.
79 1810 105 1836 5.
168 1790 230 1848 mqu)
234 1781 250 1846 l)
252 1780 514 1847 Epser&C}uarter1um
528 1788 609 1809 unius
625 1778 703 1809 Anni
718 1778 873 1818 duraturas,

18 1843 106 1912 ξὲἦέζσ
116 1849 158 1906 ’,ζ’
206 1840 293 1886 Teste
307 1841 392 1894 Rege
405 1855 480 1894 apud
491 1854 645 1894 Suthampt.
665 1855 802 1885 vicesimo
818 1863 916 1893 quarto
932 1855 977 1888 die
987 1856 1061 1895 Julii.

21 1924 67 1943 20.

845 1934 900 1962 Per
917 1932 1000 1973 ipsimz
1012 1936 1117 1972 Regem.

205 2010 282 2041 Idem
297 2013 382 2048 Dux,
400 2011 465 2048 qui,
484 2010 513 2039 in
527 2009 692 2046 obsequium
709 2008 895 2047 predictum,
915 2010 1091 2047 profe&urus
1105 2010 1220 2048 est,ha-

170 2049 219 2079 bet
233 2049 360 2086 separales
376 2049 480 2079 Literas
492 2048 576 2086 Regis
592 2048 626 2077 de
640 2047 776 2077 Generali
792 2048 939 2078 Attornatu
956 2072 965 2084 ,
991 2059 1039 2086 per
1054 2049 1131 2079 idern
1145 2058 1218 2079 tem-

170 2097 221 2125 pus
235 2086 392 2125 duraturas,
409 2085 459 2117 sub
475 2087 643 2116 nominibus
655 2084 796 2123 Johannix
811 2087 903 2115 Frank
926 2086 1050 2124 Clerici,
1073 2089 1115 2117 W
1115 2086 1220 2117 illrelmi

168 2123 277 2164 Maffjt,
296 2125 402 2154 Thomae
415 2123 546 2164 Steuster,
565 2124 598 2154 &
615 2124 691 2153 Adae
706 2126 793 2163 May,
809 2124 858 2154 sub
871 2124 1068 2164 alternatione,
1100 2126 1136 2156 ad
1160 2125 1220 2157 Lu-

169 2164 400 2232 σαὲόυῑιῃὲζὸῑε.
418 2165 448 2193 in
465 2163 688 2201 quibuscumque
703 2162 797 2194 Curiis
809 2164 933 2201 Angliae.

236 2212 274 2231 rae
290 2225 294 2230 .
346 2212 372 2232 c.

208 2239 298 2270 Teste
316 2249 346 2271 ut
363 2240 451 2278 supra.

259 2384 317 2415 Pro
334 2383 556 2414 Locumtenente
563 2379 734 2427 sttpradicio
744 2406 754 2421 ‚
777 2379 813 2412 de
829 2379 966 2424 Monstro
985 2382 1130 2428 capiendo.

25 2481 102 2512 Ann-
120 2480 161 2511 D·
181 2466 264 2522 RE
274 2466 323 2504 X,
341 2465 492 2496 Carissimo
513 2465 600 2496 Fratri
622 2465 670 2496 suo
685 2488 694 2504 ,
719 2465 849 2505 Johanni
868 2468 939 2496 Duci
952 2465 1126 2505 Bedfordiae,
1143 2467 1226 2499 Salu-

258 2515 325 2535 [Cl'fl.

23 2521 136 2587 A2416.
211 2542 308 2574 Sciatis
321 2543 415 2581 quod,

24 2602 51 2625 H
72 2570 120 2632 '54'
210 2581 289 2612 Cum
307 2581 546 2613 Constituerimus
559 2580 620 2612 Vos
634 2581 747 2612 Locum
761 2582 889 2612 nostrum
907 2590 1050 2613 tenentem
1067 2583 1143 2621 supra
1158 2581 1226 2614 Ma-

23 2620 71 2663 Pit
98 2618 104 2624 ’
174 2630 221 2658 re,
237 2631 269 2651 ac
285 2620 443 2651 Duritorem
457 2620 623 2650 Hominum
639 2619 673 2649 ad
689 2620 775 2650 Arma
790 2621 822 2651 ὃ(
838 2621 1068 2659 Sagittariorum,
1086 2623 1132 2660 qui
1158 2622 1224 2652 No-

23 2655 50 2701 l}
68 2658 84 2708 5'
97 2646 128 2700 ‘tn
175 2658 283 2689 biscum
294 2682 303 2697 ,
317 2660 347 2690 in
362 2659 489 2697 praesenti
505 2658 609 2697 Viagio
625 2658 738 2696 nostro,
755 2659 833 2695 supra
849 2658 948 2697 Mare,
975 2661 1004 2690 in
1025 2659 1222 2690 Resistentiam

35 2696 66 2738 1'5
88 2697 111 2740 'd
133 2697 138 2702 '
176 2695 363 2728 Inimicorum
379 2698 541 2730 nostrorum
555 2696 663 2727 ibidem
678 2719 688 2734 ,
717 2697 751 2727 de
768 2697 908 2727 Mandato
928 2697 1043 2736 nostro,
1070 2698 1224 2736 profesturi

69 2733 75 2739 '
115 2733 120 2740 “
173 2735 256 2779 sunt,
272 2744 356 2773 prout
369 2737 399 2766 in
414 2736 514 2766 Literis
525 2734 628 2766 nostris
643 2734 823 2774 Patentibus,
848 2736 912 2766 inde
928 2736 1069 2768 confectis
1082 2761 1091 2775 ,
1115 2737 1225 2775 plenius

176 2782 355 2810 continetur,

210 2812 277 2842 Nos
295 2811 349 2847 (de
363 2810 492 2842 fidelitate
508 2812 540 2841 &
554 2811 809 2849 circumspeetione
825 2812 922 2842 vestris
943 2813 1052 2850 plenius
1072 2813 1224 2845 confiden-

173 2850 231 2887 tes)
251 2850 462 2887 Affignavitnus
477 2850 537 2881 Vos
550 2850 582 2880 ad
597 2849 763 2880 Monstrum
785 2851 841 2881 sive
856 2851 1100 2882 Monstrationem
1114 2852 1223 2883 Homi-

172 2897 243 2918 num
258 2890 292 2919 ad
309 2891 412 2926 Arma,
431 2888 634 2926 Armatorum,
651 2889 685 2918 &
700 2888 927 2926 Sagittariorum,
946 2891 992 2927 qui
1009 2890 1176 2930 vobiscum,
1193 2893 1221 2921 in

175 2924 280 2963 Viagio
293 2927 393 2958 nostro
407 2927 561 2965 praedicto,
580 2925 734 2963 profec‘fflri
750 2926 828 2965 sunt,
846 2931 974 2965 quotiens
996 2929 1028 2959 δε
1050 2929 1160 2966 quando
1175 2940 1222 2960 ex-

175 2964 287 3000 pediens
300 2966 334 2996 &
352 2965 464 2996 necesse
477 2975 529 3005 pro
543 2964 710 2995 Commodo
730 2965 762 2995 ὃς
783 2965 904 2996 Honore
928 2965 1028 2996 nostris
1041 2966 1103 2998 fore
1118 2967 1221 2999 videri-

174 3002 227 3038 tis,
245 3001 423 3040 Capiendum
436 3025 445 3041 ,

213 3039 251 3082 Et
265 3050 364 3071 omnes
378 3043 411 3072 &
425 3041 564 3080 singulos,
596 3051 667 3080 quos
684 3041 711 3071 in
729 3041 781 3072 hac
795 3050 872 3078 parte
887 3043 977 3073 minus
991 3042 1110 3074 idoneos
1123 3046 1157 3076 &
1177 3046 1222 3075 in-

174 3077 342 3109 sufficientes
355 3081 480 3109 invenire
494 3082 632 3118 poteritis,
648 3091 663 3110 a
678 3079 771 3109 Vadii;
788 3081 889 3110 nostris
903 3080 1131 3120 Deponendum,

213 3115 250 3146 Et
265 3117 330 3146 ideo
345 3116 435 3146 Vobis
449 3117 622 3148 Mandamus
636 3118 715 3156 quod
729 3119 806 3148 circa
819 3119 958 3156 praemissa
968 3120 1114 3159 diligenter
1130 3123 1224 3152 inten-

175 3154 264 3192 datis,
278 3156 312 3186 ὃ(
327 3165 358 3184 ea
374 3155 477 3185 faciatis
491 3156 524 3184 &
538 3157 713 3194 exequamini
730 3158 759 3186 in
773 3158 865 3188 forma
880 3158 1029 3195 praedicta:

211 3192 323 3222 Damus
337 3201 431 3223 autem
447 3193 577 3223 universis
597 3196 630 3224 &
654 3194 765 3231 singulis
779 3218 789 3233 ,
834 3205 936 3226 uorum
956 3196 1084 3235 interest,
1102 3197 1221 3230 Tenore

173 3229 371 3269 Praesentium‚
390 3230 504 3260 firmiter
514 3231 543 3260 in
559 3231 700 3263 Mandatis
716 3234 794 3270 quod
808 3206 947 3272 {iobisnn
964 3234 1137 3268 Executione
1147 3236 1222 3266 Prae-

175 3268 323 3336 giifforum
338 3292 348 3307 ,
367 3269 545 3299 intendentes
567 3269 617 3300 sint
632 3292 642 3308 ‚
665 3269 848 3302 Consulentes
862 3295 872 3311 ,
896 3275 928 3303 ὅ(
952 3274 1122 3306 Auxiliantes
1139 3285 1222 3315 prout

197 3316 266 3337 ecet.

221 3345 254 3376 In
269 3346 347 3383 cujus
370 3346 430 3376 &c.
449 3343 574 3383 praesenti
592 3345 694 3384 Viagio
708 3346 803 3377 nostro
816 3348 932 3379 durante
945 3349 1083 3382 duraturas

244 3384 331 3415 Teste
347 3369 432 3423 stege
447 3383 520 3422 apud
532 3382 718 3422 Suthampton.
737 3386 873 3417 vicelimo
887 3389 988 3425 quinto
1004 3389 1050 3419 die
1060 3390 1138 3428 Julii.

875 3465 928 3493 Per
946 3463 1028 3504 ipfiem
1046 3468 1150 3504 Regem.

173 3613 230 3645 Pro
255 3614 331 3659 Rege
359 3615 577 3649 Romanorum,
602 3608 637 3642 de
664 3608 823 3652 Precibus,
847 3609 1084 3655 Proceffiom'bus,
1107 3616 1144 3652 (ῤ’
1169 3614 1224 3646 Li-

546 3662 636 3692 taniis
648 3657 808 3702 faciendis.

399 3744 559 3776 ermiffione
578 3743 676 3775 divina
691 3767 700 3782 ,
725 3740 927 3788 Cantuarieeffir
948 3742 1078 3784 Archiepi
1092 3753 1163 3784 copus
1177 3754 1224 3777 to-

33 3762 76 3787 Α),
101 3713 142 3794 ξ
176 3744 364 3798 HEnrims,
1203 3786 1207 3790 .

1098 3786 1224 3815 enerabi-

35 3802 69 3824 H.
81 3780 118 3832 '5'
249 3785 304 3813 tius
319 3785 383 3821 Ang
394 3785 426 3813 iae
441 3783 567 3821 Primas,
583 3784 619 3815 ὅς
635 3782 811 3819 Apostolicae
825 3781 902 3813 Sedts
916 3782 1053 3822 Legatus,

35 3839 126 3863 ExRe-
176 3820 195 3851 li
210 3816 296 3850 Fratri
313 3821 425 3855 nostro,
445 3822 578 3852 Domino
594 3821 746 3858 Richardo,
762 3821 819 3864 Dei
834 3820 935 3864 gratia,
962 3822 1144 3862 Londvnienfi
1154 3825 1223 3861 Epi-

32 3874 103 3910 gistr.
173 3858 266 3898 scopo,
282 3859 327 3889 seu
336 3881 345 3896 ‚
362 3861 393 3889 in
407 3860 464 3897 ejus
478 3860 599 3891 absentia
608 3881 617 3897 ,
632 3859 681 3890 suo
696 3861 725 3889 in
739 3859 931 3896 Spiritualibus
940 3859 1054 3891 Vicario
1073 3860 1226 3900 Generali,

37 3908 163 3949 clyfford,
176 3896 299 3938 Salutem
314 3898 348 3927 &
363 3897 509 3939 fraternam
524 3900 554 3928 in
574 3898 707 3929 Domino
720 3899 872 3941 caritatem.
1083 3938 1087 3943 ⁵

37 3950 116 3986 Episc.
214 3935 306 3977 Licet.
319 3934 383 3964 Nos
401 3936 564 3980 iamdudum
610 3946 658 3973 per
681 3947 748 3980 vos,
776 3937 909 3980 omnibus
932 3936 966 3967 &
992 3936 1106 3982 singulis*
1121 3937 1226 3985 nostrae

37 3989 147 4014 London.
172 3972 377 4004 Cantuarrenfis
391 3969 552 4004 Provmciae
566 3974 753 4010 suffraganms
765 3973 925 4005 dederimus
937 3984 967 4004 m
975 3974 1136 4014 Mandatis,
1145 3976 1225 4014 quod

30 4025 136 4063 somo-
172 4010 446 4082 ὶρὲξὲξῖβιέςιῗὶ,
463 4011 495 4042 in
508 4011 636 4045 Ecclefiis
654 4014 706 4046 suis
728 4011 958 4052 cathedralibus,
973 4014 1008 4046 &
1023 4013 1080 4046 aliis
1095 4012 1228 4047 Ecclesiis

2243 128 2320 173 169

1259 216 1506 249 Conventualibus
1521 220 1554 250 ὃ(
1571 220 1749 259 Collegiatis,
1765 228 1823 250 tam
1840 217 2049 256 Regularum,
2072 216 2159 256 quam
2181 210 2317 256 Seculari-
2331 217 2405 247 Ann.
2425 215 2465 246 D.

1257 256 1326 294 bus,
1344 267 1456 287 necnon
1473 257 1678 288 parochialibus
1691 258 1822 288 Ecclefiis
1836 258 1945 288 suarum
1961 255 2120 286 Civitatum
2134 255 2167 284 &
2191 252 2310 295 Dloece-
2357 255 2443 293 1416.

1257 293 1337 332 sum,
1353 295 1448 325 diebus
1464 295 1627 325 Dominicis
1651 297 1684 327 δε
1699 296 1833 333 Festivis,
1858 295 1992 325 Subditos
2013 293 2075 323 suos
2091 315 2101 330 ,
2126 290 2254 332 Clericos
2276 289 2310 319 &
2329 299 2395 322 Heu.
2412 304 2445 328 5,

1256 331 1374 371 Laicos‚
1396 332 1577 364 effe&ualiter
1596 343 1742 363 moverent
1764 333 1976 365 &inducerent
1990 354 2000 369 ‚
2024 331 2067 361 seu
2084 332 2121 361 lic
2145 336 2255 359 movert
2268 327 2308 357 fa-

1255 380 1350 411 cerent
1364 374 1398 402 ὃς
1411 372 1524 408 induci,
1545 380 1575 401 ut
1591 382 1641 409 pro
1659 371 1750 410 Pace,
1771 371 1905 409 Unitate‚
1923 373 1956 402 ὃ(
1971 369 2186 406 Tranquillitate
2204 366 2309 397 Eccle-

1254 410 1299 438 liae
1314 408 1401 447 Regis
1423 411 1456 441 ὃς
1473 409 1568 448 Regni
1592 410 1704 446 Angliae
1732 410 1905 446 prosperitate
1919 432 1928 446 ,
1956 408 2102 438 Fructibus·
2122 415 2252 448 quoque,
2269 406 2304 436 &

1253 447 1332 476 Aeris
1346 448 1511 485 Serenitate,
1529 458 1597 478 cum
1611 447 1693 477 omni
1707 448 1800 477 cordis
1812 448 1978 485 devotione,
1998 445 2186 476 Proceffiones
2201 444 2304 474 lolem-

1254 494 1338 522 pnes,
1357 486 1464 524 singulis
1476 487 1494 506 ¹⁵
1514 486 1629 524 Quartis
1644 487 1676 515 &
1692 485 1779 515 Sextis
1801 485 1977 522 Feriis,curn
1995 484 2202 514 Decantatione
2219 483 2304 513 Leta-

1253 524 1310 553 nize
1325 525 1357 554 &
1375 524 1491 562 Missae,
1510 524 1529 554 si
1545 524 1603 553 fieri
1620 525 1722 561 poterit
1737 545 1747 560 ,
1772 524 1835 553 alias
1855 524 2017 560 specialium
2031 522 2224 552 Colleetarum
2250 521 2304 559 (u-

1254 562 1315 591 nius
1325 584 1334 598 ,
1350 562 1499 600 videlicet,
1517 572 1570 600 pro
1586 561 1661 593 Pace
1675 561 1808 592 Ecclefiae
1823 583 1832 598 ,
1857 561 1964 590 alterius
1986 564 2037 598 pro
2055 560 2138 597 Rege
2149 583 2158 598 ,
2175 561 2208 591 &
2222 560 2304 590 tertia

1255 609 1308 636 pro
1325 600 1478 631 Serenitate
1492 600 1589 638 Aeris)
1610 600 1639 630 in
1653 601 1779 639 ipsorum
1797 599 1927 630 Eccleiiis
1943 621 1953 636 ‚
1977 599 2022 629 vel
2039 599 2116 630 circa
2137 609 2181 629 eas
2197 621 2207 637 ,
2231 598 2308 629 face-

1256 646 1336 676 rent,
1356 648 1386 668 ut
1402 639 1443 668 est
1459 640 1561 677 moris,

1288 676 1348 706 Vos
1361 678 1461 714 etiarn,
1480 677 1570 708 Frater
1585 676 1753 714 Cariffime,
1772 675 1918 706 Praemiffa
1935 676 1964 704 in
1977 673 2102 705 Ecclesia
2118 675 2215 706 Vestra
2242 674 2303 706 Ca-

1251 714 1382 751 tlicdrali,
1400 725 1432 744 ac
1448 715 1505 745 aliis
1523 714 1765 745 Conventualibus
1780 736 1789 751 ,
1814 713 1973 752 Collegiatis
1987 734 1997 750 ,
2022 712 2229 744 parochialibus
2247 713 2307 744 Ec-

1253 752 1340 781 cleliis
1354 752 1507 784 vestrarum
1523 752 1652 783 Civitatis
1668 755 1701 784 δε
1727 752 1884 790 Dioecelis,
1902 751 1993 782 modo
2016 751 2154 780 consimili
2167 751 2310 791 faceretis,

1255 790 1288 820 &
1304 790 1459 821 efficaciter
1474 791 1533 821 fieri
1550 791 1731 827 mandaretis,

1292 827 1325 857 In
1348 830 1449 865 quibus
1471 830 1556 860 etiam
1572 851 1583 867 ,
1606 828 1875 859 Christianiffimum
1897 827 2062 864 Principem
2077 848 2087 864 ‚
2113 826 2306 865 Sigifinundum

1255 869 1434 896 Romanorum
1451 870 1546 904 Regem
1557 891 1566 906 ,

1290 905 1370 944 Qi,
1388 905 1422 935 ad
1439 905 1552 936 Sanctae
1568 904 1669 936 Matris
1691 903 1825 935 Ecclesiae
1849 903 2003 935 Unionem
2021 925 2036 945 ,ι
2056 902 2216 941 Pacemque
2232 904 2302 933 inter

1253 941 1346 982 Reges
1359 946 1392 975 ὃ(
1406 944 1549 982 Principes
1563 944 1787 981 procurandam,
1803 950 1876 972 ertra
1896 942 1998 972 Natale
2020 941 2110 971 iorum
2133 952 2148 972 a
2164 943 2211 972 diu
2233 942 2305 980 posi-

1253 989 1294 1011 tus
1309 981 1511 1013 ferventiffime
1530 983 1665 1013 laboravit
1681 983 1713 1014 &
1731 982 1856 1011 hborare
1869 989 1928 1011 non
1944 980 2042 1011 delivit
2061 979 2153 1010 adhuc
2163 980 2260 1019 usque,

1289 1020 1345 1050 Per
1359 1021 1421 1051 alias
1439 1021 1545 1052 Literas
1559 1022 1679 1057 nostras,
1699 1022 1780 1050 vobis
1795 1029 1828 1050 ex
1845 1019 1907 1057 post
1922 1018 1997 1048 fausto
2014 1018 2177 1049 transmissas
2187 1042 2197 1057 ,
2213 1030 2305 1050 annu-

1254 1060 1353 1089 merari
1369 1058 1573 1099 Decumum,
1592 1060 1738 1097 ipsumque
1752 1060 1780 1088 in
1795 1067 1851 1089 tarn
1867 1057 1974 1088 saneto
1990 1058 2023 1088 &
2037 1057 2140 1092 salutari
2155 1057 2305 1095 Propolito

1252 1096 1363 1134 vestro,
1378 1107 1411 1127 ac
1427 1098 1545 1128 aliorum
1574 1098 1676 1128 nostrae
1701 1096 1905 1127 Cintuarienfis
1929 1095 2089 1126 Provinciae
2109 1095 2250 1127 Fidelium
2268 1097 2302 1128 &

1253 1133 1318 1164 Deo
1335 1136 1514 1166 Devotorum
1528 1138 1674 1173 precibus,
1693 1136 1825 1173 adunari,

1289 1173 1418 1203 Plurium
1431 1182 1543 1211 tamen,
1562 1175 1646 1204 dictae
1663 1174 1767 1204 nostrae
1790 1174 1949 1204 Provinciae
1967 1171 2169 1210 Subditorurn,
2194 1171 2307 1204 relatio-

1252 1220 1288 1239 ne
1303 1214 1488 1254 concepimus
1505 1212 1585 1249 quod
1606 1214 1684 1243 circa
1704 1212 1861 1250 Praemiffa,
1879 1220 1937 1242 tam
1959 1210 2055 1249 Cleri,
2079 1212 2164 1249 quam
2185 1209 2308 1251 Populi,

1256 1251 1370 1286 tepescit
1389 1250 1531 1287 Devotio,

1293 1288 1370 1326 Qiae
1384 1298 1420 1318 eo
1437 1289 1523 1326 magis
1541 1287 1575 1317 ad
1592 1287 1691 1318 Preces
1706 1287 1866 1324 hujusmodi
1881 1287 1950 1318 Deo
1963 1287 2117 1327 fundendas
2130 1288 2246 1319 accendi
2255 1288 2306 1319 de-

1254 1326 1350 1367 beret,
1369 1336 1428 1363 quo
1445 1325 1543 1356 Nobis
1558 1328 1591 1357 &
1611 1328 1674 1363 iplis
1687 1349 1697 1363 ,
1723 1327 1788 1363 qui,
1806 1335 1839 1355 ex
1858 1325 1960 1356 nostris
1981 1326 2155 1365 Demeritis,
2176 1327 2305 1359 animad-

1256 1366 1381 1394 versione
1395 1365 1492 1394 divinit
1508 1365 1594 1394 indies
1609 1365 1704 1401 puniri
1720 1373 1880 1400 meremur,

1315 1401 1399 1439 Ipsius
1432 1402 1578 1433 Salvatoris
1606 1403 1720 1439 eloquio
1754 1402 1910 1432 ostenditur
1944 1410 2056 1439 quantae
2095 1403 2196 1435 Oratio
2235 1404 2308 1437 fide-

1254 1441 1286 1471 lis
1296 1463 1304 1478 ,
1320 1441 1423 1472 affidua
1441 1451 1474 1472 ac
1490 1441 1542 1471 line
1558 1440 1760 1472 intermistione
1773 1440 1846 1471 faeta
1855 1462 1865 1478 ,
1884 1440 1992 1470 virtutis
2007 1441 2040 1471 ὃς
2055 1440 2191 1473 efficaciae
2207 1443 2310 1476 habea-

1260 1489 1303 1511 tur

1293 1504 1342 1550 De
1356 1519 1427 1559 hac,
1446 1521 1484 1552 sic
1507 1519 1542 1551 ait
1562 1519 1705 1557 Scriptura
1719 1541 1729 1558 ,
1753 1526 1865 1557 oportet
1885 1514 1992 1555 semper
2013 1527 2090 1549 orare
2106 1518 2139 1549 &
2165 1528 2224 1550 non
2239 1518 2307 1550 defi-

1259 1568 1325 1589 cere

1293 1581 1401 1628 Or³ante
1414 1606 1535 1635 namque
1550 1595 1637 1637 Motfi²
1650 1597 1780 1628 vincebat
1795 1595 1937 1633 Populus,
1956 1595 2120 1626 vincebatur
2136 1602 2230 1626 autem
2239 1604 2308 1626 curn

1257 1635 1415 1666 dimittebat
1431 1636 1553 1673 Manus,
1997 1672 2001 1676 ¹

1295 1673 1386 1712 Cujus
1397 1675 1554 1706 efficaciam
1573 1674 1603 1704 in
1618 1673 1735 1704 Daniele
1751 1673 1783 1704 &
1798 1672 1903 1702 David
1912 1672 2056 1702 orantibus
2071 1671 2214 1711 Scriptura
2227 1681 2310 1703 com-

1257 1722 1417 1751 memorat,

1294 1751 1331 1782 Et
1346 1753 1375 1782 in
1391 1751 1529 1792 Theodofio
1552 1754 1716 1790 Imperatore
1741 1760 1840 1782 contra
1860 1752 2008 1788 Eugenium
2022 1750 2056 1780 ὅ(
2077 1746 2310 1793 Arbogastenffiri-

1255 1792 1352 1828 pertita
1374 1790 1502 1821 Historia
1527 1791 1682 1822 manifestat
1696 1814 1706 1828 ‚
1732 1790 1839 1820 Orante
1860 1799 1981 1828 namque
1995 1788 2146 1826 Theodosio,
2166 1789 2309 1819 Altiihmo

1257 1829 1424 1860 miraculose
1439 1839 1587 1868 operante,
1606 1829 1833 1860 Adversariorum
1850 1827 1996 1857 Exercitus
2012 1826 2109 1864 Jacula
2124 1826 2313 1857 vehementis-

1258 1867 1341 1898 fimus
1357 1868 1465 1898 Ventus
1480 1869 1509 1898 in
1525 1868 1596 1906 ipsos
1606 1869 1741 1906 jacientes
1761 1867 1936 1904 retorquebat
1953 1867 1986 1897 &
2004 1866 2104 1903 jacula
2120 1865 2207 1895 Partis
2225 1865 2312 1894 Theo-

1257 1905 1322 1945 doszi
1337 1916 1404 1937 cum
1422 1907 1520 1945 majori
1542 1906 1708 1937 fortitudine
1723 1929 1732 1943 ‚
1760 1905 1829 1936 ultra
1850 1904 2007 1935 mensuram
2029 1902 2108 1934 Ιᾶῦς
2130 1903 2263 1942 humani,
2281 1904 2314 1933 in

1258 1944 1370 1975 eosdem
1385 1946 1484 1982 pariter
1500 1945 1688 1984 impingebat,
2312 1955 2313 1958 ’

1295 1982 1507 2014 Confiderantes
1526 1985 1608 2024 igitur
1633 1991 1718 2013 tantas
1746 1983 1785 2012 rei
1807 1981 1940 2012 virtutem
1957 2002 1966 2018 ‚
1991 1990 2105 2011 necnon
2127 1977 2310 2012 confidentis·

1257 2020 1355 2051 simam
1369 2020 1465 2061 spem,
1482 2032 1568 2060 quarn
1587 2020 1778 2051 Sereniffimus
1799 2020 1933 2056 Princeps
1955 2019 1988 2049 &
2017 2019 2081 2049 Rex
2095 2019 2189 2050 noster
2209 2020 2312 2050 habere

1257 2060 1410 2090 dinoscitur
1423 2062 1451 2091 in
1468 2061 1583 2097 eadem,
1601 2059 1687 2090 Casus
1707 2060 1817 2096 insuper
1836 2060 1868 2089 &
1884 2057 2011 2088 Miserias
2032 2058 2139 2088 cotidie
2159 2067 2310 2095 emergen-

1258 2107 1315 2137 τρε,
1336 2108 1388 2136 pro
1400 2100 1501 2138 quibus
1514 2098 1637 2129 sedandis
1658 2097 1756 2128 Deum
1778 2099 1807 2127 in
1822 2096 2007 2126 Orationibus
2028 2096 2137 2135 placare
2156 2097 2312 2134 convenit,

1257 2139 1306 2176 qui
1321 2137 1393 2167 Iram
1408 2137 1502 2176 suam,
1521 2148 1570 2175 per
1583 2137 1705 2167 humana
1728 2135 1874 2166 Demerita
1900 2135 2057 2178 frequenter
2074 2134 2237 2173 accensam,
2257 2136 2312 2165 mi-

1258 2176 1432 2206 sericorditer
1447 2177 1572 2207 decrevit
1585 2175 1756 2212 pacabilibus
1770 2173 1881 2204 Hostiis
1896 2176 2043 2212 mitigare,

1299 2214 1392 2244 Vobis
1406 2215 1435 2244 in
1448 2214 1628 2245 Obedientiae
1648 2215 1753 2243 virtute
1774 2212 1946 2242 Mandamus
1969 2213 2094 2253 quatinus
2110 2234 2119 2249 ,
2145 2220 2193 2249 per
2211 2209 2315 2242 vestras

1261 2253 1366 2284 Literas
1401 2262 1468 2284 cum
1483 2254 1565 2283 omni
1581 2252 1721 2282 celeritate
1737 2274 1747 2289 ,
1775 2250 1881 2281 Vestris
1898 2250 1967 2280 detis
1987 2251 2098 2286 lingulis
2118 2249 2314 2280 Confratribus

1261 2293 1295 2322 &
1311 2291 1349 2321 Su
1383 2292 1502 2328 ·aganeis
1516 2292 1545 2322 in
1561 2290 1705 2320 Mandatis
1719 2313 1728 2327 ,
1755 2288 1834 2327 quod
1849 2287 1899 2325 ipsi
1920 2287 2114 2319 Proceffiones
2128 2290 2162 2319 ὃς
2182 2288 2313 2319 Letanias

1260 2330 1433 2368 hujusmodi,
1452 2337 1481 2360 ut
1496 2330 1616 2367 superius
1631 2329 1779 2365 recitatur,
1798 2328 1831 2358 &
1840 2334 1890 2364 pro
1905 2329 1988 2355 Statu
1998 2324 2112 2365 praesati
2124 2329 2202 2363 Regis
2209 2329 2311 2356 Roma-

1261 2379 1369 2407 norum,
1388 2368 1498 2407 ejusque
1511 2367 1689 2406 prosperitate
1704 2388 1714 2404 ,
1739 2366 1800 2396 fieri
1826 2365 1931 2396 faciant
1946 2387 1956 2402 ‚
1984 2364 2039 2394 vos
2054 2375 2088 2395 ue
2107 2364 2231 2395 similiter
2256 2363 2317 2395 fieri

1259 2406 1381 2443 faciatis,
1398 2407 1551 2437 nullatenus
1567 2405 1700 2436 cessantes
1712 2405 1748 2435 ab
1762 2404 1866 2436 eisdem
1880 2403 1972 2434 donec
1982 2403 1998 2432 ὲ
2049 2403 2114 2434 obis
2126 2403 2199 2435 aliud
2206 2403 2314 2434 habue-

1263 2447 1328 2514 rtiils³
1336 2447 1369 2477 &
1387 2446 1506 2476 habeant
1521 2446 1551 2475 in
1565 2443 1727 2482 Mandaris,

1331 2493 1340 2513 t

1300 2507 1468 2553 Ut’mentes
1483 2522 1623 2553 Fidelium
1638 2521 1673 2552 ad
1687 2521 1818 2552 devotius
1833 2518 1983 2551 Orandum
2002 2528 2054 2557 pro
2071 2517 2220 2549 Praemiffis
2243 2528 2313 2558 pro-

1264 2561 1371 2599 pensius
1384 2563 1537 2592 excitemus
1547 2584 1556 2598 ,
2277 2586 2279 2588 ,

1302 2600 1349 2630 De
1363 2599 1422 2630 Dei
1436 2599 1651 2636 Omnipotentis
1668 2597 1803 2628 immensa
1819 2595 2007 2628 misericordia
2016 2618 2025 2634 ,
2042 2597 2075 2628 ὃ(
2084 2595 2236 2634 beatzffimae
2246 2598 2316 2625 Ma-

1263 2640 1311 2667 riae
1325 2641 1440 2676 Virginis
1453 2637 1553 2668 Matris
1567 2637 1705 2675 ejusdem,
1722 2646 1755 2666 ac
1770 2638 1916 2666 beatorum
1942 2637 2017 2664 Petri
2032 2635 2065 2665 ὃς
2090 2637 2172 2663 Pauti
2188 2633 2313 2672 Aposto-

1261 2677 1354 2707 lorum
1371 2678 1446 2716 ejus,
1465 2686 1580 2706 necnon
1597 2675 1767 2706 Sanetorum
1784 2673 1943 2712 Alphegi&
1959 2672 2066 2702 Thomae
2080 2672 2313 2710 Martirum,Pa·

1260 2723 1410 2746 tronorum
1426 2714 1607 2753 nostrorum,
1623 2715 1814 2752 omniumque
1827 2712 1999 2743 Sanstorum
2015 2710 2166 2742 Meritis&
2179 2711 2316 2742 Precibus

1262 2754 1435 2785 confidentes

1299 2792 1420 2823 Cunc‘tis
1431 2777 1624 2829 (⁷3hristicoliS,
1632 2801 1682 2829 per
1695 2789 1801 2821 nostras
1815 2788 1972 2820 Civitatem
1987 2789 2020 2819 &
2030 2786 2188 2831 Dioecefim
2197 2788 2230 2818 &
2239 2787 2312 2818 Pro-

1261 2832 1386 2861 vinciam
1404 2830 1630 2862 Cantuariensem
1651 2830 1769 2859 ubilibet
1791 2827 1950 2859 constitutis
1964 2849 1973 2865 ,
1997 2827 2032 2856 de
2045 2834 2166 2864 peccatis
2179 2826 2231 2856 suis
2248 2827 2316 2856 vere

1262 2870 1480 2908 paenitentibus,
1500 2869 1647 2905 contritis,
1665 2869 1697 2898 ὃς
1713 2866 1845 2898 confeffis
1859 2888 1869 2904 ,
1898 2865 1946 2900 ciui
1969 2864 2196 2895 Proceffionibus
2207 2866 2239 2895 ὃ(
2259 2864 2315 2895 Le-

2343 484 2424 512 Hx.

2347 534 2410 562 373·

1226 2931 1237 2935 -
1260 2909 1340 2938 taniis
1352 2907 1511 2946 hujusmodi
1527 2907 1718 2944 interfuerint,
1742 2906 1775 2936 &
1789 2914 1842 2947 pro
1862 2902 2013 2934 Praemissis
2029 2903 2135 2933 devote
2157 2903 2315 2939 oraverint,

1258 2946 1440 3015 {Quadraginta
1464 2946 1523 2977 dies
1546 2944 1728 2985 Indulgentiae
1743 2966 1753 2982 ‚
1778 2952 1879 2973 totiens
1903 2943 2033 2980 quotiens
2055 2940 2249 2972 Concedimus
2266 2948 2316 2978 per

1285 2984 1414 3015 raesentes

1295 3007 1466 3054 Confimi’ies
1481 3023 1550 3052 vero
1567 3021 1752 3058 indulgentias
1768 3029 1818 3057 per
1832 3029 1901 3058 vos,
1922 3017 2012 3049 Frater
2026 3016 2192 3056 Cariffime,
2209 3025 2242 3047 ac
2257 3025 2315 3047 cae-

1258 3070 1332 3092 teros
1346 3061 1543 3100 Coepiscopos
1557 3061 1590 3091 ὃς
1605 3060 1801 3099 suffraganeos
1815 3057 1925 3088 nostros
1939 3056 2151 3096 quoscumque,
2167 3056 2312 3085 hortamur

1258 3102 1288 3130 in
1304 3100 1439 3130 Domino
1455 3101 1488 3130 ὃς
1507 3099 1628 3136 petimus
1645 3099 1766 3135 elargiri.
2288 3130 2293 3135 ,

1294 3138 1352 3169 Dat
1382 3139 1410 3167 in
1429 3137 1519 3176 Castro
1535 3136 1619 3175 nostro
1635 3138 1666 3167 de
1682 3136 1838 3172 saltwode,
1855 3132 1980 3176 secundo
1994 3132 2040 3164 die
2054 3132 2158 3164 Menfis
2175 3130 2313 3167 Augusti,-

1260 3177 1348 3207 Anno
1364 3175 1486 3206 Domini
1503 3175 1658 3206 Millefimo
1674 3174 1956 3214 Qadringentelimo
1971 3172 2193 3208 Sextodecim05
2208 3168 2244 3199 Et
2260 3178 2314 3203 nce

1259 3215 1320 3246 strae
1335 3214 1538 3245 Transsationis
1552 3214 1640 3244 Anno
1655 3214 1766 3244 Tertio.

1297 3291 1467 3321 Mandatum
1478 3289 1652 3329 praeAMlum,
1675 3289 1768 3331 quoad
1785 3290 1924 3329 Episcopus
1940 3290 2039 3318 Omnes
2061 3283 2098 3321 ὠ
2111 3282 2223 3326 singulos
2245 3284 2315 3314 Pro-

1259 3333 1356 3360 vinciae
1371 3331 1531 3366 antedjzflae,
1541 3328 1642 3367 fuerat
1655 3333 1684 3360 in
1697 3328 1814 3360 omnssbus
1826 3335 1963 3359 executum
1969 3325 2116 3366 ftcundum
2130 3328 2256 3356 Tenorem
2272 3320 2311 3357 &¹

1260 3371 1437 3407 Exigentiam
1451 3368 1573 3407 ejusdem.

1263 3495 1289 3522 *θ
1317 3496 1364 3528 De
1381 3492 1629 3527 Communicando
1639 3493 1731 3538 fhper
1745 3495 1833 3525 certis
1854 3494 2001 3525 Materiis
2018 3516 2028 3532 ‚
2066 3489 2225 3533 Ecclaefiam
2245 3498 2310 3519 con·
2349 3505 2368 3525 ῃ
2389 3507 2442 3534 IX·

1481 3539 1684 3582 cernentibus,
1710 3552 1778 3572 cum
1801 3542 1885 3573 Duce
1904 3538 2092 3587 Bnrgundiae,
2331 3554 2395 3581 374.

1264 3624 1408 3683 REX,
1426 3625 1587 3657 Venerabili
1598 3626 1628 3656 in
1646 3624 1763 3655 Christo
1775 3624 1868 3663 Patri,
1886 3623 1921 3662 J.
1940 3622 2042 3655 eadem
2065 3621 2170 3665 gratia,
2189 3619 2308 3659 Episcopo
2328 3628 2404 3660 An„⁶
2417 3628 2461 3659 D.'

1337 3669 1490 3696 Coventriae
1504 3664 1543 3700 ὠ
1558 3663 1735 3702 Lichfeldiae,
1752 3673 1785 3695 ac
1802 3687 1812 3702 ,
1836 3662 1980 3694 cariffimo
2004 3661 2224 3698 consanguineo
2244 3657 2311 3694 suo,
2349 3668 2434 3705 1416,

1260 3704 1376 3736 Ricardo
1389 3708 1484 3734 Comiti
1501 3704 1543 3732 W
1542 3706 1684 3738 arrwicae,
1702 3702 1836 3732 Salutem.
2083 3738 2087 3743 ι
2177 3735 2181 3741 ,
2326 3710 2379 3733 Ari.
2394 3716 2424 3741 4„

1298 3744 1376 3782 Quia
1392 3751 1477 3773 certas
1494 3741 1625 3772 Materias
1651 3740 1778 3777 (Statum
1801 3741 1834 3771 ὃς
1856 3739 2019 3771 Utilitatem
2041 3735 2195 3778 universalis
2209 3732 2310 3764 Eccle-
2326 3749 2360 3771 H.
2381 3753 2407 3778 5„

1262 3783 1324 3820 siae,
1341 3783 1374 3812 ὃ(
1390 3781 1529 3818 praesentis
1544 3779 1671 3810 Concilii
1687 3778 1923 3816 Constantienfis,
1941 3774 2161 3811 concernentes)
2181 3783 2210 3802 in
2230 3781 2312 3802 men·
2323 3788 2412 3811 franc.
2431 3784 2461 3817 4=

1261 3829 1289 3852 te
1303 3821 1441 3859 gerimus,
1989 3852 1994 3857 -
2075 3851 2081 3857 ,
2306 3847 2311 3853 .
2327 3827 2360 3850 H.
2378 3829 2405 3854 5,

1300 3860 1380 3897 Quas
1391 3857 1539 3895 Tractari,
1557 3855 1790 3893 Communicari‚
1808 3864 1858 3891 ac,
1875 3862 1926 3890 per
1939 3851 1995 3882 Dei
2012 3858 2148 3888 gratiam,
2165 3846 2314 3880 Concludi
2326 3869 2364 3890 m·
2385 3860 2428 3887 “5¹

1262 3907 1333 3928 cum
1347 3919 1357 3934 ,
1375 3895 1575 3933 praecariffimo
1589 3894 1807 3933 Consanguineo
1821 3891 1934 3927 nostro,
1954 3888 2084 3928 Johanne
2099 3892 2176 3933 Duce
2188 3891 2316 3927 Burgun-

1263 3938 1333 3974 diae,
1351 3935 1384 3965 &
1400 3932 1521 3965 Comite
1537 3933 1691 3970 Flandriae,
1707 3939 1754 3962 aut
1767 3931 1824 3968 ejus
1832 3932 1860 3959 in
1875 3929 1927 3958 hac
1943 3936 2019 3965 parte
2032 3926 2202 3959 sufficienter
2216 3926 2318 3965 Depu-

1264 3976 1334 4043 tatixss
1342 3973 1386 4042 siu
1401 3972 1594 4012 Deputandis,
1612 3979 1646 4003 ex
1661 3971 1766 4002 intimo
1780 3968 1867 3999 corde
1880 3963 2059 4003 affeetamuS,

1335 4021 1354 4042 o
1376 4021 1397 4041 is

1404 4033 1415 4050 ’
1778 4042 1807 4073 Y
2276 4039 2326 4073 De
