2562 4274
737 205 849 248 ET
932 204 1189 246 ACTA

0 297 76 330 Anti.
93 295 130 325 D.
146 293 270 335 Castellae
284 295 322 330 ὠ·
336 296 462 332 Legionis
482 289 582 323 Matris
597 315 607 330 ,
623 301 657 323 ac
676 291 794 334 Iliustris
815 289 940 327 Infantis
960 288 1083 329 Castellae
1104 288 1210 326 Patrui,

3 339 7 342 '
20 345 107 376 1411.
146 336 216 366 dicti
229 333 400 364 Sereniffitni
419 331 544 361 Domini
568 332 624 361 mei
640 329 726 368 Regis
740 328 888 359 Tutorum
904 339 936 359 ac
952 328 1130 372 *Regnorum
1143 327 1208 357 suo-

2 379 64 405 Hen.
80 386 110 411 4.
147 383 211 405 rum
225 371 476 408 Gubernatorum,
493 370 652 407 roboratas,
671 377 789 406 quarum
803 368 902 397 Tenot
913 366 971 398 talis
986 366 1037 397 est.

227 448 294 477 ΟΝ
310 445 410 484 Juan,
436 456 488 484 por
503 445 528 476 la
541 446 631 485 gracia
645 444 680 475 de
696 443 787 482 Dios,
807 446 862 482 Rey
876 444 908 473 de
923 441 1053 481 Castilla,
1070 443 1103 473 de
1117 443 1212 479 Leon,

237 485 272 516 de
287 484 418 524 Galz'fia,
435 486 471 515 de
487 484 606 522 Sevilla,
626 483 661 514 de
675 483 818 520 Cardava,
835 484 870 511 de
893 483 1022 519 Murcia,
1040 481 1075 512 de
1095 479 1211 518 Jahen,

156 522 192 553 'el
215 522 339 561 Algarbe
354 546 364 561 ,
382 523 418 554 de
437 521 584 562 Algesira,
599 523 631 554 ὃς
652 525 750 551 Sennor
767 521 798 550 a‘e
814 517 924 559 Bifiaia
938 521 971 551 ὃ(
985 520 1021 551 de
1043 518 1151 549 Molina
1166 540 1176 556 ,
1193 528 1210 548 a

148 558 248 597 Todes
263 585 272 599 ,
288 573 303 592 a
320 561 425 600 quellos
440 572 494 599 que
508 561 564 592 esta
580 562 620 590 mi
637 559 722 590 Carta
738 569 839 589 venran
854 581 863 596 ‚
881 558 973 589 Salud.

184 599 305 638 Sepades
318 610 373 639 que
390 610 427 640 yo
447 599 551 638 fyando
565 599 717 637 largament
735 597 787 627 d'la
802 597 929 627 lealianca
944 599 978 627 ὃς
993 594 1141 627 discretiori
1162 593 1207 623 dcl

149 639 190 668 mi
205 639 269 669 bien
287 638 390 669 amado
411 638 553 668 Escudero
574 636 688 666 Goncalo
703 639 802 665 Garcia
818 636 850 665 de
868 638 945 664 Haro
963 634 1032 665 sisele
1048 635 1087 664 mi
1104 633 1207 663 Emba-

149 676 238 707 xador
252 677 284 708 &
301 676 484 715 Menfagero,
503 685 551 714 par
564 674 645 705 Astar
656 676 690 706 ὃς
704 674 825 705 Tradtar
840 683 896 704 con
912 674 954 704 los
968 672 1163 703 Enbaxadores
1179 672 1209 699 ὸε

149 714 330 752 Mensageres
350 713 395 744 del
411 724 459 754 my
473 724 536 753 amy
554 723 621 743 caro
634 736 643 751 ,
658 715 691 743 &
707 723 769 751 amy
787 711 900 743 Amado
912 711 975 741 Tio
988 734 998 748 ,
1015 712 1074 741 don
1092 712 1212 747 Eurique

149 757 204 794 Rey
217 754 248 782 de
262 752 445 791 Inglatierra,
462 752 541 782 sobre
554 753 741 790 Prorogation
757 752 790 781 &
806 752 1014 788 Alongamento
1027 749 1063 778 de
1075 748 1212 790 Tregms,

149 802 204 830 que
219 791 313 822 fueran
330 790 435 829 puestas
450 792 482 822 &
496 790 620 821 tomadas
635 800 670 820 en
685 789 709 819 el
727 798 825 827 tempo
847 788 943 826 pasado
958 811 968 826 ,
986 796 1063 818 enter
1077 796 1117 815 mi
1136 787 1168 816 ὃς
1187 785 1211 814 el

148 831 248 861 ditcho
268 829 330 869 Rey
353 829 388 860 de
416 829 572 868 Inglatierra
591 830 630 858 mi
653 829 715 858 Tio
729 850 738 865 ,
773 828 810 858 las
832 826 934 865 quelles
954 826 1024 855 aheu
1047 824 1133 854 duran
1152 846 1162 860 ,
1188 822 1214 852 el

149 869 213 906 quel
238 868 459 905 Alongamiento
481 867 515 898 de
538 868 668 904 Treugas
688 868 781 896 durata
802 875 851 903 per
870 873 947 894 tanto
969 872 1066 900 tempo
1089 861 1213 899 segundo

150 916 206 944 que
226 906 320 937 fueran
342 906 485 936 acordado
502 915 579 936 enter
600 905 625 935 el
648 905 736 935 dicho
758 903 895 933 Goncalo
909 902 1013 932 Garcia
1032 901 1067 931 de
1081 899 1161 929 Haro
1181 899 1214 928 ὃς

150 945 192 1013 1013
215 945 300 989 [οὔτε
315 944 415 1013 ἀξςὲος
428 943 623 975 Enbaxadores
637 943 670 974 &
686 941 864 978 Mensageres
879 940 924 970 del
938 939 1026 970 dicho
1039 939 1103 977 Rey
1118 938 1154 968 de
1169 936 1216 967 [n-

184 991 282 1013 atierm
298 992 340 1013 mi
388 993 427 1012 10.

153 993 173 1024 g
192 1021 237 1052 En
252 1021 437 1052 Testimonio
453 1020 536 1051 d'ello
559 1019 623 1056 quel
639 1041 648 1056 ‚
668 1017 780 1048 Mando
796 1016 845 1047 dar
859 1015 915 1046 esta
930 1017 970 1047 mi
984 1015 1070 1046 Carta
1083 1014 1217 1051 Patente,

155 1060 273 1098 esci-ipra
287 1070 322 1091 en
335 1059 424 1098 Paper
458 1059 491 1090 &
513 1057 622 1088 Sellado
645 1066 702 1086 con
719 1057 759 1085 mi
775 1055 849 1086 Sello
863 1055 936 1086 enias
950 1054 1086 1093 espaldas,
1103 1052 1216 1083 firmada

151 1099 248 1129 d'ellos
269 1098 403 1129 nombres
424 1081 475 1135 de,
493 1097 533 1126 mi
554 1095 680 1125 Sennora
696 1095 730 1125 &
747 1095 794 1137 mi.
810 1093 930 1131 Madre,
950 1093 978 1124 la
989 1094 1101 1137 Reyna,
1120 1093 1153 1123 &
1175 1090 1220 1119 del

152 1135 288 1176 Infanta,
308 1137 348 1165 mi
369 1135 446 1173 Tio,
465 1135 519 1165 mis
534 1133 659 1164 Tutores
673 1133 705 1163 &
722 1132 877 1172 Regtdores
897 1132 933 1163 de
954 1142 1008 1162 mis
1030 1131 1170 1168 Regum,
1186 1130 1219 1160 ὃς

153 1176 191 1207 de
206 1176 235 1206 su
251 1172 445 1212 Audieridad3

192 1251 276 1282 Dada
289 1260 324 1281 en
341 1248 490 1281 Vallidolid
505 1272 515 1287 ,
533 1258 549 1279 a
566 1248 674 1287 Quinse
696 1247 753 1279 dias
773 1247 810 1278 de
831 1247 925 1279 Euero
942 1270 952 1283 ‚
973 1246 1059 1277 Anno
1081 1245 1125 1276 del
1147 1242 1223 1275 Nas-

157 1293 267 1322 miento
283 1289 320 1319 de
338 1288 431 1318 nostre
453 1288 584 1319 Salvador
606 1287 670 1325 jesu
689 1286 806 1317 Christo
822 1309 831 1326 ,
856 1287 891 1316 de
912 1285 978 1315 Mill
995 1286 1028 1316 &
1047 1284 1225 1323 quatrocien·

162 1339 208 1360 ces
223 1330 256 1361 &
275 1327 340 1358 dose
360 1327 475 1364 Annos,

199 1405 250 1435 Yo
265 1404 345 1441 ’ἵκανε
360 1402 520 1440 Rodrigues,
539 1401 564 1432 la
577 1400 687 1432 Escriva
703 1411 752 1439 per
764 1400 908 1432 Mandado
928 1399 1014 1430 d'illos
1032 1398 1133 1429 diebos
1156 1397 1227 1428 Sen-

165 1453 246 1475 nores
261 1438 405 1482 Reyna&
415 1440 541 1479 Insanta,
560 1440 684 1471 Tutores
697 1441 733 1471 de
748 1448 828 1471 notre
845 1439 922 1470 Senn
931 1449 964 1469 or
978 1439 1011 1470 &
1027 1437 1089 1477 Rey
1099 1460 1108 1476 ,
1126 1438 1158 1469 &
1168 1435 1226 1466 Re-

164 1483 274 1522 gidores
285 1481 363 1512 desus
379 1479 504 1519 Regnes.

194 1562 228 1590 Yo
245 1557 274 1588 la
293 1559 405 1597 Reyma.
716 1558 749 1586 Yo
765 1554 793 1585 el
808 1553 935 1594 Infanta.

197 1635 330 1673 Quarum
350 1632 467 1673 quidem
491 1632 648 1662 Literaturn
671 1631 785 1671 vigore,
804 1641 837 1662 ac
858 1633 933 1670 juxta
949 1631 982 1663 &
998 1629 1150 1661 secundum
1166 1628 1226 1659 for-

165 1682 245 1704 mam
268 1673 301 1704 &
320 1681 450 1703 tenorem
471 1671 607 1708 ipsarum,
625 1680 659 1700 ac
681 1679 733 1707 pro
753 1670 951 1708 adimplendo,
970 1678 1002 1700 ut
1013 1669 1112 1706 decet,
1131 1670 1158 1698 in
1175 1668 1228 1698 hac

157 1720 252 1752 parte,
270 1710 342 1742 dieti
356 1734 365 1749 ,
384 1709 556 1741 Serenilsimi
581 1708 715 1746 Principis
732 1731 741 1747 ,
762 1709 885 1739 Domini
908 1709 965 1739 mei
986 1707 1074 1746 Regis
1095 1706 1227 1737 Castellae

160 1752 194 1782 &
216 1750 354 1787 Legionis
375 1747 563 1785 Mandatum,
581 1748 610 1777 in
634 1747 798 1777 Valledoleti
820 1748 947 1785 repperi,
963 1746 1159 1776 honorabilem
1183 1745 1226 1774 vi-

159 1799 244 1827 rum,
293 1788 426 1818 ohannem
448 1787 479 1816 de
501 1790 614 1816 Samora
637 1785 817 1825 Armigerum
831 1809 840 1823 ,
859 1786 930 1816 dieti
953 1782 1128 1815 Sereniffimi
1144 1783 1228 1814 Prin-

156 1828 245 1866 cipis,
292 1827 385 1857 omini
402 1825 447 1855 Re
468 1826 489 1855 is
502 1824 617 1861 Angliae
632 1824 867 1855 Ambaxiatorem
883 1824 937 1854 sive
954 1823 986 1853 N
992 1823 1126 1860 uncium,
1141 1823 1227 1852 etiam

160 1865 342 1904 Deputaturn
364 1874 418 1903 pro
489 1864 650 1893 nveniendo
671 1864 705 1894 &
725 1862 891 1893 Traditando
916 1871 1031 1893 mecum
1051 1862 1080 1891 in
1102 1860 1229 1898 praesenti

161 1904 302 1940 Negotio
319 1902 527 1941 prorogationis
542 1901 702 1939 hujusmodi
716 1899 912 1940 Treugarum,

202 1942 282 1974 Cum
303 1951 360 1981 quo
382 1939 632 1977 communicatis,
650 1938 782 1977 Habitis,
803 1941 837 1971 δε
856 1939 939 1970 tentis
958 1937 1098 1969 nonnullis
1121 1935 1228 1967 Confi-

161 1981 204 2012 liis
221 2004 230 2019 ,
253 1989 323 2011 cum
348 1988 458 2010 matura
479 1977 701 2016 deliberatione,
747 1987 779 2007 ro
803 1978 884 2008 bono
907 1977 1058 2007 communi
1082 1977 1229 2006 ambarum

159 2019 306 2050 ‘dietarum
327 2016 450 2048 Patrium
467 2040 477 2055 ,
501 2028 535 2047 ac
558 2016 701 2047 dictorum
758 2025 895 2055 egnorum
918 2016 951 2046 &
972 2014 1156 2045 Subditorum
1179 2024 1231 2044 eo-

163 2057 297 2089 rumdem
313 2079 322 2094 ,
342 2057 374 2087 ὃ(
398 2055 565 2086 Mercantiae
586 2054 688 2091 possint
708 2061 803 2084 tenere
824 2054 947 2085 Cursum
967 2053 1048 2084 suurn
1063 2052 1131 2083 hinc
1147 2052 1231 2090 inde,

162 2099 222 2127 tarn
246 2105 293 2134 per
314 2093 452 2132 Terram,
472 2095 558 2130 quam
582 2103 630 2130 per
654 2091 754 2130 Mare,
773 2102 857 2130 prout
873 2093 936 2123 alias
949 2092 1039 2123 extitit
1052 2091 1232 2128 ordinatum,

163 2136 199 2165 de
214 2134 365 2165 communi
384 2132 501 2163 Assensu
523 2132 624 2170 pariter
645 2131 679 2162 &
700 2130 843 2162 Consensu
865 2130 978 2169 nostri,
996 2130 1233 2161 Ambaxiatorutn

170 2183 230 2213 quo
241 2172 317 2210 supra
332 2172 465 2209 nomine,

204 2210 268 2251 Ego
288 2210 458 2247 supradietus
480 2209 571 2238 Gundi
583 2206 666 2237 alvus
690 2207 794 2248 Garfiae
817 2207 850 2237 de
872 2211 951 2238 Haro
967 2230 976 2246 ,
1000 2207 1118 2237 nomine
1139 2206 1208 2237 dieti
1225 2229 1234 2245 ,

164 2248 337 2280 Serenissimi
358 2248 498 2285 Principis
513 2270 523 2285 ‚
584 2246 731 2285 ominique
747 2247 804 2276 mei
827 2246 912 2286 Regis
935 2244 1066 2276 Castellae
1081 2246 1115 2276 &
1131 2245 1238 2282 Legio-

168 2289 211 2318 nis
227 2310 236 2326 ,
256 2297 291 2317 ac
315 2288 415 2318 virtute
439 2285 584 2316 Potestatis
605 2285 638 2315 &
661 2283 879 2315 Commiffionis
904 2285 993 2315 michi
1015 2283 1123 2314 traditae
1137 2306 1147 2322 ,
1165 2293 1239 2322 prae-

169 2326 236 2356 fatas
255 2325 382 2364 Treugas
398 2347 409 2360 ,
428 2323 598 2362 Sufrentias,
617 2323 673 2354 five
693 2322 866 2354 Guerrarum
884 2323 1090 2360 Abstinentias,
1106 2323 1167 2353 tam
1190 2332 1238 2360 per

172 2364 314 2401 Terram,
333 2365 416 2401 quam
432 2373 481 2400 per
496 2362 594 2400 Mare,

213 2401 288 2432 Inter
301 2424 311 2440 ,
335 2401 484 2438 praefatum
504 2399 719 2431 Sereniffirnurn
741 2399 906 2439 Principem
921 2423 931 2438 ,
951 2399 1118 2430 Dominum
1140 2408 1239 2430 meum

174 2439 292 2478 Regem
315 2439 446 2470 Castellae
471 2440 504 2471 &
526 2439 663 2476 Legionis
679 2461 688 2477 ‚
709 2438 741 2469 ὃς
763 2438 874 2469 dictum
890 2462 899 2477 ,
924 2437 1134 2469 Illustriffimum
1158 2438 1241 2468 Prin—

172 2480 287 2516 cipem,
303 2478 467 2508 Dominum
486 2476 598 2515 Regem
619 2477 743 2516 Angliae‚
760 2475 894 2507 Patruum
912 2477 1009 2515 suum,
1022 2475 1131 2507 dudum
1144 2475 1242 2515 factas,

173 2518 291 2554 inhstas,
309 2516 512 2553 concordatas,
531 2517 563 2547 &
579 2514 742 2553 concessas,
759 2515 812 2546 sive
828 2515 918 2553 datas,

212 2554 249 2586 Et
274 2554 392 2586 demum
419 2564 465 2592 per
490 2555 551 2584 {uos
582 2563 673 2584 certos
700 2553 912 2584 AmbaxiatOtes
934 2553 1124 2591 Prorogatas,
1148 2563 1163 2583 a
1183 2552 1243 2583 Die

175 2593 288 2624 oetava
316 2593 423 2623 Mensis
445 2592 587 2623 Februarii
621 2592 656 2622 de
672 2592 760 2622 Anno
775 2602 790 2621 a
806 2591 964 2623 Nativitate
980 2591 1103 2622 Domini
1123 2589 1241 2621 Millesi-

176 2641 245 2670 mo,
265 2628 553 2670 Quadringentesimo
566 2615 753 2668 Undecimo,
772 2629 855 2668 usque
872 2631 905 2662 ad
925 2640 1014 2660 unum
1035 2630 1153 2661 Annum
1169 2640 1242 2660 con—

162 2672 289 2701 ·tinuum
313 2671 346 2701 &
366 2670 547 2707 completum
565 2679 579 2698 a
597 2669 672 2699 dic'ta
697 2668 743 2698 die
769 2669 997 2706 computandum
1015 2691 1024 2706 ,
1053 2669 1099 2706 qui
1127 2668 1241 2706 quidem

175 2708 276 2740 Annus
292 2709 482 2745 complebitur
502 2707 557 2737 Die
577 2707 690 2738 Oetava
710 2706 817 2737 Mensis
837 2707 974 2738 Februarii
995 2707 1126 2744 proximo
1147 2706 1241 2743 futuri,

174 2747 210 2777 de
229 2747 316 2777 Anno
334 2746 448 2777 Donini
468 2745 624 2777 Millesimo
641 2745 928 2785 Qadringentefimo
944 2745 1246 2784 Duodecimo,prout

178 2787 208 2816 in
226 2785 326 2816 Literis
341 2785 405 2815 inde
419 2784 556 2815 confeffis
570 2784 648 2814 latius
663 2785 842 2821 continetur,

218 2822 350 2861 Prorogo
385 2823 487 2853 adieta
503 2822 561 2852 Die
581 2822 693 2853 Octava
715 2822 785 2852 dieti
810 2821 914 2852 Menfis
934 2821 1096 2861 Februarii,
1111 2821 1246 2859 proximo

180 2861 325 2900 futuri,de
344 2845 432 2891 sstnno
451 2872 466 2891 a
485 2860 641 2891 Nativitate
649 2860 1247 2899 DominiMillefimo,Qadringentelimo

180 2900 413 2939 duodecimo,&
435 2901 462 2928 in
477 2898 549 2929 Solis
565 2899 666 2929 occasu
676 2898 775 2937 ,usque
791 2899 825 2929 ad
844 2908 933 2929 unum
946 2899 1061 2929 Annum
1080 2899 1249 2930 continuum

179 2938 399 2977 &completum
420 2948 435 2968 a
453 2937 527 2968 dicta
547 2937 604 2967 Die
621 2937 734 2968 octava
750 2938 882 2975 proximo
901 2936 971 2967 dieti
989 2937 1097 2967 Mensis
1106 2937 1250 2968 Februarii

183 2977 408 3015 computandum
423 2999 433 3015 ,
457 2977 490 3006 &
511 2978 594 3007 etiarn
620 2977 649 3005 in
675 2975 748 3006 Solis
769 2975 894 3013 occasu,
915 2976 964 3015 qui
989 2976 1041 3006 erit
1068 2977 1104 3005 de
1124 2976 1210 3005 Anno
1228 2986 1243 3005 a

185 3014 353 3058 Nativitate‘
372 3015 498 3046 Domini
528 3013 684 3045 Millesimo
697 3036 708 3053 ‚
740 3014 1048 3053 Qandringentesimo
1064 3037 1074 3052 ,
1095 3013 1249 3044 Tertiode-

188 3062 268 3084 cimo

223 3092 241 3110 *¹
252 3075 308 3121 Pr'o
321 3091 400 3123 dieto
409 3114 418 3129 ,
436 3090 617 3122 Serenisfimo
628 3089 762 3129 Principe
771 3114 780 3129 ‚
800 3090 933 3121 Domino
950 3100 1016 3121 meo
1026 3089 1110 3124 Rene
1120 3089 1252 3121 Castellae

186 3131 220 3162 &
239 3129 373 3174 Legionis
386 3152 396 3168 ,
414 3129 526 3167 Regnis
540 3152 549 3166 ,
568 3129 686 3168 Terris,
705 3129 817 3167 Patriis,
836 3131 869 3161 &
890 3129 1052 3166 Dominus,
1069 3129 1251 3166 Territoriis‚

189 3169 222 3199 &
235 3167 478 3207 Jurisdifflorsibus
491 3190 502 3205 ‚
519 3167 689 3198 Civitatibus
701 3191 710 3206 ‚
731 3168 810 3198 Villis
827 3191 836 3206 ,
853 3166 973 3205 Castris,
994 3167 1160 3206 Fortalitiis,
1177 3167 1252 3206 Opi-

191 3208 234 3237 dis
247 3229 256 3244 ,
275 3207 308 3237 &
332 3214 432 3236 eorum
455 3205 599 3236 Suburbiis
613 3229 622 3244 ,
640 3207 670 3236 in
684 3207 764 3237 dictis
782 3207 905 3244 Regnis‚
923 3205 1039 3244 Patriis,
1056 3205 1170 3244 Terris,
1189 3206 1253 3236 Do-

191 3246 284 3275 miniis
298 3267 308 3282 ,
328 3237 361 3274 Sc
383 3244 544 3274 Territoriis
565 3244 722 3276 constitutis

190 3284 255 3314 ditis
270 3282 377 3320 praefati
392 3282 516 3313 Domini
538 3283 596 3313 mei
617 3282 705 3322 Regis

212 3332 246 3353 ue

188 3332 210 3361 q
231 3345 270 3390 E⁷t
286 3359 378 3390 ἀὶἂυε
390 3357 530 3398 Johannes
543 3357 579 3387 de
595 3357 711 3389 Samora
727 3358 816 3398 dieti,
835 3358 1006 3390 Serenissimi
1021 3359 1174 3398 Principis,
1192 3358 1254 3389 Re-

191 3399 233 3437 gis
255 3397 366 3438 Angliae
387 3397 568 3428 Ambaxiator
589 3396 643 3426 sive
665 3396 799 3428 Nuncius
814 3419 824 3435 ,
841 3398 980 3428 consimili
1004 3398 1109 3435 modo,
1124 3397 1255 3434 Treugas

190 3437 352 3476 hujusmodi
368 3436 465 3466 Faetas
480 3434 513 3464 ὃς
534 3431 702 3471 Prorogatas
717 3458 728 3473 ,
747 3434 895 3466 Sustentias
908 3458 917 3473 ,
936 3436 992 3466 live
1006 3436 1179 3467 Guerrarum
1196 3436 1256 3466 Ab-

192 3475 355 3512 stinentiae,
373 3475 433 3505 tam
454 3481 503 3511 per
524 3471 644 3503 Terram
660 3495 669 3509 ,
688 3473 775 3510 quam
800 3483 848 3511 per
873 3473 955 3504 Mare
970 3497 979 3513 ,
997 3484 1042 3511 per
1065 3474 1255 3512 supradiCtum

191 3522 306 3554 tempus
327 3513 510 3551 prorogavit,
527 3511 565 3540 ita
581 3511 614 3541 &
628 3510 716 3541 taliter
733 3512 810 3552 quod
833 3511 975 3549 praedicstae
991 3512 1131 3557 Treugte,
1152 3513 1206 3551 sic,
1226 3522 1255 3544 ut

190 3552 372 3590 praemittitur
386 3574 397 3590 ,
414 3561 463 3591 per
486 3549 550 3580 Nos
571 3549 736 3586 Prorogatae
750 3572 760 3588 ,
777 3549 940 3580 Teneantur
956 3551 988 3581 δε
1007 3550 1208 3582 Custodiantur
1227 3554 1257 3581 in

191 3592 330 3621 omnibus
346 3592 381 3622 &
399 3600 449 3631 per
464 3589 562 3619 omnia
578 3610 589 3627 ,
611 3596 693 3626 prout
721 3589 750 3619 in
772 3587 855 3620 dietis
873 3590 971 3627 primis
988 3590 1109 3629 Treugis
1126 3591 1258 3621 contine-

188 3629 286 3667 batur,

234 3668 364 3706 Quarum
376 3665 481 3697 Tenor
494 3664 536 3696 est
548 3664 622 3703 talis,

39 3099 154 3128 *VHL

67 3149 133 3176 707-

769 3255 802 3275 ac
822 3245 912 3284 Ligeis
955 3244 1079 3274 Vassallis
1091 3267 1101 3283 ,
1127 3245 1160 3275 &
1179 3244 1254 3275 Sub-

725 3266 853 3314 dustellae
868 3285 901 3315 &
916 3267 1049 3322 {regionis
1073 3283 1254 3321 quibuscum·

197 3743 210 3766 '³
233 3743 382 3781 ohannes,
402 3742 457 3773 Dei
471 3741 575 3781 gratia,
589 3744 649 3771 Rex
663 3739 782 3780 Castellae
797 3738 835 3776 ό»
849 3742 989 3780 Legionis,
1007 3740 1126 3773 Notum
1140 3742 1261 3773 facimus

180 3787 183 3789 '
246 3783 379 3813 universis
395 3783 428 3813 &
441 3780 574 3818 fingulis‚
593 3779 772 3818 praesentium
787 3779 884 3810 seriem
894 3781 1054 3818 inspecturis
1070 3783 1104 3813 ὃς
1119 3782 1260 3819 audituris,

196 3821 276 3859 quod
284 3821 462 3860 Nos,certis
473 3829 508 3849 ex
522 3819 609 3849 caufis
624 3818 831 3849 rationabilibus
854 3820 943 3856 moti,
960 3819 1098 3859 fecimus,
1116 3820 1261 3850 acordavi—

200 3869 279 3896 mus,
298 3858 358 3894 &c.
375 3866 404 3889 ut
420 3861 450 3887 in
467 3858 566 3887 Litera
580 3857 651 3886 data
667 3866 688 3896 4
706 3858 775 3894 Jan.
800 3865 886 3896 1410.-
902 3863 966 3886 tunc
974 3856 1031 3897 fic,

232 3932 267 3964 In
284 3936 404 3971 quorum
426 3935 559 3964 omniurn
578 3934 612 3965 δε
628 3933 800 3971 singulorum
823 3932 1058 3972 Testimonium,
1076 3936 1110 3966 &
1124 3934 1157 3964 ad
1173 3935 1262 3973 majo-

198 3981 261 4003 rem
283 3971 457 4002 Firmitatem
473 3994 483 4009 ,
507 3980 561 4015 ego
583 3972 732 4011 praedietus
753 3971 942 4002 Gundisalvus
965 3971 1072 4003 Garsiae
1099 3973 1134 4002 de
1157 3972 1239 4003 Haro
1254 3995 1263 4009 ‚

1273 202 1744 245 PUBLICA.
2224 216 2302 254 199

1250 287 1338 318 Anno
1355 298 1370 318 a
1386 287 1543 318 Nativitate
1561 287 1687 319 Domini
1704 288 1860 320 Millesimo
1876 312 1886 327 ‚
1913 285 2203 328 Quadringentesimo
2222 288 2306 319 Duon
2322 279 2396 310 Ann-
2411 277 2452 309 ἶ)

1247 326 1369 356 decimo.
2324 324 2395 384 HIS-¹
2404 325 2429 392 f*-

1479 451 1527 483 De
1546 448 1733 492 Trafz‘audo,
1750 463 1818 483 cum
1840 454 1915 498 Rege
1936 450 2079 494 Castellae.

1248 533 1368 589 REX
1388 535 1549 572 Omnibus,
1567 534 1601 564 ad
1618 544 1703 572 quos,
1722 535 1781 565 &o
1801 535 1934 566 Salutem.
2324 549 2398 582 Anu·
2414 549 2457 583 Β.)

1337 573 1435 604 Sciatis
1453 572 1530 612 quod
1551 572 1633 610 Nos,
2393 597 2425 618 H

1285 611 1334 641 De
1350 612 1479 642 fidelitate
1491 634 1500 649 ,
1519 610 1772 648 circumspectione
1788 634 1797 649 ,
1815 611 1848 641 &
1867 610 2015 649 industria,
2034 610 2167 644 carissimi
2181 610 2307 644 Consan-
2323 599 2401 655 ,4241
2431 611 2439 618 ⁹

1248 651 1342 687 guinrgi
1358 650 1444 681 nostri
1461 675 1469 687 ,
1488 649 1577 679 Caroli
1591 649 1622 677 de
1641 651 1792 678 Beaunmnt
1808 648 1923 687 Alferiz
1938 650 1969 678 a'e
1985 653 2119 681 Navarre
2131 675 2140 690 ,
2159 651 2308 683 Castellani
2325 670 2349 692 H
2367 651 2373 657 ⁸
2410 637 2434 663 3⁶

1247 689 1283 719 de
1300 688 1455 726 lVlauleon2
1471 698 1520 725 ac,
1535 687 1705 717 dilect-orum
1719 688 1751 717 ὃς
1767 686 1889 717 fidelium
1906 687 2169 727 nostrorum,Petri
2184 692 2214 720 de
2232 690 2306 719 Buk-
2323 675 2401 732 Fr-assc·

1248 734 1295 756 ton
1311 725 1462 763 Chivaler,
1481 726 1602 763 Majoris
1617 724 1749 755 Civitatis
1762 725 1865 755 nostrae
1881 724 1916 754 de
1933 725 2090 764 Burdegalia
2100 750 2109 765 ,
2126 730 2159 759 ὃ(
2180 728 2308 767 Magistri
2405 724 2412 731 ’

1248 764 1401 794 Bertrandi
1419 764 1503 802 d’Ast
1520 764 1543 794 L
1580 774 1629 793 um
1648 763 1786 796 Doctoris
1801 786 1810 801 ,
1826 763 1931 802 judicis
1947 762 2043 794 Curiae
2059 766 2162 796 nostrae
2175 766 2310 805 Superio-

1249 804 1335 833 ritatis
1351 803 1525 840 Aquitaniae,
1545 811 1564 838 p
1574 803 1626 832 ene
1642 801 1814 832 confidentes
1823 824 1832 839 ,

1291 840 1365 880 Ipsos
1379 840 1468 879 Tres,
1487 840 1531 870 vel
1547 840 1630 871 Duos
1645 849 1762 877 eorum,
1780 840 1927 878 Fecimus,
1943 839 2163 879 Ordinavimus,
2181 842 2214 873 ὃς
2228 841 2311 872 Con-

1253 880 1390 909 stituimus
1410 878 1569 916 Deputatos
1585 879 1618 909 &
1633 878 1767 908 Nuncios
1788 877 1899 908 nostros
1920 878 2068 916 speciales,
2086 879 2121 909 ad
2145 880 2317 910 Communi-

1253 918 1375 948 candum
1394 941 1403 956 ,
1421 916 1618 948 Tractandum
1633 939 1643 954 ‚
1661 918 1695 948 &
1712 915 1959 946 Concordandum
1973 927 2040 947 cum
2058 939 2067 955 ,
2087 917 2195 947 Nobili
2210 918 2242 948 ὅ(
2259 917 2316 948 Po-

1253 957 1323 986 tenti
1339 955 1470 994 Principe
1482 979 1492 994 ,
1511 954 1653 986 catiffimo
1676 954 1796 992 Nepote
1817 954 1913 984 nostro
1929 977 1939 993 ,
1957 955 2088 993 Johanne
2107 959 2176 993 Rege
2192 955 2315 995 Castellae

1255 993 1294 1029 όν
1307 997 1431 1031 Legionis
1444 1017 1454 1032 ,
1473 1004 1520 1024 aut
1543 1004 1609 1024 cum
1634 994 1782 1031 Depumts
1794 993 1827 1024 &
1842 993 1968 1024 Nunciis
1984 993 2034 1024 suis
2057 994 2243 1026 sufficientem
2259 993 2318 1024 Po-

1255 1032 1382 1063 testatem
1404 1042 1439 1063 ex
1460 1041 1534 1070 parte
1554 1032 1598 1063 sua
1621 1032 1802 1069 habentibus,
1821 1031 1856 1062 de
1875 1033 1907 1062 ὃς
1930 1032 2007 1069 super
2028 1031 2102 1063 Pace
2121 1042 2250 1071 perpetua
2274 1032 2319 1063 vel

1255 1071 1349 1108 longis
1360 1071 1502 1110 Treugis,
1517 1073 1588 1101 inter
1602 1071 1685 1109 Nos,
1702 1069 1824 1108 Regna,
1843 1069 1998 1108 Dominia,
2016 1070 2133 1110 Terrae,
2150 1072 2268 1108 Patrias,
2286 1073 2321 1102 &

1256 1109 1389 1140 Subditos
1402 1110 1512 1148 nostra,
1529 1112 1562 1141 δε
1575 1110 1685 1139 dicium
1700 1109 1851 1146 Nepotem
1865 1109 1996 1140 nostrum
2006 1131 2014 1146 ,
2033 1108 2154 1149 Regna,
2170 1110 2323 1147 Dominia,

1257 1148 1361 1179 Terras
1376 1171 1385 1186 ,
1401 1148 1504 1179 Patrias
1519 1171 1528 1186 ,
1547 1150 1579 1179 &
1601 1147 1732 1177 Subditos
1754 1152 1796 1178 lua
1809 1170 1818 1185 ,
1843 1148 1888 1178 vel
1911 1148 1946 1177 de
1968 1147 2097 1184 longiori
2118 1147 2322 1186 prorogatione

1258 1186 1455 1225 Treugarum,
1472 1188 1542 1217 inter
1560 1186 1626 1216 Nos
1642 1187 1675 1216 &
1690 1186 1810 1216 eundem
1826 1185 1978 1223 Nepotem
1995 1185 2120 1217 nostrum
2129 1197 2234 1225 ,nuper
2243 1185 2322 1225 Cap-

1260 1233 1350 1255 tarum
1360 1247 1369 1262 ,
1387 1228 1420 1257 &
1435 1225 1538 1255 ultimo
1554 1224 1767 1262 Prorogatarum
1777 1247 1785 1262 ,
1805 1234 1867 1261 quae
1881 1225 1999 1262 quidem
2014 1224 2152 1264 Treugae,
2171 1227 2208 1256 [ιε
2223 1223 2324 1262 Captae

1261 1264 1295 1294 &
1311 1263 1493 1300 Prorogatae,
1510 1263 1616 1293 octavo
1628 1262 1674 1292 die
1692 1262 1830 1293 Februarii
1844 1285 1853 1300 ,
1872 1264 1920 1301 qui
1934 1264 1985 1295 erit
2000 1263 2089 1294 Anno
2101 1265 2210 1296 Gratiae
2226 1263 2324 1295 Mille-

1263 1302 1333 1332 fimo
1339 1325 1348 1340 ,
1371 1301 1658 1340 Qiadi·ingenteiimo
1665 1322 1673 1337 ‚
1692 1300 1914 1331 Tertiodeeitno
1920 1323 1930 1338 ,
1937 1302 2100 1339 expirabunt
2108 1325 2117 1340 ‚

1302 1338 1408 1370 Dantes
1422 1340 1531 1370 ulterius
1545 1339 1577 1369 ὅτ
1595 1338 1794 1368 Concedentes
1807 1339 1911 1369 eisdem
1927 1339 2074 1377 Deputatis
2086 1342 2120 1372 &
2136 1340 2260 1372 Nunciis
2274 1349 2328 1371 no-

1264 1377 1341 1415 stris,
1360 1378 1404 1408 vel
1425 1378 1545 1408 Duobus
1567 1386 1667 1408 eorum
1710 1376 1881 1406 Potestatem
1905 1377 1937 1407 &
1951 1379 2158 1409 Auctoritatem
2173 1402 2183 1418 ,
2201 1389 2235 1409 ex
2250 1386 2327 1417 parte

1264 1416 1357 1447 nostra
1371 1440 1381 1454 ‚
1399 1416 1433 1447 ad
1450 1416 1631 1448 Audiendum
1646 1437 1656 1453 ,
1674 1399 1918 1452 Cognoscendum
1935 1438 1945 1453 ‚
1962 1417 1995 1447 ὃς
2012 1416 2212 1448 Decidetidum
2226 1426 2328 1448 omnes

1266 1456 1299 1486 ὃς
1316 1455 1434 1491 singulas
1450 1454 1573 1485 Debatas
1586 1455 1629 1484 vel
1644 1453 1745 1484 Causas
1760 1462 1851 1483 motas
1865 1454 1908 1483 vel
1924 1455 2075 1485 movendas
2089 1477 2099 1493 ,
2117 1466 2164 1493 per
2179 1455 2328 1494 quascum-

1267 1503 1321 1530 que
1344 1493 1475 1524 Personas
1489 1516 1500 1531 2
1519 1493 1554 1524 de
1577 1490 1745 1530 quibuslibet
1766 1491 1893 1522 Pastium
1912 1492 2112 1529 praedffitamm
2127 1516 2136 1531 ,
2154 1495 2189 1524 de
2204 1496 2237 1526 ὃ(
2250 1494 2329 1532 super

1265 1532 1418 1568 Roberiis,
1436 1531 1720 1570 Depraedationibus‚
1740 1530 1883 1568 Merquis,
1902 1529 2195 1569 &Contromerquis,
2211 1533 2255 1563 vel
2271 1534 2328 1563 aliis

1267 1569 1458 1608 Captionibus
1473 1571 1710 1609 quibuscumque,
1728 1578 1777 1607 pet
1793 1569 1981 1609 quascumque
1999 1568 2130 1600 Personas
2147 1570 2279 1601 Subditos
2296 1572 2330 1602 &

1264 1609 1398 1640 Valsallos
1411 1608 1446 1640 de
1458 1609 1592 1647 aliquibus
1605 1609 1750 1639 dictorum
1768 1607 1942 1644 Regnorum
1958 1609 1990 1638 ὃς
2005 1608 2234 1646 Dominiorum,
2255 1620 2272 1639 a
2286 1609 2333 1638 die

1286 1657 1323 1678 uo
1337 1650 1471 1678 Henricus
1488 1657 1574 1685 nuper
1588 1650 1647 1676 Rex
1663 1645 1784 1683 Castellae
1800 1645 1838 1681 ὠ·
1855 1650 1998 1683 Legionis,
2018 1645 2100 1677 Patet
2118 1646 2241 1684 ejusdem
2257 1657 2335 1677 nunc

1295 1688 1352 1724 egis
1372 1685 1500 1730 Castellae
1525 1689 1557 1716 ὅ(
1581 1686 1719 1724 Legionis
1734 1707 1744 1722 ,
1763 1685 1838 1723 cepit
1859 1694 1971 1725 regnare
1987 1707 1997 1724 ,
2015 1684 2158 1724 hucusque
2179 1685 2260 1716 facitis
2281 1687 2336 1716 sive

1264 1734 1469 1794 perlgiiiiariis'ebc
1493 1761 1617 1793 Gratum
1640 1762 1759 1793 habituri
1782 1769 1873 1792 totum
1891 1763 1923 1794 &
1938 1761 2074 1800 quicquid
2097 1770 2147 1801 per
2167 1761 2335 1803 praediffi'tos,

1265 1801 1404 1833 Carolum
1418 1823 1428 1838 ‚
1445 1802 1478 1832 &
1498 1801 1613 1832 Petrum
1626 1823 1636 1838 ,
1654 1802 1688 1832 &
1711 1800 1892 1831 Bertiandum
1908 1823 1917 1838 ,
1945 1800 2020 1831 Tres
2041 1801 2084 1831 vel
2102 1802 2185 1832 Duos
2208 1811 2306 1831 eorum
2323 1823 2334 1838 ,

1268 1840 1404 1908 λΙ-ξᾶὶυωά
1412 1839 1556 1878 Gestum,
1576 1839 1631 1870 sive
1648 1839 1865 1870 Concordatum
1880 1839 1960 1869 fuerit
1976 1840 2004 1869 in
2019 1839 2171 1871 Praemiffis
2184 1839 2227 1871 vel
2241 1840 2336 1878 aliquo

1295 1888 1372 1908 nemi
1398 1888 1492 1908 otum.

1303 1917 1429 1986 In'f'gii'g
1438 1920 1529 1994 ’3ιῖὲὲ
1540 1954 1612 1994 apud
1628 1953 1884 1995 Wstmonffierium
1892 1977 1903 1993 ,
1920 1953 2002 1985 tertio
2017 1954 2063 1985 die
2076 1954 2263 1986 Novembris.

2329 752 2369 778 ¹3·
2385 745 2458 777 H.4.

2324 791 2361 811 m.
2377 787 2406 816 5·

1847 2034 1900 2061 Per
1915 2035 2006 2062 Breve
2020 2031 2052 2062 de
2068 2034 2189 2063 Privato
2204 2028 2302 2069 sigillo.

1486 2165 1513 2194 *ξ
1540 2170 1598 2200 Pro
1618 2163 1774 2200 Comitiva
1795 2162 1941 2212 Principis
1963 2166 2090 2199 Wzliiae.
2359 2180 2475 2210 2*an

1311 2250 1439 2281 ohannes
1454 2252 1581 2282 Barbour
1591 2251 1693 2290 Junior
1708 2250 1743 2281 de
1757 2250 1905 2282 Comitatu
1919 2250 2103 2284 Warrewicae
2139 2256 2186 2293 qui
2200 2255 2228 2283 in
2237 2251 2341 2284 Comi·
2358 2220 2493 2290 A7r1318JD,

1309 2291 1380 2333 *tiva
1415 2290 1547 2335 cariffimi
1563 2291 1625 2334 {filii
1642 2287 1729 2331 Regis
1744 2311 1753 2326 ,
1771 2291 1883 2318 Henricz'
1898 2292 2026 2332 Brinfipis
2039 2291 2105 2320 Wal
2115 2296 2148 2321 iae
2166 2315 2176 2330 ,
2194 2291 2340 2329 Capitanei
2386 2305 2475 2336 1411.

1276 2326 1361 2358 Villae
1378 2313 1470 2366 flegis
1484 2330 1602 2373 ¹Caleni,
1619 2328 1699 2372 super
1711 2327 1783 2357 ialva
1799 2327 1936 2371 Custodia
1950 2328 2076 2365 ejusdem
2094 2329 2194 2370 Villae,
2212 2339 2340 2361 moratu·
2374 2339 2426 2362 An.
2454 2344 2495 2371 13„

1277 2375 1339 2403 rus,
1358 2366 1441 2398 habet
1459 2368 1563 2398 Literas
1578 2365 1668 2402 Regis
1683 2367 1719 2396 de
1742 2365 1924 2396 Proteehone
1943 2368 2030 2404 (cum
2052 2367 2180 2400 Clausula
2201 2368 2343 2406 volumus)
2361 2377 2396 2401 H.
2415 2384 2443 2409 4.

1278 2406 1566 2474 ΡεῑΡυηιΓιΠΊᾶΑηηυῐῑι
1580 2405 1730 2435 duraturas.

1343 2453 1380 2473 rae
1398 2468 1401 2470 ,
1443 2453 1480 2473 rc.

1351 2481 1441 2512 Teste
1456 2481 1534 2521 Rege
1557 2480 1629 2519 apud
1645 2479 1922 2520 Wstmonaslerium‚
1942 2482 2039 2520 quinto
2055 2481 2101 2514 die
2116 2482 2297 2515 Decembris.

2362 2411 2474 2440 Ιόἱιίαηε

2369 2459 2413 2479 ιι,

1842 2559 1895 2587 Per
1909 2557 2013 2587 Bilssam
2029 2560 2059 2588 de
2074 2562 2193 2590 Privato
2210 2559 2311 2599 sigillo.

1316 2633 1447 2664 ohannes
1471 2632 1597 2674 Sampsbn
1619 2633 1656 2664 de
1676 2633 1855 2664 Gloucestria
1869 2657 1879 2672 ‚
1898 2635 1945 2673 qui
1970 2635 2000 2665 in
2018 2634 2197 2674 Obsequium
2213 2636 2304 2675 Regis
2322 2639 2350 2668 in

1331 2672 1478 2703 Comitiva
1494 2696 1503 2710 ,
1521 2672 1652 2703 carissimi
1668 2672 1731 2702 Filii
1747 2673 1847 2711 Regis,
1866 2675 1976 2702 Henrici
1999 2676 2129 2713 Principzs
2147 2675 2274 2715 lValliae,
2292 2677 2352 2707 Ca-

1284 2713 1388 2751 pitanei
1411 2711 1493 2742 Villae
1513 2711 1601 2748 Regis
1622 2711 1723 2741 Caleni
1739 2734 1748 2749 ,
1767 2714 1801 2741 ad
1824 2720 1909 2750 partes
1932 2712 2066 2742 Picardiaz
2089 2713 2263 2750 profecturus
2286 2714 2327 2744 est
2342 2737 2352 2753 ‚

1284 2750 1391 2781 ibidem
1402 2772 1410 2787 ,
1427 2749 1505 2788 super
1519 2750 1589 2780 silva
1604 2749 1742 2779 Custodia
1756 2749 1876 2788 ejusdem
1894 2749 1975 2780 Villae
1985 2773 1994 2788 ,
2013 2761 2184 2790 moraturuS,
2203 2753 2285 2783 habet
2301 2753 2354 2784 Li-

1285 2798 1354 2820 teras
1369 2788 1457 2856 dRegis
1470 2789 1506 2818 de
1518 2788 1698 2820 Proteoione
1719 2789 1807 2826 (cum
1822 2788 1951 2820 Clausula
1966 2789 2106 2827 volumus)
2126 2801 2176 2828 per
2191 2801 2281 2822 unum
2293 2792 2355 2822 An-

1286 2837 1356 2859 num
1391 2836 1518 2857 uraturaS.

1326 2865 1546 2941 Pssgstgecfiege
1561 2902 1634 2941 apud
1649 2903 1906 2943 Wstmonasterium
1920 2926 1930 2942 ²
1949 2904 2048 2942 quinto
2063 2903 2108 2935 die
2124 2905 2300 2937 Decembris.

1843 2982 1895 3010 Per
1911 2980 2014 3011 Billam
2028 2981 2059 3011 de
2074 2984 2192 3013 Privato
2210 2982 2308 3020 sigillo.

2263 3072 2343 3079 „e-

1474 3125 1566 3167 Super
1591 3121 1804 3168 Replegiatione
1825 3119 1978 3154 Murdaci
1993 3122 2158 3169 Senefialli.

1293 3206 1477 3262 Robertus
1499 3210 1569 3237 Dux
1586 3205 1721 3253 Albaqziq
1744 3205 1852 3250 Comes
1875 3207 1911 3251 de
1935 3206 2004 3250 Fyfe
2024 3208 2057 3238 &
2079 3207 2114 3237 de
2138 3207 2271 3252 Menteth
2286 3231 2295 3245 ‚
2320 3218 2353 3239 ac
2375 3199 2503 3231 “lm-D·

1376 3246 1558 3277 Gubernator
1584 3244 1676 3283 Regni
1696 3246 1803 3275 beotiae
1821 3268 1830 3283 ,
1855 3250 1986 3276 univerlis
2008 3247 2041 3276 ὃς
2065 3246 2193 3285 singulis,
2224 3247 2257 3276 ad
2283 3257 2355 3284 quo-
2396 3249 2484 3278 1411·

1291 3296 1354 3317 rum
1382 3286 1514 3315 notitiam
1538 3284 1684 3322 praesentes
1711 3284 1825 3314 Litterae
1851 3285 2050 3322 pervenerint,
2082 3284 2207 3315 Salutem
2230 3286 2260 3315 in
2290 3286 2355 3316 Do-
2373 3282 2426 3305 Λη-
2458 3287 2502 3314 ¹3-

1326 3326 1330 3330 ’
1353 3334 1382 3353 o.
2374 3321 2407 3343 Η.
2421 3326 2449 3351 4.

1290 3335 1521 3432 Zffiniveifimti
1552 3359 1650 3391 vestrae
1682 3368 1785 3390 notum
1815 3361 1963 3399 facimus,
1995 3370 2044 3399 per
2073 3360 2248 3400 Praesentes,
2277 3362 2355 3401 quod
2376 3359 2414 3419 ξ’(
2428 3357 2487 3380 Au-

1326 3411 1358 3431 OS
2390 3403 2440 3430 ogr.

1330 3424 1382 3469 De’
1392 3436 1538 3474 fidelitate,
1556 3436 1829 3480 circumspefflone,
1845 3437 1878 3467 &
1894 3437 2028 3468 industrii
2041 3460 2050 3475 ,
2067 3447 2100 3468 ac
2116 3438 2225 3475 experti
2240 3438 2357 3479 diligen-

1291 3478 1348 3514 tia,
1366 3476 1544 3508 Dilectorum
1561 3477 1594 3506 ὃς
1609 3474 1745 3504 Fideltum
1769 3475 1945 3514 nostrorum,
1963 3479 2068 3513 Gerrgii
2087 3478 2119 3505 de
2135 3477 2253 3507 D:mbar
2264 3500 2274 3515 ,
2293 3478 2355 3508 Filii

1293 3520 1325 3548 &r
1341 3514 1480 3551 Hrcredis,
1497 3513 1626 3543 cariffimi
1643 3512 1808 3550 Conguinei
1823 3513 1909 3543 nostri
1924 3537 1933 3552 ,
1951 3518 2060 3543 Comitis
2074 3516 2209 3544 Marchiae
2221 3539 2229 3552 ,
2247 3516 2284 3549 (A).
2298 3515 2355 3553 Jo-

1293 3555 1391 3584 hannir
1405 3554 1438 3582 de
1453 3552 1542 3592 Busby
1556 3551 1702 3588 Capellani
1717 3551 1803 3582 nostri
1812 3574 1821 3590 ‚
1840 3551 1974 3582 Ecclefiae
1996 3553 2180 3584 Moravienszs
2193 3554 2333 3584 Canonici
2345 3576 2356 3592 ‚

1295 3594 1329 3623 ad
1346 3593 1460 3630 plenum
1475 3589 1667 3627 confidentes,

1334 3631 1407 3668 ipsos
1431 3629 1561 3658 Fecimus
1575 3650 1585 3666 ,
1603 3627 1809 3669 Constituimus
1824 3652 1833 3666 ,
1853 3628 1887 3658 &
1903 3627 2108 3660 Ordinavimus
2123 3652 2132 3667 ,
2150 3627 2332 3666 Facimusque
2346 3652 2355 3667 ‚

1295 3668 1504 3699 Constituimus
1517 3689 1526 3704 ‚
1543 3667 1575 3697 &
1595 3676 1642 3704 per
1666 3666 1815 3697 Praeientes
1837 3665 2023 3705 Ordinamus,
2039 3677 2072 3697 ex
2093 3668 2169 3698 certa
2191 3667 2303 3697 scientia
2318 3669 2354 3700 &

1293 3707 1446 3738 deliberato
1461 3705 1578 3735 contilio
1588 3727 1597 3743 ,
1613 3704 1724 3734 nostros
1736 3705 1966 3744 Ambaxiatores,
1985 3705 2216 3743 commissarios,
2231 3705 2357 3743 Deputa-

1295 3754 1339 3777 tos
1347 3768 1356 3783 ‚
1374 3746 1405 3776 ὅ(
1423 3744 1457 3775 N
1460 3744 1557 3773 uncios
1571 3743 1698 3780 speciales
1707 3765 1716 3780 ‚

1342 3784 1446 3813 Dantes
1466 3783 1499 3812 &
1518 3781 1716 3812 Concedentes
1735 3781 1839 3812 eifflem
1860 3780 2070 3811 Commiffiriis
2089 3780 2189 3810 nostris
2201 3803 2211 3818 ,
2235 3782 2358 3819 conjun-

1299 3822 1370 3853 ἀίω
1385 3845 1394 3860 ,
1413 3822 1446 3852 δε
1461 3820 1572 3850 divilim
1588 3843 1598 3858 ,
1616 3820 1740 3850 nostram
1754 3820 1863 3857 plenam
1882 3819 2050 3850 Potestatem
2065 3841 2074 3856 ‚
2094 3820 2208 3848 liberam
2224 3821 2257 3851 &
2272 3830 2358 3858 gene-

1298 3861 1400 3898 ralem,
1418 3859 1452 3889 ad
1475 3857 1676 3889 Exhibendum
1692 3859 1723 3889 ὃ(
1740 3858 1966 3888 praesentandum
1981 3858 2007 3886 ie
2020 3867 2116 3886 coram
2130 3879 2140 3895 ,
2159 3857 2358 3889 Excellentilii-

1301 3908 1350 3928 mo
1365 3899 1398 3928 &
1414 3896 1592 3927 Sereniffimo
1605 3896 1755 3935 Principe,
1772 3896 1903 3926 Domino
1916 3898 2033 3924 Henrico
2045 3898 2113 3932 Rege
2130 3895 2259 3936 Angliae,
2277 3896 2359 3928 Con-

1297 3938 1446 3975 sanguineo
1460 3935 1558 3965 nostro
1571 3935 1711 3966 cariffimo
1719 3958 1729 3973 ,

1338 3976 1381 4004 Ac
1400 3974 1434 4004 ad
1458 3972 1677 4003 Conferendum
1691 3996 1701 4012 ,
1726 3972 1921 4003 Traetandum
1935 3993 1944 4009 ‚
1969 3971 2003 4001 &
2024 3969 2269 4004 concordandum
2290 3984 2359 4005 cum

199 4010 382 4042 Ambaxiator
396 4011 429 4041 &
442 4010 578 4054 Nuncius
594 4011 623 4039 in
637 4010 689 4041 hac
703 4019 780 4048 parte
800 4009 944 4048 praesentes
959 4010 1063 4042 Literas
1077 4011 1175 4050 Sigillo
1196 4020 1262 4041 tneo
1300 4012 1404 4044 eodem
1424 4011 1558 4041 Domino
1579 4011 1662 4048 Rege
1674 4033 1684 4049 ‚
1706 4011 1750 4041 seu
1773 4010 1993 4048 quibuscumque
2014 4009 2221 4041 Commissariis
2242 4013 2279 4042 ab
2301 4012 2360 4050 ipso

201 4048 377 4085 impendenti
389 4049 582 4078 communivi.
652 4086 657 4091 ρ
1301 4050 1438 4088 deputatis
1458 4049 1503 4079 vel
1524 4049 1686 4086 deputandis
1698 4072 1708 4087 ‚
1725 4049 1760 4078 de
1774 4050 1805 4078 ὅ(
1819 4048 1898 4087 super
1910 4046 2090 4078 Liberatione
2102 4071 2112 4086 ,
2128 4048 2337 4087 Redemptione
2350 4073 2361 4088 ,

235 4087 312 4118 Data
329 4084 404 4124 apud
424 4084 583 4116 Valledoleci
593 4107 604 4124 ,
629 4085 676 4117 die
702 4085 835 4119 vicesima
861 4086 963 4121 octava
993 4085 1101 4119 Menfis
1112 4086 1133 4127 J
1135 4088 1241 4120 anuarii
1254 4102 1265 4119 ι
1295 4089 1346 4120 [ω
1361 4089 1394 4120 ad
1407 4097 1517 4126 tempus
1529 4109 1539 4125 ,
1555 4088 1605 4119 sub
1619 4088 1699 4121 certis
1714 4087 1868 4118 Obsidibus
1880 4086 1914 4118 δε
1928 4085 2079 4119 securitate
2093 4109 2104 4125 ,
2128 4087 2359 4130 Replegiatione,

2291 4125 2360 4164 dile-¹
