2562 4274
105 145 182 178 Ann.
201 143 240 174 D.

128 192 213 222 1417.

105 227 169 251 Heu.
188 231 217 259 5.

102 377 155 402 Aa.
176 381 202 408 ς.

93 1058 111 1076 ““
132 1060 183 1107 lX.

63 3895 82 3912 ⁸
103 3896 155 3925 ix.

61 3943 129 3969 ⁴49-

263 62 339 112 198

281 242 374 286 Supcr
391 241 553 284 Provistone
570 239 606 272 de
625 240 752 282 Ecclesia
773 241 924 284 Baionenst
934 252 986 287 per
1003 245 1126 275 Petrum
1146 239 1182 272 de
1203 243 1292 273 Luna

583 290 660 321 alias
677 286 865 321 Benedielum
885 291 912 322 Χ
920 291 952 322 ΙΙ
960 291 986 323 Ι.

296 373 331 403 Ν
350 373 428 403 Der
447 371 644 411 Nomina,
669 372 804 404 Amisit.

324 411 472 442 Univerfis
487 412 520 442 &
540 411 664 455 singulis,
683 411 828 450 praesentes
841 412 945 442 Literas
959 412 1014 443 sive
1029 412 1146 450 praesens
1161 413 1313 446 Publicum

101 432 214 478 Eum-bl.
257 449 484 480 instrumentum
517 449 678 487 lnspeCluris
694 472 704 488 ,
729 458 817 488 pateat
837 451 980 480 evidenter
1004 451 1082 488 quod
1103 451 1169 488 Ego
1184 475 1193 489 ‚
1221 453 1316 485 Frater

100 492 158 517 Cor.
174 491 220 516 Ti·
256 487 420 518 Willielmus
435 487 577 528 arnaldi,
596 489 713 520 Ordinis
728 489 824 520 Sanffi
838 489 976 520 Francisci
985 511 996 527 ,
1011 489 1104 520 Sacrae
1119 490 1233 530 Paginae
1242 492 1315 523 Pro·

97 526 183 554 terius
204 531 233 554 Β.
254 526 358 565 fossor,

101 566 212 633 ῗοζοιά
250 602 374 634 Ecclelia
388 602 548 642 Baionensi,
566 614 612 635 aut
626 603 720 634 saltem
735 603 772 634 de
788 605 830 635 illa
846 604 927 634 Parte
943 603 1085 635 Dioecesis
1100 606 1233 644 ·ejusdem
1255 605 1314 638 Ec-

289 564 346 595 Cui
364 567 460 594 Petrus
474 565 507 594 de
522 568 623 603 Luna,
638 564 730 596 diEius
744 565 772 596 in
786 566 831 597 sua
849 565 1020 596 Obedientia
1035 566 1195 597 Benedictus
1207 569 1262 598 xiii.
1276 568 1314 599 de

247 642 338 673 ciefiae
357 651 422 681 quae
444 643 494 673 sub
515 643 597 680 ipfius
621 645 699 672 Petri
718 643 889 673 Obedientia
909 642 1095 679 consistebat,
1111 645 1168 680 iam
1183 646 1198 675 a
1219 647 1314 677 multis

249 680 445 719 Temporibus
471 682 612 719 providit,
639 683 673 713 δε
693 692 778 720 quam
803 682 915 712 Partem
937 682 1005 712 citra
1024 681 1210 722 poffideram,
1226 691 1312 723 prout

247 719 378 758 poffideo
393 720 429 750 de
444 720 586 757 praesenti,

287 757 398 789 Coram
414 758 520 796 Vobis,
540 757 712 788 Reverendo
727 757 826 796 Patre,
845 761 958 788 Domino
972 757 1074 788 Thema
1094 758 1209 798 Polton,
1228 758 1311 793 Ebo—

247 805 311 827 rum
330 796 452 827 Decano
470 796 644 834 Apostolicae
661 796 739 826 Sedis
766 796 1006 834 ProthonotariO,
1025 796 1205 828 Inviffiffimi
1229 799 1312 831 Prin-

245 835 315 873 cipis
330 836 363 866 &
380 835 519 873 Domini,
536 835 660 865 Domini
677 837 808 874 Henrici,
828 835 886 865 Dei
900 834 1019 873 Gratia,
1036 835 1148 873 Angliae
1164 835 1202 871 ῤ’
1220 840 1310 869 Fran-

242 877 291 903 tiae
314 877 391 912 Regis
411 873 586 904 Illustrill‘imi
610 874 637 903 in
662 873 799 903 Romana
824 872 911 904 Curia
934 873 1121 904 Procuratore
1133 884 1166 905 ac
1182 873 1311 909 Notario

247 911 386 949 Publico,
405 913 437 943 ὃς
451 912 588 942 Testibus
604 911 778 948 infrascriptis
788 934 797 949 ,

283 951 329 982 Ad
351 951 414 981 haec
439 950 620 981 Sacrosanc‘ta
641 949 697 979 Dei
718 948 886 987 Evangelia,
915 948 1050 986 ponendo
1070 949 1194 981 Manum
1217 961 1310 984 meam

248 988 390 1034 dexteram
410 990 443 1058 'dd
461 988 566 1020 Pectus
588 998 704 1026 meum,
721 988 904 1026 corporaliter
925 986 1014 1026 Juro,
1035 987 1157 1028 Voveo,
1184 991 1218 1022 &
1238 991 1312 1023 Pro-

250 1037 336 1058 mitto
371 1038 410 1058 uo

287 1067 306 1084 ¹¹
328 1037 412 1096 Ltilcet
427 1051 448 1105 ,²
467 1066 545 1104 super
571 1064 803 1103 Reintegrati'one
832 1063 917 1094 dietae
938 1063 1027 1096 Partis
1042 1088 1051 1103 ,
1081 1074 1310 1106 caeterorumque

248 1103 454 1135 Membrorum
472 1105 607 1136 Ecclesiae
632 1103 806 1141 Baionensis,
831 1105 1030 1140 pertinentium
1050 1103 1142 1134 eidem
1163 1114 1308 1145 tamquam

246 1141 358 1182 Capiti,
377 1142 466 1181 pridie
480 1154 529 1182 per
545 1143 662 1174 Sacrum
679 1141 818 1172 Geiierale
836 1139 1061 1172 Constanciense
1084 1141 1252 1175 Concilium
1276 1147 1308 1177 &

243 1183 300 1217 eius
316 1182 509 1219 Auctoritate,
525 1183 604 1221 juxta
618 1181 753 1211 Formam
770 1182 803 1212 &
819 1179 995 1218 Exigentiam
1009 1179 1224 1221 Capitulorum,
1234 1186 1308 1222 apud

243 1219 432 1258 Nabornam,
453 1222 524 1252 inter
539 1221 662 1258 ejusdem
679 1218 809 1249 Concilii
822 1218 1041 1249 Ambaffiatores
1053 1220 1086 1250 &
1101 1220 1162 1251 illos
1182 1231 1251 1253 tunc
1272 1223 1309 1254 de

243 1259 414 1290 obedientia
435 1259 502 1290 dieii
524 1260 602 1289 Petri
621 1258 654 1288 de
669 1259 753 1288 Luna
768 1267 856 1296 nuper
869 1257 1126 1298 concordatorutn,
1144 1258 1307 1293 Decretum

240 1298 390 1337 publicum
406 1298 520 1329 obtinui
536 1298 680 1335 expediri,

281 1337 345 1376 Ego
359 1345 452 1368 tamen
467 1336 670 1368 Posreffionem
686 1334 771 1366 dietae
785 1334 936 1374 Ecciefiae,
949 1344 997 1366 aut
1008 1332 1112 1373 Partis,
1121 1335 1166 1367 seu
1179 1336 1305 1370 Partium

239 1375 365 1415 illarum,
384 1377 476 1406 eidem
493 1375 627 1406 Eccleliae
641 1375 860 1412 pertinentium,
881 1383 1130 1417 quarumcunque,

280 1411 358 1454 Quae
381 1415 431 1444 sub
453 1414 588 1452 Ditione,
606 1413 794 1449 obedientia,
809 1412 853 1443 vel
874 1411 1015 1442 Dominio
1036 1413 1161 1451 praefati,
1182 1413 1305 1446 Domini

243 1455 319 1491 mei,
336 1455 449 1483 Hem-ici
461 1452 574 1491 Angliae
587 1451 626 1488 ὠ
644 1455 765 1481 Franciae
779 1453 871 1488 Regis,
891 1449 1063 1488 coniistunt,

280 1491 441 1530 Nunquam
459 1502 508 1530 per
523 1501 587 1529 me,
605 1491 710 1527 alium,
728 1488 772 1519 vel
789 1489 873 1526 alios,
890 1489 999 1520 directe
1017 1490 1061 1520 vel
1080 1490 1235 1529 indireele,
1256 1502 1308 1530 pu-

240 1530 316 1561 blice
334 1532 378 1561 vel
393 1531 524 1568 occulte,
545 1531 629 1561 tacite
644 1529 688 1559 vel
703 1527 846 1566 expresse,
864 1527 994 1566 adipiscar
1015 1528 1061 1559 vel
1082 1530 1306 1569 apprehendam,

240 1577 287 1599 aut
307 1569 419 1608 adipisci
443 1569 488 1599 vel
511 1567 681 1606 apprehendi
702 1567 880 1604 procurabo,
895 1575 942 1597 aut
965 1567 993 1596 id
1015 1566 1107 1597 fiicere
1131 1568 1181 1598 sub
1204 1571 1305 1607 quovis

242 1608 360 1644 quaesito
374 1607 483 1638 Colore
498 1606 720 1644 quomodolibet
735 1613 822 1635 attem
845 1605 927 1642 tabo,
945 1614 992 1636 aut
1007 1614 1060 1642 pro
1079 1615 1127 1636 me
1149 1616 1235 1638 attein
1258 1610 1307 1638 tari

243 1648 419 1683 permittam,
439 1656 491 1675 nec
504 1645 539 1675 de
557 1645 704 1675 Frut‘libus
719 1642 803 1674 dietae
845 1643 970 1682 cclesiae,
988 1654 1040 1682 pro
1053 1643 1152 1682 Parte,
1171 1646 1215 1676 vel
1238 1617 1307 1677 ¹1³>ss-

243 1686 316 1715 tibus
330 1686 389 1723 jain
409 1684 491 1715 dietis
511 1683 546 1715 ad
567 1683 686 1714 eandem
710 1681 866 1713 Ecclesiam
882 1683 1098 1721 pertinentibus,
1117 1693 1164 1713 mc
1180 1694 1305 1723 unquam

242 1724 431 1754 intromittam
441 1746 450 1761 ,
468 1723 513 1753 vel
529 1733 578 1761 per
594 1723 677 1752 alium
692 1720 737 1751 seu
752 1720 820 1751 alios
835 1730 888 1759 pro
904 1731 951 1751 me
968 1723 1118 1752 intromitti
1133 1726 1304 1762 pei-mittam,

242 1762 291 1793 nili
314 1763 423 1800 praeviis
446 1762 575 1792 Licentia
600 1762 633 1793 &
658 1759 809 1790 Voluntate
827 1769 859 1790 ac
880 1759 1009 1798 expresso
1025 1760 1162 1799 ejusdem,
1182 1761 1306 1794 Domini

242 1802 320 1839 tiz-ei,
339 1803 451 1831 Henrici
464 1800 577 1837 Angliae
591 1798 629 1833 ὠ
645 1801 766 1828 Franciae
786 1800 863 1837 Regis
884 1797 1075 1837 Illustriffimi,
1092 1800 1137 1830 vel
1157 1803 1214 1838 ejus
1233 1801 1306 1833 Suc-

240 1839 373 1878 cessoris,
391 1839 535 1870 Consensu
553 1838 586 1869 ad
599 1838 660 1868 haec
676 1837 826 1880 specialiter
841 1837 938 1868 habitis
952 1837 985 1869 &
998 1837 1136 1877 obtentis,
1152 1840 1186 1870 ὃς
1209 1840 1303 1872 donec

238 1880 273 1910 δε
289 1879 434 1916 quousque
447 1878 646 1916 juramentum
661 1876 810 1906 Fidelitatis
823 1875 876 1905 suae
889 1876 1049 1914 Serenitati,
1068 1887 1114 1907 aut
1129 1879 1187 1915 eju<
1200 1879 1234 1909 ad
1245 1880 1302 1910 hoc

235 1917 400 1956 deputando
413 1917 578 1956 substitum,
597 1915 772 1954 praestiterim
787 1915 950 1953 corporale,
968 1915 1000 1947 &
1023 1914 1202 1956 Homagium
1227 1918 1304 1949 fece-

235 1957 291 1987 rim
309 1956 464 1994 personale,

273 1995 311 2027 Et
322 2021 331 2034 ,
350 1997 368 2026 si
384 1997 557 2028 contrarium
573 1997 602 2026 in
616 1995 711 2033 aliquo
725 2005 774 2034 per
792 2005 856 2032 me,
877 1995 921 2026 vel
938 2005 1005 2025 meo
1027 1994 1178 2034 Nomine,
1193 1995 1300 2027 saetam

233 2034 318 2066 fuerit
333 2034 379 2066 vel
393 2044 588 2073 attemptatum
602 2043 647 2064 aut
664 2034 724 2064 fieri
740 2034 783 2064 vel
801 2035 959 2071 attemptari
977 2035 1122 2073 contingat
1139 2035 1229 2073 (quod
1252 2035 1302 2065 ab-

233 2074 278 2109 iit)
301 2075 330 2104 in
350 2073 496 2111 futurum,
516 2073 583 2104 illud
607 2082 719 2103 exnunc
743 2081 826 2110 prout
841 2081 876 2102 ex
892 2081 959 2102 tunc
975 2071 1099 2103 Revoco
1115 2073 1148 2104 &
1167 2074 1301 2104 Revoca-

233 2112 292 2150 bo,
311 2112 419 2143 nullum
441 2112 506 2143 inde
523 2112 598 2150 Juris
620 2111 664 2141 vel
678 2111 769 2141 Tituli
788 2109 960 2141 Beneficium
974 2110 1125 2147 aliqualiter
1141 2111 1301 2151 habiturus,

230 2150 276 2181 sed
292 2150 359 2181 illud
375 2161 427 2188 pro
444 2162 503 2181 non
518 2152 594 2182 facto
608 2148 700 2180 habeo
714 2151 745 2180 ὃς
760 2150 872 2179 habebo
889 2150 998 2187 penitus
1013 2150 1046 2179 ὅ(
1060 2151 1195 2180 omnino.

270 2188 309 2221 Et
321 2190 542 2228 nichilominus,
560 2199 594 2219 ex
609 2187 878 2225 superhabundanti,
898 2196 951 2226 ego
966 2187 1061 2218 Frater
1076 2188 1242 2218 Willielmus
1258 2191 1301 2218 Ε-

223 2227 342 2268 pifiopus
355 2228 541 2267 supradictus,
558 2237 594 2259 ex
608 2227 672 2257 mea
685 2226 762 2258 certa
778 2225 900 2256 Scientiii
912 2249 921 2264 ‚
942 2225 1028 2264 pura,
1047 2226 1152 2265 libera,
1171 2228 1299 2266 &ipon-

231 2268 312 2299 tanea
325 2268 488 2305 voluntate,
507 2277 566 2298 non
580 2267 623 2302 vi,
644 2265 729 2303 dolo,
749 2273 845 2302 metu,
865 2265 978 2302 fraude,
997 2265 1040 2295 vel
1060 2265 1149 2304 aliqua
1163 2267 1212 2296 alia
1237 2277 1298 2297 ma-

229 2306 393 2338 chinatione
405 2306 543 2337 Seductus
558 2305 603 2335 vel
618 2303 858 2340 Circumventus,
880 2313 932 2340 pro
954 2304 1034 2334 bono
1056 2302 1136 2334 Pacis
1158 2304 1235 2335 Cleri
1264 2306 1297 2337 &

227 2343 333 2385 Populi
346 2344 477 2376 Civitatis
493 2346 526 2377 &
542 2343 684 2374 Dioecesis
701 2342 900 2381 praedistarum
911 2365 920 2379 ,
940 2352 992 2380 pro
1005 2344 1142 2372 omnibus
1157 2343 1190 2372 δε
1207 2344 1297 2382 singu-

228 2383 260 2413 lis
271 2408 280 2422 ,
299 2394 349 2422 pei·
366 2394 413 2414 me
429 2384 552 2421 superius
564 2381 710 2412 Promissis
725 2382 757 2412 &
768 2380 883 2419 JuratiS,
905 2381 1101 2411 inviolabiliter
1116 2382 1295 2413 observandis

228 2431 262 2452 ac
276 2424 317 2453 'uit
353 2423 442 2453 raliter
457 2423 489 2453 ὅ(
505 2431 573 2452 curn
587 2420 703 2451 Effeetu
719 2420 922 2456 adimplendis,
944 2429 992 2449 me
1012 2418 1180 2450 detestabilis
1200 2420 1296 2458 Perju-

231 2462 264 2491 rii
280 2471 312 2491 ac
359 2472 440 2492 ecem
456 2460 573 2490 Milium
586 2459 789 2496 Coronarum,
806 2457 902 2488 Cunei
917 2457 1059 2495 Franciae,
1077 2458 1145 2488 boni
1171 2458 1241 2489 Auri
1261 2461 1295 2490 &

227 2497 294 2536 justi
307 2500 462 2537 Ponderis,
481 2509 596 2537 poenas,
616 2498 746 2528 Camcrae
763 2496 842 2533 iplius
858 2495 980 2525 Domini
996 2498 1106 2526 Henrici
1120 2497 1233 2534 Angliae
1255 2497 1293 2532 ὠ·

232 2539 354 2567 Franciae
372 2541 464 2574 Regis,
485 2537 503 2567 si
526 2539 555 2567 in
577 2537 672 2574 aliquo
695 2535 913 2566 Praemifforum
928 2542 1028 2565 contra
1042 2535 1176 2573 fecerim,
1191 2537 1295 2567 iinme-

231 2576 306 2606 diate
321 2576 545 2613 applicaiidarum
554 2597 564 2613 ,
583 2576 725 2606 incurrere
738 2574 808 2603 volo
822 2573 880 2611 ipso
892 2572 979 2602 facto.

268 2613 327 2645 Pro
350 2615 405 2651 qua
427 2615 540 2652 quidem
562 2613 654 2643 Poena
677 2612 855 2649 pecuniaria,
874 2621 922 2648 per
941 2621 1003 2647 me,
1020 2611 1040 2641 fi
1055 2611 1292 2651 contrafecerim,

229 2653 315 2683 dietae
338 2653 483 2689 Camerae,
503 2661 533 2682 ut
555 2651 714 2689 praefertur,
733 2650 883 2687 solvenda,
903 2659 950 2679 me
970 2659 1002 2679 ac
1025 2651 1121 2680 omnia
1137 2650 1170 2681 &
1189 2651 1292 2690 singula

230 2701 293 2722 mea
313 2691 390 2722 Bona
405 2714 413 2728 ,
441 2690 565 2721 Mobilia
588 2689 622 2720 &
643 2688 809 2720 immobilia
826 2711 835 2726 ,
855 2687 1048 2718 Ecclesiastica
1072 2690 1105 2719 &
1127 2687 1293 2727 Mundana,

227 2730 346 2761 ubilibet
362 2729 529 2765 constituta,
549 2727 689 2766 praesentia
708 2727 741 2757 &
759 2727 864 2763 futura,
884 2727 1028 2763 praelibato
1045 2726 1177 2757 Domino
1190 2730 1293 2757 Henri-

224 2780 253 2799 ω
271 2768 382 2806 Angliae
397 2767 434 2802 ό·
449 2770 570 2797 Franciae
584 2769 649 2803 Regi
671 2765 734 2796 licet
755 2766 874 2802 abienti,
893 2765 1010 2802 prefato
1031 2764 1166 2795 Domino
1188 2766 1290 2795 Thoma

226 2807 324 2837 Polton
339 2807 558 2837 prothonotario
570 2806 691 2843 ejuldem
709 2803 830 2834 Domini
850 2802 939 2839 Regis
960 2803 1149 2833 Procuratore
1171 2804 1289 2842 praesen-

228 2855 276 2885 te,
295 2856 328 2877 ac
344 2845 470 2876 Notario
489 2844 603 2880 publico
618 2842 808 2879 infiasci-ipto,
825 2851 877 2881 pro
891 2841 992 2872 eodem
1019 2841 1151 2871 Domino
1173 2845 1290 2872 Henrico

226 2885 337 2922 Angliae
354 2883 392 2919 ἔφ’
406 2887 525 2914 Francia
541 2886 609 2920 Rege
624 2882 735 2920 ejusque
760 2880 930 2910 Haeredibus
952 2881 985 2910 &
1007 2879 1220 2911 Successoribus
1238 2881 1286 2912 sti-

225 2924 384 2960 pulantibus
406 2923 438 2952 δε
461 2922 673 2959 recipientibus,
696 2919 806 2959 Obligo
829 2918 981 2961 efficaciter
1005 2920 1037 2949 &
1053 2919 1227 2961 vypotlieco,
1255 2930 1288 2951 ac

224 2963 309 2992 etiam
323 2961 513 3000 Jurisdietioni
532 2959 732 2997 cujuscumque
744 2957 854 2995 judicis
873 2956 1057 2987 EccleliastiCi
1077 2958 1110 2988 δε
1133 2956 1287 2997 Secularis,

226 3001 345 3032 ubilibet
364 2999 526 3037 constituti,
543 3008 593 3036 pei·
607 3007 654 3028 me
668 2996 832 3035 Praesentes,
849 2996 969 3027 totaliter
981 2995 1101 3027 Subicio
1118 2996 1152 3027 &
1168 2995 1285 3028 Remit-

224 3049 508 3114 ωῙὶεΝυΝςῐΑΝε,
527 3077 555 3105 in
571 3075 720 3105 Praemiffis
732 3075 865 3104 omnibus
880 3075 912 3105 ὃ(
928 3073 1057 3112 singulis,
1076 3073 1203 3110 expresse
1227 3072 1286 3104 Ex-

225 3118 349 3155 ceptioni
368 3115 604 3154 ditstiJuramenti
621 3124 679 3144 non
693 3114 730 3144 sic
747 3113 873 3150 praestiti,
890 3111 1086 3142 promissionis
1108 3114 1140 3142 &
1166 3112 1287 3152 Obliga-

226 3157 310 3186 tionis
337 3165 396 3185 non
420 3154 457 3185 sic
483 3154 616 3183 saetarum
633 3175 643 3190 ,
668 3151 722 3181 Rei
748 3161 806 3180 non
827 3152 864 3182 sic
882 3150 967 3188 gestae
983 3173 992 3188 ,
1020 3161 1079 3180 nori
1100 3153 1136 3180 lic
1155 3151 1286 3182 celebrati

226 3192 400 3224 Contractus
415 3217 424 3229 ,
453 3192 529 3222 aliter
554 3189 636 3221 fuisse
654 3190 764 3220 dietum
780 3190 824 3219 seu
844 3191 990 3219 recitatum
1007 3189 1092 3226 quam
1111 3188 1256 3227 Scriptum
1274 3212 1284 3227 ,

223 3232 257 3262 &
277 3243 293 3262 e
308 3232 448 3262 converso
463 3230 539 3267 doli,
558 3229 639 3265 mali,
657 3230 715 3265 vis,
736 3226 845 3266 mersis,
865 3227 963 3257 fraudis
982 3228 1009 3256 in
1028 3227 1134 3270 fastum
1152 3227 1283 3264 Αᾱίοηί,

223 3268 395 3300 Conditioni
412 3269 528 3299 indebiti
546 3268 586 3298 ob
602 3266 720 3297 Causam
737 3266 769 3296 δε
787 3265 842 3296 sine
858 3266 945 3296 Causa
956 3288 964 3303 ,
989 3266 1021 3295 &
1040 3266 1081 3295 ob
1096 3265 1225 3303 injustam
1247 3267 1280 3297 ὅς

223 3316 336 3345 turpem
356 3307 479 3337 Causam
495 3331 504 3343 ,
530 3305 634 3345 Copire
653 3305 792 3342 praesentis
811 3304 916 3341 publici
933 3303 1128 3333 Promiss'ionis
1145 3304 1177 3334 &
1197 3303 1283 3333 Obli-

221 3348 339 3385 gationis
356 3345 538 3376 Instrumenti
557 3344 600 3374 seu
620 3353 676 3381 ejus
695 3342 789 3372 Nor-ae
809 3352 866 3372 non
887 3342 1008 3384 habitae,
1038 3342 1127 3385 etiam·
1144 3351 1194 3379 per
1209 3341 1283 3372 Mo-

220 3386 290 3416 dum
310 3384 453 3415 Actorum
469 3406 479 3421 ,
507 3383 588 3413 omni
604 3381 680 3419 Juris
699 3381 838 3411 Canonici
864 3381 896 3410 &
923 3378 1023 3410 Civilis
1046 3380 1149 3409 auxilio
1163 3404 1173 3417 ,
1200 3381 1282 3410 omni

220 3423 424 3463 Appellationis
442 3422 585 3458 remedio,
607 3430 639 3450 ac
657 3419 774 3449 recursui
795 3419 829 3448 ad
848 3418 1006 3449 Arbitrium
1027 3418 1096 3461 boni
1111 3418 1164 3447 viri
1180 3441 1189 3454 ,
1214 3428 1279 3448 om—

212 3460 302 3494 'nibus
319 3462 400 3492 Feriis
418 3461 450 3490 &
471 3460 584 3489 Feriatis
601 3458 710 3488 Diebus
730 3456 866 3487 Messium
885 3458 918 3487 ὅ(
939 3455 1173 3494 Vindemiarum,
1192 3458 1280 3486 intro—

218 3501 311 3532 duetis
336 3501 368 3531 ὃς
393 3498 602 3529 introducendis
629 3498 715 3526 etiiin
744 3497 772 3524 in
797 3495 953 3525 Honorem
974 3493 1032 3524 Dei
1052 3495 1086 3526 &
1104 3493 1276 3525 Sanctorum

218 3541 276 3578 ejus
287 3565 295 3576 ,
322 3538 458 3569 omnibus
475 3535 733 3572 Praescriptionibus
750 3535 861 3570 repertis
878 3534 910 3564 &
930 3532 1100 3576 reperiendis
1111 3555 1120 3570 ,
1143 3534 1279 3564 omnibus

217 3578 340 3608 induciis
359 3578 392 3608 &
410 3575 602 3605 Dilationibus
620 3571 877 3608 Quadi·imesti·ibus
894 3572 926 3601 δε
943 3570 1130 3601 Semestribus
1171 3572 1205 3602 &
1222 3571 1279 3602 aliis

216 3617 446 3654 quibuscunque,
465 3612 534 3650 Legi
553 3611 657 3641 dicenti
675 3611 723 3640 ubi
737 3609 883 3647 judicium
902 3609 1051 3640 inchoatur
1067 3610 1106 3639 ibi
1126 3595 1212 3639 finem
1227 3620 1276 3640 ac-

215 3657 307 3693 cipere
323 3654 423 3690 debet,
439 3651 573 3682 Petitioni
591 3650 623 3680 &
643 3648 791 3678 Oblationi
811 3647 931 3684 Libelli,
948 3657 981 3677 ac
995 3647 1142 3677 summarie
1158 3647 1275 3677 Petitio-

215 3703 284 3723 num
310 3693 441 3723 omnium
461 3689 519 3719 usui
538 3690 571 3720 &
589 3686 797 3717 Consuetudini
814 3708 823 3723 ,
848 3694 880 3716 ac
903 3684 1014 3716 Statutis
1033 3685 1119 3716 Novi
1137 3686 1170 3716 &
1190 3685 1276 3715 Vete-

215 3733 249 3761 ris
264 3754 273 3768 ‚
300 3730 448 3769 privilegio
468 3726 604 3765 Epistolae
624 3724 696 3755 Divi
712 3723 828 3754 Adriani
846 3724 982 3765 novae&
1002 3732 1138 3753 novarum
1156 3722 1274 3753 Consti-

215 3771 357 3799 ttitionum
373 3768 408 3799 de
426 3768 536 3797 duobus
555 3765 600 3795 vel
617 3763 741 3800 pluribus
759 3763 811 3791 reis
828 3760 962 3791 debendis
979 3761 1168 3792 cedendarum
1181 3763 1215 3794 &
1230 3762 1274 3792 di-

214 3807 417 3844 videndarum,
436 3806 596 3836 Adlionum
611 3801 685 3841 Juris
701 3802 734 3832 ὃς
753 3800 836 3842 ΡιιὲὶίΙ
847 3800 1041 3842 ignoranti-«ie,-
1054 3801 1087 3831 &
1107 3801 1272 3836 generaliter

215 3855 247 3874 ac
267 3845 415 3883 specialiter
433 3843 567 3873 omnibus
584 3842 616 3872 &
637 3834 748 3876 singulis
764 3836 1070 3880 PriVilegiiS,·G'ratiis,
1090 3837 1273 3875 Literis,Sia-

211 3883 292 3919 tutis,
310 3883 341 3912 &
362 3881 622 3912 Constitutionibus
638 3877 826 3915 Apostolicis,
844 3875 1054 3918 Imperialibus,
1073 3877 1088 3892 ⁶
1109 3875 1270 3914 Regalibus,

209 3922 242 3952 ὅς
265 3920 476 3958 quibuscunque
491 3920 548 3948 aliis
565 3916 703 3948 concessis
722 3915 755 3946 ὃς
771 3913 977 3950 concedendis,
996 3922 1060 3955 *tam
1079 3914 1114 3942 ab
1132 3914 1268 3958 homine,

208 3960 295 3998 quam
308 3959 324 3989 a
334 3957 418 3996 jure,
435 3967 467 3988 ac
483 3957 555 3995 Legi
573 3966 628 3995 qua
640 3964 754 3986 cavetur
772 3952 869 3992 quod,
887 3951 908 3982 si
923 3950 1046 3982 Debitor
1060 3961 1120 3982 non
1142 3952 1270 3984 habuerit

680 59 1482 110 CONVENTIONES‚

1358 146 1469 177 Aurum
1490 147 1547 178 sive
1568 148 1728 188 Argentum
1752 149 1797 181 vel
1820 149 1942 181 Mobilia
1966 150 2067 189 quibus
2084 150 2132 182 suo
2160 151 2244 190 poffit
2266 151 2416 186 satisfacere
2435 151 2512 188 Ann.
2522 154 2562 186 D.

1355 184 1518 230 Creditori‚
1536 188 1614 232 quod
1628 189 1708 232 liceat
1721 190 1747 220 ei
1762 188 1867 219 offerre
1885 189 1921 220 de
1937 189 2094 227 stabilibus,
2111 199 2144 221 ac
2158 191 2294 222 omnibus
2308 191 2366 222 aliis
2379 193 2413 224 ὃς
2460 201 2549 234 1417÷

1354 223 1464 263 singulis
1478 224 1698 263 Excepnonibus
1707 251 1716 265 ,
1730 227 1862 265 juribus,
1871 229 1905 259 &
1919 228 2155 267 Defenfionibus,
2169 229 2271 266 quibus
2287 230 2415 260 median-
2430 237 2492 262 Han.
2510 243 2537 269 5.

1550 61 1935 117 LITERAE,

1353 263 1428 293 tibus
1451 273 1549 306 contra
1570 264 1718 296 Praemiffa
1741 266 1785 297 vel
1806 266 1919 304 aliquod
1940 266 2154 297 Praemissorum
2175 268 2284 304 facere,
2302 268 2416 308 dicere,

1353 309 1401 331 aut
1416 311 1512 345 uenire
1524 301 1626 339 poffim
1641 302 1678 333 de
1687 303 1756 341 Jure
1770 304 1815 335 vel
1828 305 1864 335 de
1879 305 1956 336 facto
1971 306 2073 343 quovis
2087 305 2204 343 quaesito
2219 305 2349 345 Colore,
2366 316 2414 339 aut

1354 348 1403 382 me
1420 348 1448 368 in
1463 339 1558 383 aliquo
1570 350 1736 379 opponere,
1749 343 1861 380 juvare,
1880 343 2029 374 defendere
2041 344 2278 382 quomodolibet,
2293 345 2338 375 vel
2353 355 2414 376 tue-

1352 387 1376 445 {3
1387 376 1470 445 ,er
1483 377 1587 446 diclenti
1600 379 1760 418 generalem
1775 380 2034 413 Renunciationem
2050 391 2111 412 non
2124 382 2214 413 valere
2227 383 2278 414 nili
2293 394 2415 422 praeces-

1363 423 1416 445 erit
1443 425 1522 454 pecia
1532 426 1562 446 is.

1387 490 1421 535 Jn
1439 501 1561 529 quorum
1574 494 1707 525 omnium
1721 494 1755 525 &
1769 494 1808 525 fin
1829 495 1941 526 ulorum
1955 496 2055 528 Fidem
2067 492 2323 529 &Testimonium
2333 498 2411 530 Prae-

1352 530 1501 574 missorum
1519 532 1664 575 praesentes
1678 532 1786 563 Literas
1801 504 1857 564 ligve
1873 535 1989 571 piaesens
2005 535 2152 573 publicum
2172 535 2417 576 instrumentum,

1349 568 1450 598 exinde
1463 579 1524 606 per,
1542 569 1693 600 discretum
1711 571 1812 601 Virum
1822 594 1832 610 ,
1849 573 2012 611 Rodosphum
2025 577 2134 611 Baton,
2149 573 2247 605 Curiae
2255 574 2411 606 Causarum

1349 606 1482 638 Camerae
1500 607 1677 645 Apostolicae
1700 608 1856 640 Notarium
1889 611 2035 648 publicum
2062 611 2266 650 infrascriptum
2282 637 2292 652 ,
2323 613 2381 645 fieri
2400 636 2411 652 ,

1348 644 1497 714 {Pbsfflbi’
1514 647 1652 692 publicari
1663 647 1883 687 Mandavimus,
1901 649 2043 688 nostrique
2056 651 2144 690 Sigilli
2155 652 2275 683 fecimus
2290 651 2411 691 Appen·

1361 694 1428 715 ione
1442 694 1626 716 communiri.

1386 759 1455 793 Dat.
1472 762 1507 793 &
1523 761 1588 792 Act.
1610 762 1772 808 Coustantiae
1787 758 2142 810 ProvinxciaeMagunrinae
2157 766 2186 796 in
2204 765 2256 798 Cri
2278 775 2304 799 ta
2315 767 2409 800 Chori

1348 798 1483 844 Ecclesiae
1503 799 1694 840 Cathedralis,
1710 802 1760 846 sub
1781 801 1869 846 Anno
1894 812 1910 832 a
1928 801 2086 847 Nativitate
2107 804 2230 836 Domini
2253 778 2409 838 Kdilleiimo

1349 838 1478 882 Qadrin
1499 839 1636 882 entesimo
1653 840 1770 885 decimo
1784 840 1809 871 se
1831 850 1920 878 tirno,
1939 839 2103 872 Indictione
2118 841 2243 874 Decima
2279 844 2337 876 Die
2354 845 2409 885 Jo-

1347 887 1470 946 §esdexva
1525 882 1594 947 ῐεὲιίιε
1608 878 1727 918 Aprilis,
1745 876 1830 910 Hora
1851 878 2036 918 Vesperarum
2057 881 2103 913 vel
2124 880 2219 920 quafi,
2239 866 2408 922 Apostolici

1435 926 1453 946 v
1471 926 1523 947 can
1561 940 1571 954 ,

1383 989 1568 1023 Praesentibus
1582 992 1688 1024 ibidem
1723 993 1947 1026 Honorabilibus
1959 995 1993 1027 &
2009 994 2143 1028 Discretis
2156 995 2231 1028 Viris
2258 991 2399 1029 Dominis

1346 1031 1507 1074 Bertjrando·
1518 1031 1551 1060 de
1566 1034 1664 1076 Atimq
1678 1018 1831 1063 danonico
1846 1032 2007 1072 Baionenfi,
2026 1033 2158 1073 Johanne
2184 1020 2328 1074 chiflerow
2347 1022 2410 1068 Ca:

1347 1078 1454 1099 rionico
1471 1067 1639 1100 Cicestrensi
1654 1081 1683 1100 in
1698 1070 1898 1108 utroqueJure
1912 1071 2074 1111 Bacallario,
2094 1073 2236 1113 Magistro
2250 1076 2332 1104 Petro
2340 1077 2409 1105 Per-

1344 1106 1429 1136 triche
1445 1109 1473 1137 iri
1490 1107 1572 1138 Sacra
1589 1107 1693 1146 Pagina
1709 1108 1858 1140 Bacallario
1881 1108 2010 1141 Rediore
2032 1110 2166 1143 Ecclesiae
2185 1111 2356 1144 Parochialis
2377 1114 2409 1145 in

1347 1145 1568 1184 Westkingston
1588 1146 1688 1178 Sarum
1705 1146 1862 1186 Dioecefis,
1877 1147 2011 1187 Johanne
2027 1150 2151 1180 Nament
2166 1149 2325 1183 Presbitero
2339 1151 2408 1183 Ne<

1345 1184 1491 1215 derhoven
1503 1208 1512 1222 ,
1533 1187 1565 1215 δί
1582 1185 1712 1215 Helmodo
1727 1186 1868 1224 Stenhuis,
1888 1186 2027 1226 Clericis,
2045 1187 2230 1227 Trajeestnfis
2248 1189 2408 1221 Colonien-

1345 1222 1402 1290 ἢεί,
1414 1223 1446 1254 &
1461 1222 1623 1293 d{lindensis
1637 1224 1823 1263 Dioecesum,
1843 1225 1976 1257 Testibus
2001 1225 2036 1256 ad
2055 1227 2196 1265 praemissa
2220 1230 2327 1261 vocatis
2347 1229 2408 1270 spe-

1343 1271 1385 1292 eia
1398 1271 1448 1291 iter
1510 1273 1542 1292 ro
1562 1273 1619 1293 atis.

1380 1301 1423 1329 Et
1441 1303 1500 1339 Ego
1521 1272 1686 1340 Rffidolphus
1703 1301 1788 1333 Baten
1808 1301 1939 1341 Clericus,
1962 1303 2140 1345 Trajed'z‘enfix
2158 1303 2298 1344 Dia-cesis,
2314 1304 2407 1343 publi-

1343 1349 1385 1368 cus
1410 1336 1563 1379 qussolica
1585 1339 1624 1375 ό
1650 1340 1788 1379 Imperiali
1806 1343 1984 1371 Auffloritate
2003 1342 2131 1384 distetque
2150 1346 2237 1373 Curiae
2257 1342 2406 1384 Causbrum

1341 1380 1461 1408 camere
1479 1378 1637 1419 Aoostolicae
1656 1382 1789 1409 Notarius
1805 1403 1814 1418 ,
1842 1384 1906 1420 quia
1936 1380 2073 1420 Praemijfis
2090 1382 2206 1411 omnihus
2224 1380 2262 1417 ό
2273 1381 2407 1422 singulis,

1344 1416 1406 1445 dum
1408 1415 1449 1456 fic
1459 1439 1468 1454 ,
1486 1425 1517 1446 ut
1529 1421 1724 1456 premittitur,
1743 1426 1885 1456 agerentur
1896 1417 1934 1453 ὦ·
1944 1418 2048 1460 fierent
2058 1442 2068 1457 ,
2084 1418 2141 1449 und
2156 1431 2213 1449 cum
2225 1424 2407 1459 prenomina-

1341 1458 1376 1484 tis
1393 1454 1525 1494 Testibus,
1538 1456 1654 1495 presens
1665 1456 1729 1497 fui,
1747 1468 1830 1498 eaque
1841 1458 1880 1497 fic
1891 1456 1958 1498 fieri
1973 1457 2034 1487 vidi
2052 1457 2090 1493 ό
2107 1459 2223 1496 audivi,-
2251 1458 2317 1489 Ide&
2331 1466 2404 1498 pre-

1333 1493 1397 1532 sens
1410 1493 1545 1531 publicum
1562 1494 1788 1533 Instrumentum,
1815 1504 1862 1533 per
1879 1495 1963 1525 alium
1975 1495 2100 1537 fideliter
2110 1495 2168 1536 firi
2184 1505 2258 1535 tum,
2286 1498 2319 1527 de
2337 1497 2405 1528 di&

1340 1534 1449 1563 Fratris
1475 1532 1625 1564 willielmi
1647 1534 1762 1564 Arnaldi
1792 1534 1929 1564 Mandata
1942 1557 1952 1572 ,
1978 1535 2075 1564 exinde
2100 1505 2197 1575 consiti
2212 1560 2221 1573 ,
2237 1535 2377 1575 publicavi
2394 1559 2405 1575 ,

1341 1573 1467 1610 Signoque
1484 1569 1521 1605 ὠ
1542 1574 1658 1602 Nomine
1676 1577 1740 1602 meis
1751 1572 1842 1612 Jblitis
1860 1596 1869 1611 ,
1895 1573 1950 1603 und
1968 1584 2025 1602 cum
2046 1574 2211 1614 Appenfione
2227 1572 2314 1612 Sigilli
2327 1573 2404 1615 ipftm

1341 1611 1449 1638 Fratris
1468 1609 1620 1641 Willielmi
1637 1634 1646 1649 ,
1666 1611 1779 1652 signavi
1796 1614 1914 1650 Rogatus
1929 1635 1939 1652 ,
1963 1615 1998 1642 ln
2014 1612 2106 1642 Fidem
2125 1616 2238 1643 omnium
2254 1611 2404 1653 Praemiffo-

1340 1658 1407 1678 rum.

1435 1771 1589 1816 potestates
1612 1772 1656 1806 ad
1676 1772 1884 1807 TraHandum
1897 1800 1906 1816 ‚
1931 1786 2000 1806 cum
2025 1777 2111 1807 Duce
2136 1773 2321 1822 Burgundiie.

1342 1860 1461 1918 REX
1475 1863 1629 1911 omnibus,
1648 1863 1682 1894 ad
1702 1873 1790 1902 quos,
1808 1864 1869 1894 ὅτε.
1888 1862 2020 1894 Salutem.

1437 1902 1536 1931 beiatis
1553 1902 1633 1939 quod
1651 1902 1733 1939 Nos,

1339 2061 1399 2092 tes,

1336 2131 1455 2163 sentium
1475 2155 1484 2171 ,
1512 2133 1692 2174 Affignamus
1708 2157 1717 2173 ,
1741 2133 1919 2171 Deputamus
1936 2157 1945 2170 ,
1963 2134 1996 2164 ὃ(
2020 2134 2195 2164 Ordinamus
2217 2133 2289 2172 ipsos
2310 2134 2401 2173 Tres,

1338 2179 1385 2200 aut
1409 2171 1494 2202 Duos
1516 2182 1618 2203 eorum
1639 2176 1775 2211 (quorum
1796 2182 1884 2202 urium
1907 2172 2054 2209 praefatum
2074 2172 2240 2209 magistrum
2254 2176 2401 2203 Hernicum

1335 2211 1419 2279 Zia&
1433 2221 1522 2241 unum
1538 2212 1594 2242 esse
1606 2212 1750 2249 volumus)
1768 2210 1879 2241 nostros
1904 2210 2141 2249 Ambaffiatores,
2158 2211 2397 2251 Cominus-irim,

1424 2259 1543 2287 uncios,
2386 2286 2389 2288 ,

1371 2286 1418 2318 Ad
1441 2287 1701 2326 conveniendum,
1725 2287 1942 2326 Traetandum,
1969 2289 2003 2320 &
2025 2287 2312 2319 Communicandum
2331 2298 2399 2320 cum

1333 2325 1601 2365 Ambaffiatoribus,
1621 2327 1757 2365 Nunciis,
1782 2326 1838 2357 sive
1857 2325 2079 2364 Commissariis,
2105 2326 2216 2357 illustris
2243 2327 2399 2365 Principis,

1334 2363 1460 2395 Domini
1482 2367 1564 2396 Ducir
1587 2366 1750 2404 Burgundiae
1771 2365 1808 2395 de
1830 2367 1863 2396 &
1885 2366 1963 2402 super
1985 2365 2105 2404 Treugis
2126 2365 2181 2397 sive
2212 2365 2396 2396 Abstinentiis

1333 2401 1527 2441 Guerrarum,
1548 2415 1619 2435 inter
1634 2405 1701 2435 Nos
1714 2406 1746 2436 &
1764 2404 1853 2441 ipsum
1870 2403 1987 2434 Ducem
2002 2414 2090 2442 nuper
2115 2405 2187 2434 initis
2210 2404 2244 2434 &
2266 2403 2398 2442 firmatis,

1332 2441 1424 2472 adhuc
1443 2443 1647 2482 pendentibus,

1378 2480 1484 2512 Dantcs
1509 2483 1541 2513 &
1569 2480 1758 2513 concedentes
1789 2480 1892 2511 eisdem
1917 2479 2120 2510 Commiffiiriis
2144 2478 2245 2509 nostris
2271 2478 2398 2510 Potesta-

1331 2527 1406 2557 tem‚
1426 2519 1652 2559 Austoritatem,
1670 2521 1704 2551 &
1728 2519 1915 2556 Mandatum,
1935 2529 1987 2556 pro
2002 2518 2118 2554 Nobis,
2136 2518 2170 2548 &
2182 2517 2317 2547 Nomine
2340 2528 2394 2548 no-

1332 2556 1407 2594 stro,
1427 2558 1491 2594 ipfiis
1506 2559 1637 2595 Treugas
1655 2560 1710 2589 sive
1724 2557 1898 2587 Guerrarum
1916 2556 2104 2587 Abstinentias
2117 2555 2149 2593 (si
2164 2565 2236 2593 opus
2253 2555 2339 2586 fuerit
2359 2556 2393 2587 δε

1331 2597 1370 2625 eis
1382 2597 1512 2632 expedire
1527 2597 1680 2633 videbitur)
1701 2595 1889 2632 Declarandi,
1907 2593 2126 2632 Interpretandi,
2144 2594 2177 2626 &
2191 2594 2225 2624 ad
2246 2603 2394 2632 quaecum-

1327 2642 1384 2671 que
1400 2635 1502 2665 Terras
1518 2636 1551 2666 δε
1570 2634 1709 2665 Dominia
1725 2634 1794 2664 dieti
1811 2636 1894 2663 Ducis
1909 2632 2105 2670 Extendendi,

1330 2671 1399 2739 Agidt
1424 2673 1461 2741 adi·
1481 2673 1590 2703 easdem
1613 2673 1740 2712 Treugas
1761 2672 1818 2703 sive
1839 2670 2028 2703 Abstinentias
2047 2669 2190 2702 Clausulas
2211 2670 2391 2711 quascunque

1399 2720 1432 2740 en
1455 2721 1462 2740 i

1368 2734 1571 2780 Novas’etiam
1586 2749 1715 2789 Treugas
1730 2748 1786 2780 sive
1810 2747 2000 2779 Abstinentias
2020 2746 2194 2779 Guerrarum
2214 2757 2282 2778 cum
2308 2747 2389 2779 disto

1326 2784 1432 2855 Ducg,
1459 2787 1608 2826 Nunciis,
1638 2788 1693 2819 five
1718 2786 1926 2818 Commiffariis
1950 2786 2095 2827 ejusdem,
2111 2786 2252 2826 Capiendi
2274 2786 2307 2817 &
2325 2786 2387 2818 Fir-

1326 2833 1391 2854 man
1414 2836 1421 2855 i

1363 2863 1397 2893 N
1399 2849 1493 2894 echon
1508 2864 1541 2894 ad
1556 2864 1728 2895 Faciendum
1742 2864 1837 2894 omnia
1852 2865 1885 2895 ὃ(
1901 2863 2022 2903 singula,
2037 2871 2102 2901 quae
2119 2864 2147 2893 in
2164 2861 2314 2893 Praemiffis
2339 2862 2386 2894 seu

1323 2910 1423 2932 eorum
1439 2903 1532 2941 aliquo
1546 2903 1695 2934 necessaria
1709 2903 1810 2933 fuerint
1825 2902 1869 2932 scu
1888 2902 2106 2940 quomodolibet
2122 2909 2262 2938 oportuna
2272 2925 2281 2939 ,
2297 2902 2384 2933 etiam

1323 2940 1342 2969 fi
1360 2941 1521 2971 mandatum
1535 2944 1646 2981 exigant
1664 2952 1707 2972 ma
1727 2942 1752 2972 is
1769 2941 1884 2977 speciale
1899 2941 1985 2978 quam
2001 2938 2114 2977 aliquod
2125 2938 2362 2977 Praemifforum;

1359 2978 1395 3009 Et
1408 2981 1597 3018 promittimus
1611 2980 1697 3017 Nos,
1754 2979 1789 3010 na
1803 2978 1872 3016 fide,
1888 2980 1922 3010 &
1943 2979 1972 3008 in
1991 2978 2082 3009 verbo
2103 2979 2199 3015 regio,
2218 2976 2326 3008 Rarum
2347 2979 2382 3010 &

1322 3016 1443 3048 Gratum
1459 3021 1596 3056 perpetuo
1613 3019 1756 3049 habituros
1772 3025 1866 3047 totum
1885 3017 1918 3047 &
1934 3015 2070 3054 quicquid
2085 3025 2134 3053 per
2147 3016 2165 3035 ²*
2190 3015 2262 3053 ipsos
2284 3016 2378 3055 Tres,
2418 3023 2435 3039 ⁸
2457 3024 2509 3053 lx,

1322 3064 1368 3085 aut
1391 3056 1475 3087 Duos
1496 3067 1614 3095 eorum,
1639 3057 1761 3092 Aeium,
1789 3054 1927 3090 Gesturn,
1953 3054 2010 3085 five
2028 3053 2217 3085 Procuratum
2239 3054 2324 3086 fuerit
2347 3055 2377 3086 in
2391 3069 2458 3096 450.

1322 3093 1488 3134 Praemiffis,
1507 3096 1552 3126 vel
1570 3096 1664 3134 aliquo
1677 3093 1902 3125 Praemifforum.

1358 3133 1595 3202 gactuffisfflslieio
1611 3173 1688 3209 Regis
1703 3168 1925 3210 Wstmonasterii
1943 3169 2017 3200 xxiv.
2036 3168 2081 3200 die
2100 3169 2214 3208 Aprilis.

1998 3256 2052 3284 Per
2064 3252 2147 3294 ipsum
2161 3255 2266 3291 Regem.
2294 3232 2299 3236 μ

1587 3397 1636 3429 De
1658 3393 1847 3438 Restitutione
1869 3392 2102 3440 Temporalium.

1317 3489 1436 3545 REX
1450 3512 1459 3527 ,
1484 3488 1627 3519 Escaetori
1649 3488 1698 3519 suo
1719 3490 1748 3518 iri
1771 3486 1920 3518 Comitatu
1945 3482 2125 3517 Herefordiae
2142 3504 2153 3521 ‚
2178 3491 2212 3513 ac
2234 3481 2371 3514 Marchii‘s
2386 3474 2520 3554 Αῐῐῖἡῧ-

1352 3564 1448 3603 Cum,
1467 3565 1643 3596 Venerabilis
1655 3565 1738 3596 Pater
1755 3567 1888 3594 Henricus
1910 3558 2130 3598 Archiepifiopus
2148 3559 2348 3599 Cantuariensi's
2358 3583 2369 3599 ,
2383 3556 2437 3582 ‘17¹-
2454 3564 2483 3590 5·

1310 3606 1396 3635 totius
1411 3605 1523 3641 Angliae
1540 3604 1659 3641 Primas,
1679 3603 1875 3639 Eiet‘ttionem,
1892 3610 1980 3637 nuper
1991 3598 2097 3628 faetam
2110 3598 2140 3627 in
2156 3597 2369 3668 Ecclefiagalt-:lreg
2383 3594 2479 3666 liz-52.

1311 3681 1342 3710 T
1343 3682 1482 3720 heologiae
1505 3679 1666 3710 Profess'ore
1690 3681 1719 3709 in
1740 3678 1915 3716 Episcopum
1936 3675 1992 3705 loci
2008 3673 2079 3703 illius
2093 3674 2151 3709 (cui
2167 3683 2241 3711 prius
2255 3676 2364 3719 regium
2381 3672 2417 3695 H.
2432 3676 2460 3703 5-
2476 3678 2512 3698 Μ,

1395 3527 1509 3558 Walliae
1524 3529 1616 3558 eidem
1632 3526 1791 3558 Comitatui
1805 3525 2009 3564 adjacentibus,
2028 3521 2162 3552 Salutem.

1310 3642 1479 3680 refordensi,
1497 3643 1533 3672 de
1554 3641 1713 3673 Venerabili
1734 3642 1814 3676 viro,
1831 3638 1968 3677 Magistro
1988 3635 2131 3665 Edmundo
2152 3637 2245 3679 Lafy,

1311 3719 1460 3749 Affensum
1476 3719 1652 3749 adhiouimus
1667 3720 1700 3750 &
1715 3716 1854 3750 favorem)
1869 3713 2091 3754 confirmaverit,
2109 3712 2179 3743 sicut
2191 3721 2241 3750 per
2261 3712 2368 3745 Literas
2382 3715 2425 3743 ²7·

1309 3756 1439 3787 Patentes
1459 3757 1539 3794 ipsius
1565 3756 1762 3795 Archiepisbopi
1775 3777 1784 3792 ‚
1816 3752 1914 3784 Nobis
1937 3751 2001 3782 inde
2021 3749 2157 3788 direii’tas,
2186 3752 2270 3782 nobis
2295 3761 2369 3783 con-

1309 3794 1413 3862 ΠκιΙτκῗοε
1432 3832 1707 3870 (Confirmationem
1728 3831 1802 3861 illam
1823 3827 2008 3871 acceptantes)
2035 3827 2165 3864 cepimus
2189 3826 2370 3859 Fidelitatem

1306 3874 1313 3902 i
1337 3872 1387 3914 lius
1399 3870 1491 3914 Eleeti
1500 3893 1509 3908 ,
1524 3871 1557 3901 &
1569 3869 1751 3909 Temporalia
1763 3866 1885 3906 ejusdem
1899 3864 2100 3903 Episcopatus,
2112 3874 2197 3903 prout
2215 3867 2301 3897 moris
2314 3865 2366 3905 est,

1339 3909 1716 3985 {siwidvegtiibeilcxlssaecipimus
1734 3942 1814 3983 quod
1836 3941 1932 3973 eidem
1952 3941 2055 3973 Eieeto
2077 3941 2244 3982 temporalia
2269 3942 2371 4011 131ῗόὓί-

2358 4002 2369 4018 ²

2421 1864 2496 1897 Ann.
2511 1866 2553 1899 D.

1375 1937 1424 1969 De
1439 1939 1587 1977 fidelitate,
1605 1940 1788 1977 discretione,
1804 1940 1837 1970 &
1849 1939 1998 1978 industria,
2017 1940 2199 1971 Dileelorum
2215 1941 2248 1972 ὅ(
2266 1940 2403 1972 Fideliiim
2423 1915 2529 1982 Διημὲ.

1338 1976 1502 2007 nostrorum
1514 2002 1523 2016 ,
1544 1977 1674 2009 Magistri
1687 1982 1798 2009 Henrici
1815 1980 1896 2008 Wure
1913 1978 2048 2009 Custodis
2066 1979 2168 2009 Privati
2185 1980 2274 2019 sigilli
2296 1979 2403 2019 nostri,
2424 1987 2457 2010 H.
2479 1993 2508 2019 5.

1339 2018 1381 2045 W
1381 2015 1482 2046 illielmi
1501 2016 1632 2057 Bardoffe
1648 2040 1658 2056 ,
1681 2019 1714 2049 &
1733 2016 1870 2056 Raa'ulphi'
1889 2015 2055 2057 Rocheford,
2083 2017 2234 2057 Militum,
2257 2018 2404 2050 confiden-
2422 2026 2510 2051 Franc.
2522 2028 2553 2060 54

1375 2093 1604 2133 Affignavimus,
1624 2094 1850 2133 Deputavimus,
1863 2095 1896 2125 &
1915 2094 2137 2132 ordinavimus,
2152 2095 2185 2126 &
2200 2095 2317 2126 Tenore
2325 2095 2404 2126 Prae-
2422 2065 2460 2127 Ιηῖ.
2472 2070 2493 2127 ἶ
2493 2109 2502 2128 ι
2510 2120 2516 2126 .
