2562 4274
6 302 87 335 Ann.
99 299 142 332 D.

30 348 115 380 1404.

5 383 71 407 Hen-
87 389 117 414 4.

7 855 84 889 Ann.
94 856 135 888 D.

30 905 116 935 1404..

5 938 48 963 An
54 957 60 963 .
79 944 107 970 5.

6 978 40 1000 H.
59 982 88 1007 4.

20 1010 88 1040 ibid.

4 1337 80 1368 Ann.
95 1335 136 1366 D.

31 1383 115 1412 1404.

3 1416 58 1442 An.
72 1423 99 1449 5.

4 1477 45 1517 1³}
58 1475 117 1518 Ᾱκ-

4 1535 69 1564 togr.

11 2463 31 2484 ⁸
56 2464 142 2492 VIII.

44 2504 109 2540 360.

24 3239 102 3270 Ann.
113 3235 155 3266 D.

52 3284 139 3316 1404.

728 209 840 250 ET
925 209 1191 251 ACTA

155 291 355 330 emendentur,
373 291 451 323 &in
467 291 616 323 meliorem
631 291 785 332 Formam,
803 294 823 324 fi
845 294 1020 333 indiguerit,
1039 294 1213 332 redigantur,

154 330 206 368 ad,
225 333 313 369 iuitta,
331 332 364 361 &
379 330 532 361 secundum
546 329 681 362 effectum
697 331 885 369 supradidkum

193 369 231 400 Et
244 368 322 411 quod
338 369 347 398 i
370 368 405 407 si,
424 369 457 399 &
473 378 576 412 eorum
592 369 724 413 quilibet,
744 370 853 401 Literas
874 356 1055 414 Efxecutorias
1071 372 1104 403 &
1124 370 1213 400 Man-

154 407 233 444 data,
251 408 298 450 iub
351 416 424 449 agno
440 408 474 438 &
488 407 601 438 Privato
616 407 720 444 Sigillis
740 408 854 447 nostris,
874 420 939 447 quae
955 409 1006 439 sibi
1019 419 1048 439 in
1068 410 1120 440 hac
1138 418 1212 447 parte

153 445 299 476 necessaria
312 445 431 483 fuerint,
448 445 484 475 de
500 446 672 476 avisamento
685 445 810 477 Concilii
825 448 929 486 nostri,
947 447 1046 486 absque
1061 447 1213 479 difficulta-

154 492 181 515 te
191 492 390 552 Iquagumque,
409 483 528 515 babeant
541 483 577 514 de
589 492 720 522 tempore
737 485 767 515 in
782 494 901 524 tempus.
915 520 919 521 ⁷

206 531 225 550 n
262 531 280 550 u
293 531 322 551 us

224 558 271 589 Te
297 569 313 590 e
329 521 419 599 Rgss·
431 559 505 598 apud
520 558 798 602 Wstmonasterium,
814 562 931 594 decimo
950 564 1034 594 tertio
1051 561 1097 593 die
1114 561 1197 593 Maii.

683 639 737 668 Per
753 637 835 678 ipsum
853 642 948 679 Regem
967 639 1006 676 ὠ·
1025 638 1177 670 ConciIium.

264 761 430 805 Confimiles
445 763 550 794 Literae
565 772 621 808 pro
640 762 867 797 Mercatoribus
880 764 917 798 de
934 764 1097 798 Florentia.

159 845 244 900 RE
255 844 470 916 {giginiigidffi
491 846 526 878 ad
543 857 630 887 quos,
652 849 715 880 &c.
733 847 869 879 Salutem.

190 920 273 953 Cum
282 946 291 962 ,
310 895 409 955 &legii
422 907 522 962 nobis,
539 926 616 954 Nero
630 924 775 964 Johannes
797 925 929 961 γὶέῖονίς,
944 921 1097 962 Francifius
1109 926 1213 954 Turno-

152 960 226 999 bom,
243 964 400 992 Dominicus
414 962 538 1000 Cachun,
555 963 702 1001 Johannes
715 962 857 991 Rolandun
871 984 881 1000 ,
900 963 933 993 &
953 961 1088 1001 Philippus
1109 963 1139 992 d:
1149 961 1209 991 Al-

155 999 257 1038 hertis,
279 1000 452 1032 Mercatores
473 1002 509 1032 de
531 1001 692 1038 Florentia,
717 1010 752 1030 ac
774 1010 875 1031 eorum
898 1001 980 1030 Socii
1001 1001 1034 1030 &
1057 1002 1215 1039 Attornati,

157 1038 337 1106 fflaegenms
358 1039 472 1071 Marcas
493 1049 546 1078 pto
558 1039 735 1077 expeditione
751 1059 761 1076 ,
785 1037 845 1073 &a
866 1039 1007 1078 utsupra,
1021 1043 1134 1071 mutatis
1155 1049 1215 1069 mu-

195 1115 284 1147 Teste
302 1123 331 1147 ut
344 1115 434 1154 supra.

327 1254 388 1285 Pro
403 1251 480 1284 Filio
503 1254 598 1285 Ducis
614 1251 770 1293 Albania,
798 1250 835 1285 de
855 1249 1062 1298 Replegiando.

155 1334 345 1392 Robertus,
363 1336 422 1368 Dei
441 1337 545 1377 gratia,
563 1338 623 1366 Rex
638 1339 786 1366 Scottorum
806 1335 971 1375 Universis,
994 1334 1138 1374 praesentes
1154 1335 1216 1367 Lit-

227 1385 296 1406 teras
308 1375 469 1413 inspecturis
478 1398 488 1413 ,
505 1375 631 1406 Salutem
645 1375 674 1404 in
688 1374 830 1405 Domino.

195 1414 325 1445 Noverit
345 1413 516 1445 Universitas
530 1413 622 1444 vestra
637 1413 716 1451 quod
730 1413 800 1444 Nos

192 1453 237 1483 Ad
250 1453 364 1494 plenum
377 1451 551 1482 confidentes
564 1451 599 1481 de
615 1451 758 1482 Fidelitate
767 1474 776 1489 ,
795 1436 1063 1489 Circumspectione
1072 1473 1082 1489 ,
1099 1449 1216 1481 Discre-

155 1491 252 1530 tione,
266 1492 300 1523 &
316 1489 484 1528 Prudentia,
501 1489 684 1520 Dileetorum
702 1490 735 1521 &
752 1490 891 1520 Fidelium
904 1489 1066 1520 nostrorum
1075 1488 1214 1520 Consilia-

154 1530 280 1568 riorum,
299 1528 491 1559 Discretorum
506 1527 657 1567 Virorum,
675 1529 778 1558 David
788 1527 913 1570 Flemyng
934 1527 1146 1567 Consanguinei
1159 1538 1216 1559 no-

155 1567 204 1598 stri
239 1568 272 1599 &
288 1566 429 1598 Wllielmi
442 1568 475 1596 de
490 1566 655 1605 Murehede,
675 1566 822 1605 Militum,

192 1590 418 1644 Constituimus,
435 1605 659 1644 Deputavimus,
675 1605 938 1644 &Oi-dinavimus‚
954 1604 1215 1644 Facimus,Depu-

154 1652 263 1683 tamus,
280 1645 315 1677 &
330 1644 506 1676 ordinamus
525 1645 621 1682 pariter
643 1653 691 1682 per
711 1644 880 1682 Praesentes,
897 1653 930 1674 ex
953 1643 1030 1674 certa
1045 1643 1158 1674 scientia
1180 1645 1214 1675 &

153 1682 308 1715 deliberato
321 1682 469 1721 Consili0,
484 1683 556 1720 ipsos
569 1682 615 1713 seu
631 1682 757 1720 ipsorum
771 1692 877 1721 unum,
894 1681 1004 1713 nostros
1019 1692 1101 1712 veros
1113 1683 1146 1713 &
1155 1683 1215 1720 spe-

154 1722 236 1753 ciales
251 1721 405 1760 Nuncios,
421 1721 699 1759 Commiffarios,&
715 1721 891 1759 Deputatos,
907 1721 952 1752 seu
967 1720 1097 1751 nostrum
1112 1721 1215 1762 specia-

156 1761 212 1792 lem
229 1760 401 1798 Nuncium,
419 1759 676 1797 Commiffarium,
692 1769 726 1790 ac
741 1759 915 1797 Deputatum
925 1782 934 1797 ,

193 1797 301 1830 Dantes
316 1800 350 1831 &
366 1798 566 1830 Concedentes
581 1798 686 1829 eisdem
724 1798 821 1829 David
843 1799 876 1830 &
892 1797 1074 1836 Willielmo,
1098 1797 1144 1828 seu
1163 1807 1214 1828 eo-

155 1847 222 1868 rum
236 1838 328 1876 alteri,
346 1837 472 1868 nostram
486 1837 599 1877 plenam
614 1821 789 1868 Potei’tatem
805 1838 839 1868 &
856 1837 974 1875 speciale
992 1836 1162 1868 Mandatum
1179 1836 1215 1866 ad

155 1875 386 1943 Plraeientandum
406 1876 433 1907 se
455 1885 553 1908 coram
568 1875 711 1914 praesentia
732 1877 847 1906 Henrici
867 1874 1037 1915 Adverfizrii
1050 1874 1133 1915 nostri
1147 1879 1215 1905 An-

153 1925 173 1953 8
186 1926 217 1944 'ae
224 1937 233 1952 ν

194 1953 326 1984 Necnon
339 1953 375 1984 ad
387 1953 585 1985 Tradiandum
602 1954 634 1985 &
651 1952 896 1985 Concordandum
912 1962 980 1984 curn
988 1951 1092 1984 eodem
1107 1952 1217 1984 Adver-

154 1991 226 2023 sario
239 1991 353 2031 nostr0,
367 1991 414 2022 seu
429 2002 598 2031 quocunque
614 1993 689 2030 alio,
707 2001 754 2023 aut
767 1992 979 2031 quibuscunque
1000 1991 1078 2029 aliis,
1096 1993 1131 2021 ab
1152 1991 1215 2059 ifiso

155 2030 191 2061 ad
207 2030 265 2061 hoc
279 2029 466 2061 sufficientem
482 2030 652 2061 Potestatem
669 2031 789 2061 habente
804 2030 850 2060 seu
866 2030 1045 2068 habentibus,
1066 2029 1143 2069 supet
1187 2039 1216 2060 e-

156 2068 343 2107 demptione,
363 2068 543 2099 Liberatione
580 2069 627 2099 vel
641 2069 857 2109 Replegiatione
876 2068 910 2099 ad
925 2077 1038 2108 tempus
1052 2090 1062 2106 ,
1088 2068 1215 2106 Nepotis

157 2106 247 2137 nostri
261 2108 405 2137 Murdraci
419 2091 562 2146 Senescalsi
570 2130 579 2145 ,
598 2107 659 2138 Filii
673 2107 773 2138 Fratris
785 2107 873 2137 nostri
880 2106 1014 2138 carissimi
1027 2109 1111 2137 Ducis
1120 2106 1215 2136 Alba-

155 2149 225 2184 niae,
242 2155 356 2176 necnon
368 2147 402 2178 &
419 2145 603 2184 Archebaldi,
620 2149 729 2176 Comitis
741 2147 773 2176 de
787 2144 927 2184 Douglas,
945 2145 1008 2175 Filii
1022 2144 1108 2175 nostri
1124 2169 1134 2182 ,
1152 2144 1215 2175 Pri-

155 2183 331 2215 sonariorum
347 2195 362 2215 a
383 2183 420 2215 ud
435 2184 558 2215 eundem
571 2184 768 2216 Adversarium
781 2183 910 2215 nostrum
925 2183 1106 2214 detentorum
1116 2207 1126 2223 ,

194 2222 231 2253 Et
245 2223 327 2253 etiam
342 2233 358 2254 a
392 2221 632 2254 Conveniendum
665 2222 882 2261 Traditandum,
902 2224 936 2254 &
950 2222 1215 2260 Concordandum,

157 2259 293 2291 Nomine
306 2261 405 2292 nostro
422 2262 456 2292 &
474 2261 570 2298 Regni
585 2246 650 2293 nost,

157 2298 322 2337 buscunque
338 2299 503 2338 DeputatiS,
520 2309 566 2331 aut
581 2300 789 2331 Commiffariis
801 2300 867 2338 suis,
886 2310 944 2330 uno
952 2300 997 2330 vel
1009 2299 1215 2338 pluribus,suf-

157 2336 303 2367 ficientem
316 2336 491 2369 Potestatem
508 2338 623 2369 habenti
634 2339 680 2369 vel
695 2339 860 2369 habentibus
872 2339 908 2368 ab
924 2338 1042 2376 eodem,
1062 2339 1140 2376 super
1161 2340 1215 2369 bo-

158 2374 214 2413 na,
231 2375 317 2413 vera,
335 2376 369 2407 &
382 2375 456 2406 finali
473 2375 563 2415 Pace,
580 2377 708 2407 habenda
722 2387 776 2415 pro
795 2387 843 2415 per
864 2385 930 2406 etuo
949 2378 1020 2407 inter
1035 2377 1104 2407 Nos
1120 2400 1130 2416 ,
1155 2376 1216 2407 Re-

158 2422 250 2453 gnum
263 2413 408 2452 nostrum,
425 2414 459 2445 &
475 2414 608 2446 Subditos
629 2415 738 2446 nostros
752 2438 762 2453 ,
785 2425 819 2446 ac
884 2415 1074 2453 nfoederatos,
1092 2425 1126 2445 ex
1142 2424 1217 2453 parte

160 2452 235 2491 une,
252 2453 286 2484 &
301 2451 411 2483 dictum
431 2456 446 2470 ¹‘
469 2452 662 2484 Adversarium
677 2453 803 2484 nostrum
818 2453 951 2492 Angliae,
970 2453 1105 2492 Regnum
1120 2453 1217 2491 suum,

162 2491 296 2522 Subditos
309 2490 388 2528 suOS,
407 2492 442 2523 δε
458 2490 696 2530 confoederatos,
714 2502 748 2522 ex
761 2501 839 2530 parte
851 2492 951 2529 altera,

199 2529 253 2560 Vel
269 2529 389 2568 Treugis
407 2529 594 2560 Generalibus
607 2538 653 2561 aut
666 2530 878 2562 particularibus
891 2528 1033 2567 capiendis
1054 2540 1087 2560 ac
1105 2529 1219 2560 firman-

160 2567 221 2606 dis,
239 2568 296 2598 tam
312 2577 360 2605 per
374 2566 514 2605 Terram,
532 2570 617 2605 quarn
633 2578 682 2607 per
698 2567 780 2598 Mare
794 2591 804 2606 ,
825 2576 904 2599 certo
926 2576 1070 2607 ternpore,
1089 2570 1160 2599 inter
1175 2570 1220 2606 ip-

161 2607 205 2638 sos
218 2605 442 2644 concordando,
459 2605 575 2636 fideliter
593 2605 727 2636 duraturis

199 2644 330 2675 Necnon
343 2644 377 2675 ad
392 2644 491 2675 omnia
503 2645 554 2675 alia
568 2645 602 2675 &
618 2644 719 2684 singula
734 2629 932 2675 ²[herandum
947 2667 956 2682 ,
980 2644 1171 2683 Faciendum,
1187 2645 1221 2676 &

161 2682 407 2714 Concordandum
416 2692 498 2720 ,quae
514 2684 589 2714 circa
603 2682 813 2720 Praemiffi,seu
823 2682 969 2721 quodlibet
984 2681 1202 2713 Praemifforurn
1211 2706 1221 2722 ,

160 2730 208 2752 aut
223 2731 324 2752 eorum
338 2720 560 2759 Expeditionem
576 2744 586 2760 ,
608 2721 757 2752 neceffaria
780 2722 880 2752 fuerint
901 2720 945 2752 seu
962 2722 1047 2751 etiam
1064 2731 1220 2760 oportuna,

162 2760 268 2791 etiamsi
284 2759 455 2790 Mandatum
472 2761 582 2799 exigant
596 2759 711 2798 speciale
720 2782 730 2797 ,

200 2797 305 2828 Rarum
315 2819 325 2836 ,
338 2798 462 2829 Gratum
472 2821 481 2836 ,
499 2799 532 2829 ὃς
549 2799 679 2830 Firmum
695 2798 812 2829 habituri
826 2797 960 2837 quicquid
978 2797 1048 2828 dieti
1071 2797 1224 2828 Commis-

162 2836 222 2868 sarii
237 2836 341 2875 nostri,
359 2836 406 2866 seu
420 2835 544 2874 ipsorum
558 2847 643 2875 unus,
662 2837 797 2869 Nomine
809 2836 1066 2875 nostt0‚fecerint,
1085 2837 1131 2868 seu
1146 2837 1223 2868 fece-

165 2876 200 2906 rit
211 2876 241 2905 in
257 2874 424 2912 Praemiffis,
441 2882 488 2905 aut
501 2875 593 2913 aliquo
608 2875 832 2906 Praemifforum.

203 2912 270 2944 Dat.
289 2913 340 2944 sub
351 2913 534 2944 Testimonio
548 2913 636 2943 nostri
650 2913 755 2950 Magni
770 2912 881 2950 Sigilli,
897 2912 970 2950 apud
985 2912 1106 2952 Litheu,
1124 2914 1225 2945 vicefi-

167 2960 218 2982 mo
233 2952 316 2983 tertio
333 2951 379 2983 die
395 2951 486 2990 Maii,
502 2951 589 2982 Anno
605 2951 699 2992 Regni
713 2950 802 2982 nostri
817 2951 1059 2990 Qiintodecimo.

913 3027 1004 3067 Sigillo
1021 3028 1124 3068 avulso.

235 3158 294 3189 Pro
315 3155 540 3190 Mercatoribus
556 3157 671 3204 Angliae
687 3154 722 3189 de
741 3152 996 3189 Gubernatoribus
1011 3154 1158 3202 eligendis.

176 3239 301 3295 REX
320 3240 483 3279 Omnibus,
500 3240 534 3272 ad
550 3252 634 3280 quos,
650 3243 711 3274 &a
732 3240 866 3272 Salutem.

274 3279 441 3310 SCIATIS
465 3287 597 3317 Quot),

212 3318 311 3355 Ci‘im,
329 3326 359 3347 ut
370 3319 548 3356 accepimus,
566 3319 606 3348 ob
627 3317 773 3348 defectum
788 3317 860 3348 boni
881 3317 916 3348 &
938 3317 994 3348 sani
1011 3316 1177 3354 Regiminis
1193 3318 1227 3349 &

176 3356 413 3393 Gubernationis,
430 3355 532 3385 diversa
548 3355 679 3393 Dampna
693 3378 703 3393 ,
718 3355 917 3400 'Dissensiones
931 3378 942 3394 ,
967 3355 1142 3386 Gravamina
1194 3357 1227 3386 ὃς

115 3412 124 3420 ·
177 3395 341 3434 Angustiae‚
352 3394 421 3424 inter
440 3391 615 3424 Mercatores
629 3393 726 3430 Regni
741 3393 828 3424 nostri
841 3392 973 3431 Angliae,
990 3395 1019 3424 in
1029 3394 1150 3432 partibus
1183 3405 1230 3424 ru-

121 3447 128 3455 ·
158 3448 166 3456 ·
178 3436 232 3466 ciae
242 3458 252 3474 ,
266 3436 300 3466 &
315 3433 349 3464 de
362 3433 475 3469 Scone,
492 3441 526 3462 ac
541 3431 570 3460 in
588 3431 646 3462 aliis
661 3431 785 3463 Partibus
799 3431 835 3462 de
848 3431 938 3462 Hansa
945 3441 1171 3470 commorante5‚
1180 3432 1230 3462 fie—

118 3488 126 3496 ·
180 3474 241 3512 pitis
261 3481 326 3503 ante
345 3473 409 3502 haec
432 3479 559 3508 tempora
579 3477 656 3499 mota
677 3468 791 3500 fuiffent
809 3470 842 3500 ὃς
867 3478 1022 3507 perpetrata
1036 3493 1046 3509 ,
1067 3480 1100 3502 ac
1124 3471 1230 3509 majora

177 3511 278 3543 exinde
296 3509 386 3550 (quod
400 3509 478 3544 absit)
499 3508 593 3538 futuris
607 3507 778 3544 temporibus
797 3508 980 3539 verisimiliter
995 3510 1105 3540 evenire
1126 3509 1228 3539 formi-

176 3550 295 3588 dantur,
311 3549 362 3588 nisi
383 3558 436 3586 pto
458 3546 567 3578 meliori
589 3544 804 3576 Gubernatione
823 3546 896 3576 inter
921 3546 1036 3579 eosdem
1055 3547 1230 3579 Mercatores

177 3590 281 3620 mutuo
299 3586 427 3619 habenda
441 3584 546 3617 Manus
561 3583 664 3615 nostras
681 3582 838 3622 Adjutrices
852 3584 967 3616 celeriiis
980 3596 1154 3624 apponamus
1163 3608 1173 3625 ,

215 3627 284 3657 Nos

211 3649 353 3703 Dam’pnis
367 3664 400 3695 ὃς
416 3661 548 3694 Periculis
563 3662 591 3691 in
607 3661 659 3691 hac
678 3667 752 3698 parte
768 3661 981 3693 imminentibus
1022 3671 1177 3700 raecavere,
1194 3662 1228 3693 &

176 3703 291 3734 eosdem
308 3701 480 3733 Mercatores
496 3723 503 3732 ‚
530 3701 563 3731 &
580 3700 648 3730 alios
669 3699 703 3728 de
725 3698 805 3728 dieto
826 3698 933 3737 Regno
955 3710 994 3730 no
1019 3711 1068 3737 ro,
1093 3701 1127 3730 ad
1141 3710 1228 3738 partes

174 3741 327 3809 praeffiinstos
346 3750 479 3772 venturos
492 3763 502 3778 ,
523 3737 596 3777 juste
618 3738 650 3769 &
669 3736 789 3780 fideliter·
809 3739 869 3774 regi
892 3738 924 3768 &
949 3739 1107 3776 pertraitari
1126 3739 1228 3770 intime

182 3780 238 3811 defi
259 3787 363 3810 erantes
1074 3795 1076 3801 ι

216 3802 419 3856 Volumus,⁷&
456 3817 574 3847 Tenore
589 3814 791 3851 Praesentiutn,
811 3812 1007 3845 Concedirnus
1023 3814 1127 3845 eisdem
1147 3815 1229 3845 Mer-

177 3857 335 3894 catoribus,
355 3840 437 3893 quoti
450 3857 458 3885 i
480 3856 497 3886 ii
507 3877 516 3893 ,
534 3855 661 3893 quotiens
674 3854 706 3884 &
722 3851 836 3889 quando
849 3852 886 3881 eis
900 3851 1049 3891 placuerit,
1066 3854 1095 3883 in
1103 3853 1228 3894 quodam

177 3894 246 3924 ioco
264 3895 436 3931 competenti
496 3892 634 3930 honesto,
652 3892 699 3922 ubi
715 3890 763 3920 sibi
777 3889 910 3927 placuerit
924 3913 934 3927 ,
955 3890 981 3920 se
1001 3900 1177 3928 congregare
1195 3893 1228 3923 ὅ(

178 3933 274 3969 unire,
291 3932 325 3961 δε
338 3940 425 3963 certas
443 3932 592 3970 Personas,
609 3929 777 3961 sufficientes
791 3929 824 3959 &
839 3928 966 3965 idoneas,
985 3929 1013 3958 in
1021 3929 1230 3961 Gubernatores

179 3971 258 4007 suos,
275 3970 304 3998 in
317 3969 420 3999 eisdem
438 3970 581 4007 Partibus,
599 3970 670 3999 inter
692 3967 718 3997 se
734 3991 743 4006 ,
765 3967 799 3997 ad
817 3976 918 3998 eorum
934 3966 1062 4005 libitum,
1079 3967 1178 4008 eligere
1196 3969 1230 3999 &

178 4009 304 4046 optinere
320 4007 425 4037 valeant
439 4007 528 4038 libere
542 4009 575 4038 ὃς
591 4009 629 4037 itn
652 4007 726 4043 une,
1135 4030 1142 4039 .,

218 4045 328 4076 Dantes
346 4044 455 4075 ulterius
473 4046 507 4076 δε
522 4044 624 4076 Conce
645 4053 720 4075 entes
732 4042 889 4082 hujusmodi
904 4042 1163 4082 Gubernatoribus,
1181 4053 1231 4080 per

178 4080 518 4154 prssi'itojffieffamres
531 4084 571 4116 sic
584 4083 740 4123 eligendis,
748 4090 888 4124 ,quantum
903 4083 934 4113 in
941 4082 1022 4113 nobis
1035 4081 1094 4121 est,
1104 4081 1231 4114 Potesta-

650 2263 693 2299 ri,
712 2272 781 2292 curn
797 2261 877 2292 dieto
893 2261 1075 2298 Adversario,
1092 2261 1137 2292 seu
1153 2262 1215 2299 qui·
1262 2262 1265 2264 '

1287 210 1751 261 Pontica,
2259 223 2312 272 67

1251 302 1308 338 tem
1325 297 1357 327 &
1373 296 1582 329 Auctoritatem
1599 301 1728 337 speciales
1741 313 1842 334 omnes
1859 303 1893 335 &
1910 303 2033 341 singulos
2051 301 2225 336 Mercatores
2249 306 2308 336 Αη-

1252 333 1344 370 glicos
1358 357 1368 372 ,
1391 336 1424 364 ad
1440 345 1527 372 partes
1548 339 1690 373 praedictas
1717 341 1752 371 de
1773 351 1876 372 caetero
1898 344 2042 374 venientes
2066 344 2099 373 &
2121 343 2307 382 declinantes,

2325 307 2399 339 Ann.
2411 307 2454 339 D.

2341 355 2428 385 1404.

1251 381 1301 410 per
1319 372 1355 402 Se
1370 395 1381 410 ,
1404 374 1448 403 vel
1465 374 1632 407 sufficientes
1651 378 1733 409 Loca
1756 379 1800 410 sua
1818 389 1940 411 tenentes
1951 404 1961 419 ,
1985 381 2119 418 Regendi
2142 383 2176 413 δε
2192 381 2307 412 Gubcr-
2323 390 2384 413 Hm.
2402 395 2432 422 4.

1251 410 1352 448 nandi,

1290 448 1391 492 Ac1eis
1408 450 1442 481 &
1457 460 1558 495 eorum
1577 452 1705 494 cuilibet,
1724 455 1752 483 in
1762 457 1811 485 suis
1826 454 1919 486 Causis
1935 459 1967 489 &
1984 457 2113 496 Querelis
2125 457 2306 496 quibuscum-

1253 495 1325 524 que,
1343 496 1412 517 inter
1427 498 1477 519 eos
1492 499 1520 532 in
1537 491 1660 526 partibus
1673 493 1830 531 praedietis,
1849 497 1932 525 motis
1947 496 1990 527 vel
2008 496 2175 535 movendis,
2193 497 2306 534 plenam

1253 526 1286 555 &
1299 525 1419 555 celerem
1430 526 1569 564 Justitiam
1584 527 1722 568 faciendi,

1292 562 1327 593 Et
1344 563 1529 608 quascumque
1545 566 1741 604 Qaestiones,
1759 567 1982 609 Contentiones,
2000 572 2175 612 Discordias,
2193 575 2227 605 &
2243 574 2304 606 De-

1254 600 1345 644 batas,
1364 611 1432 632 inter
1451 604 1519 643 ipsos
1538 604 1712 635 Mercatorcs
1721 606 1861 643 Anglicos
1874 609 1906 638 ὃς
1917 608 2090 641 Mercatores
2097 612 2224 643 Partium
2233 623 2306 651 prae-

1254 638 1409 684 dictarum,
1430 650 1519 673 motas
1532 643 1576 673 vel
1592 644 1760 682 movendas,
1779 644 1968 676 Reformandi
2002 648 2304 691 Reformationemque

1257 676 1394 722 Petendi,
1414 678 1595 719 Redigencli,
1613 682 1754 720 Sedann'i,
1771 683 1804 713 δε
1820 670 2009 723 Pacificand'i,

1295 715 1331 746 Et
1349 727 1536 762 quaecumque
1552 720 1797 757 Transgreffiones
1811 743 1821 758 ,
1846 721 1998 762 Dampna,
2019 724 2231 766 Mespr'isiones,
2248 728 2308 760 Ex-

1257 754 1363 792 cess'us,
1382 755 1549 800 Violentias,
1566 758 1600 787 &
1618 757 1734 796 Injurias
1748 782 1757 798 ,
1782 760 1990 791 Mercatoribus
2010 761 2135 793 Partium
2158 768 2305 805 praedista—

1257 802 1339 835 rum,
1356 803 1405 836 per
1442 794 1570 825 raedietos
1586 795 1759 827 Mercator&
1773 798 1929 838 Anglicos‚
1947 799 2019 829 faeta
2032 801 2076 831 seu
2090 802 2229 842 facienda,
2249 805 2308 837 Re-

1256 830 1394 874 digendi,
1419 871 1423 875 ¹
1444 833 1590 873 eparandi,
1608 834 1806 874 Restaurandi,
1823 837 1855 867 &
1872 837 2068 875 Emendandi,

1294 867 1516 914 Consimilesque
1531 870 1749 914 Restitutiones,
1766 875 1975 912 2Reparationes
1987 899 1996 915 ,
2022 876 2244 912 Restaurationes
2275 886 2309 916 ὃς

1255 902 1494 953 Emendationes,
1512 910 1548 940 de
1566 911 1626 950 ipsis
1640 911 1848 943 Mercatoribus
1870 914 1992 945 Pirtium
2019 917 2216 956 praediclaruin
2231 943 2240 958 ,
2251 906 2310 953 ’seu

1254 943 1402 982 Deputatis
1418 947 1484 985 suis,
1503 947 1675 986 Requirendi
1710 951 1842 989 Petendi,
1859 953 1893 982 &
1909 953 2097 994 Recipiendi,

1293 984 1359 1023 Ac,
1377 984 1413 1015 de
1429 988 1579 1031 communi
1599 973 1704 1019 assensu
1728 990 1924 1021 Mercatorum
1946 992 2137 1030 Anglicorum
2160 996 2313 1033 predicto-

1256 1031 1340 1066 rum,
1360 1023 1482 1069 Statuta,
1501 1025 1716 1072 Ordinationes,
1733 1029 1766 1059 &
1781 1027 2020 1070 Consuetudines,
2038 1043 2120 1072 prout
2141 1044 2194 1071 pro
2211 1036 2312 1065 melio-

1257 1070 1281 1089 ri
1304 1060 1520 1108 Gubernatione
1541 1063 1634 1096 Status
1657 1067 1824 1097 eorumdem
1845 1067 2044 1100 Mercatorum
2068 1072 2260 1109 Anglicorum
2281 1076 2311 1105 in

1257 1096 1311 1130 hac
1326 1110 1401 1138 parte
1416 1102 1555 1145 videbitur
1571 1105 1717 1143 expedire,
1736 1105 1869 1136 Faciendi
1884 1107 1917 1137 &
1931 1107 2109 1148 Stabiiiendi,

1294 1137 1331 1168 Et
1339 1149 1441 1184 omnes
1453 1142 1616 1178 &ungulos
1624 1141 1800 1174 Mercatores
1810 1145 1944 1184 Anglicos
1954 1169 1964 1185 ,
1971 1147 2091 1184 prefatis
2107 1149 2312 1183 Gubernatori-

1258 1176 1382 1221 bus,.s1c
1398 1177 1608 1217 Eligendis,vel
1624 1190 1724 1212 eorum
1735 1182 1796 1213 loca
1804 1186 1975 1222 tenentibus,
1988 1185 2033 1215 seu
2040 1196 2137 1217 eorum
2148 1189 2245 1227 alicui,
2266 1199 2312 1222 aut

1258 1215 1341 1245 alicui
1363 1215 1792 1259 Statutorum,Ordinaiionum
1808 1223 1841 1253 ὃ(
1851 1221 2099 1255 Consuetudinum
2113 1227 2314 1266 praediCtorum

1257 1252 1439 1297 Contrarios,
1459 1254 1608 1299 Rebelles,
1624 1258 1668 1286 vel
1682 1257 1895 1298 inobedientes,
1911 1262 1988 1299 juxta
2000 1263 2193 1302 Qantitatem
2202 1267 2310 1300 Delicti

1257 1291 1295 1322 sui
1310 1302 1338 1322 in
1352 1292 1406 1323 hac
1426 1302 1518 1331 parte,
1537 1296 1737 1326 rationabiliter
1754 1296 1913 1336 Puniendi,

1270 1370 1276 1375 .
1296 1330 1431 1361 Volentes
1466 1332 1589 1371 insuper,
1607 1335 1704 1364 omnia
1724 1335 1796 1371 justa
1809 1337 1842 1366 ὃς
1863 1338 2033 1368 rationabilia
2048 1340 2168 1380 Statura,
2188 1343 2310 1375 Ordina-

1256 1377 1363 1412 tiones,
1382 1369 1414 1400 &
1429 1355 1665 1416 Consuetudines,
1680 1381 1729 1411 per
1743 1372 1834 1404 dictos
1849 1374 2075 1416 Gubernatores,
2094 1380 2130 1410 lic
2149 1382 2295 1419 eligendos

1257 1417 1287 1437 in
1299 1408 1390 1452 forma
1405 1408 1557 1447 praedidta,
1576 1410 1713 1441 Facienda
1728 1411 1761 1441 &
1775 1412 1947 1444 Stabilienda
1982 1425 2096 1446 necnon
2116 1428 2214 1450 omnes
2224 1406 2312 1458 justas,

1256 1447 1290 1477 &
1309 1447 1482 1477 rationabiles
1494 1446 1708 1487 Ordinationes,
1726 1459 1774 1487 per
1794 1452 1812 1470 *
1830 1461 1918 1489 nuper
1934 1437 2146 1486 &ubernatores
2160 1459 2312 1495 praedidto-

1256 1494 1319 1515 rum
1334 1484 1535 1516 Mei-catorum
1551 1486 1744 1524 Anglicorum
1758 1510 1768 1526 ,
1791 1488 1828 1519 de
1844 1493 1994 1521 communi
2011 1492 2126 1524 Affensu
2147 1499 2313 1529 eorumdem

1256 1522 1457 1567 Mercatorum
1472 1534 1529 1568 pro*
1538 1524 1696 1563 hujusmodi
1711 1525 1929 1559 Gubernatione
1943 1528 2003 1567 sua,
2022 1531 2052 1560 in
2072 1533 2190 1569 partibus
2214 1537 2314 1574 priedi-

1256 1561 1310 1592 &tis
1324 1584 1337 1604 ,λ
1349 1571 1427 1600 Juxta
1452 1562 1605 1601 Privilegia
1619 1566 1653 1596 &
1676 1565 1867 1596 Audioritates
1884 1589 1893 1604 ,
1919 1567 1970 1597 fibi
1996 1578 2043 1606 per
2064 1573 2116 1598 Ma
2134 1570 2225 1611 istrum
2243 1577 2315 1605 Pru-

1255 1611 1302 1629 c1ae
1320 1603 1366 1645 seu
1383 1601 1451 1632 alios
1474 1601 1623 1646 Dominos
1645 1603 1769 1634 Partium
1784 1605 1983 1646 praedictarum
2002 1582 2133 1639 concessi}
2146 1633 2156 1648 ,
2180 1612 2265 1643 fatitas
2282 1616 2316 1646 &

1256 1638 1455 1683 stabilitas-,seu
1462 1651 1510 1678 per
1518 1641 1900 1681 praedistosGubernatores‚
1909 1654 2001 1683 nunc,
2019 1654 2047 1676 ut
2056 1650 2235 1684 praemittitur
2266 1653 2317 1683 eli-

1256 1678 1368 1715 gendos
1377 1686 1456 1716 Juxta
1470 1678 1620 1717 Privilegia
1635 1681 1770 1718 praedieta
1780 1705 1790 1720 ,
1806 1682 1850 1712 seu
1867 1682 1917 1713 alia
1931 1682 2096 1723 Privilegia,
2114 1687 2218 1717 eisdem
2234 1674 2315 1721 Mer-

1255 1716 1397 1747 catoribus
1411 1717 1540 1755 Anglicis
1554 1719 1770 1762 per‘praedietos
1786 1720 1955 1759 Magistrum
1970 1723 2004 1753 &
2021 1722 2167 1755 Doininos
2182 1728 2326 1765 imposte-.

1256 1755 1322 1785 rum
1338 1755 1538 1794 concedenda,
1556 1757 1697 1788 faciendas
1711 1758 1743 1789 &
1758 1758 1932 1790 stabiliendas
1942 1783 1951 1798 ,
1972 1760 2060 1799 Rata,
2079 1763 2189 1802 Firma,
2206 1767 2239 1796 &
2255 1767 2316 1798 Ac-

1256 1802 1337 1838 cepta
1352 1793 1473 1838 ὴαῦετς,
1489 1796 1521 1825 &
1536 1805 1588 1833 pro
1611 1795 1708 1835 Ratis,
1725 1797 1826 1827 Firmis
1842 1821 1851 1836 ,
1873 1798 1906 1829 ὅ(
1928 1800 2062 1837 Acceptis
2076 1801 2183 1833 ibidem
2199 1803 2316 1837 firmiter

1256 1833 1290 1864 &
1309 1832 1507 1864 inviolabiliter
1519 1833 1656 1864 observari
1663 1845 1674 1872 ,-

1278 1870 1405 1914 ⁴Damus
1421 1880 1516 1902 autem
1530 1873 1660 1903 universis
1680 1874 1713 1904 &
1732 1873 1842 1913 singulis
1863 1873 2070 1908 Mercatoribus
2089 1878 2219 1917 Anglicis
2245 1892 2317 1919 prae-

1256 1908 1357 1948 diffis,
1376 1909 1495 1940 Tenore
1521 1910 1704 1942 Praesentium
1720 1934 1729 1950 ,
1753 1911 1869 1943 firmiter
1887 1914 1918 1943 in
1943 1913 2086 1946 Mandatis
2111 1919 2191 1955 quod
2210 1921 2316 1952 eisdem

1258 1947 1520 1992 Gubernatoribus,
1538 1949 1576 1980 sic
1593 1950 1747 1988 eligendis,
1765 1952 1798 1982 &
1817 1961 1916 1982 eorum
1934 1952 1996 1983 loca
2011 1957 2188 1995 tenentibus,
2205 1960 2234 1989 in
2244 1960 2319 1990 Prae-

1258 1986 1345 2017 misfis
1364 1987 1499 2017 omnibus
1514 1987 1548 2018 &
1564 1988 1692 2028 lingulis,
1710 1999 1743 2019 ac
1765 1989 1841 2028 aliis,
1859 1990 2106 2024 Gubernationem
2127 1997 2160 2025 &
2176 1997 2317 2037 Regimen

1256 2024 1302 2056 sua
1316 2026 1344 2055 in
1359 2026 1412 2056 hac
1429 2034 1506 2064 parte
1520 2027 1762 2065 qualitercumque
1779 2031 2029 2068 concernentibus,
2056 2032 2231 2067 intendentes
2246 2037 2298 2067 sint

1258 2062 1462 2102 Consulentcs‚
1480 2064 1668 2104 obedientes,
1688 2068 1721 2098 &
1740 2066 1926 2105 Auxiliantcs,
1945 2078 2026 2105 prout
2039 2069 2128 2101 decet.
2306 2060 2316 2076 ²

1294 2101 1361 2133 Dat.
1381 2104 1409 2132 in
1425 2101 1534 2132 Palatio
1551 2106 1627 2140 Regis
1644 2104 1786 2144 Westmon.
1803 2105 1853 2135 sub
1876 2105 1982 2145 Magni
2004 2109 2094 2146 Sigilli
2117 2109 2209 2148 Regis
2223 2111 2320 2142 Testi-

1262 2142 1382 2180 monio,
1394 2141 1472 2172 sexto
1487 2141 1533 2173 die
1545 2141 1634 2181 Junii.

1728 2183 1782 2212 Per
1799 2181 1882 2224 ipfiaem
1899 2186 1993 2222 Regem
2011 2183 2050 2220 &
2067 2187 2219 2219 Concilium.

1603 2308 1660 2339 Pro
1685 2308 1797 2339 comite
1819 2305 1955 2341 Atholiae.

1262 2389 1385 2445 REX
1405 2390 1582 2435 universis&
1600 2390 1710 2435 singulis
1727 2391 2170 2438 VicecomithusL·Majoribus,
2188 2395 2317 2442 Balliv'is,

1342 2428 1585 2467 Constabulariis,
1622 2428 1781 2466 MinistriS,
1813 2430 1847 2460 &
1873 2429 1931 2459 aliis
1960 2431 2099 2462 bidelibus
2129 2434 2163 2464 &
2195 2436 2318 2467 Subditis

2331 1472 2441 1504 *V111.

2349 1515 2413 1550 361.

2335 2395 2409 2427 Ann.
2424 2396 2467 2429 D·

2356 2445 2440 2475 1404.

1259 2466 1384 2506 nostris,
1406 2469 1466 2498 tam
1486 2467 1558 2497 infra
1574 2467 1728 2498 Libertates
1742 2490 1752 2506 ,
1773 2468 1860 2506 quam
1875 2476 1966 2506 extra,
1982 2470 2016 2500 ad
2043 2480 2129 2510 quos,
2150 2474 2212 2504 διε,
2237 2474 2317 2505 Salu-
2331 2478 2372 2502 Aa
2393 2485 2420 2511 5.

1259 2513 1326 2535 tem.

1301 2544 1398 2575 Sciatis
1412 2543 1491 2583 quod
1500 2566 1511 2582 ,

1299 2581 1381 2612 Cum
1391 2604 1401 2620 ,
1419 2591 1448 2612 ut
1463 2583 1643 2620 accepimus,
1661 2580 1800 2611 Wzlterus
1815 2583 1948 2622 Styward
1959 2586 2050 2614 Comes
2072 2586 2197 2617 Atholiae
2214 2589 2245 2620 δε
2266 2593 2320 2620 Ca-

1261 2624 1366 2650 tanniae
1381 2622 1416 2651 de
1434 2620 1547 2659 Scotia,
1565 2630 1599 2651 ex
1615 2630 1718 2656 magna
1734 2621 1916 2660 Devotione,
1932 2632 2014 2660 quam
2023 2624 2057 2653 ad
2076 2626 2228 2662 gloriosum
2240 2632 2322 2658 Mar-

1262 2662 1341 2688 tirem
1357 2660 1488 2688 SanZZum
1502 2659 1629 2689 Thamara
1642 2660 1861 2697 cantuariensem
1871 2662 1958 2698 gerit,
1976 2662 2005 2691 in
2016 2661 2149 2702 Regnum
2166 2665 2253 2703 Regis
2261 2667 2323 2698 An-

1263 2697 1346 2736 gliae,
1365 2707 1431 2728 curn
1445 2697 1572 2728 Centum
1594 2696 1721 2727 Personis
1742 2697 1893 2735 Equitibus
1907 2721 1917 2736 ,
1942 2700 1972 2729 in
1989 2698 2136 2732 Comi-tiva
2154 2706 2213 2743 iua,
2233 2706 2323 2737 versus

1263 2734 1464 2804 Calrthuariam,
1483 2736 1621 2767 mediante
1637 2735 1769 2767 Licentia
1788 2737 1898 2775 nostra,
1915 2740 2032 2778 peregre
2052 2742 2149 2772 venire
2164 2752 2304 2781 proponat
2310 2768 2322 2785 ‚

1339 2785 1372 2805 os

1299 2797 1436 2844 Voleiites
1451 2823 1502 2851 pro
1517 2812 1668 2844 Securitate
1682 2812 1726 2843 sua
1740 2813 1768 2843 in
1785 2812 1838 2844 hac
1853 2822 1928 2851 parte
1941 2815 2106 2855 providere,

1302 2851 1480 2889 Suscepimus
1496 2852 1586 2889 ipsum
1601 2851 1751 2882 Comitem
1768 2853 1797 2881 in
1812 2851 1924 2883 dietum
1939 2854 2075 2893 Regnum
2084 2855 2213 2888 nostrum
2222 2880 2231 2895 ,
2250 2868 2320 2890 cum

1266 2888 1393 2920 Centum
1407 2890 1534 2921 Personis
1548 2890 1694 2929 Equitibus
1714 2890 1935 2929 (cujuscumque
1960 2891 2051 2923 Statfis
2073 2893 2118 2924 seu
2139 2894 2324 2928 Condicionis

1265 2928 1385 2967 fuerint)
1404 2931 1432 2959 in
1448 2927 1596 2959 Comitiva
1609 2928 1671 2967 sua,
1685 2929 1826 2959 veniendo
1843 2952 1853 2967 ,
1875 2930 1982 2961 ibidem
1998 2932 2156 2972 morando,
2176 2934 2209 2964 &
2222 2937 2323 2966 exinde

1266 2967 1300 2997 ad
1316 2977 1402 3005 partes
1422 2968 1479 2998 suas
1496 2969 1621 3008 proprias
1639 2967 1799 3006 redeundo,
1825 2970 1854 2998 in
1875 2968 1981 2999 salvum
2004 2971 2037 3001 ὃ(
2059 2970 2185 3002 securum
2202 2972 2323 3005 Condu-

1268 3006 1350 3036 &um
1363 3006 1508 3044 nostrum,
1527 3016 1561 3037 ac
1579 3008 1609 3036 in
1625 3006 1857 3045 Protefflonem,
1872 3006 2042 3039 Tuiti'onem
2053 3009 2103 3046 ,&
2118 3009 2324 3044 Defenfionem

1269 3045 1377 3075 nostras
1392 3045 1539 3083 speciales,

1307 3083 1344 3113 Et
1358 3083 1424 3114 ideo
1438 3084 1521 3113 vobis
1536 3082 1705 3113 Mandamus
1720 3082 1799 3122 quod
1816 3083 1905 3120 ipsum
1925 3082 2076 3115 Comitem
2091 3087 2120 3116 in
2136 3087 2246 3118 distum
2264 3087 2323 3119 Re-

1269 3131 1361 3158 gnum
1380 3121 1505 3152 nostrum
1522 3143 1532 3159 ,
1558 3131 1627 3152 cum
1646 3121 1772 3152 Centum
1793 3121 1919 3151 Personis
1941 3122 2086 3162 Equitibus
2106 3126 2268 3163 (cujuscum
2291 3137 2324 3160 ue

1269 3160 1359 3190 Status
1378 3160 1423 3192 seu
1436 3159 1619 3191 Conditionis
1633 3160 1752 3197 suerint)
1780 3160 1808 3189 in
1829 3158 1977 3191 Comitiva
1996 3160 2040 3192 sua
2056 3185 2067 3200 ,
2090 3164 2251 3202 veniendo,
2269 3166 2278 3194 i
2300 3167 2322 3195 i-

1269 3199 1336 3228 dem
1355 3199 1510 3237 morando,
1528 3199 1560 3229 δε
1576 3198 1677 3229 exinde
1695 3198 1730 3229 ad
1749 3206 1838 3238 partes
1855 3197 1912 3229 suas
1931 3201 2055 3238 proprias
2069 3223 2080 3238 ,
2106 3210 2138 3232 ut
2151 3203 2322 3239 praedititutn

1270 3238 1329 3275 eit,
1348 3238 1508 3275 redeundo,
1527 3238 1743 3275 manuteneatis,
1761 3245 1842 3275 prote
1863 3238 1911 3267 atis
1924 3238 1957 3268 ὃς
1969 3238 2140 3278 defendatis,

1310 3276 1383 3308 Non
1405 3277 1551 3307 inferentes
1570 3277 1607 3305 eis
1625 3277 1654 3305 in
1675 3275 1802 3306 Personis
1817 3298 1827 3313 ,
1876 3276 1952 3313 quis,
1972 3276 2089 3315 Rebus,
2112 3278 2156 3308 vel
2178 3278 2323 3312 Hernefiis

1270 3313 1339 3353 suis,
1356 3316 1400 3346 seu
1414 3317 1449 3346 ab
1463 3315 1519 3345 aliis
1532 3314 1625 3344 inferri
1640 3313 1986 3352 permittentes,lnjuriam
1996 3337 2005 3352 ,
2015 3314 2180 3347 Molestiam
2189 3340 2197 3355 ,
2206 3316 2322 3358 Damp-

1270 3363 1359 3393 num,
1375 3354 1567 3391 Violentiam,
1586 3352 1830 3390 Impedirnentum
1844 3352 1955 3390 aliquod
1965 3375 1974 3390 ,
1993 3353 2037 3383 seu
2053 3353 2232 3393 Gravamem

1308 3393 1362 3431 Et,
1378 3393 1396 3423 si
1411 3392 1478 3430 quid
1490 3393 1528 3422 eis
1543 3390 1716 3422 forisfacitum
1730 3391 1785 3421 sive
1801 3390 1959 3427 injuriatum
1975 3390 2073 3431 fuerit,
2092 3393 2121 3423 id
2133 3395 2172 3424 eis
2184 3417 2193 3432 ,
2212 3399 2268 3427 iine
2282 3396 2325 3427 di·-

1269 3431 1385 3470 latione,
1402 3431 1509 3461 faciatis
1523 3431 1624 3468 corrigi
1637 3430 1670 3461 &
1683 3429 1776 3460 debite
1790 3429 1953 3467 reformari,

1306 3469 1424 3501 Proviso
1441 3469 1546 3506 semper
1563 3467 1641 3506 quod
1661 3468 1789 3498 Personae
1807 3466 1950 3505 praedicitae
1963 3476 2039 3498 extra
2054 3468 2164 3501 diistum
2184 3470 2324 3510 Regnum

1270 3509 1399 3539 nostrum
1413 3508 1534 3538 bannitae
1553 3507 1598 3536 vel
1612 3506 1776 3544 abjudicatae
1790 3515 1846 3535 non
1862 3505 1994 3544 existant,

1308 3546 1455 3586 Qiodque
1470 3545 1595 3583 praefatus
1609 3544 1717 3574 Comes
1733 3545 1767 3575 &
1790 3543 1917 3574 Personae
1936 3544 2080 3581 praedizstce
2103 3556 2201 3577 coram
2217 3547 2320 3578 Custo-

1268 3586 1352 3616 dibus
1368 3583 1562 3615 Marchiarum
1583 3581 1739 3613 nostrarum
1755 3605 1765 3620 ,
1790 3582 1880 3612 versus
1903 3591 1991 3619 partes
2014 3582 2119 3615 Scotiae
2132 3608 2141 3622 ,
2162 3585 2207 3615 vel
2228 3586 2260 3615 ali
2282 3596 2320 3616 uo

1269 3624 1455 3658 eorumdem,
1473 3621 1506 3651 ad
1522 3620 1678 3657 ingressum
1691 3621 1772 3651 suum
1788 3621 1815 3650 in
1831 3620 1942 3650 dietum
1954 3620 2091 3658 Regnum
2106 3623 2248 3661 nostrum,
2287 3634 2316 3654 a-

1269 3670 1414 3693 eramenta
1427 3660 1593 3697 Corporalia
1608 3659 1739 3696 praestent
1758 3657 1913 3697 quodipsi,
1930 3667 1977 3689 aut
1990 3669 2089 3689 eorum
2109 3660 2217 3698 aliquis.
2237 3663 2319 3699 quic-

1290 3709 1353 3730 uam
1364 3722 1373 3737 ,
1392 3699 1467 3737 quod
1483 3699 1513 3728 in
1532 3697 1618 3727 nostri
1626 3696 1837 3735 Contemptum
1846 3697 1891 3727 vel
1906 3696 2171 3737 PraeJ'udiciumflur
2186 3699 2319 3738 Legum,

1268 3710 1528 3773 Consuetudinum,
1546 3736 1783 3774 Ordinationuni,
1801 3734 1847 3765 vel
1862 3735 2037 3765 Statutorum
2059 3736 2128 3765 dieti
2145 3735 2240 3774 Regni
2265 3748 2318 3768 no-

1267 3777 1315 3807 stri
1329 3776 1537 3807 enervationem
1550 3773 1648 3804 cedere
1666 3774 1770 3812 valeat,
1788 3783 1847 3802 non
1862 3781 2024 3811 attemptent
2037 3774 2080 3802 vel
2096 3782 2260 3813 attemptet,
2271 3784 2318 3808 aut

1268 3815 1395 3882 ρτοξῗςυί
1423 3813 1468 3844 vel
1495 3813 1654 3851 attemptari
1680 3811 1770 3843 facere
1793 3811 1955 3849 praesumant
1984 3811 2028 3841 vel
2055 3811 2199 3848 praesumat
2218 3816 2321 3852 quovis

1273 3863 1323 3883 mo
1343 3862 1371 3882 o.

1307 3890 1343 3921 Et
1357 3889 1433 3928 quod
1449 3890 1523 3919 idem
1537 3887 1663 3925 Comes,
1679 3889 1708 3918 in
1727 3887 1838 3919 dictum
1849 3887 1985 3926 Regnum
2002 3885 2129 3917 nostrum
2145 3887 2182 3918 fic
2196 3890 2315 3920 venien—

1270 3929 1323 3966 do,
1341 3938 1424 3966 penes
1439 3927 1613 3965 przeseiitiam
1632 3926 1756 3957 nostram
1795 3927 1949 3956 ersonaliter
1967 3925 2089 3955 accedat.

1309 3967 1338 3997 ln
1354 3967 1450 4004 cujus,
1467 3966 1526 3996 &c.
1546 3966 1629 4005 usque
1644 3964 1757 3995 Festum
1773 3937 1870 3995 §aneti
1885 3963 2032 3994 Michaelis
2043 3964 2175 4000 proximo
2190 3964 2317 3997 futurum

1292 4014 1420 4036 uraturas.

1270 4006 1289 4037 d
1339 4041 1427 4074 Teste
1441 4041 1527 4080 Rege
1540 4041 1615 4080 apud
1628 4041 1818 4081 Notyngham,
1836 4040 1941 4071 octavo
1951 4038 1997 4068 die
2007 4037 2084 4076 junii

1799 4114 1813 4146 I
1945 4077 1999 4106 Per
2015 4076 2096 4118 ipstam
2108 4080 2213 4120 Regem.

1831 4124 1850 4146 2
2276 4122 2323 4151 De

2330 2517 2365 2541 H.
2380 2525 2410 2550 4.

2337 2557 2407 2589 Vaeagt
2421 2561 2449 2587 5.

2337 2595 2369 2618 H.
2386 2600 2413 2627 4.
2430 2599 2468 2621 m.

2339 2639 2385 2657 20.
