2562 4274
812 215 923 257 ET
978 211 1234 253 ACTA
1316 206 1791 250 PUBLICA.

59 319 135 350 Ann.
147 313 189 346 D.
242 310 397 347 Videlicet,
411 305 528 346 quilibet
543 312 645 336 eorum
662 302 698 334 de
713 301 837 334 Summis
851 301 902 332 suis
915 299 1056 340 praediffls
1072 299 1102 330 in
1116 298 1205 329 Com.
1216 297 1275 328 So-

88 363 173 395 ¹430·
206 354 290 384 mers.

66 400 130 424 Hm-
146 394 173 421 6.
246 430 373 459 Homines
397 422 482 454 Villae
506 421 538 451 de
563 418 720 459 Bambury,

212 468 342 509 Quattuor
363 465 556 494 Denariorum.

250 502 409 535 Edmundus
427 503 521 538 Barry
541 497 625 527 Miles
643 498 744 525 Decem
761 493 876 524 Libras.

249 545 383 574 Henricus
402 539 561 568 Pakenham
578 536 728 570 Sexaginta
744 532 782 566 ὠ·
799 535 853 562 Sex
870 529 971 561 Solidos
990 529 1029 565 ὀ·
1051 530 1119 560 Οέῖο
1134 531 1277 558 Denarios.

250 581 370 612 Thomas
387 581 417 607 St
419 576 519 614 ywara'
531 579 647 604 Centum
661 570 771 600 Solidos.

249 622 328 657 Hugo
347 614 460 648 Iardale
478 615 628 650 Sexaginta
647 609 685 643 &
704 613 757 639 Sex
775 607 875 638 Solidos
893 605 932 641 &⁴
951 607 1018 636 ocio
1037 608 1181 636 Denarios.

255 658 402 697 Johannes
420 651 572 692 Kydelham
588 650 738 686 Sexaginta
756 646 794 682 ὠν
812 650 864 676 Sex
882 644 983 675 Solidos
997 644 1036 680 ῥ’
1050 644 1119 674 otto
1136 646 1280 673 Denarios.

253 695 386 728 Robertus
404 690 483 730 Leffy
500 690 536 719 de
548 687 703 727 Odythorp
718 690 830 716 Centum
847 683 957 715 Solidos.

255 738 373 772 Rogerus
387 735 458 760 Caus
473 731 584 757 Centum
598 725 708 755 Solidos.

256 772 403 812 Johannes
422 765 540 805 Baxster
559 768 656 795 Decem
675 762 787 793 Libras.

257 810 372 842 Thomas
392 803 556 836 Whitewell
568 806 665 833 Decem
680 804 805 831 Marcas.

224 887 241 919 b
258 847 405 888 Johannes
423 842 567 880 Melman,
582 840 698 871 Thomas
715 843 831 877 Brigge,
849 838 882 869 &
898 836 1013 868 Thomas
1029 839 1097 866 Roos
1114 838 1217 873 Septem
1232 835 1286 864 Li-

243 898 298 918 ras.

260 923 407 965 Johaunes
420 923 516 950 Hacon
527 941 536 957 ,
556 919 588 950 &
602 917 748 957 Johannes
764 918 871 945 Broune
887 916 993 952 Viginti
1008 915 1130 942 Marcas.

261 965 394 994 Henricus
408 964 490 990 Catte
508 961 605 988 Decem
626 958 749 985 Marcas.

263 999 412 1032 Nicholaus
431 995 521 1037 Castel
536 998 646 1032 Viginti
661 996 784 1023 Marcas.

267 1038 416 1071 Richardus
428 1032 532 1064 Stovile
550 1036 662 1062 Centum
681 1031 788 1061 Solidos.

265 1076 404 1117 Johannes
422 1075 535 1110 Grigges
552 1071 587 1101 de
606 1069 712 1100 Welles
731 1073 844 1098 Centum
863 1066 975 1097 Solia'os.

268 1110 574 1182 JohanrthChapnian
585 1134 594 1148 ,
613 1108 745 1140 Robertus
762 1107 855 1144 Doke,
871 1107 904 1136 ὃς
922 1104 1067 1144 Johannes
1085 1101 1184 1134 Craule
1198 1101 1292 1141 Qin-

252 1157 365 1192 uaginta
410 1154 418 1180 i
438 1160 494 1180 ras.

232 1168 249 1197 q
269 1192 414 1232 Johannes
432 1186 577 1219 Stannard
592 1185 627 1217 de
647 1183 818 1215 Conteihale
837 1185 986 1220 Sexaginta
1001 1179 1111 1211 Solidos.

268 1230 397 1262 Oliverus
410 1230 493 1257 Groos
510 1229 607 1256 Decem
621 1223 733 1255 Libras.

266 1269 380 1301 Thomas
399 1265 548 1303 Wslerton
565 1264 601 1294 de
619 1260 779 1300 Dagworth
797 1264 893 1290 Decem
909 1261 1031 1288 Marcas.

272 1306 416 1347 Johannes
436 1305 606 1333 Parmontier
623 1324 633 1340 ,
658 1300 801 1340 Johannes
820 1298 926 1328 Franke
943 1320 952 1334 ,
979 1298 1011 1327 &
1037 1295 1080 1325 alii
1103 1293 1139 1324 de
1166 1292 1240 1324 Villa
1257 1291 1294 1322 de

237 1348 339 1387 Lynne
353 1349 467 1374 Centum
484 1341 594 1371 Libras.

275 1382 433 1414 Edmundus
452 1379 581 1419 Hayford
592 1379 628 1410 de
645 1376 785 1408 Barnham
804 1377 916 1404 Centum
934 1370 1042 1402 Solidos.

272 1422 388 1453 Thomas
405 1418 545 1458 Syngleton
560 1417 595 1448 de
613 1416 711 1447 Stowe
730 1415 859 1454 §Quinque
878 1414 1004 1441 Marcas.

273 1459 438 1498 Augustinus
458 1461 584 1488 Stratton
598 1455 632 1486 de
649 1453 751 1484 Kitron
767 1455 864 1482 Decem
878 1452 999 1480 Marcas.

274 1500 314 1532 Et
330 1497 474 1537 Johannes
491 1494 635 1525 Wodehous
651 1494 683 1523 ὃς
700 1492 744 1522 alii
761 1490 797 1521 de
813 1488 973 1519 Huudredo
983 1486 1019 1516 de
1030 1484 1204 1525 Smythedon
1213 1485 1298 1513 Sexa-

235 1543 314 1580 ginta
329 1536 367 1572 &
381 1534 525 1566 Duodecim
541 1532 659 1569 Libras,
678 1530 826 1566 videlicet,

278 1575 410 1617 Qilibet
423 1582 525 1605 eorum
542 1573 578 1603 de
591 1570 711 1602 Summa
727 1568 772 1599 sua
787 1565 923 1606 praedista
939 1564 969 1594 in
985 1562 1075 1594 Com.
1094 1559 1198 1592 Norff.

276 1652 420 1693 Johannes
444 1649 551 1688 Cokayn
574 1645 707 1678 Chivaler
726 1648 822 1675 Decem
841 1639 878 1677 ὠ·
891 1651 989 1672 novem
1009 1637 1131 1676 Libras,
1151 1635 1299 1676 Tresilecim

241 1692 337 1725 solidis
351 1690 389 1725 ὠ·
405 1689 538 1758 &uatum
556 1688 706 1721 Denarx'os,

278 1731 316 1761 Er
333 1728 421 1759 Nicho
433 1737 482 1757 aus
500 1727 690 1763 Moungomery
709 1719 856 1755 Chivaler,
876 1719 984 1754 Viginti
1001 1717 1133 1750 Marcas3
1155 1712 1303 1750 videlicet,

278 1768 411 1806 Uterque
427 1773 526 1796 eorum
544 1762 581 1793 de
599 1761 718 1792 Summa
736 1759 780 1790 sua
795 1754 928 1798 praedicta
946 1756 975 1785 in
994 1753 1084 1784 Com.
1105 1752 1197 1783 Derb.

250 1827 254 1829 λ
275 1842 419 1885 Johannes
440 1844 570 1872 Paunton
589 1841 703 1869 Centum
718 1833 819 1868 Solidos
838 1833 867 1864 in
884 1829 962 1864 Villa
983 1828 1077 1871 Salop.

268 1919 431 1958 Radulphus
455 1914 603 1948 eromwell
619 1914 706 1945 Miles
723 1913 756 1944 &
775 1910 820 1941 alii
842 1909 1016 1949 Quingentas
1033 1905 1248 1946 ‘Quaterviginti
1265 1901 1304 1938 ό

239 1970 337 1991 novem
357 1958 457 1988 Libras
476 1958 586 1985 Novem
604 1952 705 1983 Solidos
723 1951 760 1986 ό·
778 1954 865 1980 Unum
884 1950 1046 1978 Denarium.

279 1998 332 2028 Ma
353 1997 417 2027 ister
438 1997 479 2025 W
480 1993 602 2024 illielmus
616 1994 645 2022 L
661 1990 758 2020 nwode
771 1992 884 2017 Centum
898 1989 1021 2015 Marcas.

276 2007 425 2066 Ricffardus
451 2031 604 2075 Pynchebek
690 2029 736 2060 alii
761 2026 843 2058 Vfflae
860 2025 897 2056 de
914 2021 1089 2064 Pynchebek
1107 2022 1232 2060 Triginta
1250 2020 1302 2048 Li-

94 2141 216 2178 ·X·466
242 2075 454 2161 bra-lithardus
471 2112 641 2150 Benyngton,
652 2105 767 2137 Thomas
779 2103 854 2134 Flete
867 2102 901 2134 &
915 2101 959 2132 alii
973 2103 1087 2129 Centum
1100 2096 1138 2134 ό·
1156 2098 1305 2134 Sexaginta

220 2162 227 2169 ·
245 2152 424 2222 Libii-Zmin&
439 2186 522 2217 Villae
540 2184 575 2216 de
590 2183 729 2214 Evesham
743 2174 812 2212 Otto
828 2178 939 2210 Libras.

279 2227 430 2276 ¹Richarclus
452 2224 539 2265 Welby
561 2224 594 2255 &
621 2222 665 2253 alii
684 2221 721 2251 de
743 2219 819 2250 Villa
844 2218 880 2249 de
904 2215 1022 2248 Multon
1042 2217 1149 2252 Viginti
1169 2211 1208 2248 &³
1226 2214 1306 2242 Duas

244 2268 480 2347 Lgiafflhannes
496 2304 592 2331 Sutton
612 2299 645 2330 &
662 2297 708 2328 alii
726 2295 761 2326 de
778 2295 854 2340 Villa
872 2293 907 2324 de
925 2291 1026 2324 Sufflet
1040 2292 1108 2321 octo
1127 2289 1243 2326 Libra53
1262 2289 1306 2319 vi-

243 2346 346 2379 delicet
356 2368 370 2388 ,ι
383 2341 530 2386 praedie’cus
547 2335 702 2375 Radulphus
720 2335 754 2365 &
772 2334 817 2379 alu
832 2335 865 2365 δε
884 2331 1043 2375 Willielmus
1057 2331 1092 2360 de
1104 2328 1232 2360 Summis
1253 2327 1306 2357 suis

244 2368 1179 2463 ⁹¹542⁶}sscziaekzzziiukyfflttdz}feeit?{alim„
1191 2402 1305 2443 φαίη-

244 2457 537 2535 ssffs'dlel‘i-rlncissffdficfi
548 2449 933 2529 ssgssrffigtdtiggeummrs
950 2447 1002 2477 suis
1017 2445 1157 2485 praedidhs
1173 2453 1204 2475 in
1222 2443 1306 2481 parti-

284 2575 416 2608 Robertus
434 2576 530 2604 Cotton
549 2574 647 2602 Decem
666 2567 779 2599 Libras.

286 2613 384 2652 Major
400 2611 439 2647 ὠ·
457 2611 506 2641 alit
523 2613 651 2640 Homines
668 2608 700 2637 de
718 2603 845 2646 Redyngh
863 2605 969 2641 Viginti
989 2599 1099 2631 Libras.

285 2653 326 2684 Et
344 2654 471 2682 Homines
490 2648 572 2679 Villae
590 2648 622 2677 de
641 2643 821 2683 kangham
838 2644 942 2678 Viginti
958 2640 1079 2675 Libras,
1100 2636 1245 2673 videlicet,

291 2691 423 2731 Qiliber
437 2697 538 2719 eorum
550 2687 586 2717 de
601 2685 718 2716 Summa
735 2684 779 2713 sua
793 2680 925 2720 praedieta
938 2680 968 2709 in
983 2677 1071 2708 Com.
1086 2676 1179 2707 Berks.

289 2767 435 2836 {ohannes
454 2762 563 2801 Colvyle
582 2761 731 2797 Cbivaler,
748 2757 948 2798 §Quadraginta
964 2754 1075 2784 Libras.

306 2805 327 2835 't
341 2803 503 2834 willielmus
516 2799 663 2841 Affinhull
673 2798 870 2838 Qadraginta
885 2797 1016 2830 Marcus,
1037 2791 1181 2827 videlicet,

287 2843 422 2881 Uterque
437 2850 537 2872 eorum
548 2842 585 2870 de
601 2839 723 2871 Summa
734 2836 778 2866 sua
794 2833 926 2873 praedieta
939 2834 967 2862 in
981 2830 1071 2862 Com.
1086 2828 1223 2861 Cantebr.

297 2919 439 2959 Epiftopus
454 2919 609 2947 Coventriae
626 2918 738 2944 Centum
755 2915 876 2942 Marcas.

293 2959 393 2990 Abbas
410 2958 442 2988 de
459 2954 555 2986 Combe
573 2957 670 2984 Decem
691 2954 811 2980 Marcas.

294 2996 394 3027 Abbas
412 2996 444 3025 de
461 2992 565 3033 Stonley
583 2996 695 3021 Centum
713 2987 820 3018 Solidos.

294 3036 392 3072 Major
405 3033 443 3069 ὠ·
458 3031 507 3062 alii
524 3033 650 3061 Homines
662 3029 693 3057 de
708 3028 857 3057 coventria
872 3030 986 3053 Centum
1001 3021 1120 3057 Libras,-
1140 3018 1287 3055 videlicet,

295 3073 428 3112 Quilibet
446 3079 546 3102 eorum
559 3069 596 3099 de
610 3067 729 3099 Summa
747 3065 791 3095 sua
804 3062 937 3102 praedista
950 3063 979 3092 in
992 3061 1082 3091 Com.
1096 3058 1190 3090 Warr.

294 3149 411 3181 {thomas
430 3146 627 3178 Lichebarowe
642 3149 756 3173 Centum
776 3141 883 3171 Solidos.

295 3189 336 3221 Et
354 3186 449 3225 Major
466 3185 504 3221 ὠ·
522 3187 650 3214 Homines
668 3181 865 3219 Norhampton.
884 3175 1081 3217 ,Quadraginta
1097 3172 1216 3210 Libra53
1237 3169 1316 3202 vide-

262 3229 430 3304 hc{Bierque
443 3271 546 3294 eorum
559 3260 594 3290 de
610 3259 728 3290 Summa
743 3257 787 3288 sua
800 3254 934 3294 praedicta
948 3254 978 3284 in
993 3251 1083 3283 Com.
1100 3249 1211 3280 Norht.

299 3340 461 3374 Willielmus
480 3341 579 3368 Bowes
597 3334 748 3373 Chivaler,
766 3338 881 3363 Centum
899 3333 1023 3360 Marcas.

301 3383 344 3411 W
342 3378 465 3410 illielmu5
482 3373 656 3405 Chaunceller
674 3376 781 3410 Viginti
800 3370 912 3400 Libras.

298 3418 336 3450 Et
354 3420 433 3447 Prior
446 3416 478 3445 de
497 3411 657 3449 Newburgh
675 3415 772 3441 Decem
789 3411 918 3443 Marcas;
939 3405 1086 3442 videlicet,

300 3457 431 3495 Qilibet
446 3462 546 3485 eorum
562 3451 599 3481 de
618 3451 737 3481 Summa
754 3448 800 3478 sua
819 3445 950 3485 praedieka
968 3445 997 3473 in
1018 3442 1108 3473 Com.
1126 3437 1320 3471 Norrhumbr.

302 3531 416 3572 Feoffati
435 3528 560 3561 Ducatus
576 3529 653 3565 Regis
671 3528 770 3556 Lanca
794 3526 842 3552 rice
860 3521 899 3552 Su
964 3529 1010 3550 am
1028 3522 1121 3548 Trium
1137 3514 1249 3546 Milium
1267 3516 1295 3543 V
1296 3516 1319 3542 i-

262 3576 333 3614 ginti
355 3570 394 3606 ύ-
419 3569 488 3599 ocio
511 3567 660 3598 Librarum
684 3563 759 3603 Tres
782 3565 830 3592 cim
857 3559 910 3590 Soli
958 3569 1002 3588 um
1020 3561 1124 3596 Septem
1142 3557 1322 3585 Denariorum

265 3612 305 3648 όν
320 3614 402 3643 Unius
420 3606 514 3642 Oboli‚·
534 3604 682 3641 videlicet,

301 3651 352 3682 De
367 3652 482 3679 Centum
500 3646 648 3681 Sexaginta
663 3640 702 3676 &-

304 3694 419 3719 Centum
445 3685 619 3723 Septuaginta
648 3678 687 3715 ῤ’

268 3727 352 3757 obolo
367 3728 395 3756 in
415 3723 505 3754 Com.
520 3719 599 3752 Suth.

304 3763 518 3807 Qaterviginti
543 3757 581 3794 ό·
607 3755 742 3787 Sexdecim
769 3752 861 3784 Libris
886 3754 983 3782 Decem
1007 3748 1046 3784 ὠ·
1058 3747 1160 3788 siptem
1182 3742 1276 3774 Solidis
1293 3742 1324 3771 in

266 3802 357 3833 Com.
373 3802 416 3832 W
454 3809 515 3830 orn.

308 3810 553 3875 CentumygViginti
579 3833 617 3870 &¹
638 3832 738 3872 ftptem
765 3829 858 3860 Libris
880 3830 979 3858 Decem
996 3823 1148 3864 &septem
1170 3818 1264 3851 Solidis
1282 3816 1320 3853 &-

276 3881 403 3909 Quatuor
418 3878 546 3906 Denariis
564 3874 593 3903 in
612 3871 699 3902 Com.
719 3868 851 3899 Cornub.

273 3909 420 3947 “centum
438 3917 583 3952 Sexaginta
603 3909 641 3945 &
657 3906 805 3947 Trefiiecim
822 3904 915 3936 Libris
935 3901 1081 3942 Tresdecim
1097 3897 1193 3929 Solidis
1207 3895 1245 3932 &⁶
1259 3898 1323 3933 Sep-

268 3964 325 3988 tem
338 3954 467 3985 Denariis
482 3953 513 3981 in
527 3951 618 3982 Com.
632 3947 741 3979 Glouc.

267 3991 522 4062 CoQaid-{ing}nti<i
545 3989 652 4026 Viginti
675 3984 714 4021 ὠ·
730 3981 825 4014 Tribus
843 3979 937 4011 Libris
952 3977 992 4013 ὀ·
1009 3975 1156 4015 Tresdecim
1176 3971 1273 4003 Solidis
1290 3971 1321 4001 in

320 4041 359 4061 m.
410 4037 455 4058 ere
468 4037 501 4056 or
524 4049 530 4054 .

307 4069 468 4108 Quingentis
497 4073 506 4086 ⁹
518 4063 680 4100 uadraginta
694 4059 732 4098 ῤ’
748 4058 835 4090 tribus
849 4055 942 4087 Libris
957 4054 1090 4096 Qatuor
1100 4049 1196 4082 Solidis
1209 4046 1322 4084 &oceo

270 4109 399 4142 Denariis
409 4107 438 4135 in
455 4101 504 4134 Co
523 4112 544 4131 1.
557 4101 635 4131 Staff.

311 4149 383 4178 Tom.
401 4145 457 4174 IV.
480 4143 514 4171 P.
539 4141 592 4170 IV

718 3640 827 3668 Novem
846 3636 938 3667 Libris
955 3637 983 3665 in
1002 3633 1093 3665 Oom.
1112 3630 1179 3661 Bed.

711 3679 821 3707 Novem
846 3675 941 3705 Libris
964 3676 1067 3712 Septem
1095 3669 1189 3700 Solidis
1207 3664 1245 3702 &⁶
1263 3668 1323 3696 Uno

1318 333 1347 362 in
1361 332 1450 363 Com.
1468 330 1664 362 Northumbr.

2296 203 2371 253 163

1351 294 1499 334 Trescentis
1523 292 1561 328 (γ
1581 291 1634 331 [ἔκ
1659 291 1752 320 Libris
1768 287 1902 319 Sexdecim
1925 285 2020 317 Solidis
2038 284 2075 322 ῤ’
2099 283 2227 324 Qatuor
2246 287 2375 314 Denariis
2394 278 2522 311 Ann.D.

2412 327 2495 359 ¹430-

1354 374 1484 400 Ducentis
1511 369 1726 410 ¹Quaterviginti
1747 365 1785 401 ὠ
1812 366 1879 396 octo
1907 362 2000 393 Libris
2017 361 2129 392 Duobus
2147 360 2242 392 Solidis
2258 359 2294 396 ὁ
2315 363 2375 391 Νο-
2394 362 2457 386 Hm-
2477 358 2504 385 6.

743 415 779 447 de
800 416 917 447 Summa
937 418 1051 445 Centum
1068 413 1215 444 Solidorum
1237 411 1276 447 ό,
1316 420 1379 439 vem
1397 411 1528 438 Denariis
1547 409 1576 437 in
1596 406 1684 437 Com.
1705 405 1791 435 Lane.

1353 451 1485 477 Ducentis
1504 449 1600 477 Decem
1620 444 1657 479 ὀ*
1669 442 1772 482 fi'ptem
1785 441 1879 472 Libris
1893 439 1991 470 Tribus
2008 437 2107 469 Solidis
2123 437 2161 474 ἐφ’
2178 436 2304 469 Undecim
2318 440 2377 467 Βεε-

1317 489 1402 516 nariis
1416 487 1443 514 in
1458 485 1548 515 Com.
1562 484 1667 521 Notyn
1691 505 1696 509 .

1352 523 1389 555 Et
1409 523 1444 553 de
1467 523 1632 562 Qingentis
1654 490 1692 556 ἕξ·
1709 518 1809 549 duabus
1824 517 1916 549 Libris
1930 514 1968 552 ὀ·
1987 518 2083 547 Decem
2099 513 2137 550 (γ’
2150 515 2218 545 octa
2233 513 2327 545 solidis
2344 515 2375 544 in

1316 562 1464 594 Comitatu
1478 561 1573 598 Salop.

1357 638 1501 678 Johannes
1520 635 1699 674 Leventhorp
1713 637 1806 664 Senior
1821 635 1927 670 Viginti
1944 631 2055 661 Libras.

1356 677 1502 715 Johannes
1521 675 1616 715 Vefiy,
1635 675 1668 705 ὃς
1684 673 1729 703 alii
1743 674 1849 709 Viginti
1867 669 1978 702 Libras.

1385 714 1501 745 ohannes
1516 713 1607 755 Tyrell
1622 714 1655 744 &
1670 712 1714 741 alii
1728 713 1852 747 Triginta
1873 709 1910 744 &
1932 712 1949 730 0
1960 714 2057 737 uatuor
2074 705 2187 735 Libras.

1374 754 1450 784 idem
1493 751 1609 782 ohannes
1622 752 1654 781 &
1667 750 1712 780 alii
1729 747 1930 787 ,Quadraginta
1998 756 2079 776 unam
2094 744 2204 774 Libras.

1360 794 1402 823 W
1402 791 1456 821 illie
1467 801 1523 821 mus
1540 790 1613 821 Flete
1630 792 1744 818 Centum
1760 785 1871 817 Libras.

1359 829 1487 868 Diversae
1507 827 1628 868 Personae
1652 827 1684 856 de
1702 824 1862 856 Aldenham
1885 827 1999 854 Centum
2014 820 2053 857 &
2067 824 2164 852 Decem
2178 818 2215 855 ὠ
2231 820 2299 850 oea
2315 817 2385 855 Soli-¹

1324 870 1378 901 dos.

1364 906 1401 937 Et
1415 904 1558 944 Johannes
1572 901 1717 934 Attewell
1728 904 1760 933 &
1774 900 1819 931 alii
1836 902 1890 929 Sex
1905 899 2026 935 Libra53
2045 896 2176 927 videlicet

1363 945 1493 982 Qilibet
1509 953 1609 975 eorum
1624 942 1659 973 de
1673 941 1792 971 Summa
1806 938 1851 971 sua
1866 937 1999 976 moedicia
2015 938 2045 967 in
2057 935 2145 966 Com.
2161 918 2256 965 I-i’ertf.

1365 1021 1465 1052 Abbas
1478 1021 1510 1051 de
1527 1018 1685 1049 Shirbourne
1698 1019 1795 1047 Decem
1812 1015 1922 1046 Libras.

1365 1060 1511 1098 Johannes
1530 1061 1617 1088 Baret
1637 1057 1669 1087 &
1686 1056 1731 1086 alii
1746 1055 1780 1085 de
1794 1053 1972 1091 Shaszesbury
1987 1053 2093 1089 Viginti
2107 1051 2231 1079 Marcas.

1367 1099 1406 1130 Et
1427 1097 1571 1137 Johannes
1592 1099 1667 1125 Bene
1689 1095 1722 1125 &
1742 1094 1787 1124 alii
1800 1092 1836 1124 de
1852 1091 2031 1129 Shaftesbury
2048 1091 2155 1127 Viginti
2170 1086 2291 1123 Libras,-
2310 1086 2390 1118 vide}

1328 1138 1394 1170 licet
1401 1159 1411 1175 ,

1370 1175 1501 1214 Quilibet
1516 1181 1615 1205 eorum
1627 1170 1663 1202 de
1678 1170 1796 1202 Summa
1811 1168 1855 1199 sua
1869 1167 2003 1207 praedieca
2018 1167 2048 1197 in
2062 1164 2152 1196 Com.
2169 1163 2255 1195 Dors.

1367 1250 1512 1291 Johannes
1530 1253 1619 1287 Bagot
1642 1248 1840 1288 Quadraginta
1856 1248 1969 1275 Μανίας
1984 1243 2013 1273 in
2027 1240 2116 1273 Com.
2130 1239 2210 1272 Staff.

1373 1330 1452 1358 Prior
1468 1327 1500 1357 de
1514 1325 1691 1365 Bridlyngton
1710 1327 1807 1354 Decem
1822 1321 1934 1353 Libras.

1371 1366 1487 1396 Thomas
1509 1363 1675 1394 Swanlonde
1691 1363 1724 1393 &
1743 1363 1787 1392 alii
1805 1361 1841 1392 de
1858 1359 1990 1391 Beveralo
2011 1357 2221 1398 Quinquaginta
2237 1353 2276 1390 ὠ·
2293 1357 2398 1394 Septem

1336 1405 1440 1436 Libras
1459 1407 1556 1434 Decem
1571 1400 1609 1437 ὠ·
1624 1403 1734 1431 Novem
1751 1398 1849 1429 Solidos
1862 1396 1900 1433 ὠ·
1915 1399 2000 1428 decem
2015 1399 2160 1427 Denarios.

1375 1443 1506 1474 Robertus
1523 1439 1663 1479 Bapthorp
1682 1438 1814 1469 Chivaler
1831 1437 2029 1476 Quadraginta
2045 1433 2154 1466 Libras.

1374 1482 1394 1501 ²*
1404 1483 1484 1511 Prior
1498 1480 1530 1510 de
1548 1481 1664 1509 Watton
1680 1478 1810 1516 Quinque
1825 1479 1948 1504 Marcas.

1375 1518 1520 1559 Johannes
1537 1515 1688 1556 Conestable
1703 1519 1800 1545 Decem
1814 1516 1936 1543 Marcas.

1378 1558 1417 1589 Et
1432 1560 1512 1587 Prior
1525 1556 1558 1586 de
1569 1554 1706 1585 Kirkham
1721 1556 1818 1583 Decem
1832 1551 1951 1586 Libras,-
1973 1549 2109 1581 videlicet.

1379 1595 1508 1635 Qilibet
1525 1603 1625 1625 eorum
1638 1593 1674 1624 de
1687 1592 1806 1624 Summa
1819 1591 1865 1621 sua
1880 1588 2014 1629 praeditsta
2028 1591 2059 1620 in
2071 1586 2249 1626 Estrithingo
2262 1586 2294 1617 in
2307 1583 2399 1623 Corn}¹

1341 1635 1479 1666 Eborum.

1380 1715 1461 1743 Prior
1476 1712 1507 1742 de
1520 1708 1653 1749 Gis-burgh
1667 1711 1765 1740 Decem
1779 1707 1891 1738 Libras.

1378 1751 1524 1790 Johannes
1542 1753 1619 1780 Dene
1634 1752 1732 1780 Decem
1751 1750 1874 1778 Marcas.

1378 1788 1516 1829 Magister
1533 1792 1646 1826 Rogerus
1661 1784 1827 1827 Esjngwold
1848 1786 1968 1824 <euinque
1988 1784 2109 1813 Marcas.

1381 1828 1420 1860 Et
1434 1831 1563 1872 ⁴Homines
1577 1829 1605 1857 V
1604 1825 1659 1856 illae
1674 1827 1705 1855 de
1720 1822 1868 1864 Doncastre
1908 1824 1986 1860 iginti
2003 1820 2122 1856 Libras,
2143 1816 2289 1854 videlicet,

1379 1867 1512 1906 Qulibut
1525 1875 1626 1896 eorum
1639 1865 1675 1896 de
1690 1864 1809 1895 Summa
1821 1863 1864 1892 sua
1880 1859 2014 1899 praediCta
2027 1861 2059 1890 in
2075 1858 2164 1891 Com.
2182 1852 2348 1889 Westmerl.

2416 1451 2437 1472 ⁸*
2444 1451 2549 1488 {14⁶7}

1379 1946 1423 1976 W
1425 1943 1546 1975 illielmus
1566 1942 1715 1983 Rigmadyn
1729 1944 1827 1972 Decem
1844 1938 1954 1969 Libras.

1380 1983 1528 2026 Johannes
1544 1979 1669 2021 Pykwell
1685 1983 1783 2011 Decem
1801 1978 1911 2008 Libras.

1380 2024 1475 2060 Major
1492 2022 1646 2051 Coventriae
1662 2020 1695 2051 &
1709 2018 1754 2049 alii
1768 2021 1880 2047 Centum
1896 2017 2020 2045 Marcas.

1382 2062 1410 2089 V
1411 2063 1508 2089 icarios
1522 2060 1554 2089 de
1567 2056 1716 2088 Coventrii
1733 2058 1840 2093 Viginti
1855 2056 1978 2084 Marcas.

1379 2097 1417 2129 Et
1433 2101 1513 2128 Prior
1528 2098 1558 2127 de
1574 2099 1724 2127 Coventria
1739 2097 1844 2132 Viginti
1858 2095 1987 2129 Μανίας,

1381 2137 1512 2176 Qilibet
1530 2144 1632 2167 eorum
1645 2135 1682 2166 de
1697 2134 1815 2165 Summa
1829 2131 1874 2162 sua
1887 2129 2022 2171 pxaedicsta
2036 2128 2065 2159 in
2081 2125 2169 2159 Com.
2183 2124 2273 2164 Leyc.

1381 2215 1471 2244 Henr.
1486 2210 1602 2254 Sayvell
1613 2215 1726 2242 Centum
1741 2209 1852 2248 Solid05‚

1382 2252 1513 2282 Robertus
1528 2254 1609 2292 Percy
1620 2254 1734 2281 Centum
1747 2248 1857 2286 Solidos,

1383 2290 1542 2320 Edmundus
1558 2292 1625 2319 Fitz
1643 2290 1686 2318 W
1684 2288 1771 2319 illiam
1788 2291 1887 2318 Decem
1900 2285 2014 2322 Libras,

1382 2332 1511 2359 Homines
1523 2331 1551 2359 V
1552 2327 1638 2357 illatae
1651 2328 1683 2358 de
1699 2326 1774 2367 Selby
1789 2326 1857 2356 Οὲῖο
1871 2323 1987 2361 Libras,

1382 2367 1529 2436 {ohannes
1545 2365 1645 2396 Selowe
1658 2369 1756 2396 Decem
1774 2364 1886 2400 Libras,

1409 2415 1420 2437 t
1434 2406 1532 2436 Abbas
1548 2406 1580 2436 de
1592 2403 1729 2475 Kirgstall
1742 2406 1840 2433 Decem
1853 2401 1972 2436 Libras,
1998 2396 2144 2434 videlicet,

1383 2445 1515 2484 Qilibet
1528 2452 1629 2475 eorum
1665 2454 1682 2473 e
1695 2444 1813 2474 Summa
1824 2440 1868 2472 sua
1882 2437 2017 2482 praedieta
2032 2438 2062 2467 in
2076 2433 2204 2465 Partibus
2219 2427 2406 2463 Westrithinz

1346 2484 1374 2523 gi
1388 2484 1460 2516 infra
1474 2483 1563 2514 Corn.
1578 2480 1716 2514 Eborum.

1350 2547 2403 2575 Μ

1458 2615 1507 2648 De
1530 2614 1666 2647 Licentia
1692 2606 1844 2646 Morandi
1867 2610 1898 2641 in
1918 2603 2034 2651 Anglia
2047 2612 2102 2648 pro
2119 2597 2304 2634 Hibernicis.

1354 2698 1479 2758 REX
1496 2698 1659 2735 Omnibus,
1676 2696 1711 2728 ad
1725 2705 1811 2736 quos,
1827 2695 1888 2726 ὅτε.
1905 2690 2041 2722 Salutem.
2422 2681 2498 2712 Ann.
2513 2682 2553 2712 D.

1468 2738 1567 2768 Sciatis
1582 2737 1678 2775 quod,

1388 2777 1470 2808 Licet
1489 2776 1556 2807 Nos
1574 2785 1681 2813 nuper,
2331 2796 2337 2801 ,

1387 2815 1577 2846 Roberationi
1598 2815 1632 2846 δε
1654 2810 1819 2844 Defenfioni
1832 2808 1934 2839 Terrae
1947 2803 2052 2836 nostrae
2067 2799 2234 2834 Hiberniae,
2251 2807 2286 2827 ac
2302 2795 2408 2834 L1ge0-
2426 2802 2457 2825 H.
2474 2799 2491 2824 6

1352 2864 1415 2885 rum
1435 2853 1598 2884 nostrorum
1617 2851 1740 2889 ejusdem
1762 2848 1878 2884 Terrae,
1895 2853 1994 2876 contra
2017 2840 2053 2872 M

1353 2894 1475 2925 strorum
1489 2891 1595 2922 ibidem
1611 2890 1760 2931 providere
1773 2887 1899 2917 volentes
1913 2891 1944 2912 ut
1959 2888 2105 2915 tenemur,
2272 2912 2277 2917 ,
2313 2911 2318 2916 .
2424 2879 2459 2902 Η.
2476 2878 2503 2903 6.

1394 2931 1441 2962 De
1463 2931 1634 2962 avisamento
1650 2930 1683 2960 &
1703 2925 1808 2957 affensu
1829 2920 1955 2953 Concilii
1970 2918 2074 2954 nostri,
2091 2925 2124 2946 ac
2137 2913 2170 2944 ad
2185 2911 2406 2951 Requifinonem
2423 2919 2448 2950 p.
2470 2924 2496 2941 2,

1355 2968 1578 3000 Communitatis
1593 2966 1689 3005 Regni
1703 2963 1790 2995 nostri
1807 2960 1932 2999 Angliae,
1945 2959 1974 2987 in
1991 2957 2091 2987 ultimo
2109 2953 2299 2983 parliamento
2310 2948 2408 2979 nostro
2424 2961 2460 2981 m.
2476 2951 2519 2979 16,

1354 3009 1435 3047 super
1455 3008 1512 3037 hoc
1533 3005 1657 3042 factam,
1675 3004 1704 3033 in
1726 3000 1839 3038 fingulis
1858 2997 2050 3028 Comitatibus
2072 2992 2169 3031 Regni
2190 2989 2279 3021 nostri
2296 2987 2408 3026 Angliae

1355 3047 1471 3085 publice
1488 3043 1659 3074 Proclamari
1671 3041 1837 3076 fecerimus,
2265 3066 2270 3070 ,

1393 3083 1485 3123 Qod
1499 3091 1600 3112 omnes
1612 3081 1645 3112 ὅτ.
1663 3078 1761 3119 finguli
1774 3076 1855 3116 Ligei
1868 3072 1956 3104 nostri
1970 3071 2071 3102 Terrae
2084 3066 2225 3109 praedi&ae
2236 3088 2246 3104 ,
2264 3063 2335 3095 infra
2346 3064 2408 3094 Re-

1356 3132 1448 3162 gnum
1468 3120 1597 3151 nostrum
1621 3119 1731 3157 Angliae
1755 3124 1824 3146 tunc
1845 3112 2007 3148 existentes,
2023 3110 2058 3139 ab
2077 3107 2179 3138 eodem
2201 3104 2323 3142 Regno,
2339 3112 2408 3133 cum

1356 3162 1438 3192 omni
1463 3160 1619 3195 celeritate,
1637 3157 1662 3188 se
1675 3156 1873 3189 Diverterent,
1888 3151 1920 3181 &
1936 3150 1969 3180 ad
1983 3147 2087 3178 Natale
2101 3146 2200 3188 Solum
2212 3142 2293 3172 suum
2309 3141 2408 3179 praedi-

1357 3201 1438 3231 &um
1455 3200 1481 3228 Ie
1497 3197 1702 3232 Transferrent,
1720 3203 1771 3232 pro
1784 3189 1958 3222 Defenfione
1973 3188 2006 3218 δε
2021 3184 2227 3216 Fortincarione
2240 3180 2340 3210 Terrae
2355 3189 2409 3209 no—

1357 3239 1421 3269 strae
1443 3236 1604 3275 praedit‘he,
1623 3234 1665 3264 [tii
1682 3231 1762 3272 quod
1783 3229 1871 3261 essent
1887 3226 1994 3257 ibidem
2015 3225 2082 3255 citra
2095 3221 2210 3252 Festum
2227 3217 2411 3248 Penrecostes

1356 3278 1487 3316 proximo
1507 3275 1649 3311 futurum,
1666 3271 1716 3302 sub
1737 3269 1828 3300 Poena
1850 3264 2044 3297 ForisfaCiurae
2064 3261 2197 3291 omnium
2215 3256 2362 3288 Bonorum
2378 3256 2412 3286 &

1359 3316 1536 3347 Catallorum
1548 3313 1680 3348 suorum,
1696 3311 1729 3341 δε
1743 3303 1984 3345 Imprisonamenti
1999 3300 2163 3337 Corporum
2181 3297 2295 3338 suorum
2312 3295 2346 3325 ad
2359 3304 2413 3325 vo-

1359 3356 1494 3387 luntatem
1517 3351 1659 3387 nostram,
1675 3358 1708 3378 ac
1729 3347 1787 3377 aliis
1807 3343 1923 3380 Poenis,
1938 3343 1968 3372 in
1982 3340 2092 3371 Statutis
2109 3339 2141 3368 δε
2157 3333 2411 3378 Ordinauonibus,

1360 3397 1390 3425 in
1407 3394 1460 3423 hac
1477 3399 1552 3429 parte
1567 3388 1663 3424 editis,
1681 3384 1840 3420 contentis,
1857 3380 1996 3418 (exceptis
2011 3378 2092 3407 certis
2107 3375 2234 3406 Persoms
2250 3381 2278 3402 1n
2295 3371 2412 3402 Procla-

1360 3433 1486 3464 matione
1497 3427 1629 3468 praedieta
1641 3423 1798 3464 specifiatis)
1820 3427 1903 3459 prout
1915 3420 1944 3448 in
1958 3416 2053 3447 eadem
2068 3413 2176 3454 plenius
2189 3411 2366 3445 continetur,

1399 3469 1448 3500 De
1463 3468 1560 3498 Gratia
1573 3473 1667 3496 tamen
1679 3462 1772 3492 nostra
1789 3457 1906 3498 speciali,
1916 3457 1948 3488 &
1962 3457 1998 3486 de
2010 3454 2182 3484 avisamento
2197 3450 2267 3480 dieii
2285 3447 2413 3478 Concilii

1363 3508 1470 3546 nostri,
1487 3516 1520 3536 ac
1537 3515 1589 3543 pro
1604 3501 1727 3533 Dimidia
1745 3502 1863 3535 Marca,
1879 3504 1963 3533 quam
1983 3492 2094 3523 Thomas
2112 3490 2207 3521 White
2222 3488 2257 3518 de
2270 3486 2415 3523 London,

1362 3550 1392 3579 in
1414 3547 1505 3577 Terra
1526 3542 1658 3582 praedieta
1681 3538 1832 3574 oriundus,
1847 3534 1945 3565 Nobis
1955 3532 2038 3562 solvit
2048 3554 2058 3567 ,
2074 3531 2105 3560 in
2119 3526 2282 3563 Hanaperio
2296 3524 2394 3554 nostro
2404 3546 2415 3562 ,

1362 3583 1528 3624 Conceffimus
1549 3583 1583 3613 &
1603 3578 1768 3616 Licentiam
1787 3574 1934 3609 Dedimus,
1952 3580 2004 3610 pro
2017 3568 2116 3600 Nobis
2131 3567 2163 3597 &
2178 3563 2346 3595 Haeredibus
2360 3572 2414 3592 no-

1364 3625 1440 3662 stris,
1459 3629 1594 3661 quantum
1611 3620 1642 3647 in
1657 3616 1757 3647 Nobis
1771 3613 1829 3651 cst,
1846 3610 1963 3649 praefato
1978 3610 2092 3638 Domino
2107 3604 2186 3643 quod
2201 3603 2255 3641 ipse
2271 3601 2339 3631 infra
2353 3599 2413 3630 Re-

1363 3672 1451 3692 vnum
1474 3659 1602 3691 nostrum
1625 3655 1736 3694 Angliae
1758 3661 1811 3691 pro
1831 3649 1972 3680 Termino
1997 3645 2073 3676 Vitae
2087 3645 2139 3674 suae
2153 3642 2263 3672 Morari
2280 3639 2363 3678 poffit
2378 3639 2412 3669 &

1363 3688 1519 3738 {xpeeiare
1529 3720 1539 3735 ,
1554 3696 1631 3726 licite
1648 3694 1680 3724 &
1703 3690 1838 3729 impune,
1854 3686 1955 3725 absque
1968 3683 2145 3723 impetitione
2161 3680 2206 3710 vel
2220 3677 2416 3709 molestatione

1363 3739 1480 3776 Nostri,
1500 3735 1545 3767 vel
1566 3732 1721 3764 Haeredum
1743 3728 1926 3763 nostrorum,
1945 3732 1991 3754 aut
2010 3722 2128 3753 aliorum
2150 3725 2418 3760 quorumcumque3

1362 3775 1591 3808 Proclamatione
1603 3767 1738 3811 praedici&
1746 3790 1755 3806 ,
1770 3775 1818 3797 aut
1830 3764 1967 3804 aliquibus
1982 3760 2093 3791 Starutis
2105 3757 2150 3788 vel
2164 3754 2416 3799 Orfimatiombus,

1362 3819 1392 3849 in
1414 3813 1586 3846 contrarium
1605 3809 1702 3846 factis,
1720 3816 1778 3837 non
1800 3803 1992 3836 obstantibus3
2008 3797 2185 3828 Dumtamen
2206 3794 2284 3823 1dem
2300 3790 2415 3821 'Thomas

1362 3856 1436 3887 bene
1450 3854 1483 3884 &
1497 3850 1612 3881 fideliter
1625 3848 1650 3878 se
1662 3853 1737 3886 gerat
1749 3853 1812 3883 erga
1827 3841 1895 3872 Nos
1907 3839 1940 3870 &
1954 3836 2100 3877 Populum
2114 3832 2252 3864 nostrum.

1399 3888 1647 3967 Ιῃέἒῖιὶιξὲνῗΐῐῖυ
1659 3921 1759 3964 custode
1773 3917 1845 3959 apud
1854 3914 1961 3954 Westm.
1976 3912 2113 3945 vicefimo
2126 3909 2203 3940 sexro
2217 3907 2263 3938 die
2277 3905 2361 3945 Maii,

1835 3994 1889 4023 Per
1905 3993 1998 4022 Breve
2016 3989 2048 4020 de
2066 3990 2186 4018 Privato
2202 3982 2300 4024 Sigillo.

1841 4105 1873 4138 X
1889 4115 1907 4136 2
2325 4093 2429 4127 Confi-
