<?xml version="1.0" encoding="UTF-8"?>
<!DOCTYPE html PUBLIC "-//W3C//DTD XHTML 1.0 Transitional//EN"
    "http://www.w3.org/TR/xhtml1/DTD/xhtml1-transitional.dtd">
<html xmlns="http://www.w3.org/1999/xhtml" xml:lang="en" lang="en">
 <head>
  <title>
</title>
<meta http-equiv="Content-Type" content="text/html;charset=utf-8" />
  <meta name='ocr-system' content='tesseract 3.04.00' />
  <meta name='ocr-capabilities' content='ocr_page ocr_carea ocr_par ocr_line ocrx_word'/>
</head>
<body>
  <div class='ocr_page' id='page_1' title='image "./fderaconventione04ryme/fderaconventione04ryme_0741.png"; bbox 0 0 2562 4274; ppageno 0'>
   <div class='ocr_carea' id='block_1_1' title="bbox 776 192 1242 236">
    <p class='ocr_par' dir='ltr' id='par_1_1' title="bbox 776 192 1242 236">
     <span class='ocr_line' id='line_1_1' title="bbox 776 192 1242 236; baseline 0 0"><span class='ocrx_word' id='word_1_1' title='bbox 776 192 878 236; x_wconf 89' lang='lat' dir='ltr'>ET</span> <span class='ocrx_word' id='word_1_2' title='bbox 978 192 1242 236; x_wconf 87' lang='lat' dir='ltr'>ACTA</span> 
     </span>
    </p>
   </div>
   <div class='ocr_carea' id='block_1_2' title="bbox 29 277 1236 587">
    <p class='ocr_par' dir='ltr' id='par_1_2' title="bbox 30 277 1233 319">
     <span class='ocr_line' id='line_1_2' title="bbox 30 277 1233 319; baseline -0.002 -7"><span class='ocrx_word' id='word_1_3' title='bbox 30 277 156 312; x_wconf 82' lang='lat' dir='ltr'>Ann.D.</span> <span class='ocrx_word' id='word_1_4' title='bbox 173 287 219 309; x_wconf 88' lang='lat' dir='ltr'>tor</span> <span class='ocrx_word' id='word_1_5' title='bbox 242 278 338 319; x_wconf 81' lang='lat' dir='ltr'>Regni</span> <span class='ocrx_word' id='word_1_6' title='bbox 351 278 473 317; x_wconf 80' lang='lat' dir='ltr'>Scotiae,</span> <span class='ocrx_word' id='word_1_7' title='bbox 489 279 537 318; x_wconf 89' lang='lat' dir='ltr'>qui</span> <span class='ocrx_word' id='word_1_8' title='bbox 556 287 632 309; x_wconf 87' lang='lat' dir='ltr'>nunc</span> <span class='ocrx_word' id='word_1_9' title='bbox 645 278 703 317; x_wconf 89' lang='lat' dir='ltr'>est,</span> <span class='ocrx_word' id='word_1_10' title='bbox 722 280 768 310; x_wconf 87' lang='lat' dir='ltr'>vel</span> <span class='ocrx_word' id='word_1_11' title='bbox 781 281 829 318; x_wconf 86' lang='lat' dir='ltr'>qui</span> <span class='ocrx_word' id='word_1_12' title='bbox 846 290 898 318; x_wconf 87' lang='lat' dir='ltr'>pro</span> <span class='ocrx_word' id='word_1_13' title='bbox 914 287 1042 316; x_wconf 85' lang='lat' dir='ltr'>tempore</span> <span class='ocrx_word' id='word_1_14' title='bbox 1054 280 1151 318; x_wconf 85' lang='lat' dir='ltr'>fuerit,</span> <span class='ocrx_word' id='word_1_15' title='bbox 1169 282 1233 310; x_wconf 90' lang='lat' dir='ltr'>mit-</span> 
     </span>
    </p>

    <p class='ocr_par' dir='ltr' id='par_1_3' title="bbox 49 316 1231 358">
     <span class='ocr_line' id='line_1_3' title="bbox 49 316 1231 358; baseline 0.001 -10"><span class='ocrx_word' id='word_1_16' title='bbox 49 326 132 358; x_wconf 84' lang='lat'>1423.</span> <span class='ocrx_word' id='word_1_17' title='bbox 174 326 213 349; x_wconf 93' lang='lat' dir='ltr'>tet</span> <span class='ocrx_word' id='word_1_18' title='bbox 239 320 452 354; x_wconf 79' lang='lat' dir='ltr'>Procuratores,</span> <span class='ocrx_word' id='word_1_19' title='bbox 472 316 703 355; x_wconf 86' lang='lat' dir='ltr'>Commissarios,</span> <span class='ocrx_word' id='word_1_20' title='bbox 722 318 767 348; x_wconf 90' lang='lat' dir='ltr'>seu</span> <span class='ocrx_word' id='word_1_21' title='bbox 793 318 827 348; x_wconf 94' lang='lat' dir='ltr'>N</span> <span class='ocrx_word' id='word_1_22' title='bbox 831 319 946 355; x_wconf 86' lang='lat' dir='ltr'>uncios,</span> <span class='ocrx_word' id='word_1_23' title='bbox 963 318 1104 349; x_wconf 90' lang='lat' dir='ltr'>Potestate</span> <span class='ocrx_word' id='word_1_24' title='bbox 1127 319 1231 349; x_wconf 80' lang='lat' dir='ltr'>sullitos</span> 
     </span>
    </p>

    <p class='ocr_par' dir='ltr' id='par_1_4' title="bbox 29 355 1229 395">
     <span class='ocr_line' id='line_1_4' title="bbox 29 355 1229 395; baseline 0 -9"><span class='ocrx_word' id='word_1_25' title='bbox 29 362 91 386; x_wconf 77' lang='lat' dir='ltr'>Heu.</span> <span class='ocrx_word' id='word_1_26' title='bbox 110 358 136 386; x_wconf 86' lang='lat'>6.</span> <span class='ocrx_word' id='word_1_27' title='bbox 173 357 207 387; x_wconf 69' lang='grc' dir='ltr'>δε</span> <span class='ocrx_word' id='word_1_28' title='bbox 223 359 253 390; x_wconf 84' lang='lat' dir='ltr'>in</span> <span class='ocrx_word' id='word_1_29' title='bbox 272 357 324 387; x_wconf 87' lang='lat' dir='ltr'>hac</span> <span class='ocrx_word' id='word_1_30' title='bbox 343 364 419 395; x_wconf 85' lang='lat' dir='ltr'>parte</span> <span class='ocrx_word' id='word_1_31' title='bbox 437 355 607 386; x_wconf 89' lang='lat' dir='ltr'>sufficienter</span> <span class='ocrx_word' id='word_1_32' title='bbox 627 356 793 394; x_wconf 57' lang='lat' dir='ltr'>instructos,</span> <span class='ocrx_word' id='word_1_33' title='bbox 813 356 991 394; x_wconf 89' lang='lat' dir='ltr'>Londoniae,</span> <span class='ocrx_word' id='word_1_34' title='bbox 1009 357 1041 386; x_wconf 88' lang='lat' dir='ltr'>ad</span> <span class='ocrx_word' id='word_1_35' title='bbox 1060 355 1229 386; x_wconf 86' lang='lat' dir='ltr'>Concilium</span> 
     </span>
    </p>

    <p class='ocr_par' dir='ltr' id='par_1_5' title="bbox 173 392 1231 471">
     <span class='ocr_line' id='line_1_5' title="bbox 173 392 1231 431; baseline 0.001 -7"><span class='ocrx_word' id='word_1_36' title='bbox 173 394 298 428; x_wconf 87' lang='lat' dir='ltr'>Domini</span> <span class='ocrx_word' id='word_1_37' title='bbox 322 397 400 431; x_wconf 83' lang='lat' dir='ltr'>Regis</span> <span class='ocrx_word' id='word_1_38' title='bbox 425 392 555 431; x_wconf 82' lang='lat' dir='ltr'>Angliae,</span> <span class='ocrx_word' id='word_1_39' title='bbox 575 395 641 424; x_wconf 82' lang='lat' dir='ltr'>citra</span> <span class='ocrx_word' id='word_1_40' title='bbox 663 394 836 424; x_wconf 88' lang='lat' dir='ltr'>Vicefimum</span> <span class='ocrx_word' id='word_1_41' title='bbox 862 393 951 424; x_wconf 90' lang='lat' dir='ltr'>Diem</span> <span class='ocrx_word' id='word_1_42' title='bbox 970 394 1075 425; x_wconf 85' lang='lat' dir='ltr'>Mensis</span> <span class='ocrx_word' id='word_1_43' title='bbox 1093 394 1231 425; x_wconf 66' lang='lat' dir='ltr'>Ostobris</span> 
     </span>
     <span class='ocr_line' id='line_1_6' title="bbox 174 431 859 471; baseline -0.006 -7"><span class='ocrx_word' id='word_1_44' title='bbox 174 436 308 471; x_wconf 78' lang='lat' dir='ltr'>proximo</span> <span class='ocrx_word' id='word_1_45' title='bbox 326 433 451 463; x_wconf 88' lang='lat' dir='ltr'>futurum</span> <span class='ocrx_word' id='word_1_46' title='bbox 466 432 531 470; x_wconf 85' lang='lat' dir='ltr'>post</span> <span class='ocrx_word' id='word_1_47' title='bbox 548 431 652 463; x_wconf 77' lang='lat' dir='ltr'>Daram</span> <span class='ocrx_word' id='word_1_48' title='bbox 667 432 859 462; x_wconf 81' lang='lat' dir='ltr'>Praesentium.</span> 
     </span>
    </p>

    <p class='ocr_par' dir='ltr' id='par_1_6' title="bbox 213 470 1232 510">
     <span class='ocr_line' id='line_1_7' title="bbox 213 470 1232 510; baseline -0.001 -9"><span class='ocrx_word' id='word_1_49' title='bbox 213 473 245 503; x_wconf 86' lang='lat' dir='ltr'>In</span> <span class='ocrx_word' id='word_1_50' title='bbox 262 480 385 510; x_wconf 88' lang='lat' dir='ltr'>quorum</span> <span class='ocrx_word' id='word_1_51' title='bbox 402 471 533 500; x_wconf 89' lang='lat' dir='ltr'>omnium</span> <span class='ocrx_word' id='word_1_52' title='bbox 548 471 580 501; x_wconf 69' lang='grc' dir='ltr'>ὅ(</span> <span class='ocrx_word' id='word_1_53' title='bbox 596 471 764 509; x_wconf 69' lang='lat' dir='ltr'>singulorum</span> <span class='ocrx_word' id='word_1_54' title='bbox 782 470 880 500; x_wconf 83' lang='lat' dir='ltr'>Fidem</span> <span class='ocrx_word' id='word_1_55' title='bbox 893 472 926 502; x_wconf 70' lang='grc' dir='ltr'>ὅ(</span> <span class='ocrx_word' id='word_1_56' title='bbox 936 470 1149 501; x_wconf 85' lang='lat' dir='ltr'>Testimonium</span> <span class='ocrx_word' id='word_1_57' title='bbox 1163 470 1232 501; x_wconf 67' lang='lat' dir='ltr'>dieti</span> 
     </span>
    </p>

    <p class='ocr_par' dir='ltr' id='par_1_7' title="bbox 175 507 1235 548">
     <span class='ocr_line' id='line_1_8' title="bbox 175 507 1235 548; baseline -0.003 -7"><span class='ocrx_word' id='word_1_58' title='bbox 175 510 300 541; x_wconf 88' lang='lat' dir='ltr'>Domini</span> <span class='ocrx_word' id='word_1_59' title='bbox 316 507 531 540; x_wconf 85' lang='lat' dir='ltr'>Ambassiatores</span> <span class='ocrx_word' id='word_1_60' title='bbox 544 509 648 539; x_wconf 82' lang='lat' dir='ltr'>Scoriae</span> <span class='ocrx_word' id='word_1_61' title='bbox 664 509 729 539; x_wconf 89' lang='lat' dir='ltr'>huic</span> <span class='ocrx_word' id='word_1_62' title='bbox 747 508 967 548; x_wconf 85' lang='lat' dir='ltr'>Scripto,penes</span> <span class='ocrx_word' id='word_1_63' title='bbox 982 509 1127 539; x_wconf 89' lang='lat' dir='ltr'>Dominos</span> <span class='ocrx_word' id='word_1_64' title='bbox 1141 508 1235 539; x_wconf 89' lang='lat' dir='ltr'>Corn-</span> 
     </span>
    </p>

    <p class='ocr_par' dir='ltr' id='par_1_8' title="bbox 179 546 1236 587">
     <span class='ocr_line' id='line_1_9' title="bbox 179 546 1236 587; baseline -0.002 -8"><span class='ocrx_word' id='word_1_65' title='bbox 179 549 315 579; x_wconf 83' lang='lat' dir='ltr'>missari&#39;os</span> <span class='ocrx_word' id='word_1_66' title='bbox 337 548 404 577; x_wconf 69' lang='lat' dir='ltr'>dieti</span> <span class='ocrx_word' id='word_1_67' title='bbox 419 547 541 577; x_wconf 87' lang='lat' dir='ltr'>Domini</span> <span class='ocrx_word' id='word_1_68' title='bbox 554 549 632 584; x_wconf 84' lang='lat' dir='ltr'>Regis</span> <span class='ocrx_word' id='word_1_69' title='bbox 647 546 760 584; x_wconf 63' lang='lat' dir='ltr'>Anglrae</span> <span class='ocrx_word' id='word_1_70' title='bbox 776 547 946 578; x_wconf 86' lang='lat' dir='ltr'>Remanenti</span> <span class='ocrx_word' id='word_1_71' title='bbox 980 548 1072 586; x_wconf 81' lang='lat' dir='ltr'>sigilla</span> <span class='ocrx_word' id='word_1_72' title='bbox 1086 547 1131 578; x_wconf 89' lang='lat' dir='ltr'>sua</span> <span class='ocrx_word' id='word_1_73' title='bbox 1145 548 1236 587; x_wconf 83' lang='lat' dir='ltr'>fingu-</span> 
     </span>
    </p>
   </div>
   <div class='ocr_carea' id='block_1_3' title="bbox 177 587 983 663">
    <p class='ocr_par' dir='ltr' id='par_1_9' title="bbox 177 587 983 663">
     <span class='ocr_line' id='line_1_10' title="bbox 177 587 459 627; baseline -0.011 -10"><span class='ocrx_word' id='word_1_74' title='bbox 177 587 255 618; x_wconf 79' lang='lat' dir='ltr'>latim</span> <span class='ocrx_word' id='word_1_75' title='bbox 268 588 459 627; x_wconf 80' lang='lat' dir='ltr'>apposuerunt.</span> 
     </span>
     <span class='ocr_line' id='line_1_11' title="bbox 218 621 983 663; baseline -0.005 -7"><span class='ocrx_word' id='word_1_76' title='bbox 218 624 286 656; x_wconf 86' lang='lat' dir='ltr'>Dat.</span> <span class='ocrx_word' id='word_1_77' title='bbox 304 625 392 656; x_wconf 91' lang='lat' dir='ltr'>Anno</span> <span class='ocrx_word' id='word_1_78' title='bbox 412 623 552 659; x_wconf 89' lang='lat' dir='ltr'>Domini,</span> <span class='ocrx_word' id='word_1_79' title='bbox 571 621 647 660; x_wconf 88' lang='lat' dir='ltr'>Die,</span> <span class='ocrx_word' id='word_1_80' title='bbox 664 623 697 653; x_wconf 93' lang='lat'>&amp;</span> <span class='ocrx_word' id='word_1_81' title='bbox 718 622 803 654; x_wconf 89' lang='lat' dir='ltr'>Loco</span> <span class='ocrx_word' id='word_1_82' title='bbox 817 623 983 663; x_wconf 70' lang='lat' dir='ltr'>supradiffis.</span> 
     </span>
    </p>
   </div>
   <div class='ocr_carea' id='block_1_4' title="bbox 346 697 1238 768">
    <p class='ocr_par' dir='ltr' id='par_1_10' title="bbox 346 697 1238 768">
     <span class='ocr_line' id='line_1_12' title="bbox 346 697 1238 766; baseline -0.001 -36"><span class='ocrx_word' id='word_1_83' title='bbox 346 697 515 766; x_wconf 55' lang='lat' dir='ltr'>SuobSigillis</span> <span class='ocrx_word' id='word_1_84' title='bbox 533 697 764 738; x_wconf 83' lang='lat' dir='ltr'>Ambafflatorum</span> <span class='ocrx_word' id='word_1_85' title='bbox 782 711 800 729; x_wconf 88' lang='lat' dir='ltr'><em>a</em></span> <span class='ocrx_word' id='word_1_86' title='bbox 818 700 917 730; x_wconf 80' lang='lat' dir='ltr'>Caudis</span> <span class='ocrx_word' id='word_1_87' title='bbox 933 702 1104 738; x_wconf 56' lang='lat' dir='ltr'>Pergamenae</span> <span class='ocrx_word' id='word_1_88' title='bbox 1118 698 1238 738; x_wconf 72' lang='lat' dir='ltr'>penden-</span> 
     </span>
     <span class='ocr_line' id='line_1_13' title="bbox 371 745 453 768; baseline -0.037 0"><span class='ocrx_word' id='word_1_89' title='bbox 371 745 395 768; x_wconf 76' lang='lat' dir='ltr'>ti</span> <span class='ocrx_word' id='word_1_90' title='bbox 414 747 453 766; x_wconf 87' lang='lat' dir='ltr'>us.</span> 
     </span>
    </p>
   </div>
   <div class='ocr_carea' id='block_1_5' title="bbox 32 858 1243 1220">
    <p class='ocr_par' dir='ltr' id='par_1_11' title="bbox 32 858 1243 1220">
     <span class='ocr_line' id='line_1_14' title="bbox 32 858 1147 908; baseline -0.003 -13"><span class='ocrx_word' id='word_1_91' title='bbox 32 872 168 908; x_wconf 65' lang='lat' dir='ltr'>Ox,301.</span> <span class='ocrx_word' id='word_1_92' title='bbox 272 859 300 886; x_wconf 55' lang='grc' dir='ltr'>*ἒ</span> <span class='ocrx_word' id='word_1_93' title='bbox 321 862 370 894; x_wconf 85' lang='lat' dir='ltr'>De</span> <span class='ocrx_word' id='word_1_94' title='bbox 385 860 475 906; x_wconf 76' lang='lat' dir='ltr'>fhlvo</span> <span class='ocrx_word' id='word_1_95' title='bbox 501 859 652 894; x_wconf 60' lang='lat' dir='ltr'>Condut‘lu</span> <span class='ocrx_word' id='word_1_96' title='bbox 670 871 725 907; x_wconf 89' lang='lat' dir='ltr'>pro</span> <span class='ocrx_word' id='word_1_97' title='bbox 749 858 1014 903; x_wconf 65' lang='lat' dir='ltr'>Ambciffi&#39;tztoribus</span> <span class='ocrx_word' id='word_1_98' title='bbox 1037 864 1147 893; x_wconf 83' lang='lat' dir='ltr'>Scotiae.</span> 
     </span>
     <span class='ocr_line' id='line_1_15' title="bbox 38 943 1064 1000; baseline -0.003 -23"><span class='ocrx_word' id='word_1_99' title='bbox 38 954 167 988; x_wconf 43' lang='lat' dir='ltr'>Anas),</span> <span class='ocrx_word' id='word_1_100' title='bbox 185 944 310 1000; x_wconf 78' lang='lat' dir='ltr'>REX</span> <span class='ocrx_word' id='word_1_101' title='bbox 330 944 464 994; x_wconf 69' lang='lat' dir='ltr'>universis</span> <span class='ocrx_word' id='word_1_102' title='bbox 481 946 515 978; x_wconf 90' lang='lat'>&amp;</span> <span class='ocrx_word' id='word_1_103' title='bbox 533 944 642 985; x_wconf 83' lang='lat' dir='ltr'>fingulis</span> <span class='ocrx_word' id='word_1_104' title='bbox 655 943 829 982; x_wconf 79' lang='lat' dir='ltr'>Admirallis,</span> <span class='ocrx_word' id='word_1_105' title='bbox 850 946 910 976; x_wconf 85' lang='lat' dir='ltr'>&amp;c.</span> <span class='ocrx_word' id='word_1_106' title='bbox 929 944 1064 975; x_wconf 84' lang='lat' dir='ltr'>Salutem.</span> 
     </span>
     <span class='ocr_line' id='line_1_16' title="bbox 34 983 1240 1062; baseline -0.011 0"><span class='ocrx_word' id='word_1_107' title='bbox 34 983 395 1062; x_wconf 48' lang='lat' dir='ltr'>A1n4223.CdeC1cagirsi</span> <span class='ocrx_word' id='word_1_108' title='bbox 419 984 742 1059; x_wconf 56' lang='lat' dir='ltr'>iiiiiss&#39;C0nsanguineus</span> <span class='ocrx_word' id='word_1_109' title='bbox 759 1020 870 1059; x_wconf 85' lang='lat' dir='ltr'>noster,</span> <span class='ocrx_word' id='word_1_110' title='bbox 887 1020 1009 1059; x_wconf 86' lang='lat' dir='ltr'>Jacobus</span> <span class='ocrx_word' id='word_1_111' title='bbox 1020 1024 1080 1050; x_wconf 82' lang='lat' dir='ltr'>Rex</span> <span class='ocrx_word' id='word_1_112' title='bbox 1093 1023 1240 1050; x_wconf 82' lang='lat' dir='ltr'>Scottorum</span> 
     </span>
     <span class='ocr_line' id='line_1_17' title="bbox 35 1043 1242 1101; baseline -0.001 -11"><span class='ocrx_word' id='word_1_113' title='bbox 35 1076 70 1101; x_wconf 81' lang='lat' dir='ltr'>H.</span> <span class='ocrx_word' id='word_1_114' title='bbox 90 1073 117 1097; x_wconf 87' lang='lat'>6.</span> <span class='ocrx_word' id='word_1_115' title='bbox 183 1069 266 1098; x_wconf 85' lang='lat' dir='ltr'>penes</span> <span class='ocrx_word' id='word_1_116' title='bbox 293 1043 460 1091; x_wconf 68' lang='lat' dir='ltr'>Concilium</span> <span class='ocrx_word' id='word_1_117' title='bbox 482 1059 610 1090; x_wconf 87' lang='lat' dir='ltr'>nostrum</span> <span class='ocrx_word' id='word_1_118' title='bbox 632 1060 681 1089; x_wconf 89' lang='lat' dir='ltr'>diu</span> <span class='ocrx_word' id='word_1_119' title='bbox 705 1068 771 1089; x_wconf 88' lang='lat' dir='ltr'>cum</span> <span class='ocrx_word' id='word_1_120' title='bbox 786 1059 924 1096; x_wconf 83' lang='lat' dir='ltr'>frequenti</span> <span class='ocrx_word' id='word_1_121' title='bbox 940 1059 1069 1090; x_wconf 70' lang='lat' dir='ltr'>instantia</span> <span class='ocrx_word' id='word_1_122' title='bbox 1083 1060 1242 1095; x_wconf 84' lang='lat' dir='ltr'>prosecutus</span> 
     </span>
     <span class='ocr_line' id='line_1_18' title="bbox 35 1097 1241 1138; baseline -0.003 -9"><span class='ocrx_word' id='word_1_123' title='bbox 35 1114 104 1138; x_wconf 63' lang='lat' dir='ltr'>scot,</span> <span class='ocrx_word' id='word_1_124' title='bbox 120 1118 147 1137; x_wconf 54' lang='lat'>2„</span> <span class='ocrx_word' id='word_1_125' title='bbox 182 1099 282 1136; x_wconf 88' lang='lat' dir='ltr'>fuerit,</span> <span class='ocrx_word' id='word_1_126' title='bbox 299 1098 396 1138; x_wconf 77' lang='lat' dir='ltr'>quod,</span> <span class='ocrx_word' id='word_1_127' title='bbox 416 1099 587 1130; x_wconf 83' lang='lat' dir='ltr'>Venerabilis</span> <span class='ocrx_word' id='word_1_128' title='bbox 611 1097 693 1129; x_wconf 89' lang='lat' dir='ltr'>Pater</span> <span class='ocrx_word' id='word_1_129' title='bbox 718 1097 881 1127; x_wconf 79' lang='lat' dir='ltr'>Willielmus</span> <span class='ocrx_word' id='word_1_130' title='bbox 897 1098 1039 1138; x_wconf 81' lang='lat' dir='ltr'>Episcopus</span> <span class='ocrx_word' id='word_1_131' title='bbox 1051 1097 1241 1137; x_wconf 61' lang='lat' dir='ltr'>Glasguenfis,</span> 
     </span>
     <span class='ocr_line' id='line_1_19' title="bbox 36 1135 1242 1177; baseline -0.003 -9"><span class='ocrx_word' id='word_1_132' title='bbox 36 1147 112 1175; x_wconf 51' lang='lat'>116,</span> <span class='ocrx_word' id='word_1_133' title='bbox 183 1136 369 1168; x_wconf 88' lang='lat' dir='ltr'>Cancellarius</span> <span class='ocrx_word' id='word_1_134' title='bbox 391 1138 514 1173; x_wconf 83' lang='lat' dir='ltr'>Scotiae,</span> <span class='ocrx_word' id='word_1_135' title='bbox 532 1139 668 1166; x_wconf 71' lang='lat' dir='ltr'>Patric-us</span> <span class='ocrx_word' id='word_1_136' title='bbox 690 1136 788 1166; x_wconf 71' lang='lat' dir='ltr'>Akbas</span> <span class='ocrx_word' id='word_1_137' title='bbox 810 1137 841 1166; x_wconf 85' lang='lat' dir='ltr'>de</span> <span class='ocrx_word' id='word_1_138' title='bbox 861 1136 1076 1177; x_wconf 79' lang='lat' dir='ltr'>Cainyskynnal,</span> <span class='ocrx_word' id='word_1_139' title='bbox 1096 1136 1196 1165; x_wconf 81' lang='lat' dir='ltr'>Abbas</span> <span class='ocrx_word' id='word_1_140' title='bbox 1210 1135 1242 1164; x_wconf 84' lang='lat' dir='ltr'>de</span> 
     </span>
     <span class='ocr_line' id='line_1_20' title="bbox 35 1174 1243 1220; baseline -0.001 -16"><span class='ocrx_word' id='word_1_141' title='bbox 35 1193 113 1220; x_wconf 46' lang='lat'>„14-</span> <span class='ocrx_word' id='word_1_142' title='bbox 183 1174 382 1219; x_wconf 81' lang='lat' dir='ltr'>Balmorynach</span> <span class='ocrx_word' id='word_1_143' title='bbox 397 1199 407 1215; x_wconf 87' lang='lat'>,</span> <span class='ocrx_word' id='word_1_144' title='bbox 433 1174 549 1205; x_wconf 84' lang='lat' dir='ltr'>Ordinis</span> <span class='ocrx_word' id='word_1_145' title='bbox 572 1174 765 1205; x_wconf 72' lang='lat' dir='ltr'>cisterciensis</span> <span class='ocrx_word' id='word_1_146' title='bbox 779 1197 787 1210; x_wconf 94' lang='lat'>,</span> <span class='ocrx_word' id='word_1_147' title='bbox 812 1174 957 1212; x_wconf 78' lang='lat' dir='ltr'>Johannes</span> <span class='ocrx_word' id='word_1_148' title='bbox 979 1176 1010 1204; x_wconf 82' lang='lat' dir='ltr'>de</span> <span class='ocrx_word' id='word_1_149' title='bbox 1038 1178 1243 1212; x_wconf 84' lang='lat' dir='ltr'>Montgomery‚</span> 
     </span>
    </p>
   </div>
   <div class='ocr_carea' id='block_1_6' title="bbox 182 1213 1256 3055">
    <p class='ocr_par' dir='ltr' id='par_1_12' title="bbox 182 1213 1243 1369">
     <span class='ocr_line' id='line_1_21' title="bbox 183 1213 1242 1251; baseline -0.004 -7"><span class='ocrx_word' id='word_1_150' title='bbox 183 1213 332 1244; x_wconf 84' lang='lat' dir='ltr'>Dominus</span> <span class='ocrx_word' id='word_1_151' title='bbox 351 1214 386 1245; x_wconf 90' lang='lat' dir='ltr'>de</span> <span class='ocrx_word' id='word_1_152' title='bbox 410 1213 578 1251; x_wconf 72' lang='lat' dir='ltr'>Ardrosian,</span> <span class='ocrx_word' id='word_1_153' title='bbox 598 1216 732 1243; x_wconf 79' lang='lat' dir='ltr'>Patricius</span> <span class='ocrx_word' id='word_1_154' title='bbox 754 1213 785 1242; x_wconf 83' lang='lat' dir='ltr'>de</span> <span class='ocrx_word' id='word_1_155' title='bbox 810 1213 927 1242; x_wconf 77' lang='lat' dir='ltr'>Dunhar</span> <span class='ocrx_word' id='word_1_156' title='bbox 945 1213 1043 1250; x_wconf 82' lang='lat' dir='ltr'>Miles,</span> <span class='ocrx_word' id='word_1_157' title='bbox 1062 1213 1193 1242; x_wconf 77' lang='lat' dir='ltr'>Rohertus</span> <span class='ocrx_word' id='word_1_158' title='bbox 1210 1213 1242 1241; x_wconf 85' lang='lat' dir='ltr'>de</span> 
     </span>
     <span class='ocr_line' id='line_1_22' title="bbox 182 1250 1241 1291; baseline -0.003 -9"><span class='ocrx_word' id='word_1_159' title='bbox 182 1252 322 1282; x_wconf 78' lang='lat' dir='ltr'>Laweder</span> <span class='ocrx_word' id='word_1_160' title='bbox 345 1252 443 1290; x_wconf 83' lang='lat' dir='ltr'>Miles,</span> <span class='ocrx_word' id='word_1_161' title='bbox 462 1252 607 1291; x_wconf 84' lang='lat' dir='ltr'>Johannes</span> <span class='ocrx_word' id='word_1_162' title='bbox 629 1250 754 1290; x_wconf 84' lang='lat' dir='ltr'>Forstar,</span> <span class='ocrx_word' id='word_1_163' title='bbox 773 1253 898 1288; x_wconf 83' lang='lat' dir='ltr'>Georgius</span> <span class='ocrx_word' id='word_1_164' title='bbox 922 1251 954 1280; x_wconf 77' lang='lat' dir='ltr'>de</span> <span class='ocrx_word' id='word_1_165' title='bbox 967 1252 1120 1289; x_wconf 57' lang='lat' dir='ltr'>Brothvgyk</span> <span class='ocrx_word' id='word_1_166' title='bbox 1136 1250 1241 1280; x_wconf 84' lang='lat' dir='ltr'>Archi-</span> 
     </span>
     <span class='ocr_line' id='line_1_23' title="bbox 182 1288 1243 1330; baseline -0.003 -9"><span class='ocrx_word' id='word_1_167' title='bbox 182 1288 316 1321; x_wconf 79' lang='lat' dir='ltr'>diaconus</span> <span class='ocrx_word' id='word_1_168' title='bbox 339 1290 533 1330; x_wconf 84' lang='lat' dir='ltr'>Glasguensis,</span> <span class='ocrx_word' id='word_1_169' title='bbox 560 1291 593 1320; x_wconf 89' lang='lat'>&amp;</span> <span class='ocrx_word' id='word_1_170' title='bbox 616 1293 749 1319; x_wconf 83' lang='lat' dir='ltr'>Patricius</span> <span class='ocrx_word' id='word_1_171' title='bbox 767 1289 800 1319; x_wconf 82' lang='lat' dir='ltr'>de</span> <span class='ocrx_word' id='word_1_172' title='bbox 817 1289 964 1329; x_wconf 83' lang='lat' dir='ltr'>Howyston</span> <span class='ocrx_word' id='word_1_173' title='bbox 986 1290 1151 1320; x_wconf 83' lang='lat' dir='ltr'>Canonicus</span> <span class='ocrx_word' id='word_1_174' title='bbox 1162 1288 1243 1319; x_wconf 88' lang='lat' dir='ltr'>Glas-</span> 
     </span>
     <span class='ocr_line' id='line_1_24' title="bbox 182 1326 787 1369; baseline -0.002 -11"><span class='ocrx_word' id='word_1_175' title='bbox 182 1329 307 1369; x_wconf 86' lang='lat' dir='ltr'>guensis,</span> <span class='ocrx_word' id='word_1_176' title='bbox 326 1328 355 1358; x_wconf 92' lang='lat' dir='ltr'>in</span> <span class='ocrx_word' id='word_1_177' title='bbox 366 1329 499 1369; x_wconf 79' lang='lat' dir='ltr'>Regnum</span> <span class='ocrx_word' id='word_1_178' title='bbox 517 1326 644 1358; x_wconf 88' lang='lat' dir='ltr'>nostrum</span> <span class='ocrx_word' id='word_1_179' title='bbox 660 1328 787 1366; x_wconf 82' lang='lat' dir='ltr'>Angliae,</span> 
     </span>
    </p>

    <p class='ocr_par' dir='ltr' id='par_1_13' title="bbox 183 1364 1243 1520">
     <span class='ocr_line' id='line_1_25' title="bbox 222 1364 1241 1405; baseline -0.002 -8"><span class='ocrx_word' id='word_1_180' title='bbox 222 1366 280 1397; x_wconf 91' lang='lat' dir='ltr'>Pro</span> <span class='ocrx_word' id='word_1_181' title='bbox 301 1366 404 1397; x_wconf 89' lang='lat' dir='ltr'>Mediis</span> <span class='ocrx_word' id='word_1_182' title='bbox 426 1378 459 1398; x_wconf 90' lang='lat' dir='ltr'>ac</span> <span class='ocrx_word' id='word_1_183' title='bbox 478 1366 556 1405; x_wconf 88' lang='lat' dir='ltr'>Viis,</span> <span class='ocrx_word' id='word_1_184' title='bbox 572 1364 777 1397; x_wconf 71' lang='lat' dir='ltr'>rationabilibus</span> <span class='ocrx_word' id='word_1_185' title='bbox 796 1366 829 1396; x_wconf 86' lang='lat'>&amp;</span> <span class='ocrx_word' id='word_1_186' title='bbox 850 1365 992 1403; x_wconf 85' lang='lat' dir='ltr'>honestis,</span> <span class='ocrx_word' id='word_1_187' title='bbox 1018 1375 1070 1402; x_wconf 87' lang='lat' dir='ltr'>pro</span> <span class='ocrx_word' id='word_1_188' title='bbox 1094 1365 1241 1395; x_wconf 80' lang='lat' dir='ltr'>Delibera-</span> 
     </span>
     <span class='ocr_line' id='line_1_26' title="bbox 183 1404 1242 1444; baseline -0.003 -9"><span class='ocrx_word' id='word_1_189' title='bbox 183 1406 262 1436; x_wconf 91' lang='lat' dir='ltr'>tione</span> <span class='ocrx_word' id='word_1_190' title='bbox 291 1405 371 1444; x_wconf 84' lang='lat' dir='ltr'>ipsius</span> <span class='ocrx_word' id='word_1_191' title='bbox 397 1405 604 1444; x_wconf 79' lang='lat' dir='ltr'>Consanguinei</span> <span class='ocrx_word' id='word_1_192' title='bbox 630 1404 718 1435; x_wconf 86' lang='lat' dir='ltr'>nostri</span> <span class='ocrx_word' id='word_1_193' title='bbox 740 1405 883 1441; x_wconf 81' lang='lat' dir='ltr'>etiamque</span> <span class='ocrx_word' id='word_1_194' title='bbox 907 1404 984 1442; x_wconf 85' lang='lat' dir='ltr'>super</span> <span class='ocrx_word' id='word_1_195' title='bbox 1008 1405 1066 1434; x_wconf 78' lang='lat' dir='ltr'>aliis</span> <span class='ocrx_word' id='word_1_196' title='bbox 1089 1404 1242 1443; x_wconf 80' lang='lat' dir='ltr'>Negoriis,</span> 
     </span>
     <span class='ocr_line' id='line_1_27' title="bbox 183 1442 1243 1483; baseline -0.002 -9"><span class='ocrx_word' id='word_1_197' title='bbox 183 1443 388 1474; x_wconf 87' lang='lat' dir='ltr'>Commodum</span> <span class='ocrx_word' id='word_1_198' title='bbox 409 1444 550 1482; x_wconf 83' lang='lat' dir='ltr'>utriusque</span> <span class='ocrx_word' id='word_1_199' title='bbox 573 1443 668 1483; x_wconf 85' lang='lat' dir='ltr'>Regni</span> <span class='ocrx_word' id='word_1_200' title='bbox 678 1444 931 1480; x_wconf 88' lang='lat' dir='ltr'>concernentibus,</span> <span class='ocrx_word' id='word_1_201' title='bbox 948 1442 1094 1472; x_wconf 57' lang='lat' dir='ltr'>traitandi&#39;s</span> <span class='ocrx_word' id='word_1_202' title='bbox 1111 1444 1143 1472; x_wconf 62' lang='grc' dir='ltr'>ὃς</span> <span class='ocrx_word' id='word_1_203' title='bbox 1159 1452 1243 1473; x_wconf 73' lang='lat' dir='ltr'>com-</span> 
     </span>
     <span class='ocr_line' id='line_1_28' title="bbox 183 1482 378 1520; baseline 0.005 -8"><span class='ocrx_word' id='word_1_204' title='bbox 183 1482 361 1513; x_wconf 86' lang='lat' dir='ltr'>municandis</span> <span class='ocrx_word' id='word_1_205' title='bbox 370 1505 378 1520; x_wconf 94' lang='lat'>,</span> 
     </span>
    </p>

    <p class='ocr_par' dir='ltr' id='par_1_14' title="bbox 221 1520 736 1558">
     <span class='ocr_line' id='line_1_29' title="bbox 221 1520 736 1558; baseline 0 -8"><span class='ocrx_word' id='word_1_206' title='bbox 221 1520 326 1551; x_wconf 87' lang='lat' dir='ltr'>Venire</span> <span class='ocrx_word' id='word_1_207' title='bbox 343 1520 451 1551; x_wconf 85' lang='lat' dir='ltr'>valeant</span> <span class='ocrx_word' id='word_1_208' title='bbox 468 1521 553 1550; x_wconf 81' lang='lat' dir='ltr'>libere</span> <span class='ocrx_word' id='word_1_209' title='bbox 572 1521 605 1552; x_wconf 89' lang='lat'>&amp;</span> <span class='ocrx_word' id='word_1_210' title='bbox 646 1520 736 1558; x_wconf 72' lang='lat' dir='ltr'>uiete,</span> 
     </span>
    </p>

    <p class='ocr_par' dir='ltr' id='par_1_15' title="bbox 186 1557 1248 1787">
     <span class='ocr_line' id='line_1_30' title="bbox 223 1557 1247 1599; baseline 0 -11"><span class='ocrx_word' id='word_1_211' title='bbox 223 1558 267 1588; x_wconf 86' lang='lat' dir='ltr'>Ac</span> <span class='ocrx_word' id='word_1_212' title='bbox 288 1559 393 1598; x_wconf 89' lang='lat' dir='ltr'>iidem,</span> <span class='ocrx_word' id='word_1_213' title='bbox 419 1557 573 1599; x_wconf 81' lang='lat' dir='ltr'>Epifiopus,</span> <span class='ocrx_word' id='word_1_214' title='bbox 596 1562 631 1588; x_wconf 90' lang='lat' dir='ltr'><em>A</em></span> <span class='ocrx_word' id='word_1_215' title='bbox 647 1559 721 1588; x_wconf 78' lang='lat' dir='ltr'>bates</span> <span class='ocrx_word' id='word_1_216' title='bbox 733 1582 742 1595; x_wconf 94' lang='lat'>,</span> <span class='ocrx_word' id='word_1_217' title='bbox 760 1560 894 1587; x_wconf 79' lang='lat' dir='ltr'>Patricius</span> <span class='ocrx_word' id='word_1_218' title='bbox 913 1558 945 1587; x_wconf 79' lang='lat' dir='ltr'>de</span> <span class='ocrx_word' id='word_1_219' title='bbox 966 1557 1098 1593; x_wconf 82' lang='lat' dir='ltr'>Duubar,</span> <span class='ocrx_word' id='word_1_220' title='bbox 1117 1558 1247 1588; x_wconf 80' lang='lat' dir='ltr'>Robertus</span> 
     </span>
     <span class='ocr_line' id='line_1_31' title="bbox 187 1595 1247 1636; baseline -0.001 -9"><span class='ocrx_word' id='word_1_221' title='bbox 187 1596 402 1627; x_wconf 79' lang='lat' dir='ltr'>Archtdiaconus</span> <span class='ocrx_word' id='word_1_222' title='bbox 429 1599 463 1629; x_wconf 89' lang='lat'>&amp;</span> <span class='ocrx_word' id='word_1_223' title='bbox 486 1600 621 1627; x_wconf 81' lang='lat' dir='ltr'>Patricius</span> <span class='ocrx_word' id='word_1_224' title='bbox 645 1597 677 1626; x_wconf 85' lang='lat' dir='ltr'>de</span> <span class='ocrx_word' id='word_1_225' title='bbox 700 1596 848 1636; x_wconf 78' lang='lat' dir='ltr'>Howyston</span> <span class='ocrx_word' id='word_1_226' title='bbox 862 1619 872 1633; x_wconf 93' lang='lat'>,</span> <span class='ocrx_word' id='word_1_227' title='bbox 903 1597 931 1625; x_wconf 90' lang='lat' dir='ltr'>in</span> <span class='ocrx_word' id='word_1_228' title='bbox 960 1595 1094 1633; x_wconf 83' lang='lat' dir='ltr'>Regnum</span> <span class='ocrx_word' id='word_1_229' title='bbox 1118 1596 1247 1627; x_wconf 87' lang='lat' dir='ltr'>nostrum</span> 
     </span>
     <span class='ocr_line' id='line_1_32' title="bbox 189 1633 1247 1674; baseline -0.001 -8"><span class='ocrx_word' id='word_1_230' title='bbox 189 1636 320 1674; x_wconf 73' lang='lat' dir='ltr'>Angliae,</span> <span class='ocrx_word' id='word_1_231' title='bbox 337 1636 543 1666; x_wconf 82' lang='lat' dir='ltr'>Occasionibus</span> <span class='ocrx_word' id='word_1_232' title='bbox 563 1634 726 1673; x_wconf 83' lang='lat' dir='ltr'>praemiffis,</span> <span class='ocrx_word' id='word_1_233' title='bbox 744 1634 780 1663; x_wconf 89' lang='lat' dir='ltr'>de</span> <span class='ocrx_word' id='word_1_234' title='bbox 802 1634 929 1664; x_wconf 87' lang='lat' dir='ltr'>Licentia</span> <span class='ocrx_word' id='word_1_235' title='bbox 944 1633 1037 1662; x_wconf 86' lang='lat' dir='ltr'>nostra</span> <span class='ocrx_word' id='word_1_236' title='bbox 1055 1635 1197 1672; x_wconf 85' lang='lat' dir='ltr'>venerint,</span> <span class='ocrx_word' id='word_1_237' title='bbox 1214 1636 1247 1665; x_wconf 89' lang='lat'>&amp;</span> 
     </span>
     <span class='ocr_line' id='line_1_33' title="bbox 187 1670 1248 1714; baseline -0.001 -10"><span class='ocrx_word' id='word_1_238' title='bbox 187 1674 224 1704; x_wconf 90' lang='lat' dir='ltr'>de</span> <span class='ocrx_word' id='word_1_239' title='bbox 246 1673 372 1704; x_wconf 84' lang='lat' dir='ltr'>Materiis</span> <span class='ocrx_word' id='word_1_240' title='bbox 395 1674 551 1714; x_wconf 67' lang='lat' dir='ltr'>praedictis,</span> <span class='ocrx_word' id='word_1_241' title='bbox 569 1683 639 1704; x_wconf 90' lang='lat' dir='ltr'>cum</span> <span class='ocrx_word' id='word_1_242' title='bbox 658 1675 741 1704; x_wconf 86' lang='lat' dir='ltr'>certis</span> <span class='ocrx_word' id='word_1_243' title='bbox 754 1671 959 1701; x_wconf 82' lang='lat' dir='ltr'>Commissariis</span> <span class='ocrx_word' id='word_1_244' title='bbox 976 1670 1093 1708; x_wconf 88' lang='lat' dir='ltr'>nostris,</span> <span class='ocrx_word' id='word_1_245' title='bbox 1109 1673 1180 1709; x_wconf 81' lang='lat' dir='ltr'>apud</span> <span class='ocrx_word' id='word_1_246' title='bbox 1196 1672 1248 1703; x_wconf 90' lang='lat' dir='ltr'>Ci-</span> 
     </span>
     <span class='ocr_line' id='line_1_34' title="bbox 188 1711 1248 1749; baseline 0 -7"><span class='ocrx_word' id='word_1_247' title='bbox 188 1712 303 1743; x_wconf 89' lang='lat' dir='ltr'>vitatem</span> <span class='ocrx_word' id='word_1_248' title='bbox 324 1713 446 1743; x_wconf 83' lang='lat' dir='ltr'>nostram</span> <span class='ocrx_word' id='word_1_249' title='bbox 471 1711 601 1742; x_wconf 78' lang='lat' dir='ltr'>Eborum</span> <span class='ocrx_word' id='word_1_250' title='bbox 621 1711 815 1748; x_wconf 63' lang='lat' dir='ltr'>tracitaverint,</span> <span class='ocrx_word' id='word_1_251' title='bbox 832 1711 1100 1748; x_wconf 69' lang='lat' dir='ltr'>appunc‘tuaveiint,</span> <span class='ocrx_word' id='word_1_252' title='bbox 1121 1711 1248 1749; x_wconf 84' lang='lat' dir='ltr'>&amp;super</span> 
     </span>
     <span class='ocr_line' id='line_1_35' title="bbox 186 1747 1133 1787; baseline -0.003 -6"><span class='ocrx_word' id='word_1_253' title='bbox 186 1751 267 1782; x_wconf 76' lang='lat' dir='ltr'>certis</span> <span class='ocrx_word' id='word_1_254' title='bbox 284 1750 433 1787; x_wconf 85' lang='lat' dir='ltr'>Articulis,</span> <span class='ocrx_word' id='word_1_255' title='bbox 450 1748 595 1779; x_wconf 78' lang='lat' dir='ltr'>Praemissa</span> <span class='ocrx_word' id='word_1_256' title='bbox 610 1749 864 1786; x_wconf 74' lang='lat' dir='ltr'>concernentibus,</span> <span class='ocrx_word' id='word_1_257' title='bbox 882 1747 1133 1785; x_wconf 76' lang='lat' dir='ltr'>concordaverint,</span> 
     </span>
    </p>

    <p class='ocr_par' dir='ltr' id='par_1_16' title="bbox 190 1786 1233 1864">
     <span class='ocr_line' id='line_1_36' title="bbox 224 1786 1233 1826; baseline -0.002 -6"><span class='ocrx_word' id='word_1_258' title='bbox 224 1789 271 1820; x_wconf 88' lang='lat' dir='ltr'>Ac</span> <span class='ocrx_word' id='word_1_259' title='bbox 296 1789 400 1826; x_wconf 88' lang='lat' dir='ltr'>iidem,</span> <span class='ocrx_word' id='word_1_260' title='bbox 420 1787 563 1825; x_wconf 81' lang='lat' dir='ltr'>Abbates,</span> <span class='ocrx_word' id='word_1_261' title='bbox 579 1789 714 1816; x_wconf 85' lang='lat' dir='ltr'>Patricius</span> <span class='ocrx_word' id='word_1_262' title='bbox 735 1786 766 1816; x_wconf 82' lang='lat' dir='ltr'>de</span> <span class='ocrx_word' id='word_1_263' title='bbox 789 1786 925 1824; x_wconf 75' lang='lat' dir='ltr'>Dunbur,</span> <span class='ocrx_word' id='word_1_264' title='bbox 943 1786 1071 1816; x_wconf 81' lang='lat' dir='ltr'>Robertus</span> <span class='ocrx_word' id='word_1_265' title='bbox 1095 1787 1233 1818; x_wconf 83' lang='lat' dir='ltr'>Archidia</span> 
     </span>
     <span class='ocr_line' id='line_1_37' title="bbox 190 1823 1212 1864; baseline -0.001 -7"><span class='ocrx_word' id='word_1_266' title='bbox 190 1838 286 1864; x_wconf 82' lang='lat' dir='ltr'>conus,</span> <span class='ocrx_word' id='word_1_267' title='bbox 306 1828 339 1858; x_wconf 91' lang='lat'>&amp;</span> <span class='ocrx_word' id='word_1_268' title='bbox 363 1829 499 1857; x_wconf 81' lang='lat' dir='ltr'>Patricius</span> <span class='ocrx_word' id='word_1_269' title='bbox 514 1826 598 1864; x_wconf 89' lang='lat' dir='ltr'>usque</span> <span class='ocrx_word' id='word_1_270' title='bbox 614 1825 748 1864; x_wconf 82' lang='lat' dir='ltr'>Regnum</span> <span class='ocrx_word' id='word_1_271' title='bbox 763 1823 865 1854; x_wconf 82' lang='lat' dir='ltr'>Scotiae</span> <span class='ocrx_word' id='word_1_272' title='bbox 875 1826 934 1862; x_wconf 88' lang='lat' dir='ltr'>jam</span> <span class='ocrx_word' id='word_1_273' title='bbox 952 1824 1065 1855; x_wconf 87' lang='lat' dir='ltr'>Reversi</span> <span class='ocrx_word' id='word_1_274' title='bbox 1079 1826 1212 1864; x_wconf 86' lang='lat' dir='ltr'>existant,</span> 
     </span>
    </p>

    <p class='ocr_par' dir='ltr' id='par_1_17' title="bbox 187 1862 1249 2133">
     <span class='ocr_line' id='line_1_38' title="bbox 227 1862 1248 1903; baseline -0.001 -8"><span class='ocrx_word' id='word_1_275' title='bbox 227 1865 365 1903; x_wconf 84' lang='lat' dir='ltr'>Idemque</span> <span class='ocrx_word' id='word_1_276' title='bbox 384 1864 496 1894; x_wconf 83' lang='lat' dir='ltr'>Consan</span> <span class='ocrx_word' id='word_1_277' title='bbox 519 1866 614 1894; x_wconf 90' lang='lat' dir='ltr'>uineus</span> <span class='ocrx_word' id='word_1_278' title='bbox 633 1864 727 1893; x_wconf 90' lang='lat' dir='ltr'>noster</span> <span class='ocrx_word' id='word_1_279' title='bbox 740 1862 875 1893; x_wconf 78' lang='lat' dir='ltr'>desideret</span> <span class='ocrx_word' id='word_1_280' title='bbox 891 1863 971 1901; x_wconf 80' lang='lat' dir='ltr'>quod</span> <span class='ocrx_word' id='word_1_281' title='bbox 988 1863 1130 1903; x_wconf 57' lang='lat' dir='ltr'>praediciti,</span> <span class='ocrx_word' id='word_1_282' title='bbox 1149 1865 1248 1894; x_wconf 76' lang='lat' dir='ltr'>Abbas-</span> 
     </span>
     <span class='ocr_line' id='line_1_39' title="bbox 190 1900 1249 1942; baseline -0.001 -8"><span class='ocrx_word' id='word_1_283' title='bbox 190 1902 224 1934; x_wconf 82' lang='lat' dir='ltr'>de</span> <span class='ocrx_word' id='word_1_284' title='bbox 245 1901 458 1942; x_wconf 85' lang='lat' dir='ltr'>Balmorynach,</span> <span class='ocrx_word' id='word_1_285' title='bbox 512 1903 645 1940; x_wconf 79' lang='lat' dir='ltr'>ohannes,</span> <span class='ocrx_word' id='word_1_286' title='bbox 673 1902 705 1932; x_wconf 90' lang='lat'><strong>&amp;</strong></span> <span class='ocrx_word' id='word_1_287' title='bbox 729 1900 873 1939; x_wconf 82' lang='lat' dir='ltr'>Johannes</span> <span class='ocrx_word' id='word_1_288' title='bbox 886 1924 896 1939; x_wconf 91' lang='lat'>,</span> <span class='ocrx_word' id='word_1_289' title='bbox 917 1912 950 1932; x_wconf 84' lang='lat' dir='ltr'>ac</span> <span class='ocrx_word' id='word_1_290' title='bbox 968 1901 1082 1931; x_wconf 82' lang='lat' dir='ltr'>Thomas</span> <span class='ocrx_word' id='word_1_291' title='bbox 1102 1903 1249 1933; x_wconf 82' lang='lat' dir='ltr'>Somervile</span> 
     </span>
     <span class='ocr_line' id='line_1_40' title="bbox 189 1939 1249 1979; baseline 0 -7"><span class='ocrx_word' id='word_1_292' title='bbox 189 1941 335 1972; x_wconf 87' lang='lat' dir='ltr'>Dominus</span> <span class='ocrx_word' id='word_1_293' title='bbox 357 1941 393 1972; x_wconf 90' lang='lat' dir='ltr'>de</span> <span class='ocrx_word' id='word_1_294' title='bbox 413 1939 568 1979; x_wconf 85' lang='lat' dir='ltr'>Carnwyth</span> <span class='ocrx_word' id='word_1_295' title='bbox 582 1963 591 1978; x_wconf 88' lang='lat'>,</span> <span class='ocrx_word' id='word_1_296' title='bbox 617 1942 650 1971; x_wconf 90' lang='lat'>&amp;</span> <span class='ocrx_word' id='word_1_297' title='bbox 673 1940 811 1969; x_wconf 79' lang='lat' dir='ltr'>Walterus</span> <span class='ocrx_word' id='word_1_298' title='bbox 836 1940 946 1979; x_wconf 85' lang='lat' dir='ltr'>Ogilby,</span> <span class='ocrx_word' id='word_1_299' title='bbox 971 1949 1055 1977; x_wconf 84' lang='lat' dir='ltr'>penes</span> <span class='ocrx_word' id='word_1_300' title='bbox 1082 1940 1249 1972; x_wconf 86' lang='lat' dir='ltr'>Concilium</span> 
     </span>
     <span class='ocr_line' id='line_1_41' title="bbox 187 1977 1248 2019; baseline 0 -9"><span class='ocrx_word' id='word_1_301' title='bbox 187 1979 329 2015; x_wconf 87' lang='lat' dir='ltr'>nostrum,</span> <span class='ocrx_word' id='word_1_302' title='bbox 347 1979 419 2019; x_wconf 89' lang='lat' dir='ltr'>apud</span> <span class='ocrx_word' id='word_1_303' title='bbox 435 1978 591 2009; x_wconf 84' lang='lat' dir='ltr'>Civitatem</span> <span class='ocrx_word' id='word_1_304' title='bbox 607 1977 730 2008; x_wconf 88' lang='lat' dir='ltr'>nostram</span> <span class='ocrx_word' id='word_1_305' title='bbox 747 1978 918 2016; x_wconf 76' lang='lat' dir='ltr'>Londoniae,</span> <span class='ocrx_word' id='word_1_306' title='bbox 938 1979 981 2008; x_wconf 87' lang='lat' dir='ltr'>vel</span> <span class='ocrx_word' id='word_1_307' title='bbox 994 1979 1057 2008; x_wconf 90' lang='lat' dir='ltr'>alibi</span> <span class='ocrx_word' id='word_1_308' title='bbox 1076 1980 1123 2008; x_wconf 92' lang='lat' dir='ltr'>ubi</span> <span class='ocrx_word' id='word_1_309' title='bbox 1138 1979 1248 2010; x_wconf 68' lang='lat' dir='ltr'>dietum</span> 
     </span>
     <span class='ocr_line' id='line_1_42' title="bbox 187 2015 1245 2055; baseline -0.001 -6"><span class='ocrx_word' id='word_1_310' title='bbox 187 2015 356 2049; x_wconf 88' lang='lat' dir='ltr'>Concilium</span> <span class='ocrx_word' id='word_1_311' title='bbox 383 2017 509 2047; x_wconf 87' lang='lat' dir='ltr'>nostrum</span> <span class='ocrx_word' id='word_1_312' title='bbox 533 2017 632 2054; x_wconf 85' lang='lat' dir='ltr'>fuerit,</span> <span class='ocrx_word' id='word_1_313' title='bbox 651 2017 730 2055; x_wconf 86' lang='lat' dir='ltr'>super</span> <span class='ocrx_word' id='word_1_314' title='bbox 752 2017 915 2054; x_wconf 85' lang='lat' dir='ltr'>quibusdam</span> <span class='ocrx_word' id='word_1_315' title='bbox 932 2017 1082 2053; x_wconf 79' lang='lat' dir='ltr'>Articulis,</span> <span class='ocrx_word' id='word_1_316' title='bbox 1101 2017 1245 2048; x_wconf 88' lang='lat' dir='ltr'>Commo-</span> 
     </span>
     <span class='ocr_line' id='line_1_43' title="bbox 187 2054 1249 2095; baseline -0.001 -8"><span class='ocrx_word' id='word_1_317' title='bbox 187 2054 259 2087; x_wconf 85' lang='lat' dir='ltr'>dum</span> <span class='ocrx_word' id='word_1_318' title='bbox 285 2056 423 2095; x_wconf 78' lang='lat' dir='ltr'>utriusque</span> <span class='ocrx_word' id='word_1_319' title='bbox 448 2055 542 2094; x_wconf 78' lang='lat' dir='ltr'>Regni</span> <span class='ocrx_word' id='word_1_320' title='bbox 556 2055 809 2093; x_wconf 86' lang='lat' dir='ltr'>concernentibus,</span> <span class='ocrx_word' id='word_1_321' title='bbox 828 2055 1004 2094; x_wconf 62' lang='lat' dir='ltr'>Tradiaturi,</span> <span class='ocrx_word' id='word_1_322' title='bbox 1023 2056 1055 2086; x_wconf 74' lang='grc' dir='ltr'>δε</span> <span class='ocrx_word' id='word_1_323' title='bbox 1074 2055 1249 2086; x_wconf 86' lang='lat' dir='ltr'>Communi-</span> 
     </span>
     <span class='ocr_line' id='line_1_44' title="bbox 188 2094 538 2133; baseline -0.006 -7"><span class='ocrx_word' id='word_1_324' title='bbox 188 2095 293 2133; x_wconf 79' lang='lat' dir='ltr'>caturi,</span> <span class='ocrx_word' id='word_1_325' title='bbox 310 2096 404 2125; x_wconf 81' lang='lat' dir='ltr'>venire</span> <span class='ocrx_word' id='word_1_326' title='bbox 419 2094 538 2132; x_wconf 81' lang='lat' dir='ltr'>possint,</span> 
     </span>
    </p>

    <p class='ocr_par' dir='ltr' id='par_1_18' title="bbox 188 2129 1251 2440">
     <span class='ocr_line' id='line_1_45' title="bbox 228 2129 1249 2171; baseline 0.001 -8"><span class='ocrx_word' id='word_1_327' title='bbox 228 2133 314 2171; x_wconf 90' lang='lat' dir='ltr'>Nos,</span> <span class='ocrx_word' id='word_1_328' title='bbox 333 2131 566 2163; x_wconf 84' lang='lat' dir='ltr'>Confideratione</span> <span class='ocrx_word' id='word_1_329' title='bbox 585 2131 818 2170; x_wconf 82' lang='lat' dir='ltr'>Praemifforum,</span> <span class='ocrx_word' id='word_1_330' title='bbox 837 2131 870 2161; x_wconf 89' lang='lat'>&amp;</span> <span class='ocrx_word' id='word_1_331' title='bbox 888 2130 922 2160; x_wconf 92' lang='lat' dir='ltr'>ad</span> <span class='ocrx_word' id='word_1_332' title='bbox 943 2129 1103 2162; x_wconf 84' lang='lat' dir='ltr'>instantiam</span> <span class='ocrx_word' id='word_1_333' title='bbox 1120 2132 1249 2170; x_wconf 68' lang='lat' dir='ltr'>praedicti</span> 
     </span>
     <span class='ocr_line' id='line_1_46' title="bbox 189 2169 1249 2210; baseline 0 -8"><span class='ocrx_word' id='word_1_334' title='bbox 189 2169 402 2208; x_wconf 79' lang='lat' dir='ltr'>Consanguinei</span> <span class='ocrx_word' id='word_1_335' title='bbox 417 2170 520 2209; x_wconf 88' lang='lat' dir='ltr'>nostri,</span> <span class='ocrx_word' id='word_1_336' title='bbox 538 2171 574 2201; x_wconf 93' lang='lat' dir='ltr'>de</span> <span class='ocrx_word' id='word_1_337' title='bbox 586 2170 687 2200; x_wconf 76' lang='lat' dir='ltr'>assensu</span> <span class='ocrx_word' id='word_1_338' title='bbox 701 2170 829 2201; x_wconf 83' lang='lat' dir='ltr'>Concilii</span> <span class='ocrx_word' id='word_1_339' title='bbox 846 2169 953 2207; x_wconf 84' lang='lat' dir='ltr'>nostri,</span> <span class='ocrx_word' id='word_1_340' title='bbox 972 2169 1154 2208; x_wconf 85' lang='lat' dir='ltr'>Suscepimus</span> <span class='ocrx_word' id='word_1_341' title='bbox 1166 2172 1249 2210; x_wconf 88' lang='lat' dir='ltr'>ipsos,</span> 
     </span>
     <span class='ocr_line' id='line_1_47' title="bbox 188 2206 1247 2250; baseline 0 -11"><span class='ocrx_word' id='word_1_342' title='bbox 188 2209 330 2241; x_wconf 76' lang='lat' dir='ltr'>Abbatem</span> <span class='ocrx_word' id='word_1_343' title='bbox 352 2210 384 2239; x_wconf 88' lang='lat' dir='ltr'>de</span> <span class='ocrx_word' id='word_1_344' title='bbox 409 2207 606 2250; x_wconf 82' lang='lat' dir='ltr'>Balmorynach</span> <span class='ocrx_word' id='word_1_345' title='bbox 648 2207 823 2247; x_wconf 83' lang='lat' dir='ltr'>Johannem,</span> <span class='ocrx_word' id='word_1_346' title='bbox 846 2206 1023 2246; x_wconf 74' lang='lat' dir='ltr'>Johannem,</span> <span class='ocrx_word' id='word_1_347' title='bbox 1045 2208 1188 2247; x_wconf 76' lang='lat' dir='ltr'>Thomarn,</span> <span class='ocrx_word' id='word_1_348' title='bbox 1214 2212 1247 2241; x_wconf 89' lang='lat'>&amp;</span> 
     </span>
     <span class='ocr_line' id='line_1_48' title="bbox 189 2231 1249 2286; baseline 0 -8"><span class='ocrx_word' id='word_1_349' title='bbox 189 2246 341 2278; x_wconf 83' lang='lat' dir='ltr'>Walterum</span> <span class='ocrx_word' id='word_1_350' title='bbox 361 2249 390 2278; x_wconf 88' lang='lat' dir='ltr'>in</span> <span class='ocrx_word' id='word_1_351' title='bbox 414 2248 549 2286; x_wconf 77' lang='lat' dir='ltr'>Regnum</span> <span class='ocrx_word' id='word_1_352' title='bbox 565 2231 691 2277; x_wconf 70' lang='lat' dir='ltr'>nostrum</span> <span class='ocrx_word' id='word_1_353' title='bbox 707 2246 841 2284; x_wconf 77' lang='lat' dir='ltr'>AngHae,</span> <span class='ocrx_word' id='word_1_354' title='bbox 858 2256 943 2284; x_wconf 89' lang='lat' dir='ltr'>penes</span> <span class='ocrx_word' id='word_1_355' title='bbox 958 2246 1067 2277; x_wconf 65' lang='lat' dir='ltr'>dietum</span> <span class='ocrx_word' id='word_1_356' title='bbox 1083 2246 1249 2278; x_wconf 88' lang='lat' dir='ltr'>Concilium</span> 
     </span>
     <span class='ocr_line' id='line_1_49' title="bbox 188 2284 1249 2325; baseline 0.001 -9"><span class='ocrx_word' id='word_1_357' title='bbox 188 2286 334 2324; x_wconf 88' lang='lat' dir='ltr'>nostrum,</span> <span class='ocrx_word' id='word_1_358' title='bbox 353 2286 426 2325; x_wconf 81' lang='lat' dir='ltr'>apud</span> <span class='ocrx_word' id='word_1_359' title='bbox 444 2287 549 2316; x_wconf 68' lang='lat' dir='ltr'>di&amp;am</span> <span class='ocrx_word' id='word_1_360' title='bbox 563 2284 717 2316; x_wconf 84' lang='lat' dir='ltr'>Civitatem</span> <span class='ocrx_word' id='word_1_361' title='bbox 731 2285 855 2315; x_wconf 88' lang='lat' dir='ltr'>nostram</span> <span class='ocrx_word' id='word_1_362' title='bbox 874 2284 1048 2323; x_wconf 80' lang='lat' dir='ltr'>Londoniae,</span> <span class='ocrx_word' id='word_1_363' title='bbox 1064 2286 1106 2316; x_wconf 92' lang='lat' dir='ltr'>vel</span> <span class='ocrx_word' id='word_1_364' title='bbox 1121 2287 1186 2316; x_wconf 89' lang='lat' dir='ltr'>alibi</span> <span class='ocrx_word' id='word_1_365' title='bbox 1200 2287 1249 2317; x_wconf 86' lang='lat' dir='ltr'>ubi</span> 
     </span>
     <span class='ocr_line' id='line_1_50' title="bbox 189 2323 1251 2363; baseline 0 -8"><span class='ocrx_word' id='word_1_366' title='bbox 189 2325 299 2355; x_wconf 68' lang='lat' dir='ltr'>dietum</span> <span class='ocrx_word' id='word_1_367' title='bbox 325 2324 492 2355; x_wconf 88' lang='lat' dir='ltr'>Concilium</span> <span class='ocrx_word' id='word_1_368' title='bbox 514 2323 641 2354; x_wconf 90' lang='lat' dir='ltr'>nostrum</span> <span class='ocrx_word' id='word_1_369' title='bbox 658 2324 756 2361; x_wconf 88' lang='lat' dir='ltr'>fuerit,</span> <span class='ocrx_word' id='word_1_370' title='bbox 774 2324 850 2353; x_wconf 86' lang='lat' dir='ltr'>salvo</span> <span class='ocrx_word' id='word_1_371' title='bbox 867 2323 899 2353; x_wconf 91' lang='lat'>&amp;</span> <span class='ocrx_word' id='word_1_372' title='bbox 915 2323 1010 2353; x_wconf 78' lang='lat' dir='ltr'>secure</span> <span class='ocrx_word' id='word_1_373' title='bbox 1022 2324 1181 2363; x_wconf 70' lang='lat' dir='ltr'>veniendo,</span> <span class='ocrx_word' id='word_1_374' title='bbox 1196 2325 1251 2355; x_wconf 85' lang='lat' dir='ltr'>ibi-</span> 
     </span>
     <span class='ocr_line' id='line_1_51' title="bbox 188 2361 1248 2403; baseline -0.001 -9"><span class='ocrx_word' id='word_1_375' title='bbox 188 2364 257 2394; x_wconf 89' lang='lat' dir='ltr'>dem</span> <span class='ocrx_word' id='word_1_376' title='bbox 280 2363 434 2402; x_wconf 87' lang='lat' dir='ltr'>morando,</span> <span class='ocrx_word' id='word_1_377' title='bbox 453 2365 486 2394; x_wconf 70' lang='grc' dir='ltr'>ὃς</span> <span class='ocrx_word' id='word_1_378' title='bbox 507 2363 587 2403; x_wconf 89' lang='lat' dir='ltr'>fuper</span> <span class='ocrx_word' id='word_1_379' title='bbox 611 2361 762 2392; x_wconf 85' lang='lat' dir='ltr'>Praemisfis</span> <span class='ocrx_word' id='word_1_380' title='bbox 782 2361 947 2392; x_wconf 66' lang='lat' dir='ltr'>Tractando</span> <span class='ocrx_word' id='word_1_381' title='bbox 969 2362 1000 2392; x_wconf 68' lang='grc' dir='ltr'>ὃ(</span> <span class='ocrx_word' id='word_1_382' title='bbox 1018 2361 1248 2395; x_wconf 77' lang='lat' dir='ltr'>Communicam-</span> 
     </span>
     <span class='ocr_line' id='line_1_52' title="bbox 189 2399 1186 2440; baseline 0.001 -9"><span class='ocrx_word' id='word_1_383' title='bbox 189 2402 248 2439; x_wconf 84' lang='lat' dir='ltr'>do,</span> <span class='ocrx_word' id='word_1_384' title='bbox 267 2402 300 2433; x_wconf 90' lang='lat'>&amp;</span> <span class='ocrx_word' id='word_1_385' title='bbox 314 2402 415 2433; x_wconf 75' lang='lat' dir='ltr'>exinde</span> <span class='ocrx_word' id='word_1_386' title='bbox 428 2402 462 2431; x_wconf 89' lang='lat' dir='ltr'>ad</span> <span class='ocrx_word' id='word_1_387' title='bbox 478 2400 571 2431; x_wconf 86' lang='lat' dir='ltr'>Partes</span> <span class='ocrx_word' id='word_1_388' title='bbox 604 2401 723 2439; x_wconf 87' lang='lat' dir='ltr'>roprias,</span> <span class='ocrx_word' id='word_1_389' title='bbox 742 2410 790 2438; x_wconf 86' lang='lat' dir='ltr'>per</span> <span class='ocrx_word' id='word_1_390' title='bbox 804 2400 942 2439; x_wconf 78' lang='lat' dir='ltr'>Terram,</span> <span class='ocrx_word' id='word_1_391' title='bbox 960 2400 1004 2430; x_wconf 89' lang='lat' dir='ltr'>seu</span> <span class='ocrx_word' id='word_1_392' title='bbox 1021 2410 1068 2437; x_wconf 91' lang='lat' dir='ltr'>per</span> <span class='ocrx_word' id='word_1_393' title='bbox 1085 2399 1186 2440; x_wconf 88' lang='lat' dir='ltr'>Mare,</span> 
     </span>
    </p>

    <p class='ocr_par' dir='ltr' id='par_1_19' title="bbox 230 2410 1251 2480">
     <span class='ocr_line' id='line_1_53' title="bbox 230 2410 1251 2480; baseline 0 -10"><span class='ocrx_word' id='word_1_394' title='bbox 230 2439 310 2471; x_wconf 91' lang='lat' dir='ltr'>Cum</span> <span class='ocrx_word' id='word_1_395' title='bbox 330 2440 506 2470; x_wconf 83' lang='lat' dir='ltr'>Hominibus</span> <span class='ocrx_word' id='word_1_396' title='bbox 527 2440 559 2470; x_wconf 89' lang='lat'>&amp;</span> <span class='ocrx_word' id='word_1_397' title='bbox 578 2410 765 2470; x_wconf 54' lang='lat' dir='ltr'>§eruentibus</span> <span class='ocrx_word' id='word_1_398' title='bbox 777 2438 827 2468; x_wconf 90' lang='lat' dir='ltr'>suis</span> <span class='ocrx_word' id='word_1_399' title='bbox 843 2438 928 2477; x_wconf 89' lang='lat' dir='ltr'>usque</span> <span class='ocrx_word' id='word_1_400' title='bbox 941 2439 974 2468; x_wconf 89' lang='lat' dir='ltr'>ad</span> <span class='ocrx_word' id='word_1_401' title='bbox 989 2449 1138 2469; x_wconf 89' lang='lat' dir='ltr'>numerum</span> <span class='ocrx_word' id='word_1_402' title='bbox 1155 2440 1251 2480; x_wconf 81' lang='lat' dir='ltr'>Qin-</span> 
     </span>
    </p>

    <p class='ocr_par' dir='ltr' id='par_1_20' title="bbox 190 2476 1256 2673">
     <span class='ocr_line' id='line_1_54' title="bbox 213 2476 1236 2517; baseline 0 -8"><span class='ocrx_word' id='word_1_403' title='bbox 213 2480 323 2517; x_wconf 81' lang='lat' dir='ltr'>uaginta</span> <span class='ocrx_word' id='word_1_404' title='bbox 344 2479 377 2509; x_wconf 90' lang='lat'>&amp;</span> <span class='ocrx_word' id='word_1_405' title='bbox 400 2478 530 2516; x_wconf 69' lang='lat' dir='ltr'>Quatuor</span> <span class='ocrx_word' id='word_1_406' title='bbox 556 2477 737 2508; x_wconf 84' lang='lat' dir='ltr'>Personarum</span> <span class='ocrx_word' id='word_1_407' title='bbox 759 2477 793 2507; x_wconf 67' lang='grc' dir='ltr'>ὃς</span> <span class='ocrx_word' id='word_1_408' title='bbox 814 2476 883 2506; x_wconf 85' lang='lat' dir='ltr'>infra</span> <span class='ocrx_word' id='word_1_409' title='bbox 906 2477 1123 2515; x_wconf 67' lang='lat' dir='ltr'>(cujuscumque</span> <span class='ocrx_word' id='word_1_410' title='bbox 1144 2477 1236 2509; x_wconf 68' lang='lat' dir='ltr'>Status</span> 
     </span>
     <span class='ocr_line' id='line_1_55' title="bbox 190 2488 1252 2555; baseline 0 -7"><span class='ocrx_word' id='word_1_411' title='bbox 190 2488 327 2553; x_wconf 47' lang='lat' dir='ltr'>aradus,</span> <span class='ocrx_word' id='word_1_412' title='bbox 346 2516 463 2546; x_wconf 87' lang='lat' dir='ltr'>Ordinis</span> <span class='ocrx_word' id='word_1_413' title='bbox 501 2516 668 2555; x_wconf 84' lang='lat' dir='ltr'>Dignitatis,</span> <span class='ocrx_word' id='word_1_414' title='bbox 685 2516 729 2546; x_wconf 91' lang='lat' dir='ltr'>seu</span> <span class='ocrx_word' id='word_1_415' title='bbox 747 2514 928 2545; x_wconf 82' lang='lat' dir='ltr'>Conditionis</span> <span class='ocrx_word' id='word_1_416' title='bbox 941 2515 1065 2552; x_wconf 87' lang='lat' dir='ltr'>fuerunt)</span> <span class='ocrx_word' id='word_1_417' title='bbox 1082 2526 1196 2547; x_wconf 78' lang='lat' dir='ltr'>necnon</span> <span class='ocrx_word' id='word_1_418' title='bbox 1212 2518 1252 2548; x_wconf 85' lang='lat' dir='ltr'>E-</span> 
     </span>
     <span class='ocr_line' id='line_1_56' title="bbox 191 2539 1253 2594; baseline 0 -9"><span class='ocrx_word' id='word_1_419' title='bbox 191 2557 273 2594; x_wconf 86' lang='lat' dir='ltr'>quis,</span> <span class='ocrx_word' id='word_1_420' title='bbox 288 2554 372 2585; x_wconf 85' lang='lat' dir='ltr'>Bonis</span> <span class='ocrx_word' id='word_1_421' title='bbox 383 2578 391 2593; x_wconf 93' lang='lat'>,</span> <span class='ocrx_word' id='word_1_422' title='bbox 411 2556 443 2585; x_wconf 89' lang='lat'>&amp;</span> <span class='ocrx_word' id='word_1_423' title='bbox 467 2539 607 2585; x_wconf 72' lang='lat' dir='ltr'>i-lernesiis</span> <span class='ocrx_word' id='word_1_424' title='bbox 619 2555 670 2584; x_wconf 89' lang='lat' dir='ltr'>suis</span> <span class='ocrx_word' id='word_1_425' title='bbox 685 2553 908 2592; x_wconf 87' lang='lat' dir='ltr'>quibuscumque</span> <span class='ocrx_word' id='word_1_426' title='bbox 918 2577 927 2592; x_wconf 91' lang='lat'>,</span> <span class='ocrx_word' id='word_1_427' title='bbox 945 2554 1047 2592; x_wconf 87' lang='lat' dir='ltr'>absque</span> <span class='ocrx_word' id='word_1_428' title='bbox 1062 2553 1253 2592; x_wconf 80' lang='lat' dir='ltr'>impedimen-</span> 
     </span>
     <span class='ocr_line' id='line_1_57' title="bbox 193 2591 1254 2632; baseline -0.001 -8"><span class='ocrx_word' id='word_1_429' title='bbox 193 2602 255 2625; x_wconf 90' lang='lat' dir='ltr'>tum</span> <span class='ocrx_word' id='word_1_430' title='bbox 278 2593 323 2623; x_wconf 91' lang='lat' dir='ltr'>vel</span> <span class='ocrx_word' id='word_1_431' title='bbox 346 2593 520 2623; x_wconf 86' lang='lat' dir='ltr'>Arestatione</span> <span class='ocrx_word' id='word_1_432' title='bbox 545 2602 726 2631; x_wconf 88' lang='lat' dir='ltr'>quacumque</span> <span class='ocrx_word' id='word_1_433' title='bbox 747 2591 897 2629; x_wconf 83' lang='lat' dir='ltr'>Marquae,</span> <span class='ocrx_word' id='word_1_434' title='bbox 924 2591 1177 2632; x_wconf 77' lang='lat' dir='ltr'>Contramarquae,</span> <span class='ocrx_word' id='word_1_435' title='bbox 1196 2594 1254 2625; x_wconf 81' lang='lat' dir='ltr'>Re-</span> 
     </span>
     <span class='ocr_line' id='line_1_58' title="bbox 191 2629 1256 2673; baseline 0 -10"><span class='ocrx_word' id='word_1_436' title='bbox 191 2631 327 2673; x_wconf 86' lang='lat' dir='ltr'>prisaliae,</span> <span class='ocrx_word' id='word_1_437' title='bbox 354 2631 454 2663; x_wconf 89' lang='lat' dir='ltr'>Debiti</span> <span class='ocrx_word' id='word_1_438' title='bbox 468 2655 477 2671; x_wconf 95' lang='lat'>,</span> <span class='ocrx_word' id='word_1_439' title='bbox 502 2630 643 2670; x_wconf 82' lang='lat' dir='ltr'>Compoti</span> <span class='ocrx_word' id='word_1_440' title='bbox 659 2655 669 2669; x_wconf 92' lang='lat'>,</span> <span class='ocrx_word' id='word_1_441' title='bbox 693 2631 738 2661; x_wconf 90' lang='lat' dir='ltr'>seu</span> <span class='ocrx_word' id='word_1_442' title='bbox 761 2632 869 2661; x_wconf 85' lang='lat' dir='ltr'>alterius</span> <span class='ocrx_word' id='word_1_443' title='bbox 889 2629 1065 2661; x_wconf 53' lang='lat' dir='ltr'>Contractus</span> <span class='ocrx_word' id='word_1_444' title='bbox 1094 2633 1256 2670; x_wconf 77' lang='lat' dir='ltr'>cujuscum-</span> 
     </span>
    </p>

    <p class='ocr_par' dir='ltr' id='par_1_21' title="bbox 190 2681 1255 2788">
     <span class='ocr_line' id='line_1_59' title="bbox 212 2681 247 2702; baseline -0.029 0"><span class='ocrx_word' id='word_1_445' title='bbox 212 2681 247 2702; x_wconf 90' lang='lat' dir='ltr'>ue</span> 
     </span>
     <span class='ocr_line' id='line_1_60' title="bbox 190 2681 1255 2748; baseline 0 -9"><span class='ocrx_word' id='word_1_446' title='bbox 190 2681 210 2710; x_wconf 78' lang='lat' dir='ltr'>q</span> <span class='ocrx_word' id='word_1_447' title='bbox 231 2694 393 2739; x_wconf 73' lang='lat' dir='ltr'>R’edeundo</span> <span class='ocrx_word' id='word_1_448' title='bbox 409 2732 418 2746; x_wconf 94' lang='lat'>,</span> <span class='ocrx_word' id='word_1_449' title='bbox 446 2709 475 2738; x_wconf 89' lang='lat' dir='ltr'>in</span> <span class='ocrx_word' id='word_1_450' title='bbox 499 2707 604 2739; x_wconf 74' lang='lat' dir='ltr'>salvum</span> <span class='ocrx_word' id='word_1_451' title='bbox 631 2710 663 2739; x_wconf 87' lang='lat'>&amp;</span> <span class='ocrx_word' id='word_1_452' title='bbox 689 2708 814 2739; x_wconf 90' lang='lat' dir='ltr'>securum</span> <span class='ocrx_word' id='word_1_453' title='bbox 835 2707 1023 2738; x_wconf 63' lang='lat' dir='ltr'>Conductum</span> <span class='ocrx_word' id='word_1_454' title='bbox 1044 2707 1174 2739; x_wconf 89' lang='lat' dir='ltr'>nostrum</span> <span class='ocrx_word' id='word_1_455' title='bbox 1190 2732 1199 2748; x_wconf 88' lang='lat'>,</span> <span class='ocrx_word' id='word_1_456' title='bbox 1222 2720 1255 2741; x_wconf 89' lang='lat' dir='ltr'>ac</span> 
     </span>
     <span class='ocr_line' id='line_1_61' title="bbox 192 2746 1240 2788; baseline 0.001 -10"><span class='ocrx_word' id='word_1_457' title='bbox 192 2748 222 2778; x_wconf 90' lang='lat' dir='ltr'>in</span> <span class='ocrx_word' id='word_1_458' title='bbox 243 2746 467 2787; x_wconf 65' lang='lat' dir='ltr'>Protectionem,</span> <span class='ocrx_word' id='word_1_459' title='bbox 483 2747 671 2785; x_wconf 86' lang='lat' dir='ltr'>Tuitionem,</span> <span class='ocrx_word' id='word_1_460' title='bbox 695 2747 728 2777; x_wconf 93' lang='lat'>&amp;</span> <span class='ocrx_word' id='word_1_461' title='bbox 751 2746 958 2778; x_wconf 87' lang='lat' dir='ltr'>Defenfionem</span> <span class='ocrx_word' id='word_1_462' title='bbox 972 2746 1079 2777; x_wconf 85' lang='lat' dir='ltr'>nostras</span> <span class='ocrx_word' id='word_1_463' title='bbox 1093 2747 1240 2788; x_wconf 75' lang='lat' dir='ltr'>speciales,</span> 
     </span>
    </p>

    <p class='ocr_par' dir='ltr' id='par_1_22' title="bbox 233 2784 737 2824">
     <span class='ocr_line' id='line_1_62' title="bbox 233 2784 737 2824; baseline 0 -9"><span class='ocrx_word' id='word_1_464' title='bbox 233 2784 271 2815; x_wconf 92' lang='lat' dir='ltr'>Et</span> <span class='ocrx_word' id='word_1_465' title='bbox 287 2786 354 2815; x_wconf 80' lang='lat' dir='ltr'>ideo</span> <span class='ocrx_word' id='word_1_466' title='bbox 373 2786 454 2816; x_wconf 92' lang='lat' dir='ltr'>vobis</span> <span class='ocrx_word' id='word_1_467' title='bbox 472 2785 660 2824; x_wconf 85' lang='lat' dir='ltr'>Mandamus,</span> <span class='ocrx_word' id='word_1_468' title='bbox 676 2786 737 2817; x_wconf 72' lang='grc' dir='ltr'>δίε.</span> 
     </span>
    </p>

    <p class='ocr_par' dir='ltr' id='par_1_23' title="bbox 231 2823 623 2863">
     <span class='ocr_line' id='line_1_63' title="bbox 231 2823 623 2863; baseline 0 -10"><span class='ocrx_word' id='word_1_469' title='bbox 231 2823 308 2854; x_wconf 86' lang='lat' dir='ltr'>Non</span> <span class='ocrx_word' id='word_1_470' title='bbox 328 2823 476 2853; x_wconf 83' lang='lat' dir='ltr'>inferentes</span> <span class='ocrx_word' id='word_1_471' title='bbox 491 2825 547 2863; x_wconf 90' lang='lat' dir='ltr'>eis,</span> <span class='ocrx_word' id='word_1_472' title='bbox 562 2825 623 2855; x_wconf 87' lang='lat' dir='ltr'>&amp;c.</span> 
     </span>
    </p>

    <p class='ocr_par' dir='ltr' id='par_1_24' title="bbox 232 2860 509 2901">
     <span class='ocr_line' id='line_1_64' title="bbox 232 2860 509 2901; baseline -0.007 -9"><span class='ocrx_word' id='word_1_473' title='bbox 232 2860 290 2899; x_wconf 86' lang='lat' dir='ltr'>Et,</span> <span class='ocrx_word' id='word_1_474' title='bbox 309 2862 328 2892; x_wconf 90' lang='lat' dir='ltr'>si</span> <span class='ocrx_word' id='word_1_475' title='bbox 345 2860 431 2901; x_wconf 83' lang='lat' dir='ltr'>quid,</span> <span class='ocrx_word' id='word_1_476' title='bbox 449 2863 509 2893; x_wconf 87' lang='lat' dir='ltr'>&amp;c.</span> 
     </span>
    </p>

    <p class='ocr_par' dir='ltr' id='par_1_25' title="bbox 228 2898 441 2937">
     <span class='ocr_line' id='line_1_65' title="bbox 228 2898 441 2937; baseline -0.014 -7"><span class='ocrx_word' id='word_1_477' title='bbox 228 2898 362 2937; x_wconf 86' lang='lat' dir='ltr'>Proviso,</span> <span class='ocrx_word' id='word_1_478' title='bbox 380 2900 441 2930; x_wconf 87' lang='lat' dir='ltr'>&amp;c.</span> 
     </span>
    </p>

    <p class='ocr_par' dir='ltr' id='par_1_26' title="bbox 195 2936 1256 3008">
     <span class='ocr_line' id='line_1_66' title="bbox 195 2936 1256 3008; baseline 0.003 -40"><span class='ocrx_word' id='word_1_479' title='bbox 195 2976 216 3008; x_wconf 77' lang='lat' dir='ltr'>d</span> <span class='ocrx_word' id='word_1_480' title='bbox 233 2937 266 2968; x_wconf 92' lang='lat' dir='ltr'>In</span> <span class='ocrx_word' id='word_1_481' title='bbox 286 2940 364 2976; x_wconf 84' lang='lat' dir='ltr'>cujus</span> <span class='ocrx_word' id='word_1_482' title='bbox 379 2961 389 2976; x_wconf 90' lang='lat'>,</span> <span class='ocrx_word' id='word_1_483' title='bbox 415 2939 474 2968; x_wconf 86' lang='lat' dir='ltr'>&amp;c.</span> <span class='ocrx_word' id='word_1_484' title='bbox 493 2936 578 2976; x_wconf 84' lang='lat' dir='ltr'>usque</span> <span class='ocrx_word' id='word_1_485' title='bbox 595 2937 726 2968; x_wconf 88' lang='lat' dir='ltr'>Primum</span> <span class='ocrx_word' id='word_1_486' title='bbox 744 2938 835 2970; x_wconf 86' lang='lat' dir='ltr'>Diem</span> <span class='ocrx_word' id='word_1_487' title='bbox 860 2937 958 2970; x_wconf 87' lang='lat' dir='ltr'>Martii</span> <span class='ocrx_word' id='word_1_488' title='bbox 977 2940 1109 2979; x_wconf 77' lang='lat' dir='ltr'>proximo</span> <span class='ocrx_word' id='word_1_489' title='bbox 1129 2937 1256 2972; x_wconf 84' lang='lat' dir='ltr'>futurum</span> 
     </span>
     <span class='ocr_line' id='line_1_67' title="bbox 218 2984 337 3008; baseline -0.008 0"><span class='ocrx_word' id='word_1_490' title='bbox 218 2984 337 3008; x_wconf 85' lang='lat' dir='ltr'>uraturas</span> 
     </span>
    </p>

    <p class='ocr_par' dir='ltr' id='par_1_27' title="bbox 235 3013 1163 3055">
     <span class='ocr_line' id='line_1_68' title="bbox 235 3013 1163 3055; baseline 0.001 -9"><span class='ocrx_word' id='word_1_491' title='bbox 235 3014 325 3046; x_wconf 87' lang='lat' dir='ltr'>Teste</span> <span class='ocrx_word' id='word_1_492' title='bbox 340 3014 423 3054; x_wconf 85' lang='lat' dir='ltr'>Rege</span> <span class='ocrx_word' id='word_1_493' title='bbox 435 3013 508 3054; x_wconf 87' lang='lat' dir='ltr'>apud</span> <span class='ocrx_word' id='word_1_494' title='bbox 525 3014 645 3045; x_wconf 69' lang='lat' dir='ltr'>Eliorum</span> <span class='ocrx_word' id='word_1_495' title='bbox 654 3037 664 3052; x_wconf 94' lang='lat'>,</span> <span class='ocrx_word' id='word_1_496' title='bbox 682 3013 810 3045; x_wconf 89' lang='lat' dir='ltr'>Decimo</span> <span class='ocrx_word' id='word_1_497' title='bbox 824 3015 911 3046; x_wconf 84' lang='lat' dir='ltr'>Sexto</span> <span class='ocrx_word' id='word_1_498' title='bbox 925 3014 971 3046; x_wconf 91' lang='lat' dir='ltr'>die</span> <span class='ocrx_word' id='word_1_499' title='bbox 983 3016 1163 3055; x_wconf 82' lang='lat' dir='ltr'>Septembris.</span> 
     </span>
    </p>
   </div>
   <div class='ocr_carea' id='block_1_7' title="bbox 877 3091 1098 3122">
    <p class='ocr_par' dir='ltr' id='par_1_28' title="bbox 877 3091 1098 3122">
     <span class='ocr_line' id='line_1_69' title="bbox 877 3091 1098 3122; baseline 0.005 -1"><span class='ocrx_word' id='word_1_500' title='bbox 877 3094 931 3122; x_wconf 87' lang='lat' dir='ltr'>Per</span> <span class='ocrx_word' id='word_1_501' title='bbox 949 3091 1098 3122; x_wconf 66' lang='lat' dir='ltr'>concilium.</span> 
     </span>
    </p>
   </div>
   <div class='ocr_carea' id='block_1_8' title="bbox 339 3214 1119 3262">
    <p class='ocr_par' dir='ltr' id='par_1_29' title="bbox 339 3214 1119 3262">
     <span class='ocr_line' id='line_1_70' title="bbox 339 3214 1119 3262; baseline -0.001 -12"><span class='ocrx_word' id='word_1_502' title='bbox 339 3219 387 3250; x_wconf 85' lang='lat' dir='ltr'>De</span> <span class='ocrx_word' id='word_1_503' title='bbox 402 3215 573 3249; x_wconf 60' lang='lat' dir='ltr'>Traffando</span> <span class='ocrx_word' id='word_1_504' title='bbox 592 3228 660 3248; x_wconf 81' lang='lat' dir='ltr'>cum</span> <span class='ocrx_word' id='word_1_505' title='bbox 679 3214 947 3259; x_wconf 74' lang='lat' dir='ltr'>Ambaffiatoribus</span> <span class='ocrx_word' id='word_1_506' title='bbox 965 3215 1119 3262; x_wconf 63' lang='lat' dir='ltr'>praedifbis.</span> 
     </span>
    </p>
   </div>
   <div class='ocr_carea' id='block_1_9' title="bbox 55 3300 902 3377">
    <p class='ocr_par' dir='ltr' id='par_1_30' title="bbox 55 3300 902 3377">
     <span class='ocr_line' id='line_1_71' title="bbox 55 3300 902 3377; baseline 0 -44"><span class='ocrx_word' id='word_1_507' title='bbox 55 3320 131 3360; x_wconf 43' lang='lat' dir='ltr'>Arm.</span> <span class='ocrx_word' id='word_1_508' title='bbox 146 3327 190 3359; x_wconf 51' lang='lat' dir='ltr'>D.</span> <span class='ocrx_word' id='word_1_509' title='bbox 205 3301 290 3358; x_wconf 78' lang='lat' dir='ltr'>RE</span> <span class='ocrx_word' id='word_1_510' title='bbox 298 3300 515 3377; x_wconf 49' lang='grc' dir='ltr'>ξέἰξὲἓηὲἳιέἒ,</span> <span class='ocrx_word' id='word_1_511' title='bbox 528 3301 670 3375; x_wconf 48' lang='grc' dir='ltr'>Ιίῗὶοὲῗοε,</span> <span class='ocrx_word' id='word_1_512' title='bbox 688 3301 749 3331; x_wconf 71' lang='grc' dir='ltr'>ἃς.</span> <span class='ocrx_word' id='word_1_513' title='bbox 768 3300 902 3333; x_wconf 86' lang='lat' dir='ltr'>Salutem.</span> 
     </span>
    </p>
   </div>
   <div class='ocr_carea' id='block_1_10' title="bbox 55 3377 1260 3492">
    <p class='ocr_par' dir='ltr' id='par_1_31' title="bbox 55 3377 1260 3492">
     <span class='ocr_line' id='line_1_72' title="bbox 77 3377 1258 3416; baseline 0 -10"><span class='ocrx_word' id='word_1_514' title='bbox 77 3377 162 3408; x_wconf 83' lang='lat'>1423-</span> <span class='ocrx_word' id='word_1_515' title='bbox 239 3377 288 3408; x_wconf 92' lang='lat' dir='ltr'>De</span> <span class='ocrx_word' id='word_1_516' title='bbox 304 3378 449 3415; x_wconf 79' lang='lat' dir='ltr'>fidelitate,</span> <span class='ocrx_word' id='word_1_517' title='bbox 467 3377 738 3414; x_wconf 72' lang='lat' dir='ltr'>circumspeffione,</span> <span class='ocrx_word' id='word_1_518' title='bbox 755 3377 918 3415; x_wconf 83' lang='lat' dir='ltr'>prudentia,</span> <span class='ocrx_word' id='word_1_519' title='bbox 936 3378 967 3408; x_wconf 73' lang='grc' dir='ltr'>δε</span> <span class='ocrx_word' id='word_1_520' title='bbox 980 3385 1088 3414; x_wconf 76' lang='lat' dir='ltr'>experta</span> <span class='ocrx_word' id='word_1_521' title='bbox 1102 3377 1258 3416; x_wconf 85' lang='lat' dir='ltr'>diligentia,</span> 
     </span>
     <span class='ocr_line' id='line_1_73' title="bbox 55 3411 1260 3454; baseline -0.001 -7"><span class='ocrx_word' id='word_1_522' title='bbox 55 3411 108 3434; x_wconf 68' lang='lat' dir='ltr'>An·</span> <span class='ocrx_word' id='word_1_523' title='bbox 125 3417 152 3434; x_wconf 85' lang='lat'>2·</span> <span class='ocrx_word' id='word_1_524' title='bbox 202 3414 373 3446; x_wconf 85' lang='lat' dir='ltr'>Venerabilis</span> <span class='ocrx_word' id='word_1_525' title='bbox 389 3416 493 3452; x_wconf 89' lang='lat' dir='ltr'>Patris,</span> <span class='ocrx_word' id='word_1_526' title='bbox 512 3415 586 3444; x_wconf 83' lang='lat' dir='ltr'>Phili</span> <span class='ocrx_word' id='word_1_527' title='bbox 601 3418 628 3452; x_wconf 71' lang='lat' dir='ltr'>pi</span> <span class='ocrx_word' id='word_1_528' title='bbox 645 3414 834 3454; x_wconf 64' lang='lat' dir='ltr'>lbjgornienfis</span> <span class='ocrx_word' id='word_1_529' title='bbox 857 3417 989 3454; x_wconf 70' lang='lat' dir='ltr'>Episcopi,</span> <span class='ocrx_word' id='word_1_530' title='bbox 1005 3417 1173 3446; x_wconf 57' lang='lat' dir='ltr'>dsteffilorum</span> <span class='ocrx_word' id='word_1_531' title='bbox 1189 3415 1260 3446; x_wconf 86' lang='lat' dir='ltr'>Cle-</span> 
     </span>
     <span class='ocr_line' id='line_1_74' title="bbox 57 3424 1259 3492; baseline -0.001 -7"><span class='ocrx_word' id='word_1_532' title='bbox 57 3449 92 3473; x_wconf 69' lang='lat' dir='ltr'>H·</span> <span class='ocrx_word' id='word_1_533' title='bbox 109 3447 136 3472; x_wconf 79' lang='lat'>⁶·</span> <span class='ocrx_word' id='word_1_534' title='bbox 202 3455 326 3486; x_wconf 85' lang='lat' dir='ltr'>ricorum</span> <span class='ocrx_word' id='word_1_535' title='bbox 346 3454 523 3490; x_wconf 89' lang='lat' dir='ltr'>nostrorum,</span> <span class='ocrx_word' id='word_1_536' title='bbox 540 3424 680 3491; x_wconf 53' lang='lat' dir='ltr'>Joiiannis</span> <span class='ocrx_word' id='word_1_537' title='bbox 702 3451 826 3491; x_wconf 83' lang='lat' dir='ltr'>Staffora&#39;</span> <span class='ocrx_word' id='word_1_538' title='bbox 836 3453 1008 3483; x_wconf 61' lang='lat' dir='ltr'>Theium-arii</span> <span class='ocrx_word' id='word_1_539' title='bbox 1026 3454 1113 3484; x_wconf 77' lang='lat' dir='ltr'>nostii</span> <span class='ocrx_word' id='word_1_540' title='bbox 1129 3455 1259 3492; x_wconf 76' lang='lat' dir='ltr'>Angliae,</span> 
     </span>
    </p>
   </div>
   <div class='ocr_carea' id='block_1_11' title="bbox 93 3483 1260 3529">
    <p class='ocr_par' dir='ltr' id='par_1_32' title="bbox 93 3483 1260 3529">
     <span class='ocr_line' id='line_1_75' title="bbox 93 3483 1260 3529; baseline -0.002 -5"><span class='ocrx_word' id='word_1_541' title='bbox 93 3483 160 3512; x_wconf 54' lang='lat' dir='ltr'>uid·</span> <span class='ocrx_word' id='word_1_542' title='bbox 203 3494 238 3524; x_wconf 87' lang='lat'>&amp;</span> <span class='ocrx_word' id='word_1_543' title='bbox 261 3491 405 3523; x_wconf 81' lang='lat' dir='ltr'>Willielmi</span> <span class='ocrx_word' id='word_1_544' title='bbox 421 3491 560 3528; x_wconf 82' lang='lat' dir='ltr'>Alnewyk</span> <span class='ocrx_word' id='word_1_545' title='bbox 576 3491 709 3521; x_wconf 79' lang='lat' dir='ltr'>Custodis</span> <span class='ocrx_word' id='word_1_546' title='bbox 724 3490 829 3521; x_wconf 88' lang='lat' dir='ltr'>Privati</span> <span class='ocrx_word' id='word_1_547' title='bbox 844 3491 933 3529; x_wconf 78' lang='lat' dir='ltr'>sigilli</span> <span class='ocrx_word' id='word_1_548' title='bbox 946 3491 1048 3529; x_wconf 86' lang='lat' dir='ltr'>nostri,</span> <span class='ocrx_word' id='word_1_549' title='bbox 1068 3493 1177 3529; x_wconf 66' lang='lat' dir='ltr'>Legum</span> <span class='ocrx_word' id='word_1_550' title='bbox 1196 3492 1260 3522; x_wconf 94' lang='lat' dir='ltr'>Do-</span> 
     </span>
    </p>
   </div>
   <div class='ocr_carea' id='block_1_12' title="bbox 202 3529 1262 4137">
    <p class='ocr_par' dir='ltr' id='par_1_33' title="bbox 203 3529 1262 3686">
     <span class='ocr_line' id='line_1_76' title="bbox 205 3529 1261 3570; baseline -0.003 -8"><span class='ocrx_word' id='word_1_551' title='bbox 205 3533 339 3570; x_wconf 69' lang='lat' dir='ltr'>ciorum,</span> <span class='ocrx_word' id='word_1_552' title='bbox 356 3542 405 3568; x_wconf 91' lang='lat' dir='ltr'>ac,</span> <span class='ocrx_word' id='word_1_553' title='bbox 422 3530 590 3561; x_wconf 62' lang='lat' dir='ltr'>dileelorum</span> <span class='ocrx_word' id='word_1_554' title='bbox 615 3531 647 3559; x_wconf 85' lang='lat'>&amp;</span> <span class='ocrx_word' id='word_1_555' title='bbox 660 3529 783 3559; x_wconf 80' lang='lat' dir='ltr'>fidelium</span> <span class='ocrx_word' id='word_1_556' title='bbox 801 3529 962 3560; x_wconf 83' lang='lat' dir='ltr'>nostrorum</span> <span class='ocrx_word' id='word_1_557' title='bbox 973 3552 982 3567; x_wconf 97' lang='lat'>,</span> <span class='ocrx_word' id='word_1_558' title='bbox 999 3530 1134 3568; x_wconf 80' lang='lat' dir='ltr'>Raa&#39;ulphi</span> <span class='ocrx_word' id='word_1_559' title='bbox 1151 3532 1261 3560; x_wconf 63' lang='lat' dir='ltr'>Domini</span> 
     </span>
     <span class='ocr_line' id='line_1_77' title="bbox 207 3567 1262 3608; baseline -0.003 -8"><span class='ocrx_word' id='word_1_560' title='bbox 207 3571 239 3600; x_wconf 81' lang='lat' dir='ltr'>de</span> <span class='ocrx_word' id='word_1_561' title='bbox 252 3568 412 3607; x_wconf 79' lang='lat' dir='ltr'>Cromwell,</span> <span class='ocrx_word' id='word_1_562' title='bbox 427 3568 567 3608; x_wconf 80' lang='lat' dir='ltr'>Johanm‘s</span> <span class='ocrx_word' id='word_1_563' title='bbox 585 3567 697 3597; x_wconf 84' lang='lat' dir='ltr'>Pelham</span> <span class='ocrx_word' id='word_1_564' title='bbox 710 3567 1145 3606; x_wconf 63' lang='lat' dir='ltr'>Militis,necnon,dile6torum</span> <span class='ocrx_word' id='word_1_565' title='bbox 1165 3570 1262 3607; x_wconf 82' lang='lat' dir='ltr'>nobis,</span> 
     </span>
     <span class='ocr_line' id='line_1_78' title="bbox 203 3605 1261 3646; baseline -0.002 -8"><span class='ocrx_word' id='word_1_566' title='bbox 203 3609 313 3638; x_wconf 77' lang='lat' dir='ltr'>Roberti</span> <span class='ocrx_word' id='word_1_567' title='bbox 329 3611 472 3638; x_wconf 61' lang='lat' dir='ltr'>Waterton</span> <span class='ocrx_word' id='word_1_568' title='bbox 486 3607 644 3644; x_wconf 65' lang='lat' dir='ltr'>Armigeri,</span> <span class='ocrx_word' id='word_1_569' title='bbox 663 3607 694 3636; x_wconf 89' lang='lat'>&amp;</span> <span class='ocrx_word' id='word_1_570' title='bbox 710 3605 851 3644; x_wconf 85' lang='lat' dir='ltr'>Johanms</span> <span class='ocrx_word' id='word_1_571' title='bbox 869 3607 959 3636; x_wconf 84' lang='lat' dir='ltr'>stokes</span> <span class='ocrx_word' id='word_1_572' title='bbox 979 3606 1091 3646; x_wconf 83' lang='lat' dir='ltr'>Legum</span> <span class='ocrx_word' id='word_1_573' title='bbox 1107 3607 1261 3645; x_wconf 62' lang='lat' dir='ltr'>Doctoris,</span> 
     </span>
     <span class='ocr_line' id='line_1_79' title="bbox 204 3646 514 3686; baseline 0.003 -10"><span class='ocrx_word' id='word_1_574' title='bbox 204 3648 310 3686; x_wconf 75' lang='lat' dir='ltr'>plenius</span> <span class='ocrx_word' id='word_1_575' title='bbox 324 3646 514 3684; x_wconf 73' lang='lat' dir='ltr'>confidentes,</span> 
     </span>
    </p>

    <p class='ocr_par' dir='ltr' id='par_1_34' title="bbox 204 3681 1260 3837">
     <span class='ocr_line' id='line_1_80' title="bbox 243 3681 1260 3725; baseline -0.003 -9"><span class='ocrx_word' id='word_1_576' title='bbox 243 3687 261 3705; x_wconf 65' lang='lat'>&#39;¹‘</span> <span class='ocrx_word' id='word_1_577' title='bbox 278 3685 355 3725; x_wconf 86' lang='lat' dir='ltr'>Ipsos</span> <span class='ocrx_word' id='word_1_578' title='bbox 375 3685 522 3722; x_wconf 73' lang='lat' dir='ltr'>Fecimus,</span> <span class='ocrx_word' id='word_1_579' title='bbox 539 3681 763 3719; x_wconf 83' lang='lat' dir='ltr'>Constituimus,</span> <span class='ocrx_word' id='word_1_580' title='bbox 789 3681 1013 3721; x_wconf 87' lang='lat' dir='ltr'>Deputavimus,</span> <span class='ocrx_word' id='word_1_581' title='bbox 1040 3682 1260 3720; x_wconf 84' lang='lat' dir='ltr'>Ordinavimus,</span> 
     </span>
     <span class='ocr_line' id='line_1_81' title="bbox 204 3719 1260 3760; baseline -0.004 -5"><span class='ocrx_word' id='word_1_582' title='bbox 204 3724 238 3755; x_wconf 90' lang='lat'>&amp;</span> <span class='ocrx_word' id='word_1_583' title='bbox 253 3722 454 3760; x_wconf 81' lang='lat' dir='ltr'>stabilivimus,</span> <span class='ocrx_word' id='word_1_584' title='bbox 474 3721 671 3759; x_wconf 88' lang='lat' dir='ltr'>Facimusque,</span> <span class='ocrx_word' id='word_1_585' title='bbox 690 3719 896 3750; x_wconf 79' lang='lat' dir='ltr'>Censtituimus</span> <span class='ocrx_word' id='word_1_586' title='bbox 906 3744 914 3757; x_wconf 92' lang='lat'>,</span> <span class='ocrx_word' id='word_1_587' title='bbox 928 3721 1120 3757; x_wconf 66' lang='lat' dir='ltr'>Deputamtis,</span> <span class='ocrx_word' id='word_1_588' title='bbox 1137 3720 1260 3751; x_wconf 83' lang='lat' dir='ltr'>Ordina-</span> 
     </span>
     <span class='ocr_line' id='line_1_82' title="bbox 207 3758 1260 3799; baseline -0.003 -7"><span class='ocrx_word' id='word_1_589' title='bbox 207 3771 289 3798; x_wconf 77' lang='lat' dir='ltr'>muS,</span> <span class='ocrx_word' id='word_1_590' title='bbox 305 3762 336 3790; x_wconf 67' lang='grc' dir='ltr'>ὅτ</span> <span class='ocrx_word' id='word_1_591' title='bbox 352 3761 527 3799; x_wconf 86' lang='lat' dir='ltr'>Stabilitnus,</span> <span class='ocrx_word' id='word_1_592' title='bbox 545 3761 581 3790; x_wconf 91' lang='lat' dir='ltr'>de</span> <span class='ocrx_word' id='word_1_593' title='bbox 596 3760 763 3790; x_wconf 79' lang='lat' dir='ltr'>avisamento</span> <span class='ocrx_word' id='word_1_594' title='bbox 779 3758 907 3789; x_wconf 90' lang='lat' dir='ltr'>Concilii</span> <span class='ocrx_word' id='word_1_595' title='bbox 923 3758 1027 3797; x_wconf 85' lang='lat' dir='ltr'>nostri,</span> <span class='ocrx_word' id='word_1_596' title='bbox 1045 3759 1154 3789; x_wconf 87' lang='lat' dir='ltr'>nostros</span> <span class='ocrx_word' id='word_1_597' title='bbox 1167 3758 1260 3789; x_wconf 90' lang='lat' dir='ltr'>Com-</span> 
     </span>
     <span class='ocr_line' id='line_1_83' title="bbox 207 3796 903 3837; baseline -0.009 -6"><span class='ocrx_word' id='word_1_598' title='bbox 207 3799 360 3837; x_wconf 84' lang='lat' dir='ltr'>miffarios,</span> <span class='ocrx_word' id='word_1_599' title='bbox 378 3800 421 3830; x_wconf 90' lang='lat' dir='ltr'>De</span> <span class='ocrx_word' id='word_1_600' title='bbox 442 3809 547 3837; x_wconf 85' lang='lat' dir='ltr'>utatos,</span> <span class='ocrx_word' id='word_1_601' title='bbox 565 3799 598 3829; x_wconf 69' lang='grc' dir='ltr'>ὅ(</span> <span class='ocrx_word' id='word_1_602' title='bbox 613 3797 746 3828; x_wconf 89' lang='lat' dir='ltr'>Nuncios</span> <span class='ocrx_word' id='word_1_603' title='bbox 758 3796 903 3834; x_wconf 87' lang='lat' dir='ltr'>speciales,</span> 
     </span>
    </p>

    <p class='ocr_par' dir='ltr' id='par_1_35' title="bbox 202 3834 1261 4133">
     <span class='ocr_line' id='line_1_84' title="bbox 243 3834 1260 3874; baseline -0.003 -7"><span class='ocrx_word' id='word_1_604' title='bbox 243 3837 350 3867; x_wconf 90' lang='lat' dir='ltr'>Dantes</span> <span class='ocrx_word' id='word_1_605' title='bbox 365 3838 397 3868; x_wconf 89' lang='lat'>&amp;</span> <span class='ocrx_word' id='word_1_606' title='bbox 463 3838 611 3868; x_wconf 86' lang='lat' dir='ltr'>ncedentes</span> <span class='ocrx_word' id='word_1_607' title='bbox 624 3837 707 3866; x_wconf 62' lang='lat' dir='ltr'>dietis</span> <span class='ocrx_word' id='word_1_608' title='bbox 720 3835 927 3865; x_wconf 79' lang='lat' dir='ltr'>Commiffariis</span> <span class='ocrx_word' id='word_1_609' title='bbox 942 3834 1059 3874; x_wconf 83' lang='lat' dir='ltr'>nostris,</span> <span class='ocrx_word' id='word_1_610' title='bbox 1077 3845 1176 3866; x_wconf 87' lang='lat' dir='ltr'>eorum</span> <span class='ocrx_word' id='word_1_611' title='bbox 1190 3835 1260 3873; x_wconf 90' lang='lat' dir='ltr'>Sex,</span> 
     </span>
     <span class='ocr_line' id='line_1_85' title="bbox 207 3873 1260 3916; baseline -0.003 -11"><span class='ocrx_word' id='word_1_612' title='bbox 207 3877 363 3916; x_wconf 79' lang='lat' dir='ltr'>Qinque,</span> <span class='ocrx_word' id='word_1_613' title='bbox 383 3875 530 3914; x_wconf 77' lang='lat' dir='ltr'>Qatuor,</span> <span class='ocrx_word' id='word_1_614' title='bbox 549 3876 594 3905; x_wconf 87' lang='lat' dir='ltr'>vel</span> <span class='ocrx_word' id='word_1_615' title='bbox 617 3874 736 3909; x_wconf 75' lang='lat' dir='ltr'>Tribus,</span> <span class='ocrx_word' id='word_1_616' title='bbox 756 3873 867 3912; x_wconf 81' lang='lat' dir='ltr'>plenam</span> <span class='ocrx_word' id='word_1_617' title='bbox 892 3874 924 3903; x_wconf 71' lang='grc' dir='ltr'>ὃς</span> <span class='ocrx_word' id='word_1_618' title='bbox 940 3873 1052 3904; x_wconf 89' lang='lat' dir='ltr'>liberam</span> <span class='ocrx_word' id='word_1_619' title='bbox 1069 3873 1260 3911; x_wconf 88' lang='lat' dir='ltr'>Potestatem,</span> 
     </span>
     <span class='ocr_line' id='line_1_86' title="bbox 206 3911 1261 3952; baseline -0.002 -9"><span class='ocrx_word' id='word_1_620' title='bbox 206 3917 241 3948; x_wconf 87' lang='lat'>&amp;</span> <span class='ocrx_word' id='word_1_621' title='bbox 267 3913 433 3952; x_wconf 86' lang='lat' dir='ltr'>Mandatum</span> <span class='ocrx_word' id='word_1_622' title='bbox 455 3914 581 3951; x_wconf 84' lang='lat' dir='ltr'>speciale,</span> <span class='ocrx_word' id='word_1_623' title='bbox 597 3923 664 3944; x_wconf 87' lang='lat' dir='ltr'>cum</span> <span class='ocrx_word' id='word_1_624' title='bbox 675 3937 682 3948; x_wconf 79' lang='lat'>,</span> <span class='ocrx_word' id='word_1_625' title='bbox 702 3911 859 3942; x_wconf 82' lang='lat' dir='ltr'>Venerabili</span> <span class='ocrx_word' id='word_1_626' title='bbox 874 3911 971 3948; x_wconf 79' lang='lat' dir='ltr'>Patre,</span> <span class='ocrx_word' id='word_1_627' title='bbox 992 3914 1033 3942; x_wconf 91' lang='lat' dir='ltr'><em>W</em></span> <span class='ocrx_word' id='word_1_628' title='bbox 1033 3911 1139 3941; x_wconf 83' lang='lat' dir='ltr'>illielmo</span> <span class='ocrx_word' id='word_1_629' title='bbox 1155 3912 1261 3950; x_wconf 67' lang='lat' dir='ltr'>Episco-</span> 
     </span>
     <span class='ocr_line' id='line_1_87' title="bbox 202 3948 1261 3992; baseline -0.003 -10"><span class='ocrx_word' id='word_1_630' title='bbox 202 3961 238 3992; x_wconf 83' lang='lat' dir='ltr'>po</span> <span class='ocrx_word' id='word_1_631' title='bbox 253 3950 420 3990; x_wconf 81' lang='lat' dir='ltr'>Glasguenfi,</span> <span class='ocrx_word' id='word_1_632' title='bbox 437 3953 546 3988; x_wconf 68' lang='lat' dir='ltr'>Georgia</span> <span class='ocrx_word' id='word_1_633' title='bbox 563 3956 663 3982; x_wconf 83' lang='lat' dir='ltr'>Comite</span> <span class='ocrx_word' id='word_1_634' title='bbox 679 3949 812 3980; x_wconf 63' lang='lat' dir='ltr'>Marchiae</span> <span class='ocrx_word' id='word_1_635' title='bbox 823 3972 831 3987; x_wconf 86' lang='lat'>,</span> <span class='ocrx_word' id='word_1_636' title='bbox 847 3948 952 3987; x_wconf 83' lang='lat' dir='ltr'>Jacobo</span> <span class='ocrx_word' id='word_1_637' title='bbox 967 3949 998 3978; x_wconf 82' lang='lat' dir='ltr'>de</span> <span class='ocrx_word' id='word_1_638' title='bbox 1015 3950 1133 3987; x_wconf 83' lang='lat' dir='ltr'>Douglas</span> <span class='ocrx_word' id='word_1_639' title='bbox 1149 3951 1184 3979; x_wconf 89' lang='lat' dir='ltr'>de</span> <span class='ocrx_word' id='word_1_640' title='bbox 1200 3950 1261 3980; x_wconf 78' lang='lat' dir='ltr'>ssal—</span> 
     </span>
     <span class='ocr_line' id='line_1_88' title="bbox 206 3987 1261 4030; baseline -0.003 -10"><span class='ocrx_word' id='word_1_641' title='bbox 206 3992 293 4027; x_wconf 87' lang='lat' dir='ltr'>bam,</span> <span class='ocrx_word' id='word_1_642' title='bbox 310 3988 467 4019; x_wconf 80' lang='lat' dir='ltr'>Abbatibus</span> <span class='ocrx_word' id='word_1_643' title='bbox 494 3990 718 4030; x_wconf 76' lang='lat' dir='ltr'>Monasteriorum</span> <span class='ocrx_word' id='word_1_644' title='bbox 744 3989 776 4017; x_wconf 86' lang='lat' dir='ltr'>de</span> <span class='ocrx_word' id='word_1_645' title='bbox 796 3987 1004 4018; x_wconf 74' lang='lat' dir='ltr'>Cainbuskineth</span> <span class='ocrx_word' id='word_1_646' title='bbox 1025 3989 1057 4018; x_wconf 87' lang='lat'>&amp;</span> <span class='ocrx_word' id='word_1_647' title='bbox 1077 3988 1110 4017; x_wconf 83' lang='lat' dir='ltr'>de</span> <span class='ocrx_word' id='word_1_648' title='bbox 1132 3988 1261 4017; x_wconf 74' lang='lat' dir='ltr'>Balmar-</span> 
     </span>
     <span class='ocr_line' id='line_1_89' title="bbox 207 4026 1261 4066; baseline 0 -9"><span class='ocrx_word' id='word_1_649' title='bbox 207 4027 300 4066; x_wconf 82' lang='lat' dir='ltr'>mach,</span> <span class='ocrx_word' id='word_1_650' title='bbox 327 4030 446 4056; x_wconf 85' lang='lat' dir='ltr'>Patricio</span> <span class='ocrx_word' id='word_1_651' title='bbox 471 4027 503 4056; x_wconf 79' lang='lat' dir='ltr'>a&#39;e</span> <span class='ocrx_word' id='word_1_652' title='bbox 524 4028 642 4058; x_wconf 83' lang='lat' dir='ltr'>Dunbar</span> <span class='ocrx_word' id='word_1_653' title='bbox 660 4028 695 4058; x_wconf 87' lang='lat' dir='ltr'>de</span> <span class='ocrx_word' id='word_1_654' title='bbox 719 4026 799 4063; x_wconf 80' lang='lat' dir='ltr'>Bele,</span> <span class='ocrx_word' id='word_1_655' title='bbox 818 4026 932 4055; x_wconf 84' lang='lat' dir='ltr'>Roberto</span> <span class='ocrx_word' id='word_1_656' title='bbox 953 4026 984 4055; x_wconf 85' lang='lat' dir='ltr'>de</span> <span class='ocrx_word' id='word_1_657' title='bbox 1006 4026 1144 4055; x_wconf 80' lang='lat' dir='ltr'>Lawedre</span> <span class='ocrx_word' id='word_1_658' title='bbox 1165 4027 1200 4056; x_wconf 86' lang='lat' dir='ltr'>de</span> <span class='ocrx_word' id='word_1_659' title='bbox 1222 4026 1261 4057; x_wconf 88' lang='lat' dir='ltr'>E-</span> 
     </span>
     <span class='ocr_line' id='line_1_90' title="bbox 207 4064 1261 4133; baseline -0.001 -35"><span class='ocrx_word' id='word_1_660' title='bbox 207 4069 365 4105; x_wconf 79' lang='lat' dir='ltr'>drvngton,</span> <span class='ocrx_word' id='word_1_661' title='bbox 384 4064 540 4133; x_wconf 63' lang='lat' dir='ltr'>Militlibus,</span> <span class='ocrx_word' id='word_1_662' title='bbox 557 4075 672 4098; x_wconf 89' lang='lat' dir='ltr'>necnon</span> <span class='ocrx_word' id='word_1_663' title='bbox 688 4064 848 4105; x_wconf 70' lang='lat' dir='ltr'>Magistris,</span> <span class='ocrx_word' id='word_1_664' title='bbox 867 4066 976 4103; x_wconf 78' lang='lat' dir='ltr'>Georgia</span> <span class='ocrx_word' id='word_1_665' title='bbox 989 4065 1021 4095; x_wconf 87' lang='lat' dir='ltr'>de</span> <span class='ocrx_word' id='word_1_666' title='bbox 1033 4065 1190 4096; x_wconf 80' lang='lat' dir='ltr'>Brotewike</span> <span class='ocrx_word' id='word_1_667' title='bbox 1204 4065 1261 4097; x_wconf 83' lang='lat' dir='ltr'>Ar-</span> 
     </span>
    </p>

    <p class='ocr_par' dir='ltr' id='par_1_36' title="bbox 235 4106 510 4137">
     <span class='ocr_line' id='line_1_91' title="bbox 235 4106 510 4137; baseline -0.011 0"><span class='ocrx_word' id='word_1_668' title='bbox 235 4108 308 4137; x_wconf 81' lang='lat' dir='ltr'>Tom.</span> <span class='ocrx_word' id='word_1_669' title='bbox 327 4106 386 4135; x_wconf 86' lang='lat' dir='ltr'>1V.</span> <span class='ocrx_word' id='word_1_670' title='bbox 403 4106 438 4134; x_wconf 89' lang='grc' dir='ltr'>Ρ.</span> <span class='ocrx_word' id='word_1_671' title='bbox 478 4106 510 4134; x_wconf 87' lang='lat' dir='ltr'>V.</span> 
     </span>
    </p>
   </div>
   <div class='ocr_carea' id='block_1_13' title="bbox 60 3703 192 3740">
    <p class='ocr_par' dir='ltr' id='par_1_37' title="bbox 60 3703 192 3740">
     <span class='ocr_line' id='line_1_92' title="bbox 60 3703 192 3740; baseline 0 -10"><span class='ocrx_word' id='word_1_672' title='bbox 60 3703 192 3740; x_wconf 73' lang='lat' dir='ltr'><strong>·X.302.</strong></span> 
     </span>
    </p>
   </div>
   <div class='ocr_carea' id='block_1_14' title="bbox 1330 198 2334 262">
    <p class='ocr_par' dir='ltr' id='par_1_38' title="bbox 1330 198 2334 262">
     <span class='ocr_line' id='line_1_93' title="bbox 1330 198 2334 262; baseline 0.015 -25"><span class='ocrx_word' id='word_1_673' title='bbox 1330 198 1809 244; x_wconf 84' lang='lat' dir='ltr'>PUBLICA.</span> <span class='ocrx_word' id='word_1_674' title='bbox 2277 226 2334 262; x_wconf 89' lang='lat'>99</span> 
     </span>
    </p>
   </div>
   <div class='ocr_carea' id='block_1_15' title="bbox 1273 283 2474 408">
    <p class='ocr_par' dir='ltr' id='par_1_39' title="bbox 1273 283 2474 408">
     <span class='ocr_line' id='line_1_94' title="bbox 1275 283 2474 330; baseline 0.012 -18"><span class='ocrx_word' id='word_1_675' title='bbox 1275 283 1446 326; x_wconf 72' lang='lat' dir='ltr'>chidiacono</span> <span class='ocrx_word' id='word_1_676' title='bbox 1461 285 1641 330; x_wconf 74' lang='lat' dir='ltr'>Glasguensi,</span> <span class='ocrx_word' id='word_1_677' title='bbox 1657 289 1690 319; x_wconf 88' lang='lat'>&amp;</span> <span class='ocrx_word' id='word_1_678' title='bbox 1706 290 1822 318; x_wconf 84' lang='lat' dir='ltr'>Patricio</span> <span class='ocrx_word' id='word_1_679' title='bbox 1837 289 1868 318; x_wconf 85' lang='lat' dir='ltr'>de</span> <span class='ocrx_word' id='word_1_680' title='bbox 1880 289 2026 330; x_wconf 74' lang='lat' dir='ltr'>Howeston</span> <span class='ocrx_word' id='word_1_681' title='bbox 2042 291 2214 323; x_wconf 82' lang='lat' dir='ltr'>Licenciatio</span> <span class='ocrx_word' id='word_1_682' title='bbox 2230 295 2257 323; x_wconf 91' lang='lat' dir='ltr'>in</span> <span class='ocrx_word' id='word_1_683' title='bbox 2274 294 2330 324; x_wconf 81' lang='lat' dir='ltr'>Le·</span> <span class='ocrx_word' id='word_1_684' title='bbox 2350 297 2423 327; x_wconf 79' lang='lat' dir='ltr'>Anti.</span> <span class='ocrx_word' id='word_1_685' title='bbox 2433 295 2474 327; x_wconf 89' lang='lat' dir='ltr'>D.</span> 
     </span>
     <span class='ocr_line' id='line_1_95' title="bbox 1273 322 2461 391; baseline 0.011 -41"><span class='ocrx_word' id='word_1_686' title='bbox 1273 322 1355 389; x_wconf 44' lang='lat' dir='ltr'>{bug</span> <span class='ocrx_word' id='word_1_687' title='bbox 1373 322 1531 391; x_wconf 74' lang='lat' dir='ltr'>ssCanonbico</span> <span class='ocrx_word' id='word_1_688' title='bbox 1559 324 1719 391; x_wconf 59' lang='lat' dir='ltr'>glasguensi</span> <span class='ocrx_word' id='word_1_689' title='bbox 1734 349 1744 364; x_wconf 90' lang='lat'>,</span> <span class='ocrx_word' id='word_1_690' title='bbox 1771 328 1995 372; x_wconf 34' lang='lat' dir='ltr'>Regni-&#39;Scotiae</span> <span class='ocrx_word' id='word_1_691' title='bbox 2014 329 2046 359; x_wconf 89' lang='lat'>&amp;</span> <span class='ocrx_word' id='word_1_692' title='bbox 2068 340 2122 367; x_wconf 75' lang='lat' dir='ltr'>pri)</span> <span class='ocrx_word' id='word_1_693' title='bbox 2143 331 2201 369; x_wconf 87' lang='lat' dir='ltr'>ipso</span> <span class='ocrx_word' id='word_1_694' title='bbox 2222 331 2330 369; x_wconf 76' lang='lat' dir='ltr'>Regno</span> <span class='ocrx_word' id='word_1_695' title='bbox 2375 343 2461 374; x_wconf 83' lang='lat'>1423.</span> 
     </span>
     <span class='ocr_line' id='line_1_96' title="bbox 1306 366 2454 408; baseline 0.012 -19"><span class='ocrx_word' id='word_1_696' title='bbox 1306 370 1333 389; x_wconf 73' lang='lat' dir='ltr'>ni</span> <span class='ocrx_word' id='word_1_697' title='bbox 1357 371 1368 389; x_wconf 70' lang='lat' dir='ltr'>a</span> <span class='ocrx_word' id='word_1_698' title='bbox 1394 371 1472 392; x_wconf 80' lang='lat' dir='ltr'>iatori</span> <span class='ocrx_word' id='word_1_699' title='bbox 1496 373 1543 399; x_wconf 82' lang='lat' dir='ltr'>us,</span> <span class='ocrx_word' id='word_1_700' title='bbox 1594 372 1707 401; x_wconf 78' lang='lat' dir='ltr'>eputatis</span> <span class='ocrx_word' id='word_1_701' title='bbox 1726 368 1759 394; x_wconf 73' lang='grc' dir='ltr'>ὅ(</span> <span class='ocrx_word' id='word_1_702' title='bbox 1774 366 1917 403; x_wconf 87' lang='lat' dir='ltr'>Nuncus,</span> <span class='ocrx_word' id='word_1_703' title='bbox 1935 367 2058 406; x_wconf 54' lang='lat' dir='ltr'>ipsuum</span> <span class='ocrx_word' id='word_1_704' title='bbox 2073 368 2211 406; x_wconf 85' lang='lat' dir='ltr'>Novem,</span> <span class='ocrx_word' id='word_1_705' title='bbox 2231 369 2330 408; x_wconf 65' lang='lat' dir='ltr'>octo,</span> <span class='ocrx_word' id='word_1_706' title='bbox 2350 378 2412 403; x_wconf 84' lang='lat' dir='ltr'>Hen.</span> <span class='ocrx_word' id='word_1_707' title='bbox 2425 375 2454 403; x_wconf 83' lang='grc'>6.</span> 
     </span>
    </p>
   </div>
   <div class='ocr_carea' id='block_1_16' title="bbox 1273 396 2333 479">
    <p class='ocr_par' dir='ltr' id='par_1_40' title="bbox 1273 396 2333 479">
     <span class='ocr_line' id='line_1_97' title="bbox 1273 396 2333 447; baseline 0.01 -20"><span class='ocrx_word' id='word_1_708' title='bbox 1273 396 1386 436; x_wconf 83' lang='lat' dir='ltr'>Septem</span> <span class='ocrx_word' id='word_1_709' title='bbox 1403 422 1412 437; x_wconf 91' lang='lat'>,</span> <span class='ocrx_word' id='word_1_710' title='bbox 1429 398 1490 443; x_wconf 32' lang='lat' dir='ltr'>&#39;Sex</span> <span class='ocrx_word' id='word_1_711' title='bbox 1511 401 1655 445; x_wconf 31' lang='lat' dir='ltr'>*Quinque</span> <span class='ocrx_word' id='word_1_712' title='bbox 1668 424 1677 439; x_wconf 95' lang='lat'>,</span> <span class='ocrx_word' id='word_1_713' title='bbox 1704 402 1838 439; x_wconf 80' lang='lat' dir='ltr'>Quatuor</span> <span class='ocrx_word' id='word_1_714' title='bbox 1855 426 1863 441; x_wconf 89' lang='lat'>,</span> <span class='ocrx_word' id='word_1_715' title='bbox 1888 404 1932 434; x_wconf 88' lang='lat' dir='ltr'>vel</span> <span class='ocrx_word' id='word_1_716' title='bbox 1958 405 2066 435; x_wconf 88' lang='lat' dir='ltr'>Tribus</span> <span class='ocrx_word' id='word_1_717' title='bbox 2082 429 2090 443; x_wconf 91' lang='lat'>,</span> <span class='ocrx_word' id='word_1_718' title='bbox 2113 405 2333 447; x_wconf 86' lang='lat' dir='ltr'>Conveniendi‚</span> 
     </span>
     <span class='ocr_line' id='line_1_98' title="bbox 1275 437 2331 479; baseline 0.011 -14"><span class='ocrx_word' id='word_1_719' title='bbox 1275 437 1516 469; x_wconf 85' lang='lat' dir='ltr'>Communicandi</span> <span class='ocrx_word' id='word_1_720' title='bbox 1526 461 1534 475; x_wconf 92' lang='lat'>,</span> <span class='ocrx_word' id='word_1_721' title='bbox 1561 439 1583 468; x_wconf 90' lang='grc' dir='ltr'><strong>Γ</strong></span> <span class='ocrx_word' id='word_1_722' title='bbox 1586 439 1720 478; x_wconf 65' lang='lat' dir='ltr'>metandi,</span> <span class='ocrx_word' id='word_1_723' title='bbox 1739 440 1941 472; x_wconf 82' lang='lat' dir='ltr'>Concordandi</span> <span class='ocrx_word' id='word_1_724' title='bbox 1951 465 1959 479; x_wconf 93' lang='lat'>,</span> <span class='ocrx_word' id='word_1_725' title='bbox 1974 444 2008 474; x_wconf 89' lang='lat'>&amp;</span> <span class='ocrx_word' id='word_1_726' title='bbox 2022 443 2133 474; x_wconf 76' lang='lat' dir='ltr'>finaliter</span> <span class='ocrx_word' id='word_1_727' title='bbox 2148 443 2331 476; x_wconf 88' lang='lat' dir='ltr'>Concluden-</span> 
     </span>
    </p>
   </div>
   <div class='ocr_carea' id='block_1_17' title="bbox 1274 473 2380 1321">
    <p class='ocr_par' dir='ltr' id='par_1_41' title="bbox 1274 473 2334 553">
     <span class='ocr_line' id='line_1_99' title="bbox 1275 473 2334 523; baseline 0.01 -20"><span class='ocrx_word' id='word_1_728' title='bbox 1275 473 1302 503; x_wconf 89' lang='lat' dir='ltr'>di</span> <span class='ocrx_word' id='word_1_729' title='bbox 1318 475 1352 504; x_wconf 84' lang='lat' dir='ltr'>de</span> <span class='ocrx_word' id='word_1_730' title='bbox 1368 476 1400 505; x_wconf 72' lang='grc' dir='ltr'>ὃς</span> <span class='ocrx_word' id='word_1_731' title='bbox 1417 476 1495 520; x_wconf 78' lang='lat' dir='ltr'>super</span> <span class='ocrx_word' id='word_1_732' title='bbox 1512 476 1709 517; x_wconf 87' lang='lat' dir='ltr'>Liberatione,</span> <span class='ocrx_word' id='word_1_733' title='bbox 1728 478 1869 510; x_wconf 82' lang='lat' dir='ltr'>Cariffimi</span> <span class='ocrx_word' id='word_1_734' title='bbox 1886 478 2094 520; x_wconf 85' lang='lat' dir='ltr'>Consanguinei</span> <span class='ocrx_word' id='word_1_735' title='bbox 2110 482 2215 522; x_wconf 87' lang='lat' dir='ltr'>nostri,</span> <span class='ocrx_word' id='word_1_736' title='bbox 2233 484 2334 523; x_wconf 67' lang='lat' dir='ltr'>Jacobs·</span> 
     </span>
     <span class='ocr_line' id='line_1_100' title="bbox 1274 514 1525 553; baseline 0.016 -12"><span class='ocrx_word' id='word_1_737' title='bbox 1274 515 1408 542; x_wconf 84' lang='lat' dir='ltr'>Scotorum</span> <span class='ocrx_word' id='word_1_738' title='bbox 1423 514 1525 553; x_wconf 81' lang='lat' dir='ltr'>Regis,</span> 
     </span>
    </p>

    <p class='ocr_par' dir='ltr' id='par_1_42' title="bbox 1277 551 2338 750">
     <span class='ocr_line' id='line_1_101' title="bbox 1315 551 2338 598; baseline 0.01 -17"><span class='ocrx_word' id='word_1_739' title='bbox 1315 551 1351 581; x_wconf 83' lang='lat' dir='ltr'>Et</span> <span class='ocrx_word' id='word_1_740' title='bbox 1370 562 1558 591; x_wconf 81' lang='lat' dir='ltr'>quaecumque</span> <span class='ocrx_word' id='word_1_741' title='bbox 1575 552 1724 592; x_wconf 61' lang='lat' dir='ltr'>Tractata,</span> <span class='ocrx_word' id='word_1_742' title='bbox 1741 554 1922 593; x_wconf 74' lang='lat' dir='ltr'>Compofita,</span> <span class='ocrx_word' id='word_1_743' title='bbox 1941 557 1986 587; x_wconf 90' lang='lat' dir='ltr'>vel</span> <span class='ocrx_word' id='word_1_744' title='bbox 2007 557 2234 598; x_wconf 85' lang='lat' dir='ltr'>Componenda,</span> <span class='ocrx_word' id='word_1_745' title='bbox 2252 559 2338 591; x_wconf 83' lang='lat' dir='ltr'>Con·</span> 
     </span>
     <span class='ocr_line' id='line_1_102' title="bbox 1277 589 2335 636; baseline 0.01 -18"><span class='ocrx_word' id='word_1_746' title='bbox 1277 589 1409 626; x_wconf 82' lang='lat' dir='ltr'>cordata,</span> <span class='ocrx_word' id='word_1_747' title='bbox 1428 591 1472 621; x_wconf 88' lang='lat' dir='ltr'>seu</span> <span class='ocrx_word' id='word_1_748' title='bbox 1487 590 1714 629; x_wconf 80' lang='lat' dir='ltr'>Concordanda,</span> <span class='ocrx_word' id='word_1_749' title='bbox 1727 602 1776 630; x_wconf 79' lang='lat' dir='ltr'>pro</span> <span class='ocrx_word' id='word_1_750' title='bbox 1792 593 1876 622; x_wconf 78' lang='lat' dir='ltr'>Nobis</span> <span class='ocrx_word' id='word_1_751' title='bbox 1892 596 1924 624; x_wconf 73' lang='grc' dir='ltr'>ὃ(</span> <span class='ocrx_word' id='word_1_752' title='bbox 1943 604 1977 624; x_wconf 77' lang='lat' dir='ltr'>ex</span> <span class='ocrx_word' id='word_1_753' title='bbox 1991 595 2071 626; x_wconf 87' lang='lat' dir='ltr'>Parte</span> <span class='ocrx_word' id='word_1_754' title='bbox 2086 597 2177 627; x_wconf 75' lang='lat' dir='ltr'>nostra</span> <span class='ocrx_word' id='word_1_755' title='bbox 2187 622 2194 634; x_wconf 82' lang='lat'>,</span> <span class='ocrx_word' id='word_1_756' title='bbox 2209 609 2277 628; x_wconf 89' lang='lat' dir='ltr'>cum</span> <span class='ocrx_word' id='word_1_757' title='bbox 2291 601 2335 636; x_wconf 89' lang='lat' dir='ltr'>ip-</span> 
     </span>
     <span class='ocr_line' id='line_1_103' title="bbox 1279 627 2335 675; baseline 0.009 -18"><span class='ocrx_word' id='word_1_758' title='bbox 1279 627 1310 657; x_wconf 89' lang='lat' dir='ltr'>sis</span> <span class='ocrx_word' id='word_1_759' title='bbox 1337 628 1604 668; x_wconf 84' lang='lat' dir='ltr'>Ambaffi‘atoribus,</span> <span class='ocrx_word' id='word_1_760' title='bbox 1629 629 1795 668; x_wconf 75' lang='lat' dir='ltr'>DeputatiS,</span> <span class='ocrx_word' id='word_1_761' title='bbox 1815 630 1847 661; x_wconf 88' lang='lat'>&amp;</span> <span class='ocrx_word' id='word_1_762' title='bbox 1868 631 1991 663; x_wconf 88' lang='lat' dir='ltr'>Nunciis</span> <span class='ocrx_word' id='word_1_763' title='bbox 2011 637 2094 671; x_wconf 83' lang='lat' dir='ltr'>Regni</span> <span class='ocrx_word' id='word_1_764' title='bbox 2121 639 2212 665; x_wconf 76' lang='lat' dir='ltr'>Scotiae</span> <span class='ocrx_word' id='word_1_765' title='bbox 2234 637 2266 666; x_wconf 69' lang='grc' dir='ltr'>ὅ(</span> <span class='ocrx_word' id='word_1_766' title='bbox 2285 644 2335 675; x_wconf 83' lang='lat' dir='ltr'>pro</span> 
     </span>
     <span class='ocr_line' id='line_1_104' title="bbox 1279 665 2337 713; baseline 0.009 -18"><span class='ocrx_word' id='word_1_767' title='bbox 1279 665 1338 704; x_wconf 81' lang='lat' dir='ltr'>Ipso</span> <span class='ocrx_word' id='word_1_768' title='bbox 1360 669 1465 710; x_wconf 57' lang='lat' dir='ltr'>Regno,</span> <span class='ocrx_word' id='word_1_769' title='bbox 1483 668 1624 706; x_wconf 88' lang='lat' dir='ltr'>Novem,</span> <span class='ocrx_word' id='word_1_770' title='bbox 1647 668 1746 706; x_wconf 70' lang='lat' dir='ltr'>Oc‘to,</span> <span class='ocrx_word' id='word_1_771' title='bbox 1766 670 1898 708; x_wconf 83' lang='lat' dir='ltr'>Septem,</span> <span class='ocrx_word' id='word_1_772' title='bbox 1918 671 1988 709; x_wconf 84' lang='lat' dir='ltr'>Sex,</span> <span class='ocrx_word' id='word_1_773' title='bbox 2010 672 2165 711; x_wconf 82' lang='lat' dir='ltr'>Quinque,</span> <span class='ocrx_word' id='word_1_774' title='bbox 2185 675 2337 713; x_wconf 61' lang='lat' dir='ltr'>Quattuor,</span> 
     </span>
     <span class='ocr_line' id='line_1_105' title="bbox 1279 705 2242 750; baseline 0.008 -17"><span class='ocrx_word' id='word_1_775' title='bbox 1279 714 1324 733; x_wconf 83' lang='lat' dir='ltr'>aut</span> <span class='ocrx_word' id='word_1_776' title='bbox 1341 705 1359 733; x_wconf 83' lang='grc' dir='ltr'>Ἰ</span> <span class='ocrx_word' id='word_1_777' title='bbox 1372 707 1464 745; x_wconf 74' lang='lat' dir='ltr'>ribus,</span> <span class='ocrx_word' id='word_1_778' title='bbox 1484 716 1664 744; x_wconf 82' lang='lat' dir='ltr'>quacumque</span> <span class='ocrx_word' id='word_1_779' title='bbox 1684 707 1835 737; x_wconf 67' lang='lat' dir='ltr'>securitate</span> <span class='ocrx_word' id='word_1_780' title='bbox 1856 708 1995 738; x_wconf 86' lang='lat' dir='ltr'>Firmandi</span> <span class='ocrx_word' id='word_1_781' title='bbox 2009 710 2042 740; x_wconf 77' lang='grc' dir='ltr'>ὃ(</span> <span class='ocrx_word' id='word_1_782' title='bbox 2060 710 2242 750; x_wconf 77' lang='lat' dir='ltr'>Roborandi,</span> 
     </span>
    </p>

    <p class='ocr_par' dir='ltr' id='par_1_43' title="bbox 1281 742 2339 976">
     <span class='ocr_line' id='line_1_106' title="bbox 1318 742 2338 788; baseline 0.009 -16"><span class='ocrx_word' id='word_1_783' title='bbox 1318 742 1361 772; x_wconf 82' lang='lat' dir='ltr'>Ac</span> <span class='ocrx_word' id='word_1_784' title='bbox 1384 742 1496 781; x_wconf 73' lang='lat' dir='ltr'>Dandi,</span> <span class='ocrx_word' id='word_1_785' title='bbox 1515 743 1722 783; x_wconf 88' lang='lat' dir='ltr'>Coiicedeudi,</span> <span class='ocrx_word' id='word_1_786' title='bbox 1747 746 1779 775; x_wconf 90' lang='lat'>&amp;</span> <span class='ocrx_word' id='word_1_787' title='bbox 1801 744 1986 785; x_wconf 85' lang='lat' dir='ltr'>Recipiendi,</span> <span class='ocrx_word' id='word_1_788' title='bbox 2011 748 2088 786; x_wconf 83' lang='lat' dir='ltr'>super</span> <span class='ocrx_word' id='word_1_789' title='bbox 2109 749 2194 788; x_wconf 84' lang='lat' dir='ltr'>Hoc,</span> <span class='ocrx_word' id='word_1_790' title='bbox 2217 751 2251 781; x_wconf 68' lang='grc' dir='ltr'>ὃς</span> <span class='ocrx_word' id='word_1_791' title='bbox 2276 750 2338 780; x_wconf 89' lang='lat' dir='ltr'>De-</span> 
     </span>
     <span class='ocr_line' id='line_1_107' title="bbox 1282 780 2336 826; baseline 0.009 -17"><span class='ocrx_word' id='word_1_792' title='bbox 1282 780 1437 817; x_wconf 85' lang='lat' dir='ltr'>pendentiis</span> <span class='ocrx_word' id='word_1_793' title='bbox 1452 783 1519 820; x_wconf 85' lang='lat' dir='ltr'>suis,</span> <span class='ocrx_word' id='word_1_794' title='bbox 1537 783 1718 813; x_wconf 82' lang='lat' dir='ltr'>omnimodas</span> <span class='ocrx_word' id='word_1_795' title='bbox 1734 782 1904 821; x_wconf 78' lang='lat' dir='ltr'>Cautiones,</span> <span class='ocrx_word' id='word_1_796' title='bbox 1922 785 2105 824; x_wconf 84' lang='lat' dir='ltr'>Securitates,</span> <span class='ocrx_word' id='word_1_797' title='bbox 2120 788 2336 826; x_wconf 78' lang='lat' dir='ltr'>stipulationes,</span> 
     </span>
     <span class='ocr_line' id='line_1_108' title="bbox 1281 818 2337 864; baseline 0.008 -15"><span class='ocrx_word' id='word_1_798' title='bbox 1281 820 1322 862; x_wconf 61' lang='grc' dir='ltr'>ὃς</span> <span class='ocrx_word' id='word_1_799' title='bbox 1340 818 1548 863; x_wconf 79' lang='lat' dir='ltr'>Obligationes,</span> <span class='ocrx_word' id='word_1_800' title='bbox 1567 830 1620 864; x_wconf 17' lang='lat' dir='ltr'>tot,</span> <span class='ocrx_word' id='word_1_801' title='bbox 1634 822 1667 852; x_wconf 87' lang='lat'>&amp;</span> <span class='ocrx_word' id='word_1_802' title='bbox 1688 822 1779 859; x_wconf 87' lang='lat' dir='ltr'>quales</span> <span class='ocrx_word' id='word_1_803' title='bbox 1796 823 1952 852; x_wconf 68' lang='lat' dir='ltr'>neceliariae</span> <span class='ocrx_word' id='word_1_804' title='bbox 1967 824 2082 862; x_wconf 85' lang='lat' dir='ltr'>fuerint,</span> <span class='ocrx_word' id='word_1_805' title='bbox 2099 828 2132 856; x_wconf 69' lang='grc' dir='ltr'>ὃς</span> <span class='ocrx_word' id='word_1_806' title='bbox 2147 827 2226 856; x_wconf 69' lang='lat' dir='ltr'>dietis</span> <span class='ocrx_word' id='word_1_807' title='bbox 2241 826 2337 857; x_wconf 77' lang='lat' dir='ltr'>Com-</span> 
     </span>
     <span class='ocr_line' id='line_1_109' title="bbox 1283 857 2338 902; baseline 0.009 -17"><span class='ocrx_word' id='word_1_808' title='bbox 1283 857 1408 887; x_wconf 73' lang='lat' dir='ltr'>missariis</span> <span class='ocrx_word' id='word_1_809' title='bbox 1429 859 1462 888; x_wconf 87' lang='lat'>&amp;</span> <span class='ocrx_word' id='word_1_810' title='bbox 1485 859 1634 896; x_wconf 86' lang='lat' dir='ltr'>Deputatis</span> <span class='ocrx_word' id='word_1_811' title='bbox 1654 860 1770 896; x_wconf 78' lang='lat' dir='ltr'>nostris,</span> <span class='ocrx_word' id='word_1_812' title='bbox 1788 861 1922 891; x_wconf 83' lang='lat' dir='ltr'>omnibus</span> <span class='ocrx_word' id='word_1_813' title='bbox 1938 862 2097 892; x_wconf 76' lang='lat' dir='ltr'>melioribus</span> <span class='ocrx_word' id='word_1_814' title='bbox 2111 866 2162 892; x_wconf 79' lang='lat' dir='ltr'>Viis</span> <span class='ocrx_word' id='word_1_815' title='bbox 2177 864 2210 893; x_wconf 71' lang='lat' dir='ltr'>&amp;c</span> <span class='ocrx_word' id='word_1_816' title='bbox 2226 865 2338 902; x_wconf 83' lang='lat' dir='ltr'>modis,</span> 
     </span>
     <span class='ocr_line' id='line_1_110' title="bbox 1282 896 2339 939; baseline 0.008 -15"><span class='ocrx_word' id='word_1_817' title='bbox 1282 896 1384 939; x_wconf 78' lang='lat' dir='ltr'>quibus</span> <span class='ocrx_word' id='word_1_818' title='bbox 1405 897 1459 933; x_wconf 89' lang='lat' dir='ltr'>eis,</span> <span class='ocrx_word' id='word_1_819' title='bbox 1481 906 1528 927; x_wconf 87' lang='lat' dir='ltr'>aut</span> <span class='ocrx_word' id='word_1_820' title='bbox 1551 897 1612 936; x_wconf 82' lang='lat' dir='ltr'>ipsis</span> <span class='ocrx_word' id='word_1_821' title='bbox 1626 897 1696 934; x_wconf 88' lang='lat' dir='ltr'>Sex,</span> <span class='ocrx_word' id='word_1_822' title='bbox 1716 898 1870 937; x_wconf 83' lang='lat' dir='ltr'>Qinque,</span> <span class='ocrx_word' id='word_1_823' title='bbox 1891 899 2039 937; x_wconf 79' lang='lat' dir='ltr'>Quatuor,</span> <span class='ocrx_word' id='word_1_824' title='bbox 2058 901 2103 930; x_wconf 86' lang='lat' dir='ltr'>vel</span> <span class='ocrx_word' id='word_1_825' title='bbox 2117 901 2223 931; x_wconf 87' lang='lat' dir='ltr'>Tribus</span> <span class='ocrx_word' id='word_1_826' title='bbox 2237 912 2339 932; x_wconf 90' lang='lat' dir='ltr'>eorum</span> 
     </span>
     <span class='ocr_line' id='line_1_111' title="bbox 1282 933 2077 976; baseline 0.004 -12"><span class='ocrx_word' id='word_1_827' title='bbox 1282 933 1424 964; x_wconf 84' lang='lat' dir='ltr'>Videbitur</span> <span class='ocrx_word' id='word_1_828' title='bbox 1437 936 1599 973; x_wconf 76' lang='lat' dir='ltr'>expediens,</span> <span class='ocrx_word' id='word_1_829' title='bbox 1618 937 1805 974; x_wconf 78' lang='lat' dir='ltr'>acceptabile,</span> <span class='ocrx_word' id='word_1_830' title='bbox 1826 938 1868 967; x_wconf 93' lang='lat' dir='ltr'>vel</span> <span class='ocrx_word' id='word_1_831' title='bbox 1885 946 2077 976; x_wconf 85' lang='lat' dir='ltr'>oportunum,</span> 
     </span>
    </p>

    <p class='ocr_par' dir='ltr' id='par_1_44' title="bbox 1281 971 2380 1241">
     <span class='ocr_line' id='line_1_112' title="bbox 1317 971 2341 1016; baseline 0.006 -14"><span class='ocrx_word' id='word_1_832' title='bbox 1317 971 1536 1015; x_wconf 32' lang='lat' dir='ltr'>,Promitte-ntes,</span> <span class='ocrx_word' id='word_1_833' title='bbox 1553 973 1588 1003; x_wconf 93' lang='lat' dir='ltr'>de</span> <span class='ocrx_word' id='word_1_834' title='bbox 1609 973 1750 1004; x_wconf 86' lang='lat' dir='ltr'>Consensu</span> <span class='ocrx_word' id='word_1_835' title='bbox 1767 976 1798 1005; x_wconf 73' lang='grc' dir='ltr'>ὃς</span> <span class='ocrx_word' id='word_1_836' title='bbox 1814 975 1984 1005; x_wconf 77' lang='lat' dir='ltr'>avilamento</span> <span class='ocrx_word' id='word_1_837' title='bbox 1998 975 2123 1007; x_wconf 82' lang='lat' dir='ltr'>Concilii</span> <span class='ocrx_word' id='word_1_838' title='bbox 2138 976 2225 1007; x_wconf 83' lang='lat' dir='ltr'>nostri</span> <span class='ocrx_word' id='word_1_839' title='bbox 2241 977 2341 1016; x_wconf 77' lang='lat' dir='ltr'>praedi-</span> 
     </span>
     <span class='ocr_line' id='line_1_113' title="bbox 1283 1010 2342 1054; baseline 0.007 -15"><span class='ocrx_word' id='word_1_840' title='bbox 1283 1010 1341 1048; x_wconf 65' lang='lat' dir='ltr'>cti,</span> <span class='ocrx_word' id='word_1_841' title='bbox 1358 1010 1426 1041; x_wconf 91' lang='lat' dir='ltr'>Nos</span> <span class='ocrx_word' id='word_1_842' title='bbox 1449 1021 1544 1042; x_wconf 89' lang='lat' dir='ltr'>tenere</span> <span class='ocrx_word' id='word_1_843' title='bbox 1570 1013 1603 1043; x_wconf 65' lang='grc' dir='ltr'>ὃς</span> <span class='ocrx_word' id='word_1_844' title='bbox 1622 1012 1739 1050; x_wconf 87' lang='lat' dir='ltr'>habere,</span> <span class='ocrx_word' id='word_1_845' title='bbox 1753 1023 1786 1043; x_wconf 85' lang='lat' dir='ltr'>ac</span> <span class='ocrx_word' id='word_1_846' title='bbox 1810 1014 1869 1043; x_wconf 86' lang='lat' dir='ltr'>fore</span> <span class='ocrx_word' id='word_1_847' title='bbox 1889 1016 2025 1051; x_wconf 75' lang='lat' dir='ltr'>perpetuo</span> <span class='ocrx_word' id='word_1_848' title='bbox 2042 1015 2197 1053; x_wconf 71' lang='lat' dir='ltr'>habituros,</span> <span class='ocrx_word' id='word_1_849' title='bbox 2216 1015 2342 1054; x_wconf 84' lang='lat' dir='ltr'>Ratum,</span> 
     </span>
     <span class='ocr_line' id='line_1_114' title="bbox 1281 1047 2340 1092; baseline 0.006 -14"><span class='ocrx_word' id='word_1_850' title='bbox 1281 1047 1423 1088; x_wconf 84' lang='lat' dir='ltr'>Gratum,</span> <span class='ocrx_word' id='word_1_851' title='bbox 1442 1050 1588 1088; x_wconf 86' lang='lat' dir='ltr'>Firmum,</span> <span class='ocrx_word' id='word_1_852' title='bbox 1607 1050 1640 1081; x_wconf 66' lang='grc' dir='ltr'>ὃς</span> <span class='ocrx_word' id='word_1_853' title='bbox 1663 1051 1844 1088; x_wconf 75' lang='lat' dir='ltr'>Accepiabile</span> <span class='ocrx_word' id='word_1_854' title='bbox 1865 1053 1997 1090; x_wconf 86' lang='lat' dir='ltr'>quicquid</span> <span class='ocrx_word' id='word_1_855' title='bbox 2017 1053 2049 1082; x_wconf 63' lang='grc' dir='ltr'>ὃς</span> <span class='ocrx_word' id='word_1_856' title='bbox 2067 1063 2159 1084; x_wconf 88' lang='lat' dir='ltr'>totum</span> <span class='ocrx_word' id='word_1_857' title='bbox 2176 1064 2225 1092; x_wconf 83' lang='lat' dir='ltr'>per</span> <span class='ocrx_word' id='word_1_858' title='bbox 2239 1055 2340 1092; x_wconf 60' lang='lat' dir='ltr'>predi-</span> 
     </span>
     <span class='ocr_line' id='line_1_115' title="bbox 1283 1086 2340 1130; baseline 0.005 -13"><span class='ocrx_word' id='word_1_859' title='bbox 1283 1087 1346 1130; x_wconf 67' lang='lat' dir='ltr'>Ctos</span> <span class='ocrx_word' id='word_1_860' title='bbox 1368 1086 1599 1126; x_wconf 83' lang='lat' dir='ltr'>Commiffarios,</span> <span class='ocrx_word' id='word_1_861' title='bbox 1617 1088 1790 1129; x_wconf 78' lang='lat' dir='ltr'>Deputzitos,</span> <span class='ocrx_word' id='word_1_862' title='bbox 1809 1091 1841 1120; x_wconf 76' lang='lat' dir='ltr'>&lt;Sc</span> <span class='ocrx_word' id='word_1_863' title='bbox 1858 1090 1994 1120; x_wconf 87' lang='lat' dir='ltr'>Nuncios</span> <span class='ocrx_word' id='word_1_864' title='bbox 2008 1092 2134 1129; x_wconf 57' lang='lat' dir='ltr'>nostros,</span> <span class='ocrx_word' id='word_1_865' title='bbox 2152 1103 2251 1123; x_wconf 86' lang='lat' dir='ltr'>eorum</span> <span class='ocrx_word' id='word_1_866' title='bbox 2267 1092 2340 1130; x_wconf 85' lang='lat' dir='ltr'>Sex,</span> 
     </span>
     <span class='ocr_line' id='line_1_116' title="bbox 1284 1125 2340 1170; baseline 0.007 -16"><span class='ocrx_word' id='word_1_867' title='bbox 1284 1125 1436 1169; x_wconf 70' lang='lat' dir='ltr'>Quinque,</span> <span class='ocrx_word' id='word_1_868' title='bbox 1454 1127 1603 1170; x_wconf 79' lang='lat' dir='ltr'>Qatuor,</span> <span class='ocrx_word' id='word_1_869' title='bbox 1620 1128 1664 1157; x_wconf 90' lang='lat' dir='ltr'>vel</span> <span class='ocrx_word' id='word_1_870' title='bbox 1685 1128 1774 1165; x_wconf 85' lang='lat' dir='ltr'>Tres,</span> <span class='ocrx_word' id='word_1_871' title='bbox 1795 1128 1921 1166; x_wconf 64' lang='lat' dir='ltr'>Actum,</span> <span class='ocrx_word' id='word_1_872' title='bbox 1941 1129 2076 1167; x_wconf 70' lang='lat' dir='ltr'>Factum,</span> <span class='ocrx_word' id='word_1_873' title='bbox 2096 1130 2256 1160; x_wconf 79' lang='lat' dir='ltr'>Gestumve</span> <span class='ocrx_word' id='word_1_874' title='bbox 2279 1132 2340 1161; x_wconf 73' lang='lat' dir='ltr'>fue-</span> 
     </span>
     <span class='ocr_line' id='line_1_117' title="bbox 1283 1164 2380 1207; baseline 0.006 -14"><span class='ocrx_word' id='word_1_875' title='bbox 1283 1174 1317 1207; x_wconf 77' lang='lat' dir='ltr'>rit</span> <span class='ocrx_word' id='word_1_876' title='bbox 1329 1165 1355 1193; x_wconf 84' lang='lat' dir='ltr'>in</span> <span class='ocrx_word' id='word_1_877' title='bbox 1372 1164 1538 1203; x_wconf 78' lang='lat' dir='ltr'>Praemiilis,</span> <span class='ocrx_word' id='word_1_878' title='bbox 1556 1167 1600 1196; x_wconf 90' lang='lat' dir='ltr'>vel</span> <span class='ocrx_word' id='word_1_879' title='bbox 1614 1166 1707 1204; x_wconf 89' lang='lat' dir='ltr'>aliquo</span> <span class='ocrx_word' id='word_1_880' title='bbox 1722 1165 1945 1205; x_wconf 81' lang='lat' dir='ltr'>Praemissorum,</span> <span class='ocrx_word' id='word_1_881' title='bbox 1961 1168 2044 1197; x_wconf 85' lang='lat' dir='ltr'>etiam</span> <span class='ocrx_word' id='word_1_882' title='bbox 2061 1169 2079 1198; x_wconf 77' lang='lat' dir='ltr'>ii</span> <span class='ocrx_word' id='word_1_883' title='bbox 2094 1168 2265 1199; x_wconf 79' lang='lat' dir='ltr'>Mandatum</span> <span class='ocrx_word' id='word_1_884' title='bbox 2281 1180 2341 1200; x_wconf 84' lang='lat' dir='ltr'>ma·</span> <span class='ocrx_word' id='word_1_885' title='bbox 2377 1189 2380 1192; x_wconf 85' lang='lat'><em>-</em></span> 
     </span>
     <span class='ocr_line' id='line_1_118' title="bbox 1284 1204 1591 1241; baseline 0.007 -10"><span class='ocrx_word' id='word_1_886' title='bbox 1284 1211 1325 1241; x_wconf 85' lang='lat' dir='ltr'>gis</span> <span class='ocrx_word' id='word_1_887' title='bbox 1341 1204 1452 1241; x_wconf 77' lang='lat' dir='ltr'>exigant</span> <span class='ocrx_word' id='word_1_888' title='bbox 1469 1204 1591 1241; x_wconf 83' lang='lat' dir='ltr'>speciale.</span> 
     </span>
    </p>

    <p class='ocr_par' dir='ltr' id='par_1_45' title="bbox 1323 1239 1541 1279">
     <span class='ocr_line' id='line_1_119' title="bbox 1323 1239 1541 1279; baseline 0.009 -10"><span class='ocrx_word' id='word_1_889' title='bbox 1323 1239 1356 1270; x_wconf 86' lang='lat' dir='ltr'>In</span> <span class='ocrx_word' id='word_1_890' title='bbox 1370 1242 1463 1279; x_wconf 77' lang='lat' dir='ltr'>cujus,</span> <span class='ocrx_word' id='word_1_891' title='bbox 1481 1242 1541 1272; x_wconf 89' lang='lat' dir='ltr'>&amp;c.</span> 
     </span>
    </p>

    <p class='ocr_par' dir='ltr' id='par_1_46' title="bbox 1336 1278 2304 1321">
     <span class='ocr_line' id='line_1_120' title="bbox 1336 1278 2304 1321; baseline 0.005 -12"><span class='ocrx_word' id='word_1_892' title='bbox 1336 1278 1423 1309; x_wconf 71' lang='lat' dir='ltr'>Teste</span> <span class='ocrx_word' id='word_1_893' title='bbox 1443 1279 1525 1319; x_wconf 80' lang='lat' dir='ltr'>Rege</span> <span class='ocrx_word' id='word_1_894' title='bbox 1541 1280 1614 1319; x_wconf 87' lang='lat' dir='ltr'>apud</span> <span class='ocrx_word' id='word_1_895' title='bbox 1632 1282 1674 1310; x_wconf 86' lang='lat' dir='ltr'><em>W</em></span> <span class='ocrx_word' id='word_1_896' title='bbox 1674 1280 1893 1321; x_wconf 77' lang='lat' dir='ltr'>estmonaflerium</span> <span class='ocrx_word' id='word_1_897' title='bbox 1904 1305 1913 1321; x_wconf 96' lang='lat'>,</span> <span class='ocrx_word' id='word_1_898' title='bbox 1931 1281 2033 1313; x_wconf 90' lang='lat' dir='ltr'>Tertio</span> <span class='ocrx_word' id='word_1_899' title='bbox 2051 1282 2108 1313; x_wconf 90' lang='lat' dir='ltr'>Die</span> <span class='ocrx_word' id='word_1_900' title='bbox 2125 1282 2304 1315; x_wconf 80' lang='lat' dir='ltr'>Decembris.</span> 
     </span>
    </p>
   </div>
   <div class='ocr_carea' id='block_1_18' title="bbox 1772 1345 2240 1385">
    <p class='ocr_par' dir='ltr' id='par_1_47' title="bbox 1772 1345 2240 1385">
     <span class='ocr_line' id='line_1_121' title="bbox 1772 1345 2240 1385; baseline 0.013 -13"><span class='ocrx_word' id='word_1_901' title='bbox 1772 1345 1826 1372; x_wconf 81' lang='lat' dir='ltr'>Per</span> <span class='ocrx_word' id='word_1_902' title='bbox 1843 1347 1935 1374; x_wconf 83' lang='lat' dir='ltr'>Breve</span> <span class='ocrx_word' id='word_1_903' title='bbox 1954 1346 1986 1374; x_wconf 80' lang='lat' dir='ltr'>de</span> <span class='ocrx_word' id='word_1_904' title='bbox 2005 1347 2123 1377; x_wconf 84' lang='lat' dir='ltr'>Privato</span> <span class='ocrx_word' id='word_1_905' title='bbox 2141 1347 2240 1385; x_wconf 72' lang='lat' dir='ltr'>Sigillo.</span> 
     </span>
    </p>
   </div>
   <div class='ocr_carea' id='block_1_19' title="bbox 1386 1417 2119 1431">
    <p class='ocr_par' dir='ltr' id='par_1_48' title="bbox 1386 1417 2119 1431">
     <span class='ocr_line' id='line_1_122' title="bbox 1386 1417 2119 1431; baseline 0 0"><span class='ocrx_word' id='word_1_906' title='bbox 1386 1417 2119 1431; x_wconf 95' lang='lat' dir='ltr'> </span> 
     </span>
    </p>
   </div>
   <div class='ocr_carea' id='block_1_20' title="bbox 1287 1463 2344 1562">
    <p class='ocr_par' dir='ltr' id='par_1_49' title="bbox 1287 1463 2344 1562">
     <span class='ocr_line' id='line_1_123' title="bbox 1287 1463 2344 1516; baseline 0.009 -21"><span class='ocrx_word' id='word_1_907' title='bbox 1287 1463 1389 1497; x_wconf 80' lang='lat' dir='ltr'>Aliud</span> <span class='ocrx_word' id='word_1_908' title='bbox 1410 1466 1723 1512; x_wconf 63' lang='lat' dir='ltr'>Appunfittamentum</span> <span class='ocrx_word' id='word_1_909' title='bbox 1742 1494 1752 1508; x_wconf 89' lang='lat'>,</span> <span class='ocrx_word' id='word_1_910' title='bbox 1781 1467 1903 1510; x_wconf 54' lang='lat' dir='ltr'>fabium</span> <span class='ocrx_word' id='word_1_911' title='bbox 1929 1467 2074 1512; x_wconf 82' lang='lat' dir='ltr'>Londini‚</span> <span class='ocrx_word' id='word_1_912' title='bbox 2103 1470 2193 1516; x_wconf 66' lang='lat' dir='ltr'>super</span> <span class='ocrx_word' id='word_1_913' title='bbox 2217 1469 2344 1505; x_wconf 80' lang='lat' dir='ltr'>Libera-</span> 
     </span>
     <span class='ocr_line' id='line_1_124' title="bbox 1650 1514 1982 1562; baseline 0.003 -15"><span class='ocrx_word' id='word_1_914' title='bbox 1650 1519 1727 1548; x_wconf 81' lang='lat' dir='ltr'>tione</span> <span class='ocrx_word' id='word_1_915' title='bbox 1747 1514 1862 1561; x_wconf 63' lang='lat' dir='ltr'>Jtzcobi</span> <span class='ocrx_word' id='word_1_916' title='bbox 1885 1519 1982 1562; x_wconf 76' lang='lat' dir='ltr'>Regis.</span> 
     </span>
    </p>
   </div>
   <div class='ocr_carea' id='block_1_21' title="bbox 1282 1599 2493 2490">
    <p class='ocr_par' dir='ltr' id='par_1_50' title="bbox 1366 1599 2493 1683">
     <span class='ocr_line' id='line_1_125' title="bbox 1366 1599 2493 1642; baseline 0.002 -12"><span class='ocrx_word' id='word_1_917' title='bbox 1366 1599 1399 1630; x_wconf 93' lang='lat' dir='ltr'>N</span> <span class='ocrx_word' id='word_1_918' title='bbox 1413 1611 1424 1630; x_wconf 87' lang='lat'>1</span> <span class='ocrx_word' id='word_1_919' title='bbox 1437 1610 1482 1632; x_wconf 77' lang='grc' dir='ltr'>νΕ</span> <span class='ocrx_word' id='word_1_920' title='bbox 1494 1609 1517 1630; x_wconf 84' lang='lat' dir='ltr'>R</span> <span class='ocrx_word' id='word_1_921' title='bbox 1530 1611 1541 1631; x_wconf 89' lang='lat' dir='ltr'>s</span> <span class='ocrx_word' id='word_1_922' title='bbox 1555 1610 1567 1631; x_wconf 94' lang='lat'>1</span> <span class='ocrx_word' id='word_1_923' title='bbox 1578 1610 1590 1631; x_wconf 80' lang='grc' dir='ltr'>ς</span> <span class='ocrx_word' id='word_1_924' title='bbox 1617 1601 1765 1631; x_wconf 85' lang='lat' dir='ltr'>Praesentes</span> <span class='ocrx_word' id='word_1_925' title='bbox 1792 1599 1897 1630; x_wconf 88' lang='lat' dir='ltr'>Literas</span> <span class='ocrx_word' id='word_1_926' title='bbox 1917 1599 2098 1640; x_wconf 64' lang='lat' dir='ltr'>Inspecluris,</span> <span class='ocrx_word' id='word_1_927' title='bbox 2122 1603 2204 1642; x_wconf 88' lang='lat' dir='ltr'>Nos,</span> <span class='ocrx_word' id='word_1_928' title='bbox 2223 1605 2345 1637; x_wconf 89' lang='lat' dir='ltr'>Williel—</span> <span class='ocrx_word' id='word_1_929' title='bbox 2365 1602 2441 1634; x_wconf 86' lang='lat' dir='ltr'>Ann.</span> <span class='ocrx_word' id='word_1_930' title='bbox 2452 1601 2493 1633; x_wconf 74' lang='lat' dir='ltr'>D,</span> 
     </span>
     <span class='ocr_line' id='line_1_126' title="bbox 1383 1635 2480 1683; baseline 0.004 -15"><span class='ocrx_word' id='word_1_931' title='bbox 1383 1649 1462 1676; x_wconf 90' lang='lat' dir='ltr'>mus,</span> <span class='ocrx_word' id='word_1_932' title='bbox 1488 1639 1672 1670; x_wconf 80' lang='lat' dir='ltr'>Permissione</span> <span class='ocrx_word' id='word_1_933' title='bbox 1695 1639 1802 1669; x_wconf 75' lang='lat' dir='ltr'>Divina</span> <span class='ocrx_word' id='word_1_934' title='bbox 1816 1661 1824 1676; x_wconf 86' lang='lat'>,</span> <span class='ocrx_word' id='word_1_935' title='bbox 1850 1635 1990 1678; x_wconf 82' lang='lat' dir='ltr'>Episcopus</span> <span class='ocrx_word' id='word_1_936' title='bbox 2014 1640 2178 1683; x_wconf 74' lang='lat' dir='ltr'>Glasguerfis</span> <span class='ocrx_word' id='word_1_937' title='bbox 2199 1642 2344 1676; x_wconf 89' lang='lat' dir='ltr'>Cancella-</span> <span class='ocrx_word' id='word_1_938' title='bbox 2392 1651 2480 1682; x_wconf 81' lang='lat'>1423.</span> 
     </span>
    </p>

    <p class='ocr_par' dir='ltr' id='par_1_51' title="bbox 1282 1677 2480 1864">
     <span class='ocr_line' id='line_1_127' title="bbox 1289 1677 2461 1721; baseline 0 -13"><span class='ocrx_word' id='word_1_939' title='bbox 1289 1679 1344 1708; x_wconf 86' lang='lat' dir='ltr'>rius</span> <span class='ocrx_word' id='word_1_940' title='bbox 1370 1679 1485 1715; x_wconf 83' lang='lat' dir='ltr'>Scotiae,</span> <span class='ocrx_word' id='word_1_941' title='bbox 1501 1677 1646 1715; x_wconf 72' lang='lat' dir='ltr'>Jchannes</span> <span class='ocrx_word' id='word_1_942' title='bbox 1669 1677 1768 1707; x_wconf 84' lang='lat' dir='ltr'>Abbas</span> <span class='ocrx_word' id='word_1_943' title='bbox 1792 1677 1952 1715; x_wconf 77' lang='lat' dir='ltr'>Monasteriz&#39;</span> <span class='ocrx_word' id='word_1_944' title='bbox 1973 1680 2004 1707; x_wconf 81' lang='lat' dir='ltr'>de</span> <span class='ocrx_word' id='word_1_945' title='bbox 2019 1679 2233 1721; x_wconf 79' lang='lat' dir='ltr'>Balmorynath,</span> <span class='ocrx_word' id='word_1_946' title='bbox 2261 1687 2346 1712; x_wconf 76' lang='lat' dir='ltr'>Geor.</span> <span class='ocrx_word' id='word_1_947' title='bbox 2364 1684 2415 1709; x_wconf 81' lang='lat' dir='ltr'>An.</span> <span class='ocrx_word' id='word_1_948' title='bbox 2434 1692 2461 1708; x_wconf 91' lang='lat'>2.</span> 
     </span>
     <span class='ocr_line' id='line_1_128' title="bbox 1287 1715 2442 1754; baseline 0.004 -8"><span class='ocrx_word' id='word_1_949' title='bbox 1287 1720 1346 1754; x_wconf 88' lang='lat' dir='ltr'>gius</span> <span class='ocrx_word' id='word_1_950' title='bbox 1364 1719 1395 1747; x_wconf 86' lang='lat' dir='ltr'>de</span> <span class='ocrx_word' id='word_1_951' title='bbox 1410 1716 1557 1746; x_wconf 82' lang='lat' dir='ltr'>Borthwik</span> <span class='ocrx_word' id='word_1_952' title='bbox 1574 1717 1797 1747; x_wconf 84' lang='lat' dir='ltr'>Archidiaconus</span> <span class='ocrx_word' id='word_1_953' title='bbox 1813 1715 2004 1754; x_wconf 76' lang='lat' dir='ltr'>Glasguensis,</span> <span class='ocrx_word' id='word_1_954' title='bbox 2022 1717 2060 1752; x_wconf 82' lang='lat'><em>&amp;</em></span> <span class='ocrx_word' id='word_1_955' title='bbox 2076 1720 2210 1749; x_wconf 78' lang='lat' dir='ltr'>Patricius</span> <span class='ocrx_word' id='word_1_956' title='bbox 2224 1720 2257 1749; x_wconf 78' lang='lat' dir='ltr'>de</span> <span class='ocrx_word' id='word_1_957' title='bbox 2268 1723 2345 1751; x_wconf 88' lang='lat' dir='ltr'>Hou-</span> <span class='ocrx_word' id='word_1_958' title='bbox 2365 1724 2399 1746; x_wconf 86' lang='lat' dir='ltr'>H·</span> <span class='ocrx_word' id='word_1_959' title='bbox 2415 1719 2442 1746; x_wconf 86' lang='grc'>6-</span> 
     </span>
     <span class='ocr_line' id='line_1_129' title="bbox 1282 1753 2480 1796; baseline 0.004 -10"><span class='ocrx_word' id='word_1_960' title='bbox 1282 1756 1348 1796; x_wconf 84' lang='lat' dir='ltr'>ston</span> <span class='ocrx_word' id='word_1_961' title='bbox 1372 1755 1545 1785; x_wconf 87' lang='lat' dir='ltr'>Licentiatus</span> <span class='ocrx_word' id='word_1_962' title='bbox 1560 1756 1588 1784; x_wconf 91' lang='lat' dir='ltr'>in</span> <span class='ocrx_word' id='word_1_963' title='bbox 1606 1755 1730 1791; x_wconf 87' lang='lat' dir='ltr'>Legibus</span> <span class='ocrx_word' id='word_1_964' title='bbox 1743 1753 1906 1785; x_wconf 81' lang='lat' dir='ltr'>Canonicus</span> <span class='ocrx_word' id='word_1_965' title='bbox 1920 1755 1991 1785; x_wconf 85' lang='lat' dir='ltr'>Glas</span> <span class='ocrx_word' id='word_1_966' title='bbox 2005 1757 2108 1795; x_wconf 78' lang='lat' dir='ltr'>neniis,</span> <span class='ocrx_word' id='word_1_967' title='bbox 2128 1759 2344 1790; x_wconf 83' lang='lat' dir='ltr'>Ambaffiatores</span> <span class='ocrx_word' id='word_1_968' title='bbox 2366 1761 2405 1784; x_wconf 78' lang='lat' dir='ltr'>Ex</span> <span class='ocrx_word' id='word_1_969' title='bbox 2420 1759 2480 1790; x_wconf 47' lang='lat' dir='ltr'>Aur</span> 
     </span>
     <span class='ocr_line' id='line_1_130' title="bbox 1289 1791 2431 1864; baseline -0.001 -41"><span class='ocrx_word' id='word_1_970' title='bbox 1289 1797 1321 1864; x_wconf 50' lang='lat' dir='ltr'>g</span> <span class='ocrx_word' id='word_1_971' title='bbox 1342 1794 1535 1838; x_wconf 70' lang='lat' dir='ltr'>Commissarii</span> <span class='ocrx_word' id='word_1_972' title='bbox 1554 1794 1588 1824; x_wconf 89' lang='lat' dir='ltr'>ad</span> <span class='ocrx_word' id='word_1_973' title='bbox 1610 1793 1781 1831; x_wconf 86' lang='lat' dir='ltr'>infrascripta</span> <span class='ocrx_word' id='word_1_974' title='bbox 1802 1791 1970 1824; x_wconf 86' lang='lat' dir='ltr'>sufficienter</span> <span class='ocrx_word' id='word_1_975' title='bbox 2025 1796 2146 1834; x_wconf 87' lang='lat' dir='ltr'>eputati‚</span> <span class='ocrx_word' id='word_1_976' title='bbox 2173 1797 2296 1828; x_wconf 83' lang='lat' dir='ltr'>Salutem</span> <span class='ocrx_word' id='word_1_977' title='bbox 2317 1799 2345 1828; x_wconf 77' lang='lat' dir='ltr'>in</span> <span class='ocrx_word' id='word_1_978' title='bbox 2364 1802 2431 1831; x_wconf 62' lang='grc' dir='ltr'>ιαμ,</span> 
     </span>
    </p>

    <p class='ocr_par' dir='ltr' id='par_1_52' title="bbox 1323 1842 1434 1863">
     <span class='ocr_line' id='line_1_131' title="bbox 1323 1842 1434 1863; baseline -0.027 0"><span class='ocrx_word' id='word_1_979' title='bbox 1323 1842 1434 1863; x_wconf 89' lang='lat' dir='ltr'>omino.</span> 
     </span>
    </p>

    <p class='ocr_par' dir='ltr' id='par_1_53' title="bbox 1290 1868 2350 1987">
     <span class='ocr_line' id='line_1_132' title="bbox 1326 1868 2350 1914; baseline 0.003 -12"><span class='ocrx_word' id='word_1_980' title='bbox 1326 1872 1442 1902; x_wconf 81' lang='lat' dir='ltr'>Litteras</span> <span class='ocrx_word' id='word_1_981' title='bbox 1464 1869 1700 1907; x_wconf 80' lang='lat' dir='ltr'>Commisfionis,</span> <span class='ocrx_word' id='word_1_982' title='bbox 1726 1870 1759 1900; x_wconf 90' lang='lat' dir='ltr'>ad</span> <span class='ocrx_word' id='word_1_983' title='bbox 1780 1868 1935 1907; x_wconf 73' lang='lat' dir='ltr'>subscripta</span> <span class='ocrx_word' id='word_1_984' title='bbox 1957 1869 2052 1901; x_wconf 88' lang='lat' dir='ltr'>Nobis</span> <span class='ocrx_word' id='word_1_985' title='bbox 2073 1871 2156 1903; x_wconf 67' lang='lat' dir='ltr'>faetae</span> <span class='ocrx_word' id='word_1_986' title='bbox 2169 1895 2179 1911; x_wconf 89' lang='lat'>,</span> <span class='ocrx_word' id='word_1_987' title='bbox 2204 1873 2350 1914; x_wconf 78' lang='lat' dir='ltr'>Parentes,</span> 
     </span>
     <span class='ocr_line' id='line_1_133' title="bbox 1290 1908 2349 1946; baseline 0.003 -5"><span class='ocrx_word' id='word_1_988' title='bbox 1290 1909 1460 1941; x_wconf 81' lang='lat' dir='ltr'>Sereniffimi</span> <span class='ocrx_word' id='word_1_989' title='bbox 1482 1908 1622 1946; x_wconf 82' lang='lat' dir='ltr'>Principis</span> <span class='ocrx_word' id='word_1_990' title='bbox 1660 1908 1785 1938; x_wconf 92' lang='lat' dir='ltr'>Domini</span> <span class='ocrx_word' id='word_1_991' title='bbox 1803 1910 1888 1937; x_wconf 86' lang='lat' dir='ltr'>Ducis</span> <span class='ocrx_word' id='word_1_992' title='bbox 1908 1908 2041 1939; x_wconf 78' lang='lat' dir='ltr'>Albauiae</span> <span class='ocrx_word' id='word_1_993' title='bbox 2056 1909 2261 1943; x_wconf 88' lang='lat' dir='ltr'>Gubernatoris</span> <span class='ocrx_word' id='word_1_994' title='bbox 2276 1913 2349 1944; x_wconf 89' lang='lat' dir='ltr'>Sco-</span> 
     </span>
     <span class='ocr_line' id='line_1_134' title="bbox 1290 1932 2115 1987; baseline -0.002 -7"><span class='ocrx_word' id='word_1_995' title='bbox 1290 1950 1353 1986; x_wconf 83' lang='lat' dir='ltr'>tiae,</span> <span class='ocrx_word' id='word_1_996' title='bbox 1371 1949 1427 1986; x_wconf 85' lang='lat' dir='ltr'>ejus</span> <span class='ocrx_word' id='word_1_997' title='bbox 1442 1946 1553 1986; x_wconf 87' lang='lat' dir='ltr'>Magno</span> <span class='ocrx_word' id='word_1_998' title='bbox 1565 1932 1666 1984; x_wconf 77' lang='lat' dir='ltr'>Sigiilo</span> <span class='ocrx_word' id='word_1_999' title='bbox 1680 1946 1823 1984; x_wconf 78' lang='lat' dir='ltr'>sigillatas,</span> <span class='ocrx_word' id='word_1_1000' title='bbox 1843 1957 1930 1984; x_wconf 82' lang='lat' dir='ltr'>nuper</span> <span class='ocrx_word' id='word_1_1001' title='bbox 1942 1950 2115 1987; x_wconf 86' lang='lat' dir='ltr'>recepimus,</span> 
     </span>
    </p>

    <p class='ocr_par' dir='ltr' id='par_1_54' title="bbox 1284 1984 2350 2104">
     <span class='ocr_line' id='line_1_135' title="bbox 1330 1984 2347 2026; baseline 0.005 -10"><span class='ocrx_word' id='word_1_1002' title='bbox 1330 1988 1463 2026; x_wconf 82' lang='lat' dir='ltr'>Quarum</span> <span class='ocrx_word' id='word_1_1003' title='bbox 1484 1986 1660 2017; x_wconf 67' lang='lat' dir='ltr'>Au&amp;oritate</span> <span class='ocrx_word' id='word_1_1004' title='bbox 1679 1995 1764 2023; x_wconf 84' lang='lat' dir='ltr'>cum,</span> <span class='ocrx_word' id='word_1_1005' title='bbox 1784 1984 1956 2015; x_wconf 76' lang='lat' dir='ltr'>Reverendo</span> <span class='ocrx_word' id='word_1_1006' title='bbox 1977 1988 2005 2015; x_wconf 87' lang='lat' dir='ltr'>in</span> <span class='ocrx_word' id='word_1_1007' title='bbox 2029 1986 2146 2017; x_wconf 82' lang='lat' dir='ltr'>Christo</span> <span class='ocrx_word' id='word_1_1008' title='bbox 2163 1987 2244 2020; x_wconf 87' lang='lat' dir='ltr'>Patre</span> <span class='ocrx_word' id='word_1_1009' title='bbox 2281 1988 2347 2021; x_wconf 88' lang='lat' dir='ltr'>Do-</span> 
     </span>
     <span class='ocr_line' id='line_1_136' title="bbox 1291 2014 2350 2091; baseline 0.002 -35"><span class='ocrx_word' id='word_1_1010' title='bbox 1291 2027 1372 2056; x_wconf 89' lang='lat' dir='ltr'>mino</span> <span class='ocrx_word' id='word_1_1011' title='bbox 1396 2023 1531 2063; x_wconf 81' lang='lat' dir='ltr'>Philippo,</span> <span class='ocrx_word' id='word_1_1012' title='bbox 1547 2023 1605 2054; x_wconf 87' lang='lat' dir='ltr'>Dei</span> <span class='ocrx_word' id='word_1_1013' title='bbox 1625 2023 1742 2067; x_wconf 75' lang='lat' dir='ltr'>Gratia,</span> <span class='ocrx_word' id='word_1_1014' title='bbox 1760 2025 1883 2061; x_wconf 69' lang='lat' dir='ltr'>Eptjcopo</span> <span class='ocrx_word' id='word_1_1015' title='bbox 1909 2025 2105 2091; x_wconf 64' lang='lat' dir='ltr'>Pll&#39;ygornienfi,</span> <span class='ocrx_word' id='word_1_1016' title='bbox 2120 2014 2350 2067; x_wconf 69' lang='lat' dir='ltr'>Johanne’Staf-</span> 
     </span>
     <span class='ocr_line' id='line_1_137' title="bbox 1284 2061 2348 2104; baseline 0.005 -11"><span class='ocrx_word' id='word_1_1017' title='bbox 1284 2064 1358 2104; x_wconf 87' lang='lat' dir='ltr'>ford</span> <span class='ocrx_word' id='word_1_1018' title='bbox 1373 2062 1560 2094; x_wconf 87' lang='lat' dir='ltr'>Thesaurario</span> <span class='ocrx_word' id='word_1_1019' title='bbox 1583 2063 1709 2100; x_wconf 80' lang='lat' dir='ltr'>Angliae,</span> <span class='ocrx_word' id='word_1_1020' title='bbox 1729 2061 1878 2091; x_wconf 82' lang='lat' dir='ltr'>Wi!lielmo</span> <span class='ocrx_word' id='word_1_1021' title='bbox 1896 2066 1929 2090; x_wconf 89' lang='lat' dir='ltr'><em>A</em></span> <span class='ocrx_word' id='word_1_1022' title='bbox 1943 2063 2023 2104; x_wconf 79' lang='lat' dir='ltr'><em>nwyk</em></span> <span class='ocrx_word' id='word_1_1023' title='bbox 2039 2063 2168 2095; x_wconf 80' lang='lat' dir='ltr'>Custode</span> <span class='ocrx_word' id='word_1_1024' title='bbox 2182 2065 2286 2097; x_wconf 86' lang='lat' dir='ltr'>Privati</span> <span class='ocrx_word' id='word_1_1025' title='bbox 2304 2069 2348 2098; x_wconf 75' lang='lat' dir='ltr'>Si-</span> 
     </span>
    </p>

    <p class='ocr_par' dir='ltr' id='par_1_55' title="bbox 1290 2099 2349 2217">
     <span class='ocr_line' id='line_1_138' title="bbox 1311 2099 2349 2144; baseline -0.003 -12"><span class='ocrx_word' id='word_1_1026' title='bbox 1311 2103 1365 2142; x_wconf 87' lang='lat' dir='ltr'>illi,</span> <span class='ocrx_word' id='word_1_1027' title='bbox 1385 2101 1497 2139; x_wconf 74' lang='lat' dir='ltr'>Legum</span> <span class='ocrx_word' id='word_1_1028' title='bbox 1520 2101 1709 2138; x_wconf 62' lang='lat' dir='ltr'>Doctoribiis,</span> <span class='ocrx_word' id='word_1_1029' title='bbox 1727 2099 1866 2138; x_wconf 83' lang='lat' dir='ltr'>Radulpho</span> <span class='ocrx_word' id='word_1_1030' title='bbox 1890 2102 2006 2130; x_wconf 83' lang='lat' dir='ltr'>Domino</span> <span class='ocrx_word' id='word_1_1031' title='bbox 2030 2101 2062 2130; x_wconf 81' lang='lat' dir='ltr'>de</span> <span class='ocrx_word' id='word_1_1032' title='bbox 2085 2105 2274 2142; x_wconf 74' lang='lat' dir='ltr'>Cromewelle,</span> <span class='ocrx_word' id='word_1_1033' title='bbox 2290 2106 2349 2144; x_wconf 68' lang='lat' dir='ltr'>Jo.</span> 
     </span>
     <span class='ocr_line' id='line_1_139' title="bbox 1290 2112 2349 2181; baseline 0.002 -11"><span class='ocrx_word' id='word_1_1034' title='bbox 1290 2112 1379 2171; x_wconf 55' lang='lat' dir='ltr'>{anne</span> <span class='ocrx_word' id='word_1_1035' title='bbox 1398 2139 1510 2169; x_wconf 82' lang='lat' dir='ltr'>Pelham</span> <span class='ocrx_word' id='word_1_1036' title='bbox 1533 2139 1626 2169; x_wconf 83' lang='lat' dir='ltr'>Milite</span> <span class='ocrx_word' id='word_1_1037' title='bbox 1641 2161 1650 2177; x_wconf 92' lang='lat'>,</span> <span class='ocrx_word' id='word_1_1038' title='bbox 1674 2138 1788 2168; x_wconf 82' lang='lat' dir='ltr'>Roberto</span> <span class='ocrx_word' id='word_1_1039' title='bbox 1807 2141 1952 2168; x_wconf 70' lang='lat' dir='ltr'>mterton</span> <span class='ocrx_word' id='word_1_1040' title='bbox 1974 2139 2115 2171; x_wconf 86' lang='lat' dir='ltr'>Scutifero</span> <span class='ocrx_word' id='word_1_1041' title='bbox 2129 2166 2138 2179; x_wconf 90' lang='lat'>,</span> <span class='ocrx_word' id='word_1_1042' title='bbox 2161 2143 2194 2174; x_wconf 68' lang='grc' dir='ltr'>ὃς</span> <span class='ocrx_word' id='word_1_1043' title='bbox 2216 2143 2349 2181; x_wconf 73' lang='lat' dir='ltr'>Johanne</span> 
     </span>
     <span class='ocr_line' id='line_1_140' title="bbox 1290 2178 1669 2217; baseline -0.011 -6"><span class='ocrx_word' id='word_1_1044' title='bbox 1290 2180 1382 2211; x_wconf 80' lang='lat' dir='ltr'>Stokes</span> <span class='ocrx_word' id='word_1_1045' title='bbox 1399 2178 1510 2217; x_wconf 85' lang='lat' dir='ltr'>Legum</span> <span class='ocrx_word' id='word_1_1046' title='bbox 1524 2178 1669 2214; x_wconf 63' lang='lat' dir='ltr'>Doctore,</span> 
     </span>
    </p>

    <p class='ocr_par' dir='ltr' id='par_1_56' title="bbox 1291 2215 2352 2490">
     <span class='ocr_line' id='line_1_141' title="bbox 1332 2215 2350 2260; baseline 0.004 -12"><span class='ocrx_word' id='word_1_1047' title='bbox 1332 2217 1539 2248; x_wconf 71' lang='lat' dir='ltr'>Commisiariis</span> <span class='ocrx_word' id='word_1_1048' title='bbox 1560 2217 1646 2255; x_wconf 85' lang='lat' dir='ltr'>Regis</span> <span class='ocrx_word' id='word_1_1049' title='bbox 1669 2215 1779 2254; x_wconf 80' lang='lat' dir='ltr'>Angliae</span> <span class='ocrx_word' id='word_1_1050' title='bbox 1798 2215 1831 2246; x_wconf 92' lang='lat' dir='ltr'>ad</span> <span class='ocrx_word' id='word_1_1051' title='bbox 1853 2215 2067 2255; x_wconf 60' lang='lat' dir='ltr'>Tractandum,</span> <span class='ocrx_word' id='word_1_1052' title='bbox 2085 2216 2350 2260; x_wconf 70' lang='lat' dir='ltr'>Concordmdum,</span> 
     </span>
     <span class='ocr_line' id='line_1_142' title="bbox 1292 2252 2349 2296; baseline 0.005 -11"><span class='ocrx_word' id='word_1_1053' title='bbox 1292 2255 1569 2296; x_wconf 65' lang='lat' dir='ltr'>Appundtumdum,</span> <span class='ocrx_word' id='word_1_1054' title='bbox 1590 2256 1622 2286; x_wconf 72' lang='grc' dir='ltr'>δε</span> <span class='ocrx_word' id='word_1_1055' title='bbox 1646 2252 1759 2284; x_wconf 79' lang='lat' dir='ltr'>finaliter</span> <span class='ocrx_word' id='word_1_1056' title='bbox 1782 2253 2041 2292; x_wconf 87' lang='lat' dir='ltr'>Concludendum,</span> <span class='ocrx_word' id='word_1_1057' title='bbox 2059 2265 2128 2286; x_wconf 90' lang='lat' dir='ltr'>cum</span> <span class='ocrx_word' id='word_1_1058' title='bbox 2145 2258 2349 2291; x_wconf 82' lang='lat' dir='ltr'>Commiffariis</span> 
     </span>
     <span class='ocr_line' id='line_1_143' title="bbox 1291 2291 2350 2336; baseline 0.004 -11"><span class='ocrx_word' id='word_1_1059' title='bbox 1291 2295 1324 2325; x_wconf 75' lang='grc' dir='ltr'>δε</span> <span class='ocrx_word' id='word_1_1060' title='bbox 1351 2293 1604 2325; x_wconf 82' lang='lat' dir='ltr'>Ambaffiatoribus</span> <span class='ocrx_word' id='word_1_1061' title='bbox 1627 2291 1832 2323; x_wconf 84' lang='lat' dir='ltr'>Gubernatoris</span> <span class='ocrx_word' id='word_1_1062' title='bbox 1849 2294 1882 2324; x_wconf 87' lang='lat'>&amp;</span> <span class='ocrx_word' id='word_1_1063' title='bbox 1906 2292 2005 2329; x_wconf 75' lang='lat' dir='ltr'>Regni</span> <span class='ocrx_word' id='word_1_1064' title='bbox 2030 2294 2136 2326; x_wconf 81' lang='lat' dir='ltr'>Scotiae</span> <span class='ocrx_word' id='word_1_1065' title='bbox 2152 2298 2296 2336; x_wconf 56' lang='lat' dir='ltr'>praedicti,</span> <span class='ocrx_word' id='word_1_1066' title='bbox 2312 2299 2350 2329; x_wconf 87' lang='lat' dir='ltr'>de</span> 
     </span>
     <span class='ocr_line' id='line_1_144' title="bbox 1291 2330 2352 2374; baseline 0.005 -12"><span class='ocrx_word' id='word_1_1067' title='bbox 1291 2335 1324 2364; x_wconf 89' lang='lat'>&amp;</span> <span class='ocrx_word' id='word_1_1068' title='bbox 1347 2332 1427 2369; x_wconf 86' lang='lat' dir='ltr'>super</span> <span class='ocrx_word' id='word_1_1069' title='bbox 1451 2332 1630 2361; x_wconf 87' lang='lat' dir='ltr'>Liberatione</span> <span class='ocrx_word' id='word_1_1070' title='bbox 1649 2330 1878 2361; x_wconf 80' lang='lat' dir='ltr'>Excellentilsirni</span> <span class='ocrx_word' id='word_1_1071' title='bbox 1899 2331 1932 2362; x_wconf 65' lang='grc' dir='ltr'>ὃς</span> <span class='ocrx_word' id='word_1_1072' title='bbox 1954 2330 2045 2362; x_wconf 84' lang='lat' dir='ltr'>incliti</span> <span class='ocrx_word' id='word_1_1073' title='bbox 2063 2332 2197 2374; x_wconf 74' lang='lat' dir='ltr'>Principis</span> <span class='ocrx_word' id='word_1_1074' title='bbox 2212 2336 2352 2368; x_wconf 87' lang='lat' dir='ltr'>Domini-</span> 
     </span>
     <span class='ocr_line' id='line_1_145' title="bbox 1292 2368 2352 2412; baseline 0.001 -11"><span class='ocrx_word' id='word_1_1075' title='bbox 1292 2381 1347 2410; x_wconf 91' lang='lat' dir='ltr'>que</span> <span class='ocrx_word' id='word_1_1076' title='bbox 1368 2369 1456 2400; x_wconf 88' lang='lat' dir='ltr'>nostri</span> <span class='ocrx_word' id='word_1_1077' title='bbox 1479 2369 1564 2407; x_wconf 90' lang='lat' dir='ltr'>Legii</span> <span class='ocrx_word' id='word_1_1078' title='bbox 1585 2369 1703 2408; x_wconf 82' lang='lat' dir='ltr'>Jacobi,</span> <span class='ocrx_word' id='word_1_1079' title='bbox 1730 2368 1788 2399; x_wconf 91' lang='lat' dir='ltr'>Dei</span> <span class='ocrx_word' id='word_1_1080' title='bbox 1805 2368 1921 2407; x_wconf 74' lang='lat' dir='ltr'>Gratia,</span> <span class='ocrx_word' id='word_1_1081' title='bbox 1946 2371 2024 2407; x_wconf 80' lang='lat' dir='ltr'>Regis</span> <span class='ocrx_word' id='word_1_1082' title='bbox 2044 2374 2195 2412; x_wconf 84' lang='lat' dir='ltr'>Scotorum,</span> <span class='ocrx_word' id='word_1_1083' title='bbox 2213 2376 2352 2406; x_wconf 81' lang='lat' dir='ltr'>constitu-</span> 
     </span>
     <span class='ocr_line' id='line_1_146' title="bbox 1292 2421 2349 2490; baseline 0.005 -13"><span class='ocrx_word' id='word_1_1084' title='bbox 1292 2421 1505 2486; x_wconf 53' lang='lat' dir='ltr'>uijliquamdiu</span> <span class='ocrx_word' id='word_1_1085' title='bbox 1522 2445 1812 2477; x_wconf 86' lang='lat' dir='ltr'>Communicavimus</span> <span class='ocrx_word' id='word_1_1086' title='bbox 1827 2446 1860 2476; x_wconf 93' lang='lat'>&amp;</span> <span class='ocrx_word' id='word_1_1087' title='bbox 1878 2444 2080 2486; x_wconf 87' lang='lat' dir='ltr'>Contulimus,</span> <span class='ocrx_word' id='word_1_1088' title='bbox 2090 2448 2123 2478; x_wconf 71' lang='grc' dir='ltr'>δε</span> <span class='ocrx_word' id='word_1_1089' title='bbox 2138 2449 2259 2480; x_wconf 73' lang='lat' dir='ltr'>demum</span> <span class='ocrx_word' id='word_1_1090' title='bbox 2269 2451 2349 2490; x_wconf 83' lang='lat' dir='ltr'>,post</span> 
     </span>
    </p>
   </div>
   <div class='ocr_carea' id='block_1_22' title="bbox 1242 2484 2353 2531">
    <p class='ocr_par' dir='ltr' id='par_1_57' title="bbox 1242 2484 2353 2531">
     <span class='ocr_line' id='line_1_147' title="bbox 1242 2484 2353 2531; baseline 0.004 -14"><span class='ocrx_word' id='word_1_1091' title='bbox 1242 2503 1251 2517; x_wconf 56' lang='lat' dir='ltr'>s</span> <span class='ocrx_word' id='word_1_1092' title='bbox 1292 2488 1382 2518; x_wconf 81' lang='lat' dir='ltr'>varios</span> <span class='ocrx_word' id='word_1_1093' title='bbox 1403 2486 1552 2516; x_wconf 61' lang='lat' dir='ltr'>Tractatus</span> <span class='ocrx_word' id='word_1_1094' title='bbox 1574 2493 1705 2522; x_wconf 86' lang='lat' dir='ltr'>mutuos,</span> <span class='ocrx_word' id='word_1_1095' title='bbox 1720 2486 1790 2514; x_wconf 91' lang='lat' dir='ltr'>inter</span> <span class='ocrx_word' id='word_1_1096' title='bbox 1803 2484 1871 2514; x_wconf 86' lang='lat' dir='ltr'>Nos</span> <span class='ocrx_word' id='word_1_1097' title='bbox 1886 2485 1918 2515; x_wconf 72' lang='grc' dir='ltr'>ὃ(</span> <span class='ocrx_word' id='word_1_1098' title='bbox 1934 2486 2019 2523; x_wconf 89' lang='lat' dir='ltr'>ipsos,</span> <span class='ocrx_word' id='word_1_1099' title='bbox 2039 2496 2068 2517; x_wconf 86' lang='lat' dir='ltr'>ut</span> <span class='ocrx_word' id='word_1_1100' title='bbox 2082 2488 2247 2519; x_wconf 80' lang='lat' dir='ltr'>articulatim</span> <span class='ocrx_word' id='word_1_1101' title='bbox 2263 2491 2353 2531; x_wconf 87' lang='lat' dir='ltr'>sequi-</span> 
     </span>
    </p>
   </div>
   <div class='ocr_carea' id='block_1_23' title="bbox 1294 2523 2127 2564">
    <p class='ocr_par' dir='ltr' id='par_1_58' title="bbox 1294 2523 2127 2564">
     <span class='ocr_line' id='line_1_148' title="bbox 1294 2523 2127 2564; baseline -0.001 -8"><span class='ocrx_word' id='word_1_1102' title='bbox 1294 2534 1340 2556; x_wconf 85' lang='lat' dir='ltr'>tur</span> <span class='ocrx_word' id='word_1_1103' title='bbox 1352 2548 1360 2564; x_wconf 94' lang='lat'>,</span> <span class='ocrx_word' id='word_1_1104' title='bbox 1381 2524 1599 2555; x_wconf 89' lang='lat' dir='ltr'>Concordatum</span> <span class='ocrx_word' id='word_1_1105' title='bbox 1612 2524 1666 2554; x_wconf 76' lang='lat' dir='ltr'>fuit</span> <span class='ocrx_word' id='word_1_1106' title='bbox 1677 2525 1710 2554; x_wconf 69' lang='lat'>&lt;⁶51</span> <span class='ocrx_word' id='word_1_1107' title='bbox 1724 2523 1765 2553; x_wconf 85' lang='lat' dir='ltr'>est</span> <span class='ocrx_word' id='word_1_1108' title='bbox 1778 2532 1859 2562; x_wconf 84' lang='lat' dir='ltr'>atque</span> <span class='ocrx_word' id='word_1_1109' title='bbox 1874 2523 2108 2561; x_wconf 61' lang='lat' dir='ltr'>Appuntstuatum</span> <span class='ocrx_word' id='word_1_1110' title='bbox 2117 2548 2127 2564; x_wconf 89' lang='lat'>,</span> 
     </span>
    </p>
   </div>
   <div class='ocr_carea' id='block_1_24' title="bbox 1296 2604 2358 4128">
    <p class='ocr_par' dir='ltr' id='par_1_59' title="bbox 1296 2604 2356 3030">
     <span class='ocr_line' id='line_1_149' title="bbox 1332 2604 2356 2649; baseline 0.003 -12"><span class='ocrx_word' id='word_1_1111' title='bbox 1332 2606 1375 2637; x_wconf 73' lang='lat' dir='ltr'>IN</span> <span class='ocrx_word' id='word_1_1112' title='bbox 1396 2605 1475 2638; x_wconf 70' lang='lat' dir='ltr'>Pru</span> <span class='ocrx_word' id='word_1_1113' title='bbox 1488 2614 1513 2636; x_wconf 77' lang='lat' dir='ltr'><strong>M</strong></span> <span class='ocrx_word' id='word_1_1114' title='bbox 1528 2616 1580 2643; x_wconf 77' lang='lat'>15,</span> <span class='ocrx_word' id='word_1_1115' title='bbox 1604 2605 1681 2644; x_wconf 80' lang='lat' dir='ltr'>quod</span> <span class='ocrx_word' id='word_1_1116' title='bbox 1705 2605 1797 2637; x_wconf 60' lang='lat' dir='ltr'>diffitus</span> <span class='ocrx_word' id='word_1_1117' title='bbox 1821 2604 1964 2636; x_wconf 84' lang='lat' dir='ltr'>Dominus</span> <span class='ocrx_word' id='word_1_1118' title='bbox 1983 2606 2104 2644; x_wconf 66' lang='lat' dir='ltr'>Jacobus</span> <span class='ocrx_word' id='word_1_1119' title='bbox 2125 2611 2258 2638; x_wconf 76' lang='lat' dir='ltr'>Scotorum</span> <span class='ocrx_word' id='word_1_1120' title='bbox 2279 2612 2356 2649; x_wconf 81' lang='lat' dir='ltr'>Rex,</span> 
     </span>
     <span class='ocr_line' id='line_1_150' title="bbox 1297 2644 2356 2684; baseline -0.002 -9"><span class='ocrx_word' id='word_1_1121' title='bbox 1297 2645 1484 2683; x_wconf 72' lang='lat' dir='ltr'>Haeredesve,</span> <span class='ocrx_word' id='word_1_1122' title='bbox 1502 2654 1549 2676; x_wconf 86' lang='lat' dir='ltr'>aut</span> <span class='ocrx_word' id='word_1_1123' title='bbox 1571 2644 1748 2675; x_wconf 77' lang='lat' dir='ltr'>Suecessores</span> <span class='ocrx_word' id='word_1_1124' title='bbox 1771 2645 1826 2681; x_wconf 86' lang='lat' dir='ltr'>sui,</span> <span class='ocrx_word' id='word_1_1125' title='bbox 1845 2644 2001 2675; x_wconf 85' lang='lat' dir='ltr'>Scotorum</span> <span class='ocrx_word' id='word_1_1126' title='bbox 2023 2646 2133 2684; x_wconf 60' lang='lat' dir='ltr'>Reges,</span> <span class='ocrx_word' id='word_1_1127' title='bbox 2152 2649 2225 2678; x_wconf 73' lang='lat' dir='ltr'>bene</span> <span class='ocrx_word' id='word_1_1128' title='bbox 2238 2649 2271 2679; x_wconf 74' lang='grc' dir='ltr'>δε</span> <span class='ocrx_word' id='word_1_1129' title='bbox 2288 2649 2356 2679; x_wconf 81' lang='lat' dir='ltr'>fide.</span> 
     </span>
     <span class='ocr_line' id='line_1_151' title="bbox 1296 2683 2356 2726; baseline 0.003 -12"><span class='ocrx_word' id='word_1_1130' title='bbox 1296 2685 1357 2714; x_wconf 89' lang='lat' dir='ltr'>liter</span> <span class='ocrx_word' id='word_1_1131' title='bbox 1380 2684 1485 2722; x_wconf 83' lang='lat' dir='ltr'>solvet,</span> <span class='ocrx_word' id='word_1_1132' title='bbox 1501 2684 1545 2714; x_wconf 88' lang='lat' dir='ltr'>seu</span> <span class='ocrx_word' id='word_1_1133' title='bbox 1567 2684 1689 2719; x_wconf 86' lang='lat' dir='ltr'>solvent,</span> <span class='ocrx_word' id='word_1_1134' title='bbox 1707 2684 1824 2720; x_wconf 80' lang='lat' dir='ltr'>praefato</span> <span class='ocrx_word' id='word_1_1135' title='bbox 1845 2683 1979 2713; x_wconf 88' lang='lat' dir='ltr'>Domino</span> <span class='ocrx_word' id='word_1_1136' title='bbox 1995 2686 2112 2714; x_wconf 73' lang='lat' dir='ltr'>Henrico</span> <span class='ocrx_word' id='word_1_1137' title='bbox 2132 2688 2198 2723; x_wconf 77' lang='lat' dir='ltr'>Regi</span> <span class='ocrx_word' id='word_1_1138' title='bbox 2223 2687 2356 2726; x_wconf 78' lang='lat' dir='ltr'>Angliae,</span> 
     </span>
     <span class='ocr_line' id='line_1_152' title="bbox 1296 2721 2356 2765; baseline 0.003 -12"><span class='ocrx_word' id='word_1_1139' title='bbox 1296 2724 1304 2752; x_wconf 91' lang='lat' dir='ltr'>i</span> <span class='ocrx_word' id='word_1_1140' title='bbox 1328 2723 1410 2753; x_wconf 85' lang='lat' dir='ltr'>siusve</span> <span class='ocrx_word' id='word_1_1141' title='bbox 1432 2722 1621 2761; x_wconf 78' lang='lat' dir='ltr'>Haeredibus,</span> <span class='ocrx_word' id='word_1_1142' title='bbox 1651 2722 1695 2751; x_wconf 84' lang='lat' dir='ltr'>seu</span> <span class='ocrx_word' id='word_1_1143' title='bbox 1716 2721 1926 2752; x_wconf 80' lang='lat' dir='ltr'>Successbribus</span> <span class='ocrx_word' id='word_1_1144' title='bbox 1940 2744 1949 2759; x_wconf 85' lang='lat'>,</span> <span class='ocrx_word' id='word_1_1145' title='bbox 1974 2731 2019 2752; x_wconf 91' lang='lat' dir='ltr'>aut</span> <span class='ocrx_word' id='word_1_1146' title='bbox 2037 2724 2055 2741; x_wconf 61' lang='lat'>⁴⁴²</span> <span class='ocrx_word' id='word_1_1147' title='bbox 2070 2733 2168 2753; x_wconf 80' lang='lat' dir='ltr'>eorum</span> <span class='ocrx_word' id='word_1_1148' title='bbox 2191 2724 2356 2765; x_wconf 76' lang='lat' dir='ltr'>Deputatis,</span> 
     </span>
     <span class='ocr_line' id='line_1_153' title="bbox 1297 2733 2355 2803; baseline 0.003 -12"><span class='ocrx_word' id='word_1_1149' title='bbox 1297 2733 1343 2791; x_wconf 51' lang='lat' dir='ltr'>{gu</span> <span class='ocrx_word' id='word_1_1150' title='bbox 1366 2761 1558 2798; x_wconf 82' lang='lat' dir='ltr'>Deputandis,</span> <span class='ocrx_word' id='word_1_1151' title='bbox 1576 2761 1605 2789; x_wconf 88' lang='lat' dir='ltr'>in</span> <span class='ocrx_word' id='word_1_1152' title='bbox 1630 2759 1753 2791; x_wconf 81' lang='lat' dir='ltr'>Ecclelia</span> <span class='ocrx_word' id='word_1_1153' title='bbox 1771 2760 1867 2790; x_wconf 60' lang='lat' dir='ltr'>Sane-ti</span> <span class='ocrx_word' id='word_1_1154' title='bbox 1890 2760 1965 2790; x_wconf 85' lang='lat' dir='ltr'>Pauli</span> <span class='ocrx_word' id='word_1_1155' title='bbox 1992 2761 2168 2799; x_wconf 78' lang='lat' dir='ltr'>Londoniae,</span> <span class='ocrx_word' id='word_1_1156' title='bbox 2187 2764 2215 2792; x_wconf 87' lang='lat' dir='ltr'>in</span> <span class='ocrx_word' id='word_1_1157' title='bbox 2234 2765 2355 2803; x_wconf 65' lang='lat' dir='ltr'>Anglifi,</span> 
     </span>
     <span class='ocr_line' id='line_1_154' title="bbox 1298 2797 2355 2838; baseline 0.002 -8"><span class='ocrx_word' id='word_1_1158' title='bbox 1298 2810 1351 2838; x_wconf 87' lang='lat' dir='ltr'>pro</span> <span class='ocrx_word' id='word_1_1159' title='bbox 1370 2800 1536 2838; x_wconf 81' lang='lat' dir='ltr'>Sumptibus</span> <span class='ocrx_word' id='word_1_1160' title='bbox 1557 2799 1590 2829; x_wconf 65' lang='grc' dir='ltr'>ὃς</span> <span class='ocrx_word' id='word_1_1161' title='bbox 1610 2798 1742 2837; x_wconf 65' lang='lat' dir='ltr'>Expfflfis</span> <span class='ocrx_word' id='word_1_1162' title='bbox 1765 2799 1844 2835; x_wconf 77' lang='lat' dir='ltr'>ipsius</span> <span class='ocrx_word' id='word_1_1163' title='bbox 1865 2797 1988 2828; x_wconf 88' lang='lat' dir='ltr'>Domini</span> <span class='ocrx_word' id='word_1_1164' title='bbox 2008 2799 2108 2837; x_wconf 65' lang='lat' dir='ltr'>Jacobi</span> <span class='ocrx_word' id='word_1_1165' title='bbox 2122 2803 2217 2838; x_wconf 74' lang='lat' dir='ltr'>Regis,</span> <span class='ocrx_word' id='word_1_1166' title='bbox 2234 2803 2268 2831; x_wconf 90' lang='lat' dir='ltr'>de</span> <span class='ocrx_word' id='word_1_1167' title='bbox 2281 2800 2355 2832; x_wconf 76' lang='lat' dir='ltr'>iem-</span> 
     </span>
     <span class='ocr_line' id='line_1_155' title="bbox 1298 2836 2355 2880; baseline 0.002 -12"><span class='ocrx_word' id='word_1_1168' title='bbox 1298 2849 1366 2877; x_wconf 87' lang='lat' dir='ltr'>pore</span> <span class='ocrx_word' id='word_1_1169' title='bbox 1388 2848 1445 2877; x_wconf 90' lang='lat' dir='ltr'>quo</span> <span class='ocrx_word' id='word_1_1170' title='bbox 1467 2837 1540 2868; x_wconf 85' lang='lat' dir='ltr'>stetit</span> <span class='ocrx_word' id='word_1_1171' title='bbox 1559 2838 1587 2867; x_wconf 89' lang='lat' dir='ltr'>in</span> <span class='ocrx_word' id='word_1_1172' title='bbox 1609 2836 1716 2876; x_wconf 85' lang='lat' dir='ltr'>Regno</span> <span class='ocrx_word' id='word_1_1173' title='bbox 1736 2836 1863 2876; x_wconf 79' lang='lat' dir='ltr'>Angliae,</span> <span class='ocrx_word' id='word_1_1174' title='bbox 1884 2838 1916 2867; x_wconf 90' lang='lat'>&amp;</span> <span class='ocrx_word' id='word_1_1175' title='bbox 1940 2837 2005 2866; x_wconf 87' lang='lat' dir='ltr'>alibi</span> <span class='ocrx_word' id='word_1_1176' title='bbox 2029 2839 2055 2866; x_wconf 91' lang='lat' dir='ltr'>in</span> <span class='ocrx_word' id='word_1_1177' title='bbox 2076 2839 2215 2877; x_wconf 62' lang='lat' dir='ltr'>praesentia</span> <span class='ocrx_word' id='word_1_1178' title='bbox 2239 2839 2355 2880; x_wconf 80' lang='lat' dir='ltr'>Regum</span> 
     </span>
     <span class='ocr_line' id='line_1_156' title="bbox 1297 2875 2355 2917; baseline 0.003 -10"><span class='ocrx_word' id='word_1_1179' title='bbox 1297 2878 1427 2916; x_wconf 75' lang='lat' dir='ltr'>Angliae,</span> <span class='ocrx_word' id='word_1_1180' title='bbox 1446 2876 1480 2907; x_wconf 88' lang='lat'>&amp;</span> <span class='ocrx_word' id='word_1_1181' title='bbox 1501 2877 1536 2906; x_wconf 92' lang='lat' dir='ltr'>de</span> <span class='ocrx_word' id='word_1_1182' title='bbox 1558 2884 1688 2913; x_wconf 85' lang='lat' dir='ltr'>tempore</span> <span class='ocrx_word' id='word_1_1183' title='bbox 1710 2885 1768 2912; x_wconf 90' lang='lat' dir='ltr'>quo</span> <span class='ocrx_word' id='word_1_1184' title='bbox 1791 2875 1863 2905; x_wconf 85' lang='lat' dir='ltr'>stetit</span> <span class='ocrx_word' id='word_1_1185' title='bbox 1884 2876 1912 2904; x_wconf 87' lang='lat' dir='ltr'>in</span> <span class='ocrx_word' id='word_1_1186' title='bbox 1938 2875 2038 2913; x_wconf 80' lang='lat' dir='ltr'>Anglia</span> <span class='ocrx_word' id='word_1_1187' title='bbox 2060 2877 2186 2914; x_wconf 86' lang='lat' dir='ltr'>usquein</span> <span class='ocrx_word' id='word_1_1188' title='bbox 2204 2878 2279 2908; x_wconf 87' lang='lat' dir='ltr'>diem</span> <span class='ocrx_word' id='word_1_1189' title='bbox 2296 2889 2355 2917; x_wconf 86' lang='lat' dir='ltr'>quo</span> 
     </span>
     <span class='ocr_line' id='line_1_157' title="bbox 1296 2913 2356 2956; baseline 0.003 -11"><span class='ocrx_word' id='word_1_1190' title='bbox 1296 2915 1435 2955; x_wconf 75' lang='lat' dir='ltr'>Ingreffiis</span> <span class='ocrx_word' id='word_1_1191' title='bbox 1454 2915 1535 2945; x_wconf 86' lang='lat' dir='ltr'>fuerit</span> <span class='ocrx_word' id='word_1_1192' title='bbox 1556 2913 1692 2952; x_wconf 85' lang='lat' dir='ltr'>Regnum</span> <span class='ocrx_word' id='word_1_1193' title='bbox 1712 2914 1834 2956; x_wconf 56' lang='lat' dir='ltr'>Scotiae,</span> <span class='ocrx_word' id='word_1_1194' title='bbox 1852 2913 1896 2956; x_wconf 76' lang='lat' dir='ltr'>vel</span> <span class='ocrx_word' id='word_1_1195' title='bbox 1919 2922 1967 2949; x_wconf 90' lang='lat' dir='ltr'>per</span> <span class='ocrx_word' id='word_1_1196' title='bbox 1991 2922 2056 2943; x_wconf 87' lang='lat' dir='ltr'>eum</span> <span class='ocrx_word' id='word_1_1197' title='bbox 2073 2913 2176 2945; x_wconf 77' lang='lat' dir='ltr'>ste;erit</span> <span class='ocrx_word' id='word_1_1198' title='bbox 2189 2925 2247 2954; x_wconf 83' lang='lat' dir='ltr'>quo</span> <span class='ocrx_word' id='word_1_1199' title='bbox 2264 2927 2356 2948; x_wconf 62' lang='lat' dir='ltr'>minus</span> 
     </span>
     <span class='ocr_line' id='line_1_158' title="bbox 1296 2950 2355 2994; baseline -0.003 -11"><span class='ocrx_word' id='word_1_1200' title='bbox 1296 2955 1483 2990; x_wconf 85' lang='lat' dir='ltr'>ingrediatur,</span> <span class='ocrx_word' id='word_1_1201' title='bbox 1503 2953 1699 2991; x_wconf 79' lang='lat' dir='ltr'>Quadraginta</span> <span class='ocrx_word' id='word_1_1202' title='bbox 1722 2951 1814 2980; x_wconf 87' lang='lat' dir='ltr'>Millia</span> <span class='ocrx_word' id='word_1_1203' title='bbox 1836 2950 2004 2989; x_wconf 87' lang='lat' dir='ltr'>Librarum,</span> <span class='ocrx_word' id='word_1_1204' title='bbox 2024 2952 2109 2982; x_wconf 61' lang='lat' dir='ltr'>bonae</span> <span class='ocrx_word' id='word_1_1205' title='bbox 2124 2954 2157 2984; x_wconf 89' lang='lat'>&amp;</span> <span class='ocrx_word' id='word_1_1206' title='bbox 2175 2952 2266 2994; x_wconf 81' lang='lat' dir='ltr'>legalis</span> <span class='ocrx_word' id='word_1_1207' title='bbox 2283 2955 2355 2986; x_wconf 79' lang='lat' dir='ltr'>Mo-</span> 
     </span>
     <span class='ocr_line' id='line_1_159' title="bbox 1297 2990 1673 3030; baseline -0.011 -8"><span class='ocrx_word' id='word_1_1208' title='bbox 1297 3001 1370 3022; x_wconf 84' lang='lat' dir='ltr'>netae</span> <span class='ocrx_word' id='word_1_1209' title='bbox 1386 2993 1511 3030; x_wconf 72' lang='lat' dir='ltr'>Angliae,</span> <span class='ocrx_word' id='word_1_1210' title='bbox 1528 2990 1673 3027; x_wconf 88' lang='lat' dir='ltr'>videlicet,</span> 
     </span>
    </p>

    <p class='ocr_par' dir='ltr' id='par_1_60' title="bbox 1296 3026 2356 3181">
     <span class='ocr_line' id='line_1_160' title="bbox 1332 3026 2355 3067; baseline 0.001 -8"><span class='ocrx_word' id='word_1_1211' title='bbox 1332 3029 1365 3060; x_wconf 89' lang='lat' dir='ltr'>In</span> <span class='ocrx_word' id='word_1_1212' title='bbox 1381 3029 1504 3060; x_wconf 81' lang='lat' dir='ltr'>Ecclefia</span> <span class='ocrx_word' id='word_1_1213' title='bbox 1521 3028 1619 3059; x_wconf 65' lang='lat' dir='ltr'>Sancti</span> <span class='ocrx_word' id='word_1_1214' title='bbox 1636 3027 1713 3057; x_wconf 82' lang='lat' dir='ltr'>Pauli</span> <span class='ocrx_word' id='word_1_1215' title='bbox 1730 3026 1853 3063; x_wconf 60' lang='lat' dir='ltr'>praedicti</span> <span class='ocrx_word' id='word_1_1216' title='bbox 1869 3026 1982 3057; x_wconf 90' lang='lat' dir='ltr'>Decem</span> <span class='ocrx_word' id='word_1_1217' title='bbox 2000 3026 2080 3058; x_wconf 86' lang='lat' dir='ltr'>Milia</span> <span class='ocrx_word' id='word_1_1218' title='bbox 2097 3027 2273 3067; x_wconf 85' lang='lat' dir='ltr'>Marcarum,</span> <span class='ocrx_word' id='word_1_1219' title='bbox 2283 3029 2355 3060; x_wconf 89' lang='lat' dir='ltr'>Mo-</span> 
     </span>
     <span class='ocr_line' id='line_1_161' title="bbox 1296 3066 2355 3106; baseline 0 -8"><span class='ocrx_word' id='word_1_1220' title='bbox 1296 3078 1369 3098; x_wconf 67' lang='lat' dir='ltr'>net-ae</span> <span class='ocrx_word' id='word_1_1221' title='bbox 1393 3068 1536 3106; x_wconf 60' lang='lat' dir='ltr'>praedictae</span> <span class='ocrx_word' id='word_1_1222' title='bbox 1573 3066 1642 3095; x_wconf 84' lang='lat' dir='ltr'>infra</span> <span class='ocrx_word' id='word_1_1223' title='bbox 1658 3066 1712 3095; x_wconf 80' lang='lat' dir='ltr'>Sex</span> <span class='ocrx_word' id='word_1_1224' title='bbox 1729 3066 1851 3103; x_wconf 87' lang='lat' dir='ltr'>menses,</span> <span class='ocrx_word' id='word_1_1225' title='bbox 1866 3067 2074 3103; x_wconf 85' lang='lat' dir='ltr'>computandos</span> <span class='ocrx_word' id='word_1_1226' title='bbox 2086 3077 2100 3096; x_wconf 87' lang='lat' dir='ltr'>a</span> <span class='ocrx_word' id='word_1_1227' title='bbox 2118 3067 2218 3098; x_wconf 88' lang='lat' dir='ltr'>Primo</span> <span class='ocrx_word' id='word_1_1228' title='bbox 2235 3068 2292 3098; x_wconf 91' lang='lat' dir='ltr'>Die</span> <span class='ocrx_word' id='word_1_1229' title='bbox 2308 3068 2355 3099; x_wconf 86' lang='lat' dir='ltr'>In-</span> 
     </span>
     <span class='ocr_line' id='line_1_162' title="bbox 1296 3089 2356 3175; baseline 0.002 -38"><span class='ocrx_word' id='word_1_1230' title='bbox 1296 3105 1401 3175; x_wconf 44' lang='lat' dir='ltr'>gressi}</span> <span class='ocrx_word' id='word_1_1231' title='bbox 1424 3106 1463 3136; x_wconf 77' lang='lat' dir='ltr'>sui</span> <span class='ocrx_word' id='word_1_1232' title='bbox 1488 3107 1516 3135; x_wconf 91' lang='lat' dir='ltr'>in</span> <span class='ocrx_word' id='word_1_1233' title='bbox 1544 3089 1681 3144; x_wconf 62' lang='lat' dir='ltr'>kegnum</span> <span class='ocrx_word' id='word_1_1234' title='bbox 1703 3104 1826 3142; x_wconf 57' lang='lat' dir='ltr'>Semne,</span> <span class='ocrx_word' id='word_1_1235' title='bbox 1845 3104 1888 3134; x_wconf 87' lang='lat' dir='ltr'>vel</span> <span class='ocrx_word' id='word_1_1236' title='bbox 1910 3113 1958 3141; x_wconf 71' lang='lat' dir='ltr'>per</span> <span class='ocrx_word' id='word_1_1237' title='bbox 1978 3114 2044 3135; x_wconf 87' lang='lat' dir='ltr'>eum</span> <span class='ocrx_word' id='word_1_1238' title='bbox 2063 3105 2165 3137; x_wconf 85' lang='lat' dir='ltr'>steterit</span> <span class='ocrx_word' id='word_1_1239' title='bbox 2187 3117 2244 3145; x_wconf 87' lang='lat' dir='ltr'>quo</span> <span class='ocrx_word' id='word_1_1240' title='bbox 2262 3108 2356 3139; x_wconf 87' lang='lat' dir='ltr'>minus</span> 
     </span>
     <span class='ocr_line' id='line_1_163' title="bbox 1297 3153 1482 3181; baseline -0.005 -6"><span class='ocrx_word' id='word_1_1241' title='bbox 1297 3153 1325 3175; x_wconf 78' lang='lat' dir='ltr'>ln</span> <span class='ocrx_word' id='word_1_1242' title='bbox 1347 3155 1375 3175; x_wconf 84' lang='lat' dir='ltr'>re</span> <span class='ocrx_word' id='word_1_1243' title='bbox 1395 3153 1482 3181; x_wconf 76' lang='lat' dir='ltr'>tatur,</span> 
     </span>
    </p>

    <p class='ocr_par' dir='ltr' id='par_1_61' title="bbox 1298 3180 2358 3413">
     <span class='ocr_line' id='line_1_164' title="bbox 1349 3180 2356 3221; baseline 0.002 -8"><span class='ocrx_word' id='word_1_1244' title='bbox 1349 3183 1371 3214; x_wconf 72' lang='lat' dir='ltr'>&#39;t</span> <span class='ocrx_word' id='word_1_1245' title='bbox 1393 3184 1519 3221; x_wconf 88' lang='lat' dir='ltr'>quolibet</span> <span class='ocrx_word' id='word_1_1246' title='bbox 1535 3181 1622 3212; x_wconf 88' lang='lat' dir='ltr'>Anno</span> <span class='ocrx_word' id='word_1_1247' title='bbox 1659 3190 1693 3210; x_wconf 85' lang='lat' dir='ltr'>ex</span> <span class='ocrx_word' id='word_1_1248' title='bbox 1707 3188 1776 3211; x_wconf 84' lang='lat' dir='ltr'>tunc</span> <span class='ocrx_word' id='word_1_1249' title='bbox 1793 3180 1940 3218; x_wconf 81' lang='lat' dir='ltr'>sequente,</span> <span class='ocrx_word' id='word_1_1250' title='bbox 1959 3181 2120 3219; x_wconf 87' lang='lat' dir='ltr'>incipiendo</span> <span class='ocrx_word' id='word_1_1251' title='bbox 2138 3183 2256 3212; x_wconf 88' lang='lat' dir='ltr'>Annum</span> <span class='ocrx_word' id='word_1_1252' title='bbox 2270 3194 2283 3213; x_wconf 89' lang='lat' dir='ltr'>a</span> <span class='ocrx_word' id='word_1_1253' title='bbox 2300 3183 2356 3215; x_wconf 73' lang='lat' dir='ltr'>fine</span> 
     </span>
     <span class='ocr_line' id='line_1_165' title="bbox 1299 3218 2355 3259; baseline 0.001 -7"><span class='ocrx_word' id='word_1_1254' title='bbox 1299 3221 1379 3252; x_wconf 86' lang='lat' dir='ltr'>Anni</span> <span class='ocrx_word' id='word_1_1255' title='bbox 1399 3220 1583 3259; x_wconf 82' lang='lat' dir='ltr'>computandi</span> <span class='ocrx_word' id='word_1_1256' title='bbox 1603 3230 1617 3249; x_wconf 88' lang='lat' dir='ltr'>a</span> <span class='ocrx_word' id='word_1_1257' title='bbox 1658 3221 1731 3250; x_wconf 92' lang='lat' dir='ltr'>rimo</span> <span class='ocrx_word' id='word_1_1258' title='bbox 1746 3220 1800 3249; x_wconf 80' lang='lat' dir='ltr'>Die</span> <span class='ocrx_word' id='word_1_1259' title='bbox 1816 3218 1954 3259; x_wconf 58' lang='lat' dir='ltr'>Ingressus</span> <span class='ocrx_word' id='word_1_1260' title='bbox 1971 3219 2009 3250; x_wconf 80' lang='lat' dir='ltr'>sui</span> <span class='ocrx_word' id='word_1_1261' title='bbox 2025 3221 2187 3259; x_wconf 64' lang='lat' dir='ltr'>supradicti,</span> <span class='ocrx_word' id='word_1_1262' title='bbox 2205 3221 2248 3251; x_wconf 86' lang='lat' dir='ltr'>seu</span> <span class='ocrx_word' id='word_1_1263' title='bbox 2264 3233 2278 3252; x_wconf 90' lang='lat' dir='ltr'>a</span> <span class='ocrx_word' id='word_1_1264' title='bbox 2298 3221 2355 3253; x_wconf 88' lang='lat' dir='ltr'>Die</span> 
     </span>
     <span class='ocr_line' id='line_1_166' title="bbox 1298 3258 2357 3299; baseline 0.001 -9"><span class='ocrx_word' id='word_1_1265' title='bbox 1298 3270 1358 3299; x_wconf 89' lang='lat' dir='ltr'>quo</span> <span class='ocrx_word' id='word_1_1266' title='bbox 1381 3270 1429 3297; x_wconf 87' lang='lat' dir='ltr'>per</span> <span class='ocrx_word' id='word_1_1267' title='bbox 1449 3269 1514 3290; x_wconf 89' lang='lat' dir='ltr'>eum</span> <span class='ocrx_word' id='word_1_1268' title='bbox 1536 3258 1638 3288; x_wconf 87' lang='lat' dir='ltr'>steterit</span> <span class='ocrx_word' id='word_1_1269' title='bbox 1659 3267 1689 3288; x_wconf 92' lang='lat' dir='ltr'>ut</span> <span class='ocrx_word' id='word_1_1270' title='bbox 1710 3259 1888 3298; x_wconf 68' lang='lat' dir='ltr'>praedicitur,</span> <span class='ocrx_word' id='word_1_1271' title='bbox 1906 3259 1975 3289; x_wconf 84' lang='lat' dir='ltr'>infra</span> <span class='ocrx_word' id='word_1_1272' title='bbox 1997 3259 2051 3288; x_wconf 86' lang='lat' dir='ltr'>Sex</span> <span class='ocrx_word' id='word_1_1273' title='bbox 2068 3259 2196 3297; x_wconf 87' lang='lat' dir='ltr'>Menses,</span> <span class='ocrx_word' id='word_1_1274' title='bbox 2214 3271 2228 3290; x_wconf 88' lang='lat' dir='ltr'>a</span> <span class='ocrx_word' id='word_1_1275' title='bbox 2245 3260 2357 3291; x_wconf 87' lang='lat' dir='ltr'>Princi-</span> 
     </span>
     <span class='ocr_line' id='line_1_167' title="bbox 1299 3295 2356 3338; baseline 0.002 -10"><span class='ocrx_word' id='word_1_1276' title='bbox 1299 3301 1346 3338; x_wconf 89' lang='lat' dir='ltr'>pio</span> <span class='ocrx_word' id='word_1_1277' title='bbox 1370 3298 1515 3337; x_wconf 77' lang='lat' dir='ltr'>cujussibet</span> <span class='ocrx_word' id='word_1_1278' title='bbox 1538 3297 1615 3327; x_wconf 84' lang='lat' dir='ltr'>Anni</span> <span class='ocrx_word' id='word_1_1279' title='bbox 1637 3297 1860 3334; x_wconf 85' lang='lat' dir='ltr'>computandos,</span> <span class='ocrx_word' id='word_1_1280' title='bbox 1879 3298 1908 3326; x_wconf 83' lang='lat' dir='ltr'>iri</span> <span class='ocrx_word' id='word_1_1281' title='bbox 1934 3295 2058 3327; x_wconf 80' lang='lat' dir='ltr'>Ecclesia</span> <span class='ocrx_word' id='word_1_1282' title='bbox 2070 3297 2165 3327; x_wconf 65' lang='lat' dir='ltr'>Sandti</span> <span class='ocrx_word' id='word_1_1283' title='bbox 2180 3298 2259 3328; x_wconf 86' lang='lat' dir='ltr'>Pauli</span> <span class='ocrx_word' id='word_1_1284' title='bbox 2278 3299 2356 3330; x_wconf 87' lang='lat' dir='ltr'>Lon-</span> 
     </span>
     <span class='ocr_line' id='line_1_168' title="bbox 1299 3334 2358 3377; baseline 0 -10"><span class='ocrx_word' id='word_1_1285' title='bbox 1299 3338 1395 3367; x_wconf 75' lang='lat' dir='ltr'>doniae</span> <span class='ocrx_word' id='word_1_1286' title='bbox 1416 3336 1564 3376; x_wconf 47' lang='lat' dir='ltr'>praedicta,</span> <span class='ocrx_word' id='word_1_1287' title='bbox 1585 3336 1697 3365; x_wconf 89' lang='lat' dir='ltr'>Decem</span> <span class='ocrx_word' id='word_1_1288' title='bbox 1723 3334 1801 3364; x_wconf 83' lang='lat' dir='ltr'>Milia</span> <span class='ocrx_word' id='word_1_1289' title='bbox 1821 3334 2006 3372; x_wconf 48' lang='lat' dir='ltr'>aurearum,</span> <span class='ocrx_word' id='word_1_1290' title='bbox 2026 3336 2170 3374; x_wconf 85' lang='lat' dir='ltr'>quousque</span> <span class='ocrx_word' id='word_1_1291' title='bbox 2187 3337 2260 3366; x_wconf 70' lang='lat' dir='ltr'>dieta</span> <span class='ocrx_word' id='word_1_1292' title='bbox 2275 3338 2358 3377; x_wconf 80' lang='lat' dir='ltr'>Qua-</span> 
     </span>
     <span class='ocr_line' id='line_1_169' title="bbox 1298 3373 2285 3413; baseline 0.001 -8"><span class='ocrx_word' id='word_1_1293' title='bbox 1298 3376 1424 3413; x_wconf 80' lang='lat' dir='ltr'>draginta</span> <span class='ocrx_word' id='word_1_1294' title='bbox 1446 3374 1527 3404; x_wconf 80' lang='lat' dir='ltr'>Milia</span> <span class='ocrx_word' id='word_1_1295' title='bbox 1548 3375 1697 3404; x_wconf 84' lang='lat' dir='ltr'>Librarum</span> <span class='ocrx_word' id='word_1_1296' title='bbox 1713 3373 1817 3403; x_wconf 87' lang='lat' dir='ltr'>fuerint</span> <span class='ocrx_word' id='word_1_1297' title='bbox 1833 3373 1952 3410; x_wconf 76' lang='lat' dir='ltr'>plenarie</span> <span class='ocrx_word' id='word_1_1298' title='bbox 1972 3374 2004 3403; x_wconf 87' lang='lat'>&amp;</span> <span class='ocrx_word' id='word_1_1299' title='bbox 2020 3375 2125 3412; x_wconf 75' lang='lat' dir='ltr'>integre</span> <span class='ocrx_word' id='word_1_1300' title='bbox 2143 3375 2285 3412; x_wconf 84' lang='lat' dir='ltr'>persoluta.</span> 
     </span>
    </p>

    <p class='ocr_par' dir='ltr' id='par_1_62' title="bbox 1301 3410 2356 3680">
     <span class='ocr_line' id='line_1_170' title="bbox 1338 3410 2356 3452; baseline 0 -8"><span class='ocrx_word' id='word_1_1301' title='bbox 1338 3413 1411 3444; x_wconf 71' lang='grc' dir='ltr'>ΙΤΕ</span> <span class='ocrx_word' id='word_1_1302' title='bbox 1424 3422 1448 3443; x_wconf 64' lang='grc' dir='ltr'>,κί</span> <span class='ocrx_word' id='word_1_1303' title='bbox 1463 3437 1471 3451; x_wconf 85' lang='grc'>,</span> <span class='ocrx_word' id='word_1_1304' title='bbox 1497 3414 1575 3449; x_wconf 80' lang='lat' dir='ltr'>quod</span> <span class='ocrx_word' id='word_1_1305' title='bbox 1598 3412 1688 3441; x_wconf 71' lang='lat' dir='ltr'>dictus</span> <span class='ocrx_word' id='word_1_1306' title='bbox 1710 3410 1858 3441; x_wconf 68' lang='lat' dir='ltr'>Dominus</span> <span class='ocrx_word' id='word_1_1307' title='bbox 1877 3411 1997 3449; x_wconf 82' lang='lat' dir='ltr'>Jacohus</span> <span class='ocrx_word' id='word_1_1308' title='bbox 2020 3416 2153 3441; x_wconf 53' lang='lat' dir='ltr'>Scotorum</span> <span class='ocrx_word' id='word_1_1309' title='bbox 2177 3417 2236 3443; x_wconf 81' lang='lat' dir='ltr'>Rex</span> <span class='ocrx_word' id='word_1_1310' title='bbox 2253 3438 2261 3452; x_wconf 89' lang='lat'>,</span> <span class='ocrx_word' id='word_1_1311' title='bbox 2286 3415 2356 3444; x_wconf 80' lang='lat' dir='ltr'>infra</span> 
     </span>
     <span class='ocr_line' id='line_1_171' title="bbox 1301 3449 2354 3490; baseline 0 -8"><span class='ocrx_word' id='word_1_1312' title='bbox 1301 3452 1384 3482; x_wconf 59' lang='lat' dir='ltr'>Otto</span> <span class='ocrx_word' id='word_1_1313' title='bbox 1401 3452 1489 3490; x_wconf 86' lang='lat' dir='ltr'>Dies,</span> <span class='ocrx_word' id='word_1_1314' title='bbox 1507 3451 1618 3481; x_wconf 85' lang='lat' dir='ltr'>Festum</span> <span class='ocrx_word' id='word_1_1315' title='bbox 1635 3449 1839 3480; x_wconf 57' lang='lat' dir='ltr'>Purificationis</span> <span class='ocrx_word' id='word_1_1316' title='bbox 1855 3449 1947 3479; x_wconf 53' lang='lat' dir='ltr'>Beata:</span> <span class='ocrx_word' id='word_1_1317' title='bbox 1964 3449 2066 3480; x_wconf 73' lang='lat' dir='ltr'>Matiae</span> <span class='ocrx_word' id='word_1_1318' title='bbox 2082 3450 2207 3484; x_wconf 57' lang='lat' dir='ltr'>Virginis</span> <span class='ocrx_word' id='word_1_1319' title='bbox 2221 3454 2354 3488; x_wconf 73' lang='lat' dir='ltr'>proximo</span> 
     </span>
     <span class='ocr_line' id='line_1_172' title="bbox 1302 3486 2355 3527; baseline -0.004 -6"><span class='ocrx_word' id='word_1_1320' title='bbox 1302 3491 1427 3521; x_wconf 86' lang='lat' dir='ltr'>futurum</span> <span class='ocrx_word' id='word_1_1321' title='bbox 1451 3490 1612 3520; x_wconf 74' lang='lat' dir='ltr'>immediate</span> <span class='ocrx_word' id='word_1_1322' title='bbox 1636 3490 1794 3527; x_wconf 83' lang='lat' dir='ltr'>sequentes,</span> <span class='ocrx_word' id='word_1_1323' title='bbox 1818 3488 1851 3518; x_wconf 88' lang='lat' dir='ltr'>ad</span> <span class='ocrx_word' id='word_1_1324' title='bbox 1872 3486 2026 3518; x_wconf 81' lang='lat' dir='ltr'>Civitatem</span> <span class='ocrx_word' id='word_1_1325' title='bbox 2049 3488 2287 3527; x_wconf 67' lang='lat' dir='ltr'>Dunelmensem‚</span> <span class='ocrx_word' id='word_1_1326' title='bbox 2310 3489 2355 3520; x_wconf 86' lang='lat' dir='ltr'>vel</span> 
     </span>
     <span class='ocr_line' id='line_1_173' title="bbox 1301 3526 2355 3566; baseline -0.002 -7"><span class='ocrx_word' id='word_1_1327' title='bbox 1301 3529 1333 3559; x_wconf 87' lang='lat' dir='ltr'>ad</span> <span class='ocrx_word' id='word_1_1328' title='bbox 1357 3528 1488 3559; x_wconf 85' lang='lat' dir='ltr'>Castrum</span> <span class='ocrx_word' id='word_1_1329' title='bbox 1507 3529 1542 3558; x_wconf 90' lang='lat' dir='ltr'>de</span> <span class='ocrx_word' id='word_1_1330' title='bbox 1565 3526 1743 3566; x_wconf 82' lang='lat' dir='ltr'>Bramspath,</span> <span class='ocrx_word' id='word_1_1331' title='bbox 1760 3526 1844 3556; x_wconf 69' lang='lat' dir='ltr'>dente</span> <span class='ocrx_word' id='word_1_1332' title='bbox 1871 3526 2020 3564; x_wconf 77' lang='lat' dir='ltr'>Domino,</span> <span class='ocrx_word' id='word_1_1333' title='bbox 2038 3529 2150 3565; x_wconf 83' lang='lat' dir='ltr'>veniet,</span> <span class='ocrx_word' id='word_1_1334' title='bbox 2170 3529 2203 3558; x_wconf 84' lang='lat' dir='ltr'>ad</span> <span class='ocrx_word' id='word_1_1335' title='bbox 2219 3528 2355 3559; x_wconf 63' lang='lat' dir='ltr'>effictum</span> 
     </span>
     <span class='ocr_line' id='line_1_174' title="bbox 1303 3564 2355 3606; baseline -0.001 -9"><span class='ocrx_word' id='word_1_1336' title='bbox 1303 3577 1349 3605; x_wconf 84' lang='lat' dir='ltr'>ut,</span> <span class='ocrx_word' id='word_1_1337' title='bbox 1369 3577 1416 3606; x_wconf 72' lang='lat' dir='ltr'>per</span> <span class='ocrx_word' id='word_1_1338' title='bbox 1430 3576 1522 3597; x_wconf 86' lang='lat' dir='ltr'>toturn</span> <span class='ocrx_word' id='word_1_1339' title='bbox 1542 3565 1696 3595; x_wconf 83' lang='lat' dir='ltr'>Residuum</span> <span class='ocrx_word' id='word_1_1340' title='bbox 1712 3565 1789 3594; x_wconf 92' lang='lat' dir='ltr'>illum</span> <span class='ocrx_word' id='word_1_1341' title='bbox 1806 3564 1947 3594; x_wconf 87' lang='lat' dir='ltr'>Februarii</span> <span class='ocrx_word' id='word_1_1342' title='bbox 1963 3565 2113 3603; x_wconf 76' lang='lat' dir='ltr'>Mensem,</span> <span class='ocrx_word' id='word_1_1343' title='bbox 2128 3568 2162 3596; x_wconf 86' lang='lat' dir='ltr'>de</span> <span class='ocrx_word' id='word_1_1344' title='bbox 2177 3567 2227 3596; x_wconf 76' lang='lat' dir='ltr'>suis</span> <span class='ocrx_word' id='word_1_1345' title='bbox 2241 3565 2355 3596; x_wconf 83' lang='lat' dir='ltr'>Obiidi-</span> 
     </span>
     <span class='ocr_line' id='line_1_175' title="bbox 1302 3602 2356 3644; baseline -0.001 -9"><span class='ocrx_word' id='word_1_1346' title='bbox 1302 3607 1352 3635; x_wconf 57' lang='lat' dir='ltr'>bux‘</span> <span class='ocrx_word' id='word_1_1347' title='bbox 1364 3607 1413 3642; x_wconf 85' lang='lat'>,&amp;</span> <span class='ocrx_word' id='word_1_1348' title='bbox 1429 3605 1476 3644; x_wconf 81' lang='lat' dir='ltr'>qui</span> <span class='ocrx_word' id='word_1_1349' title='bbox 1492 3614 1543 3642; x_wconf 85' lang='lat' dir='ltr'>pro</span> <span class='ocrx_word' id='word_1_1350' title='bbox 1559 3605 1616 3642; x_wconf 79' lang='lat' dir='ltr'>ipso</span> <span class='ocrx_word' id='word_1_1351' title='bbox 1632 3612 1677 3633; x_wconf 85' lang='lat' dir='ltr'>aut</span> <span class='ocrx_word' id='word_1_1352' title='bbox 1692 3604 1747 3640; x_wconf 87' lang='lat' dir='ltr'>ejus</span> <span class='ocrx_word' id='word_1_1353' title='bbox 1763 3603 1942 3633; x_wconf 81' lang='lat' dir='ltr'>Liberatione</span> <span class='ocrx_word' id='word_1_1354' title='bbox 1958 3602 2077 3633; x_wconf 85' lang='lat' dir='ltr'>Obsides</span> <span class='ocrx_word' id='word_1_1355' title='bbox 2096 3607 2254 3635; x_wconf 68' lang='lat' dir='ltr'>Remanere</span> <span class='ocrx_word' id='word_1_1356' title='bbox 2270 3606 2356 3635; x_wconf 86' lang='lat' dir='ltr'>velint</span> 
     </span>
     <span class='ocr_line' id='line_1_176' title="bbox 1301 3641 1947 3680; baseline -0.006 -7"><span class='ocrx_word' id='word_1_1357' title='bbox 1301 3644 1333 3674; x_wconf 89' lang='lat'>&amp;</span> <span class='ocrx_word' id='word_1_1358' title='bbox 1348 3644 1486 3680; x_wconf 68' lang='lat' dir='ltr'>debeant,</span> <span class='ocrx_word' id='word_1_1359' title='bbox 1503 3642 1649 3678; x_wconf 75' lang='lat' dir='ltr'>disponere</span> <span class='ocrx_word' id='word_1_1360' title='bbox 1666 3642 1748 3678; x_wconf 80' lang='lat' dir='ltr'>possit</span> <span class='ocrx_word' id='word_1_1361' title='bbox 1764 3643 1796 3672; x_wconf 68' lang='grc' dir='ltr'>δε</span> <span class='ocrx_word' id='word_1_1362' title='bbox 1812 3641 1947 3671; x_wconf 85' lang='lat' dir='ltr'>ordinare.</span> 
     </span>
    </p>

    <p class='ocr_par' dir='ltr' id='par_1_63' title="bbox 1300 3678 2356 3869">
     <span class='ocr_line' id='line_1_177' title="bbox 1338 3678 2355 3718; baseline 0 -7"><span class='ocrx_word' id='word_1_1363' title='bbox 1338 3679 1461 3718; x_wconf 73' lang='grc' dir='ltr'>ΙΤΕΜ,</span> <span class='ocrx_word' id='word_1_1364' title='bbox 1481 3679 1576 3717; x_wconf 70' lang='lat' dir='ltr'>quod,</span> <span class='ocrx_word' id='word_1_1365' title='bbox 1595 3679 1696 3709; x_wconf 84' lang='lat' dir='ltr'>Primo</span> <span class='ocrx_word' id='word_1_1366' title='bbox 1714 3679 1770 3708; x_wconf 85' lang='lat' dir='ltr'>Die</span> <span class='ocrx_word' id='word_1_1367' title='bbox 1794 3679 1897 3709; x_wconf 69' lang='lat' dir='ltr'>Mentis</span> <span class='ocrx_word' id='word_1_1368' title='bbox 1916 3678 2013 3709; x_wconf 85' lang='lat' dir='ltr'>Martii</span> <span class='ocrx_word' id='word_1_1369' title='bbox 2030 3682 2166 3718; x_wconf 84' lang='lat' dir='ltr'>proximi,</span> <span class='ocrx_word' id='word_1_1370' title='bbox 2183 3679 2355 3711; x_wconf 77' lang='lat' dir='ltr'>Commissa-</span> 
     </span>
     <span class='ocr_line' id='line_1_178' title="bbox 1301 3717 2354 3758; baseline 0 -9"><span class='ocrx_word' id='word_1_1371' title='bbox 1301 3721 1333 3750; x_wconf 88' lang='lat' dir='ltr'>rii</span> <span class='ocrx_word' id='word_1_1372' title='bbox 1349 3720 1472 3756; x_wconf 67' lang='lat' dir='ltr'>praedicti</span> <span class='ocrx_word' id='word_1_1373' title='bbox 1488 3721 1598 3748; x_wconf 62' lang='lat' dir='ltr'>Henna·</span> <span class='ocrx_word' id='word_1_1374' title='bbox 1611 3721 1687 3754; x_wconf 61' lang='lat' dir='ltr'>Regis</span> <span class='ocrx_word' id='word_1_1375' title='bbox 1701 3717 1832 3756; x_wconf 80' lang='lat' dir='ltr'>Angliae,</span> <span class='ocrx_word' id='word_1_1376' title='bbox 1848 3717 1999 3755; x_wconf 77' lang='lat' dir='ltr'>Deputati,</span> <span class='ocrx_word' id='word_1_1377' title='bbox 2019 3719 2062 3748; x_wconf 84' lang='lat' dir='ltr'>vel</span> <span class='ocrx_word' id='word_1_1378' title='bbox 2078 3718 2236 3758; x_wconf 86' lang='lat' dir='ltr'>Deputandi</span> <span class='ocrx_word' id='word_1_1379' title='bbox 2248 3741 2256 3755; x_wconf 89' lang='lat'>,</span> <span class='ocrx_word' id='word_1_1380' title='bbox 2275 3719 2354 3749; x_wconf 82' lang='lat' dir='ltr'>Prae-</span> 
     </span>
     <span class='ocr_line' id='line_1_179' title="bbox 1301 3756 2354 3796; baseline -0.001 -8"><span class='ocrx_word' id='word_1_1381' title='bbox 1301 3758 1425 3796; x_wconf 56' lang='lat' dir='ltr'>fatusque</span> <span class='ocrx_word' id='word_1_1382' title='bbox 1446 3757 1567 3794; x_wconf 84' lang='lat' dir='ltr'>Jacolms</span> <span class='ocrx_word' id='word_1_1383' title='bbox 1587 3759 1721 3785; x_wconf 56' lang='lat' dir='ltr'>Siotorum</span> <span class='ocrx_word' id='word_1_1384' title='bbox 1739 3759 1816 3793; x_wconf 82' lang='lat' dir='ltr'>Rex,</span> <span class='ocrx_word' id='word_1_1385' title='bbox 1835 3766 1867 3786; x_wconf 89' lang='lat' dir='ltr'>ac</span> <span class='ocrx_word' id='word_1_1386' title='bbox 1888 3756 2101 3786; x_wconf 75' lang='lat' dir='ltr'>Ambailiatores</span> <span class='ocrx_word' id='word_1_1387' title='bbox 2113 3767 2164 3794; x_wconf 84' lang='lat' dir='ltr'>pro</span> <span class='ocrx_word' id='word_1_1388' title='bbox 2180 3758 2212 3787; x_wconf 66' lang='grc' dir='ltr'>ὃ(</span> <span class='ocrx_word' id='word_1_1389' title='bbox 2230 3766 2263 3786; x_wconf 88' lang='lat' dir='ltr'>ex</span> <span class='ocrx_word' id='word_1_1390' title='bbox 2278 3767 2354 3793; x_wconf 73' lang='lat' dir='ltr'>parte</span> 
     </span>
     <span class='ocr_line' id='line_1_180' title="bbox 1300 3794 2356 3835; baseline 0 -9"><span class='ocrx_word' id='word_1_1391' title='bbox 1300 3796 1396 3835; x_wconf 78' lang='lat' dir='ltr'>Regni</span> <span class='ocrx_word' id='word_1_1392' title='bbox 1419 3795 1523 3825; x_wconf 60' lang='lat' dir='ltr'>Scotiae</span> <span class='ocrx_word' id='word_1_1393' title='bbox 1539 3817 1548 3832; x_wconf 90' lang='lat'>,</span> <span class='ocrx_word' id='word_1_1394' title='bbox 1573 3796 1716 3832; x_wconf 52' lang='lat' dir='ltr'>piamen,</span> <span class='ocrx_word' id='word_1_1395' title='bbox 1739 3805 1785 3824; x_wconf 88' lang='lat' dir='ltr'>aut</span> <span class='ocrx_word' id='word_1_1396' title='bbox 1806 3795 1850 3824; x_wconf 88' lang='lat' dir='ltr'>alii</span> <span class='ocrx_word' id='word_1_1397' title='bbox 1872 3795 1992 3831; x_wconf 66' lang='lat' dir='ltr'>ipssirum</span> <span class='ocrx_word' id='word_1_1398' title='bbox 2016 3794 2100 3825; x_wconf 86' lang='lat' dir='ltr'>Loco</span> <span class='ocrx_word' id='word_1_1399' title='bbox 2122 3794 2301 3834; x_wconf 77' lang='lat' dir='ltr'>subrogandi,</span> <span class='ocrx_word' id='word_1_1400' title='bbox 2326 3797 2356 3826; x_wconf 91' lang='lat' dir='ltr'>in</span> 
     </span>
     <span class='ocr_line' id='line_1_181' title="bbox 1302 3832 2005 3869; baseline -0.004 -5"><span class='ocrx_word' id='word_1_1401' title='bbox 1302 3834 1426 3865; x_wconf 71' lang='lat' dir='ltr'>Ecclesia</span> <span class='ocrx_word' id='word_1_1402' title='bbox 1444 3833 1625 3864; x_wconf 84' lang='lat' dir='ltr'>Dunelmenli</span> <span class='ocrx_word' id='word_1_1403' title='bbox 1639 3832 1840 3869; x_wconf 71' lang='lat' dir='ltr'>Convenient,</span> <span class='ocrx_word' id='word_1_1404' title='bbox 1858 3832 2005 3868; x_wconf 84' lang='lat' dir='ltr'>videlicet,</span> 
     </span>
    </p>

    <p class='ocr_par' dir='ltr' id='par_1_64' title="bbox 1300 3870 2358 4128">
     <span class='ocr_line' id='line_1_182' title="bbox 1340 3870 2356 3912; baseline 0.001 -11"><span class='ocrx_word' id='word_1_1405' title='bbox 1340 3872 1443 3902; x_wconf 59' lang='lat' dir='ltr'>Dictus</span> <span class='ocrx_word' id='word_1_1406' title='bbox 1467 3871 1587 3909; x_wconf 75' lang='lat' dir='ltr'>Jacobus</span> <span class='ocrx_word' id='word_1_1407' title='bbox 1613 3874 1672 3900; x_wconf 84' lang='lat' dir='ltr'>Rex</span> <span class='ocrx_word' id='word_1_1408' title='bbox 1699 3881 1731 3900; x_wconf 88' lang='lat' dir='ltr'>ac</span> <span class='ocrx_word' id='word_1_1409' title='bbox 1752 3870 1943 3901; x_wconf 71' lang='lat' dir='ltr'>Commiss&#39;irii</span> <span class='ocrx_word' id='word_1_1410' title='bbox 1968 3871 2059 3908; x_wconf 70' lang='lat' dir='ltr'>Regni</span> <span class='ocrx_word' id='word_1_1411' title='bbox 2083 3870 2187 3901; x_wconf 78' lang='lat' dir='ltr'>Scotiae</span> <span class='ocrx_word' id='word_1_1412' title='bbox 2211 3872 2356 3912; x_wconf 62' lang='lat' dir='ltr'>praediciti,</span> 
     </span>
     <span class='ocr_line' id='line_1_183' title="bbox 1301 3908 2357 3949; baseline -0.002 -9"><span class='ocrx_word' id='word_1_1413' title='bbox 1301 3921 1354 3949; x_wconf 87' lang='lat' dir='ltr'>pro</span> <span class='ocrx_word' id='word_1_1414' title='bbox 1375 3910 1527 3940; x_wconf 83' lang='lat' dir='ltr'>Tradendo</span> <span class='ocrx_word' id='word_1_1415' title='bbox 1547 3911 1581 3940; x_wconf 87' lang='lat'>&amp;</span> <span class='ocrx_word' id='word_1_1416' title='bbox 1603 3909 1780 3945; x_wconf 70' lang='lat' dir='ltr'>Liberando,</span> <span class='ocrx_word' id='word_1_1417' title='bbox 1799 3909 1901 3939; x_wconf 88' lang='lat' dir='ltr'>eodem</span> <span class='ocrx_word' id='word_1_1418' title='bbox 1923 3908 2021 3937; x_wconf 88' lang='lat' dir='ltr'>Primo</span> <span class='ocrx_word' id='word_1_1419' title='bbox 2044 3908 2119 3946; x_wconf 88' lang='lat' dir='ltr'>Dic,</span> <span class='ocrx_word' id='word_1_1420' title='bbox 2136 3911 2180 3940; x_wconf 85' lang='lat' dir='ltr'>vel</span> <span class='ocrx_word' id='word_1_1421' title='bbox 2203 3911 2238 3941; x_wconf 90' lang='lat' dir='ltr'>ad</span> <span class='ocrx_word' id='word_1_1422' title='bbox 2264 3912 2357 3942; x_wconf 76' lang='lat' dir='ltr'>minus</span> 
     </span>
     <span class='ocr_line' id='line_1_184' title="bbox 1300 3945 2358 3987; baseline 0 -8"><span class='ocrx_word' id='word_1_1423' title='bbox 1300 3958 1364 3980; x_wconf 87' lang='lat' dir='ltr'>ante</span> <span class='ocrx_word' id='word_1_1424' title='bbox 1387 3949 1517 3978; x_wconf 82' lang='lat' dir='ltr'>ultimum</span> <span class='ocrx_word' id='word_1_1425' title='bbox 1540 3948 1628 3978; x_wconf 85' lang='lat' dir='ltr'>Diem</span> <span class='ocrx_word' id='word_1_1426' title='bbox 1653 3948 1773 3984; x_wconf 64' lang='lat' dir='ltr'>eyuideni</span> <span class='ocrx_word' id='word_1_1427' title='bbox 1790 3947 1892 3976; x_wconf 73' lang='lat' dir='ltr'>Mentis</span> <span class='ocrx_word' id='word_1_1428' title='bbox 1908 3945 2022 3983; x_wconf 70' lang='lat' dir='ltr'>Mai-tii,</span> <span class='ocrx_word' id='word_1_1429' title='bbox 2039 3946 2243 3978; x_wconf 83' lang='lat' dir='ltr'>Commissariis</span> <span class='ocrx_word' id='word_1_1430' title='bbox 2254 3951 2358 3987; x_wconf 76' lang='lat' dir='ltr'>praedi-</span> 
     </span>
     <span class='ocr_line' id='line_1_185' title="bbox 1301 3983 2357 4026; baseline 0.001 -9"><span class='ocrx_word' id='word_1_1431' title='bbox 1301 3988 1340 4017; x_wconf 67' lang='lat' dir='ltr'>eti</span> <span class='ocrx_word' id='word_1_1432' title='bbox 1361 3990 1439 4024; x_wconf 81' lang='lat' dir='ltr'>Regis</span> <span class='ocrx_word' id='word_1_1433' title='bbox 1453 3985 1564 4023; x_wconf 75' lang='lat' dir='ltr'>Angliae</span> <span class='ocrx_word' id='word_1_1434' title='bbox 1580 3987 1712 4017; x_wconf 66' lang='lat' dir='ltr'>Perioiias</span> <span class='ocrx_word' id='word_1_1435' title='bbox 1727 3985 1886 4021; x_wconf 83' lang='lat' dir='ltr'>Obsidum,</span> <span class='ocrx_word' id='word_1_1436' title='bbox 1906 3993 1957 4021; x_wconf 82' lang='lat' dir='ltr'>pro</span> <span class='ocrx_word' id='word_1_1437' title='bbox 1974 3983 2154 4016; x_wconf 88' lang='lat' dir='ltr'>Liberatioiie</span> <span class='ocrx_word' id='word_1_1438' title='bbox 2171 3987 2241 4018; x_wconf 69' lang='lat' dir='ltr'>dieti</span> <span class='ocrx_word' id='word_1_1439' title='bbox 2255 3988 2357 4026; x_wconf 84' lang='lat' dir='ltr'>Jacobi</span> 
     </span>
     <span class='ocr_line' id='line_1_186' title="bbox 1300 4022 2358 4063; baseline 0.001 -7"><span class='ocrx_word' id='word_1_1440' title='bbox 1300 4028 1376 4062; x_wconf 75' lang='lat' dir='ltr'>Regis</span> <span class='ocrx_word' id='word_1_1441' title='bbox 1392 4034 1425 4054; x_wconf 86' lang='lat' dir='ltr'>ac</span> <span class='ocrx_word' id='word_1_1442' title='bbox 1446 4024 1598 4057; x_wconf 85' lang='lat' dir='ltr'>Securitate</span> <span class='ocrx_word' id='word_1_1443' title='bbox 1612 4023 1880 4063; x_wconf 71' lang='lat' dir='ltr'>Appunetuatorum</span> <span class='ocrx_word' id='word_1_1444' title='bbox 1897 4023 1930 4053; x_wconf 91' lang='lat'>&amp;</span> <span class='ocrx_word' id='word_1_1445' title='bbox 1946 4022 2240 4061; x_wconf 71' lang='lat' dir='ltr'>Appunetuandorum</span> <span class='ocrx_word' id='word_1_1446' title='bbox 2255 4027 2358 4057; x_wconf 82' lang='lat' dir='ltr'>dandas</span> 
     </span>
     <span class='ocr_line' id='line_1_187' title="bbox 1300 4063 1898 4128; baseline -0.003 -32"><span class='ocrx_word' id='word_1_1447' title='bbox 1300 4065 1334 4096; x_wconf 86' lang='lat'>&amp;</span> <span class='ocrx_word' id='word_1_1448' title='bbox 1349 4063 1524 4094; x_wconf 79' lang='lat' dir='ltr'>Liberandas.</span> <span class='ocrx_word' id='word_1_1449' title='bbox 1863 4096 1898 4128; x_wconf 78' lang='lat' dir='ltr'>N</span> 
     </span>
    </p>
   </div>
   <div class='ocr_carea' id='block_1_25' title="bbox 2372 2737 2507 2774">
    <p class='ocr_par' dir='ltr' id='par_1_65' title="bbox 2372 2737 2507 2774">
     <span class='ocr_line' id='line_1_188' title="bbox 2372 2737 2507 2774; baseline -0.015 -9"><span class='ocrx_word' id='word_1_1450' title='bbox 2372 2737 2507 2774; x_wconf 65' lang='lat' dir='ltr'>*X.3032</span> 
     </span>
    </p>
   </div>
   <div class='ocr_carea' id='block_1_26' title="bbox 2232 4101 2353 4146">
    <p class='ocr_par' dir='ltr' id='par_1_66' title="bbox 2232 4101 2353 4146">
     <span class='ocr_line' id='line_1_189' title="bbox 2232 4101 2353 4146; baseline -0.008 -13"><span class='ocrx_word' id='word_1_1451' title='bbox 2232 4101 2353 4146; x_wconf 67' lang='lat' dir='ltr'>ITEM,</span> 
     </span>
    </p>
   </div>
  </div>
 </body>
</html>
