2562 4274
213 115 266 155 14

663 96 1476 151 CONVENTIONES,

1534 98 1923 151 LITERAE,

62 186 140 217 Ann.
152 185 191 217 D.
209 185 251 216 dit
270 185 385 217 Chastei
404 196 443 217 ou
461 183 619 217 Forteresse
637 186 690 217 soit
708 186 844 216 Rescouz
860 196 900 217 ou
916 186 1095 222 Soucurrez,
1116 184 1142 215 le
1160 183 1202 215 dit
1219 183 1271 215 Se-
1316 184 1361 216 sua
1378 194 1590 224 quaecumque3
1623 185 1661 216 Et
1678 185 1737 216 hoc
1754 185 1889 216 omnibus
1907 194 2034 225 quorum
2050 186 2164 218 interest
2180 186 2382 220 innotescimus
2397 186 2474 219 Ann.
2487 188 2530 220 D:

87 235 142 263 14¹
150 239 172 267 7.
209 225 306 254 conde
322 227 407 265 jour,
427 225 530 254 devant
548 222 575 255 ie
594 225 694 255 Heure
707 225 744 254 de
762 224 874 264 Mydy,
899 235 948 263 par
964 224 1113 255 Puissance
1130 223 1166 254 de
1183 222 1270 253 I’Ad-
1315 234 1366 263 per
1385 223 1539 262 praesentes.

59 267 126 293 Hm.
143 277 172 305 5,

41 2012 120 2045 Ann.
134 2012 174 2043 D.

68 2061 158 2090 1417.

40 2095 94 2121 An.
111 2101 138 2126 5.

41 2135 79 2158 H.
97 2140 125 2166 5.

41 2173 83 2197 Ex
95 2170 159 2197 nihi,

205 262 328 302 verfiiire
351 264 389 294 du
407 264 449 294 dit
466 261 534 300 Roy
549 288 558 301 ‚
585 263 621 293 du
641 263 782 302 Daulphin
797 286 808 302 ,
833 274 872 294 ou
891 263 1028 303 Monfieur
1045 264 1078 293 de
1096 264 1247 302 Montenay
1260 285 1270 300 ‚

204 311 244 332 ou
262 303 319 333 l'un
338 302 431 333 d’eulx
448 312 483 331 en
500 301 559 331 leur
578 311 682 340 propre
701 303 847 341 persones‚
864 303 1082 340 acompaigniez
1099 310 1173 330 ovec
1189 309 1270 330 nota-

205 340 251 370 bie
270 339 417 371 Puissance
432 339 469 369 de
487 339 569 370 Gens
587 341 719 372 d'Armes
737 342 771 372 &
789 340 923 377 d’auroes,
942 351 999 378 que
1014 350 1030 369 a
1049 339 1118 370 celle
1131 339 1218 368 heure
1230 338 1269 369 les

205 378 268 409 ditz
283 378 367 419 Rauf
377 380 409 408 de
427 382 529 407 covert
547 380 580 410 &
599 379 714 409 Thomas
730 380 762 408 de
779 383 898 417 Sura->712
914 379 1068 408 Rendront
1085 377 1110 406 ie
1123 378 1165 407 dit
1177 375 1269 407 Chas-

206 417 254 447 teii
279 419 313 449 ὃς
338 417 494 449 Formi-este
513 428 546 448 au
562 418 603 448 dit
621 418 829 448 Tiesexcellent
847 421 901 457 Ray
917 418 950 447 de
966 420 1069 446 france
1087 413 1125 449 ὠ·
1139 415 1270 452 d‘Engle-

204 463 278 486 terre
291 479 301 494 ,
325 467 362 487 en
381 457 420 487 les
440 457 529 486 mains
547 457 585 487 du
601 456 643 488 dit
662 461 731 487 Cant
749 457 781 486 de
798 456 978 493 Huntingdon
992 479 1001 494 ,
1026 465 1066 486 ou
1083 454 1120 484 de
1135 454 1185 484 son
1204 454 1269 484 De-

224 504 285 524 uie:

202 505 222 533 p
238 531 276 562 Et
294 541 470 572 promettent
491 532 530 564 les
549 533 610 565 ditz
626 533 711 574 Rauf
723 533 760 568 ὠ»
781 532 895 562 Thomas
913 531 1025 562 Garder
1041 531 1067 561 le
1083 530 1124 561 dit
1141 529 1267 575 Chastell

201 581 248 603 ou.
258 572 431 610 Fortcreffe,
443 573 541 610 jusque
559 583 575 602 a
592 573 632 603 dit
646 572 778 603 Seconde
795 573 883 611 jour,
901 571 986 601 saunz
1001 571 1060 600 leur
1073 569 1212 600 enforcier
1226 579 1267 599 ou

202 611 369 648 purchacier
387 611 523 650 Aliance,
549 621 599 648 pur
616 611 641 641 la
659 611 759 641 Garde
773 611 811 640 du
827 610 869 641 dit
888 609 1013 640 Chastell
1031 619 1071 639 ou
1091 608 1267 652 Fortereffe,

199 658 237 678 en
255 650 398 689 prejudice
414 650 452 694 du
471 650 512 680 dit
530 649 739 680 Tresexcellent
757 652 812 685 Roy
827 650 858 679 de
876 651 994 686 Franco,
1011 657 1059 686 par
1077 646 1104 678 le
1120 656 1216 676 moien
1230 647 1266 676 de

199 688 1103 769 ‘vessdffieffi⁶¹52}21{³51‘²{,.&F3.¹{232‘1÷.⁹?;‡?n{.&c{l.³;ss.⁰‡
1119 685 1265 762 {23}ssss

198 764 298 804 Biens,
314 766 424 805 J0ialx,
442 767 475 797 ὃς
495 766 630 805 Hernoys
646 775 843 804 queconques3
862 765 928 795 hors
947 773 1008 804 mys
1028 761 1137 794 Vitaille
1156 764 1190 794 &
1209 762 1265 793 Ar-

196 803 297 835 tillerie
315 816 367 843 pur
381 806 407 836 le
424 804 507 835 Stuff
518 805 557 835 du
575 805 616 836 dit
635 803 762 835 Chasten
781 815 820 834 ou
840 804 1010 834 Forteresse:

236 843 272 874 Et
290 844 332 874 sur
350 844 409 874 cest
426 844 540 874 Traitee
556 845 589 874 &
605 843 816 881 Appointment
833 843 867 872 ad
883 842 910 872 le
928 841 970 872 dit
984 839 1196 884 Tresexcellent
1209 841 1264 878 Roy

196 881 229 910 de
241 885 344 913 France
357 881 395 917 (ἐν
411 881 619 920 d’Engleterre,
634 882 671 912 de
689 883 714 912 sa
731 882 851 919 benigne
871 880 986 918 Grace,
1005 879 1121 909 Ottroie
1138 887 1153 907 a
1171 886 1264 921 toutes

196 930 270 951 ceux
289 947 296 960 ,
320 921 445 952 esteantz
462 920 583 950 dedeinz
601 921 626 950 le
644 920 684 950 dit
704 919 830 950 Chasteii
850 929 889 948 ou
906 918 1080 954 Forteresse,
1104 916 1164 946 leur
1181 915 1264 954 Vies‚

196 969 273 990 ovec
289 969 380 990 toutes
397 959 456 989 leur
475 958 573 997 Biens,
592 958 735 997 Hernois,
754 958 926 995 Montures,
945 956 1095 994 Armures,
1121 955 1156 984 δί
1173 963 1264 985 autres

194 996 306 1039 Choses
332 1007 540 1036 queconques3
567 998 633 1028 hors
660 1006 722 1035 mys
747 996 858 1027 Vitaifle
885 997 919 1028 &
940 994 1077 1026 Artillerie
1098 1002 1185 1023 come
1201 993 1265 1024 des-

194 1038 260 1066 iuis:

231 1074 270 1104 Et
289 1074 332 1104 sur
349 1085 403 1105 ceo
420 1075 454 1105 ad
472 1075 498 1105 le
515 1074 556 1106 dit
575 1074 785 1105 Tresexcellent
803 1077 860 1114 Roy
873 1074 906 1103 de
919 1076 1022 1102 France
1035 1070 1073 1108 ὠ
1087 1070 1263 1115 d'Eizgletm-

195 1123 226 1141 re
244 1113 394 1144 Grauntez
412 1124 439 1143 as
454 1114 496 1144 dit
514 1113 597 1152 Rauf
606 1115 640 1144 &
655 1113 770 1143 Thomas
791 1113 898 1143 Letrres
916 1113 952 1143 de
967 1110 1172 1147 Saufconduit,
1196 1109 1264 1141 Sea-

195 1151 235 1182 les
244 1153 334 1182 {oubz
350 1153 400 1182 son
415 1151 516 1183 Grand
529 1152 605 1190 Seal,
623 1163 639 1182 a
660 1152 743 1183 durer
759 1152 875 1190 jusquez
895 1162 930 1182 au
943 1151 984 1182 dit
997 1149 1114 1193 Second
1126 1148 1215 1186 Jour:
1241 1187 1246 1192 .

231 1189 286 1229 Et,
313 1201 365 1229 pur
383 1201 399 1230 y
416 1191 492 1221 ceste
509 1191 608 1222 Traite
627 1193 661 1222 &
680 1191 890 1229 Appointment
907 1190 1059 1221 entretenir
1076 1189 1142 1218 bien
1161 1188 1193 1218 &
1208 1187 1263 1217 lor-

191 1229 315 1266 alment‚
333 1230 418 1260 saiinz
436 1229 534 1260 fraude
550 1240 590 1260 ou
606 1230 680 1260 male
696 1240 825 1270 engyne,
844 1239 897 1260 ont
911 1229 950 1260 les
967 1229 1028 1259 ditz
1045 1227 1125 1265 Rauf
1137 1224 1175 1260 ὠ
1190 1224 1262 1255 Ἠπυ-

193 1279 252 1298 mas
270 1269 339 1299 faitz
355 1268 504 1300 Serement
518 1269 688 1306 solempnel‚
716 1270 749 1300 &
770 1272 813 1299 sur
832 1268 921 1299 Peine
937 1267 972 1297 de
989 1265 1187 1310 Reprouche3
1207 1265 1260 1308 &¹³

190 1308 316 1344 ovesque
334 1318 406 1346 ceo,
432 1307 532 1338 baillez
547 1308 580 1338 &
598 1308 741 1338 deliverez
758 1307 847 1338 Alien
864 1306 889 1336 le
905 1310 1006 1336 Covert
1019 1330 1028 1343 ‚
1052 1305 1116 1335 Fitz
1134 1304 1168 1334 &
1187 1301 1260 1333 Heir

190 1356 226 1376 au
242 1347 285 1376 dir
304 1346 396 1385 Rauf,
412 1356 448 1376 en
466 1345 596 1385 Hostage
612 1357 628 1377 a
644 1346 670 1376 ie
685 1346 802 1378 volunte
819 1346 857 1375 du
875 1346 917 1375 dit
934 1343 1146 1387 Tresexcellent
1158 1344 1213 1380 Ray
1227 1342 1260 1371 de

191 1388 294 1415 Frons!
316 1384 355 1419 ὄν
372 1385 578 1422 d'Engleterre‚·
605 1387 657 1423 δε,
681 1395 760 1423 apres
776 1385 800 1415 la
820 1384 1008 1414 Deiiverancc
1021 1382 1060 1412 du
1075 1382 1117 1412 dit
1135 1379 1262 1410 Chastell

190 1434 231 1454 ou
253 1423 426 1461 Forrereffe,
445 1424 510 1454 d’cn
526 1423 599 1454 estre
616 1423 741 1454 Renduz
758 1423 955 1453 stancliement
968 1423 1001 1453 ὃς
1017 1422 1191 1460 quitement‚
1207 1429 1259 1450 co—

190 1473 240 1494 me
254 1463 293 1493 les
305 1470 396 1492 autres
408 1463 456 1499 qui
467 1463 530 1493 sont
543 1462 694 1493 demun'ez
709 1463 841 1500 dedcinsz,
1051 1498 1056 1504 ¹

231 1501 364 1532 Pourveu
390 1511 447 1538 que
459 1525 468 1537 ,
494 1503 512 1531 si
536 1501 562 1530 le
585 1501 626 1531 dit
649 1501 766 1531 Chastel
784 1511 824 1531 ou
844 1498 1001 1531 Fortereffe
1017 1498 1073 1542 sont·
1087 1506 1135 1535 par
1153 1496 1234 1527 force
1248 1521 1258 1535 ,

191 1550 278 1572 come
297 1540 339 1570 dit
358 1539 417 1578 est,
442 1539 583 1570 Rescours
601 1540 634 1570 &
652 1540 827 1578 Succurrez,
851 1539 986 1578 adonque
1003 1537 1030 1568 le
1047 1537 1088 1567 dit
1103 1534 1192 1565 Alien
1209 1545 1259 1573 pa-

193 1580 350 1612 raillement
368 1579 431 1609 d'en
449 1578 521 1609 estre
540 1578 677 1608 Renduz:

228 1656 289 1694 Et,
313 1665 368 1693 pur
391 1665 409 1693 y
425 1655 514 1686 cestes
532 1654 621 1686 defuis
637 1663 783 1686 contenuz
801 1655 872 1693 pluis
890 1654 1103 1685 veritablement
1120 1661 1259 1690 appi-over

190 1696 227 1726 δί
250 1696 403 1725 entretenir
417 1717 425 1731 ‚
455 1704 509 1724 ont
533 1693 572 1724 ies
597 1694 700 1724 Parzies
720 1694 831 1725 suisditz
849 1694 926 1725 mises
946 1704 961 1723 a
982 1691 1042 1722 cest
1058 1691 1187 1728 preseni‘z.
1201 1691 1260 1721 leur

191 1732 464 1802 {tiagxffilfflesitcueiies
487 1732 598 1764 feurent
614 1734 733 1771 escriptz
750 1734 783 1764 δε
799 1733 890 1764 Seales
905 1733 931 1764 le
949 1731 1030 1763 susdit
1045 1729 1161 1761 Second
1170 1728 1260 1768 jour,

476 1916 583 1947 Litera
599 1914 773 1948 Cardinalis
790 1913 826 1946 dc
844 1914 971 1958 Utfim's.

190 1999 402 2062 SEreniffime
421 1999 577 2039 Princeps,
602 2011 635 2032 ac
656 1999 855 2031 Potentissime
875 1999 1007 2032 Domine
1022 2023 1032 2039 ‚
1056 2000 1191 2032 Domine
1212 2000 1262 2031 Mi

251 2038 461 2076 lingulariffime
476 2040 541 2076 post
556 2039 681 2076 Regem.

232 2077 412 2116 Quanquam
439 2077 561 2108 Sacrum
584 2078 752 2115 Collegium
780 2077 1095 2110 Reverendissimorum
1114 2078 1263 2109 Domino-

190 2126 258 2147 rum
280 2126 416 2147 meorum
444 2115 638 2148 Cardinalium
660 2117 697 2147 de
721 2116 820 2148 eadem
844 2118 898 2149 hac
922 2128 951 2148 re
974 2117 1070 2148 scribit
1088 2117 1123 2148 ad
1139 2117 1263 2151 vestram

193 2155 394 2193 Maiestatem,
410 2163 506 2185 tamen
521 2166 585 2187 mea
599 2157 721 2187 maxima
735 2165 799 2195 erga
813 2156 935 2186 vestram
951 2156 1160 2187 Celfitudinem
1178 2155 1262 2186 Affe-

40 2208 180 2235 atssgw,
192 2194 268 2231 cho,
284 2194 381 2231 Fides,
397 2192 570 2225 observatio
586 2195 673 2232 exigit
688 2204 718 2225 ut
735 2193 794 2231 Ipse
812 2205 928 2233 quoque
944 2195 1095 2233 specialiter
1109 2195 1213 2233 aliquid
1228 2195 1263 2226 ad

39 2251 118 2282 pztra
126 2251 156 2276 E.
190 2233 314 2265 vestram
328 2232 516 2264 Serenitatem
529 2233 565 2264 de
580 2234 638 2264 hoc
651 2234 709 2271 ipso
723 2233 757 2263 N
760 2235 856 2272 egotio
871 2234 1000 2264 sci-ibam.

44 2292 73 2313 ²-

45 2905 67 2924 ·
87 2905 141 2936 m.

47 2943 114 2977 483.

231 2273 348 2312 Quanta
366 2273 450 2310 igitur
470 2272 500 2302 in
518 2272 575 2303 hoc
596 2272 672 2304 sacro
691 2270 829 2303 Concilio
847 2271 961 2303 Bonitas
976 2274 1077 2312 fuerit,
1096 2272 1262 2303 Reverendi

189 2312 220 2341 in
244 2310 364 2342 Christo
391 2310 479 2340 Patris
493 2334 503 2349 ,
534 2310 656 2342 Domini
673 2310 818 2348 Johannis
836 2310 956 2351 Episcopi
976 2310 1170 2352 Lichfeldenfis
1189 2312 1263 2342 nulla

232 2350 283 2381 sset
302 2350 357 2379 Liri
379 2359 411 2379 ua
430 2349 488 2379 satis
503 2349 590 2388 digne
606 2352 781 2388 exprimere,
798 2351 901 2381 verum
917 2351 946 2381 id
961 2352 1115 2382 tacendum
1132 2361 1194 2381 non
1210 2350 1263 2380 est:

233 2390 310 2418 enim
328 2398 345 2418 e
389 2389 439 2426 qui
457 2388 527 2418 nihil
548 2387 618 2419 Dies
636 2398 719 2426 atque
741 2389 857 2420 Noctes
875 2391 1000 2429 cogitat,
1027 2390 1097 2419 nihil
1114 2391 1186 2428 agit,
1212 2390 1262 2420 nisi

189 2427 269 2464 quod
286 2427 322 2457 ad
340 2426 495 2464 perfe&am
513 2426 648 2457 Ecclesiae
667 2427 724 2457 Dei
741 2427 895 2458 Unionem
909 2437 993 2466 atque
1008 2428 1142 2458 Gloriam
1158 2427 1260 2459 vestrae

189 2463 346 2502 Majestaris
361 2465 497 2503 pertinet:
516 2464 651 2499 Denisie
669 2466 736 2495 nihil
751 2467 875 2496 omnino
888 2467 961 2497 aliud
975 2466 1011 2498 de
1024 2477 1060 2497 eo
1073 2466 1195 2506 Dicam,
1211 2467 1262 2497 nisi

189 2504 269 2542 quod
285 2504 412 2540 optimus
425 2512 509 2540 atque
521 2505 715 2543 integerrimus
730 2504 836 2534 Homo
851 2504 900 2534 est.

227 2540 329 2579 Itaque
347 2540 469 2571 vestram
485 2541 630 2573 humiliter
649 2553 704 2574 oro
723 2541 927 2573 Celsitudinem
947 2552 978 2574 ut
995 2553 1113 2581 operam
1131 2543 1201 2575 detis
1222 2545 1263 2575 ef-

190 2579 313 2611 fioecem
333 2588 363 2609 ut
380 2578 423 2615 is,
448 2588 507 2609 tam
527 2581 640 2618 insignis
659 2581 730 2619 Vir,
760 2590 878 2619 tamque
895 2582 1043 2612 virtutibus
1061 2583 1197 2612 omnibus
1214 2593 1263 2613 or-

190 2627 287 2656 natus,
304 2617 339 2648 ad
354 2618 510 2648 Ecclesiam
524 2618 750 2656 Sarisbriensem,
769 2630 834 2658 quae
847 2629 940 2658 nunc,
955 2620 1026 2652 sicut
1039 2620 1174 2652 Domino
1191 2620 1262 2652 Deo

190 2657 312 2696 placuit,
330 2665 428 2695 vacat,
446 2656 503 2686 fine
516 2655 755 2688 Contradiffione
770 2667 982 2695 promoveatur.

232 2695 323 2726 Bona:
340 2697 418 2725 enim
437 2694 591 2725 Memoriae
606 2719 617 2734 ,
641 2697 826 2726 Reverendus
846 2695 944 2734 Pater,
968 2697 1115 2729 Dominus
1132 2698 1264 2728 Robertus

189 2734 379 2772 Sarisbrienfis
393 2736 447 2772 Epi
461 2742 533 2772 copus
547 2734 635 2765 hodie
650 2735 781 2765 Mortem
793 2736 883 2772 obiit,
901 2735 969 2773 Ejus
993 2737 1075 2776 igitur
1093 2738 1123 2767 in
1143 2737 1261 2768 Locum

187 2772 209 2803 fi
223 2773 317 2810 hunc,
335 2774 368 2804 &
383 2773 418 2803 de
464 2782 566 2803 omana
582 2773 707 2804 Eccleiia
720 2775 753 2805 ὃς
769 2773 805 2803 de
820 2773 911 2804 vestra
928 2773 1088 2814 Magestate
1103 2776 1176 2806 bene
1199 2785 1262 2806 rne-

190 2812 276 2842 ritum
298 2812 410 2849 virum,
428 2811 595 2848 ponendum
618 2812 768 2850 duxeritis,
789 2812 868 2843 Rem
886 2812 984 2843 Laude
996 2823 1081 2852 arque
1094 2813 1260 2845 Commen-

191 2848 307 2881 datione
321 2849 435 2889 dignam
449 2850 586 2881 efficietis.

235 2889 255 2908 *
281 2888 541 2926 Qemadmodum
566 2891 637 2920 vero
663 2890 722 2920 hoc
741 2889 906 2920 faciendum
924 2889 982 2928 fit,
1012 2900 1161 2930 propterea
1179 2891 1260 2929 quod

190 2937 292 2958 omues
310 2927 433 2957 Domini
445 2928 503 2957 mei
521 2927 684 2959 Cardinales
697 2928 731 2959 ad
751 2928 874 2958 vestram
886 2929 1072 2961 Serenitatem
1088 2930 1171 2969 plene
1187 2929 1261 2962 Col-

190 2966 323 3005 legialiter
340 2966 478 3003 scribunt,
496 2965 606 2997 idcirco
626 2968 719 3005 paucis
734 2967 890 2997 admodum
910 2968 1002 2998 verbis
1021 2978 1102 2999 uror:

238 3003 332 3044 Qod
349 3004 370 3034 si
388 3003 479 3034 vestra
499 3003 646 3036 Celsitudo
665 3006 763 3035 fecerit
776 3030 785 3044 ‚
817 3015 847 3036 ut
862 3015 956 3036 totum
975 3005 1143 3044 Collegium
1168 3007 1261 3038 confi-

193 3043 254 3081 dit,
271 3042 424 3073 nonmodo
442 3043 491 3082 ipsi
508 3043 641 3074 Domino
658 3043 781 3083 Episcopo
798 3043 995 3085 Lichfeldenfi,
1011 3047 1059 3084 qui
1072 3047 1182 3076 bonum
1195 3057 1261 3076 orri-

195 3092 232 3111 ne
252 3090 392 3118 meretur,
411 3082 513 3111 verum
531 3083 616 3112 etiam
636 3084 706 3112 mihi
725 3083 862 3113 Servitori
881 3083 991 3122 vestro,
1010 3086 1058 3122 qui
1075 3084 1110 3114 de
1125 3084 1196 3115 Hoc
1211 3095 1262 3116 ve-

195 3120 279 3164 stram
299 3119 477 3159 Majestatem
497 3128 642 3159 tantopere
660 3130 749 3151 exoro
762 3145 772 3159 ‚
790 3121 921 3152 Gratiam
938 3122 1160 3161 acceptissimam
1178 3123 1263 3155 facie-

194 3166 237 3189 tis.

231 3196 302 3239 Ego·
317 3199 406 3234 vero,
426 3196 447 3226 fi
465 3206 520 3234 qua
537 3196 650 3234 possum
669 3205 716 3229 aut
735 3208 872 3236 umquam
891 3206 994 3236 potero
1012 3208 1077 3237 quae
1095 3199 1198 3230 vestrae
1211 3200 1262 3231 Se-

195 3236 305 3304 reggati
320 3235 462 3272 placeant,
481 3245 512 3266 ea
531 3236 666 3273 profecio
686 3237 743 3266 sine
761 3237 950 3268 Dubitatione
962 3237 1050 3276 aliqua
1063 3237 1198 3276 perficere
1211 3249 1262 3270 cu-

196 3283 225 3304 ra
268 3296 275 3303 .

232 3349 396 3391 constanciae
412 3348 471 3379 Die
489 3352 588 3389 quinta
608 3350 789 3388 Septembris.

1354 261 1389 292 In
1410 263 1502 300 cujus,
1518 263 1579 293 &c.
1596 262 1682 301 usque
1705 262 1822 294 Festum
1835 262 1980 295 Omnium
1993 263 2166 296 Sanctorum
2182 267 2320 304 proximo
2335 265 2381 298 fu·
2398 236 2516 303 Ηέΐιῖκ
2531 290 2534 294 .

1316 308 1413 331 turum
1427 301 1578 331 duraturas

1351 376 1442 407 Teste
1469 376 1552 415 Rege
1576 376 1650 414 apud
1669 377 1826 408 Abbatiam
1843 380 1938 408 Sanffl
1956 378 2086 418 Stephani
2099 380 2178 418 juxta
2194 381 2299 413 Villam
2316 381 2383 412 Re-

1314 414 1356 454 gis
1373 415 1411 445 de
1429 414 1512 446 Caen
1527 417 1559 445 iri
1572 414 1690 446 Ducatu
1703 416 1792 456 Regis
1808 417 1966 456 praedieto,
1983 419 2105 457 septimo
2123 418 2183 450 Die
2197 420 2380 458 Septembris.

1980 497 2035 525 Per
2050 494 2133 534 ipfitm
2143 498 2249 534 Regem.

1352 568 1524 600 Confimiles
1544 569 1650 600 Literas
1664 569 1756 609 Regis
1769 570 1805 601 de
1820 570 2006 603 Proteffione
2017 571 2146 610 seperales
2158 573 2264 605 habent
2277 573 2378 606 Perso-

1313 616 1359 638 nae
1372 609 1406 638 &
1422 607 1529 638 Vicarii
1543 608 1734 639 Ecclefiarum
1745 609 1962 648 subscriptarum
1977 613 2007 641 iri
2022 611 2138 643 Ducatu
2154 613 2312 652 praedizsto,
2331 624 2376 643 us·-

1312 656 1363 685 que
1377 646 1432 684 ibi,
1448 657 1498 685 per
1514 647 1676 685 praesentes⁷
1695 645 1734 681 ό·
1747 654 1812 675 tunc
1824 647 1875 686 fic,
1889 646 1930 678 Ita
1943 658 2040 679 tamen
2053 651 2132 688 quod
2147 652 2205 689 ipse
2219 652 2254 682 ad
2266 651 2376 682 Curam

1312 686 1346 715 &
1367 684 1526 716 Ecclesiam
1546 685 1640 723 suam,
1657 687 1726 716 citra
1744 685 1861 716 Festum
1885 685 2031 717 Omnium
2049 688 2222 722 Sancitorum
2239 691 2376 730 proxim&

1310 723 1438 754 futurum
1446 747 1456 763 ,
1472 725 1565 755 redire
1576 733 1711 755 teneatur.

1348 761 1383 792 In
1396 765 1490 802 cujus,
1508 764 1569 794 &c.
1585 764 1619 795 &
1632 763 1682 794 sub
1698 761 1773 794 Data
1787 761 1947 801 praedicta.-

1944 842 1999 871 Per
2010 839 2095 881 ipsimi
2107 844 2212 891 Regem.

1353 917 1390 948 Et
1416 916 1588 948 Consimiies
1614 918 1721 949 Literas
1745 917 1834 957 Regis
1854 918 1890 948 de
1906 916 2093 949 protectione
2109 917 2216 950 habent
2229 918 2375 952 'Monachi

1309 955 1344 986 &
1363 956 1470 986 Fratres
1488 955 1638 987 Locorum
1657 957 1874 994 subscriptorum
1893 958 1922 987 in
1940 958 2045 988 eodem
2062 957 2179 988 Ducatu
2195 980 2206 997 ,
2227 957 2306 998 usque
2320 958 2376 996 ibi,

1309 994 1389 1033 quod
1407 994 1480 1032 ipse,
1498 993 1536 1028 &
1554 1002 1620 1024 tunc
1631 995 1688 1035 fic,
1707 996 1742 1025 ad
1761 995 1898 1026 Domum
1911 998 1989 1026 suam
2009 995 2175 1034 praediCtam
2191 997 2298 1036 redire,
2313 997 2376 1028 &c.

1348 1032 1492 1110 ¹⁰43&ae
1508 1034 1572 1103 ἓὲῐ
1590 1071 1732 1103 vidaicet.

1329 1147 1514 1194 'Guillielmus
1537 1148 1650 1187 Forelh‘,
1670 1147 1791 1180 Parsona
1812 1148 1948 1180 Ecclesiae
1969 1149 2066 1182 Sancii
2087 1150 2206 1182 Martini
2227 1150 2264 1183 de
2275 1150 2378 1192 Angoss

1306 1188 1490 1265 Vll—&ohannes
1502 1225 1620 1264 Hirelli,
1638 1226 1759 1257 Parsona
1771 1225 1906 1258 Ecclesiae
1919 1228 2008 1257 beatae
2023 1226 2125 1258 Mariae
2140 1228 2176 1259 de
2189 1228 2271 1260 Piris.

1329 1306 1333 1310 Ι
1348 1266 1487 1301 Johannes
1505 1265 1529 1295 le
1553 1265 1653 1305 Paley,
1672 1266 1792 1297 Parsona
1816 1266 1954 1297 Ecclesiae
1970 1267 2061 1296 beatae
2079 1266 2183 1298 Mariae
2201 1267 2238 1298 de
2260 1267 2374 1300 Auber-

1307 1304 1488 1388 vffllffohannes
1509 1346 1664 1382 Mengaut,
1682 1342 1805 1374 Parsona
1827 1342 1962 1375 Ecclefiae
1979 1344 2068 1376 beatae
2082 1343 2186 1375 Mariae
2201 1344 2239 1375 de
2252 1343 2376 1376 Gonne·

1306 1383 1514 1451 v¹uGaoillielttiu5
1530 1423 1710 1459 Mercatoris,
1730 1420 1851 1452 Persona
1866 1421 2002 1453 Ecciefiae
2016 1423 2107 1453 beatae
2122 1420 2225 1453 Mariae
2237 1421 2273 1453 de
2293 1420 2376 1452 Dor-

1303 1459 1492 1543 sprigssholaus
1513 1497 1646 1538 Thomas,
1662 1497 1784 1530 Parsona
1805 1498 1941 1530 Ecclefiae
1963 1499 2062 1531 saneti
2084 1498 2225 1530 Germani
2246 1497 2283 1529 de
2305 1497 2375 1530 Sali-

1304 1537 1490 1606 ncilxlg'iholaus
1507 1579 1634 1614 Degerii,
1652 1575 1773 1608 Parsona
1787 1576 1925 1608 Ecclefiae
1939 1577 2036 1608 Sancti
2051 1576 2175 1607 Andreae
2186 1575 2223 1606 de
2236 1575 2327 1606 Ycio.

1329 1615 1489 1659 *Johannes
1509 1615 1642 1653 Dandre,
1662 1614 1784 1646 Parsona
1806 1615 1942 1646 Ecclesiae
1963 1616 2053 1646 beatae
2080 1614 2185 1646 Mariae
2205 1614 2243 1646 de
2261 1613 2374 1646 Gaiiar-

1307 1654 1443 1722 deetrus
1456 1690 1588 1729 Melhull‚
1606 1691 1729 1723 Parsona
1741 1691 1876 1723 Ecclefiae
1889 1692 1986 1724 Sancti
2001 1691 2120 1723 Martini
2134 1692 2171 1722 de
2182 1691 2348 1723 Cormellis.

1345 1733 1445 1761 Petrus
1459 1734 1573 1768 Ferrer,
1592 1729 1712 1761 Parsona
1727 1730 1857 1762 Ecclesiae
1870 1731 1967 1762 Santsti
1984 1730 2124 1761 Nichoiai
2138 1731 2175 1760 de
2189 1731 2338 1762 Vaucellis.

1344 1768 1455 1809 Blafius
1469 1770 1604 1808 Ledeuni,
1624 1769 1745 1799 Parsona
1762 1769 1896 1800 Ecclesiae
1911 1770 2027 1800 Sauene
2042 1769 2124 1799 Pacis
2138 1779 2228 1808 prope
2241 1768 2332 1799 caen.
2374 1808 2377 1810 ‚

1341 1808 1469 1853 ,Samson
1491 1809 1523 1839 de
1547 1807 1733 1847 Gonnevilla‚
1751 1808 1872 1839 Parsona
1892 1807 2027 1839 Ecclesiae
2041 1807 2139 1838 SanCti
2151 1806 2226 1837 Petri
2239 1807 2276 1838 de
2292 1807 2377 1838 Cun-

1307 1847 1460 1916 bhsshomas
1475 1884 1603 1925 Leffiller
1612 1909 1620 1922 ,
1640 1885 1760 1916 Parsona
1776 1885 1912 1917 Ecclesiae
1924 1886 2014 1916 beatae
2028 1883 2129 1915 Mariae
2144 1883 2181 1915 de
2192 1882 2352 1915 Castilleio.

1343 1924 1494 1955 Nicholaus
1516 1924 1669 1964 Ranulphi²
1689 1924 1810 1955 Parsona
1833 1925 1972 1956 Ecclesiae
1996 1923 2094 1955 Saneti
2120 1922 2247 1955 Andreae
2262 1922 2299 1953 de
2311 1921 2379 1953 Cri-

1308 1964 1512 2033 stoGtssi'llielmus
1532 2004 1684 2042 Principis,
1703 2001 1825 2033 Parsona
1846 2001 1983 2033 Ecciefiae
2006 2001 2105 2034 Sanffi
2126 2001 2205 2033 Petri
2221 2000 2258 2032 de
2279 1999 2378 2032 Enne-

1308 2042 1604 2118 s¹Os’etrusyGueroult²
1622 2079 1743 2111 Parsona
1758 2079 1894 2111 Ecclesiae
1909 2079 1946 2110 de
1966 2078 2079 2112 Perdita
2093 2078 2167 2111 Vilia
2187 2088 2279 2118 prope
2299 2077 2379 2109 Fale-

1308 2120 1499 2188 fiaffichardus
1512 2159 1543 2188 de
1559 2156 1712 2197 Escoville‚
1730 2157 1851 2188 Parsona
1865 2157 1998 2189 Ecciefiae
2012 2157 2049 2189 de
2064 2155 2245 2189 Camerviua.

1347 2196 1494 2236 Gervafius
1505 2199 1583 2235 Hue,
1598 2196 1718 2227 Parsona
1733 2195 1871 2228 Ecclesiae
1884 2196 1920 2227 de
1935 2196 2041 2242 Lirose.
2161 2235 2167 2241 ι
2377 2235 2382 2241 ι

1347 2238 1447 2266 Petrus
1463 2235 1598 2266 Lerebeus
1635 2235 1755 2266 Parsona
1771 2235 1909 2267 Ecclesiae
1923 2236 2023 2266 Sancti
2037 2234 2170 2281 Eudoeni
2181 2243 2272 2274 prope
2289 2231 2380 2264 Caen.

1344 2274 1492 2321 Jobaqznes
1506 2260 1666 2312 Herbel’me,
1688 2273 1810 2305 Parsona
1824 2273 1960 2305 Ecclefiae
1973 2274 2009 2305 de
2024 2275 2102 2319 Attie
2120 2285 2151 2319 o.
2191 2313 2206 2319 ..

1347 2312 1513 2343 Willielmus
1537 2311 1658 2353 Rouffel,
1678 2312 1800 2344 Parsona
1819 2313 1957 2345 Ecclesiae
1977 2312 2075 2346 Sandii
2131 2312 2208 2344 illarii
2229 2311 2266 2343 de
2287 2309 2380 2342 Caro-

1345 2376 1528 2460 ᾮΞὲἅῇζηες
1541 2389 1682 2430 Johannis
1690 2413 1700 2430 ,
1718 2389 1841 2422 Parsona
1855 2389 1992 2422 Ecclefiae
2005 2391 2103 2423 Sanffi
2116 2390 2219 2422 Aniani
2230 2388 2268 2420 de
2289 2381 2480 2468 Cras-185.

1343 2468 1490 2506 Johannes
1509 2471 1622 2507 Remer,
1641 2467 1763 2499 Parsona
1783 2467 1917 2500 Ecclefiae
1939 2468 2037 2500 Sansti
2050 2467 2211 2506 sampsonis
2222 2465 2260 2498 de
2279 2464 2376 2497 Estre-

1306 2507 1462 2575 hegssinus
1477 2547 1510 2576 de
1524 2547 1643 2583 Aurio,
1660 2545 1782 2576 Parsona
1795 2545 1933 2576 Ecclesiae
1947 2544 2045 2575 Sanffi
2060 2544 2210 2576 Gabrielis.

1343 2584 1514 2628 Guillielmus
1534 2587 1682 2622 Garnerii,
1700 2583 1821 2615 Parsona
1839 2583 1975 2615 Ecclefiae
1994 2584 2084 2614 bffltae
2105 2583 2211 2615 Mariae
2233 2581 2270 2613 de
2283 2581 2377 2613 Auer-

1305 2623 1494 2691 velllgc'hardus
1511 2659 1676 2701 ssrquapel‚
1701 2659 1824 2692 Parsona
1842 2659 1978 2692 Ecclesiae
2002 2659 2100 2692 Sanffi
2119 2659 2198 2692 Petri
2219 2660 2299 2698 supra
2318 2658 2376 2690 Di-

1305 2709 1490 2777 nagoffridus
1501 2739 1586 2767 Parm
1618 2736 1740 2768 Parsona
1751 2736 1887 2768 Ecclesiae
1899 2737 1935 2768 de
1949 2737 2151 2769 Coiombeiiis.

1343 2779 1443 2807 Petrus
1456 2760 1638 2813 Donnureil1·‚
1656 2775 1777 2807 Parsona
1794 2776 1930 2807 Ecclesiae
1943 2777 1979 2807 de
1994 2776 2136 2807 Fouioux.

1343 2814 1508 2845 Guillielmus
1522 2814 1661 2844 Lombart
1698 2814 1818 2845 Parsona
1833 2814 1968 2846 Ecclesiae
1982 2814 2019 2845 de
2032 2814 2171 2846 Nouiers.

1337 2853 1490 2898 'Jahannes
1510 2852 1611 2892 Pefiznt
1630 2877 1640 2892 ‚
1669 2838 1791 2884 Parsona
1813 2852 1947 2885 Ecclesiae
1969 2853 2067 2885 Saneti
2089 2853 2212 2893 Georgii
2241 2850 2278 2882 de
2299 2849 2374 2882 Mo-

1307 2891 1488 2969 Iffl-ssohannes
1500 2928 1612 2960 Melleti
1620 2953 1630 2968 ,
1648 2929 1770 2961 Parsona
1781 2930 1917 2962 Ecclesiae
1928 2931 2017 2961 beatae
2033 2928 2138 2960 Mariae
2150 2930 2187 2960 de
2203 2927 2342 2959 Raiuuila.

1345 2969 1495 2999 Richardus
1514 2967 1663 3009 Qiefhon,
1681 2968 1803 3001 Parsona
1823 2969 1959 3000 Ecclefiae
1983 2968 2080 2999 Sane‘li
2096 2968 2217 3000 Martini
2227 2967 2264 2998 de
2283 2966 2374 2998 Solle-

1303 3007 1473 3077 beigo'bertus
1496 3045 1637 3086 Qenrel,
1652 3045 1774 3077 Parsona
1796 3045 1932 3076 Ecclefiae
1954 3044 2052 3077 Saneki
2066 3044 2187 3077 Martini
2208 3045 2245 3076 de
2264 3043 2375 3084 Blangi-

1306 3095 1492 3154 nelxiicloolaus
1506 3123 1607 3160 Fabri,
1624 3122 1754 3153 Vicarius
1767 3121 1900 3153 Ecclesiae
1914 3124 1950 3154 de
1963 3122 2093 3154 Chaone.

1341 3161 1494 3207 Radolphus
1509 3163 1541 3192 de
1555 3160 1820 3199 Amblia,Parsona
1834 3161 1970 3194 Ecclesiae
1982 3161 2080 3195 Sanffl
2092 3161 2223 3202 Rimegii
2237 3159 2274 3193 de
2280 3157 2374 3193 Gim-

1305 3201 1512 3268 teglajlielmus
1525 3238 1557 3267 de
1570 3240 1656 3268 Porta
1665 3261 1674 3276 ,
1693 3237 1870 3275 Capelianus.

1297 3308 1301 3313 ,
1344 3280 1460 3307 Marcus
1473 3277 1505 3306 de
1517 3276 1682 3306 Bourrelli'er
1691 3301 1699 3314 ,
1717 3275 1896 3315 Capelianus,

1344 3318 1435 3345 Lucas
1450 3314 1551 3353 Dorel,
1568 3315 1744 3352 Capelianus.

1344 3353 1457 3390 Egidius
1470 3357 1558 3390 Bion,
1574 3354 1778 3384 Subdiaconus.

1344 3392 1477 3421 Robertus
1494 3392 1630 3432 Lesizeur,
1649 3393 1828 3430 Capelianus.

1308 2360 1345 2381 ne

1308 2429 1338 2460 so

58 3780 134 3812 Ann.
152 3780 194 3810 D.

88 3828 175 3857 1417.

57 3861 110 3886 An.
130 3868 158 3893 j‘·

58 3901 93 3923 H.
115 3905 142 3931 5.

57 3940 182 3963 Norman.
207 3919 314 3949 nostras
331 3921 488 3958 Johannem
508 3926 569 3952 Hue
582 3947 591 3961 ‚
621 3923 656 3953 de
674 3922 790 3953 Ducatu
809 3922 908 3952 nostro
925 3923 1118 3955 Normanniae
1137 3924 1180 3955 Ca
1200 3925 1265 3954 eila-

60 3984 86 4010 5*
96 3979 129 4001 H.
139 3983 174 4004 m
206 3968 294 4003 num,
306 3958 434 4003 juratum
449 3961 581 4005 ¹Lig-eum
599 3961 746 4005 nostrum,
764 3961 856 3991 versus
873 3961 1063 4000 quascumque
1080 3962 1171 3994 Partes
1217 3971 1264 4002 eg-

206 4007 235 4028 ni
252 3997 341 4029 nostn
358 3997 481 4031 Franciae
498 4000 548 4030 iibi
566 4000 699 4038 placuerit
715 3999 882 4032 transeundo
899 4001 933 4032 &
952 4000 1114 4041 redeundo3
1138 4012 1172 4034 ac
1189 4002 1265 4034 bona

60 4019 106 4046 25.
122 4013 148 4040 d.

201 3617 330 3660 Anghae,
347 3619 408 3655 &a
425 3623 541 3649 Domino
553 3629 607 3648 meo
620 3614 836 3658 Singulbri'ffimo.

238 3426 338 3506 Vel-[57
355 3431 517 3474 serenitatis
537 3430 677 3466 Servitor,
693 3426 836 3467 Epiftopus
856 3427 1039 3469 Albanensix,
1057 3428 1213 3460 Cardinalis
1230 3430 1262 3460 de

296 3476 310 3495 Υ
321 3477 381 3496 17115.

1346 3430 1478 3460 Matheus
1496 3431 1617 3470 Doynel,
1636 3430 1811 3468 Capelianus.

1346 3471 1446 3498 Petrus
1457 3471 1614 3507 Laurente,
1635 3469 1814 3508 Capelianus.

1346 3509 1445 3536 Petrus
1459 3506 1482 3536 le
1497 3511 1607 3545 Caium,
1624 3507 1800 3546 Capelianus.

237 3543 400 3621 ἓῗέξῗψφηο
423 3583 542 3619 Principi
563 3592 594 3609 ac
618 3581 797 3620 Potentiffi'mo
816 3584 931 3612 Domino
951 3582 994 3613 H.
1012 3586 1068 3613 Dei
1074 3583 1170 3621 gratia*
1186 3583 1261 3624 Regi

1344 3546 1484 3583 Johannes
1498 3545 1522 3575 le
1539 3545 1661 3585 Peleter,
1680 3546 1857 3584 Capelianus.

1344 3583 1489 3621 Johannes
1504 3583 1527 3613 le
1540 3584 1647 3623 Gentil,
1668 3584 1848 3622 Capelianus.

1343 3622 1489 3661 Johannes
1502 3623 1663 3662 Daubieny,
1682 3623 1858 3660 Capelianus.

1344 3660 1489 3698 Johannes
1503 3662 1555 3689 dez
1570 3664 1668 3700 Hayez
1677 3685 1685 3699 ,
1702 3661 1880 3699 Capelianus.

1344 3698 1477 3727 Rohertus
1493 3698 1613 3738 Blondy,
1634 3700 1789 3730 Diaconus.

298 3763 345 3794 De
360 3742 592 3794 Protcffionibns
603 3772 659 3808 pro
677 3759 883 3803 Ecclefiasticis
898 3765 929 3794 in
950 3763 1155 3797 Mrmannia.

1344 3812 1490 3851 Johannes
1502 3815 1684 3852 Vanpuichart
1693 3838 1702 3852 ,

1345 3850 1511 3881 Guillielmus
1524 3852 1619 3891 clare,
1637 3853 1811 3890 Capellanus.

1345 3891 1444 3918 Petrus
1457 3891 1488 3919 de
1502 3894 1599 3920 Monte
1608 3913 1617 3929 ,
1633 3890 1678 3921 Ca
1698 3892 1807 3920 elianus.

1346 3927 1496 3958 Richardus
1511 3930 1541 3957 de
1557 3931 1655 3967 Bosco,

1347 3965 1513 3995 Guilli'elmus
1527 3968 1637 4004 Lebas,
1655 3967 1831 4004 Capelianus.

1348 4003 1492 4044 Johannes
1505 4004 1596 4043 Coufin
1605 4027 1615 4043 ‚
1634 4003 1810 4043 Capelianus.

262 3844 321 3875 EX
336 3846 500 3883 Omnibus,
517 3846 551 3876 ad
567 3857 654 3885 quos,
675 3847 736 3878 &0
754 3845 889 3876 Salutem.

299 3884 395 3913 Sciatis
413 3885 494 3922 quod
517 3885 686 3923 suscepimus
710 3886 739 3914 in
765 3884 981 3915 protectionem
1002 3887 1035 3917 &
1057 3885 1264 3917 Defenfionem

1345 3738 1442 3766 Petrus
1457 3737 1488 3766 de
1502 3739 1587 3766 Prata
1596 3760 1605 3775 ,
1625 3737 1801 3776 Capellanus.

1344 3774 1487 3804 Aubertus
1497 3776 1650 3812 Leguillart
1688 3775 1732 3807 Ca
1753 3776 1863 3806 elianus.

1660 3801 1668 3814 ⁵
1751 3813 1896 3850 apellanus.

1704 3928 1848 3966 apellanus.
