2562 4274
204 110 280 150 17²

51 176 131 215 'Amr
143 179 187 212 D.
201 183 334 214 consueta
347 193 357 222 3
371 179 547 212 observando
561 177 669 215 semper
685 177 779 214 Leges
792 178 826 208 &
843 175 1068 207 Consuetudines
1082 175 1273 218 Regnorum,

83 220 169 258 1415.

56 262 120 289 Heri.
135 268 164 294 5.

83 1495 99 1513 ²
111 1494 166 1524 IX.

94 1533 161 1571 380.

206 222 379 259 Terrarum,
395 221 428 250 &
444 219 567 249 Partium
581 239 592 255 ,
608 214 643 247 ad
661 225 726 254 quae
738 225 790 246 nos
805 223 851 246 aut
866 215 936 254 ipsos
951 216 1088 253 applicare
1103 222 1150 245 aut
1166 215 1195 243 in
1210 223 1272 252 qui-

205 260 258 291 bus
271 259 427 291 conversari
444 258 523 287 conti
546 257 605 286 erit.

243 298 289 329 I·i·
299 309 316 329 E
326 307 354 328 ivi
363 320 372 335 ,
391 296 469 333 quod
485 295 532 326 nul
545 303 574 324 us
585 289 737 330 nostrum,
755 287 974 330 Successorum,
990 291 1035 322 vel
1048 288 1206 321 Haeredum
1220 299 1274 320 no·

206 335 326 368 strorum
342 342 607 374 quorumcumque,
626 330 759 361 Rebelles
771 353 782 369 ,
798 329 950 368 Bannitos,
968 338 1015 361 aut
1029 329 1193 359 Proditores
1207 327 1274 358 alte-

205 376 262 405 'rius
277 374 345 405 infra
359 373 514 410 Imperium
528 395 537 410 ,
552 370 655 409 Regna
669 392 678 407 ,
695 369 813 407 Terras,
831 370 863 400 &
879 369 1018 399 Dominia
1033 368 1141 398 alterius
1156 367 1273 397 scienter

207 413 378 450 receptabit,
398 419 443 441 aut
457 409 530 448 ipsos
542 410 678 448 receptari
696 408 764 438 sinet
778 420 788 446 3
806 407 850 437 sed
866 430 876 445 ,
893 408 1063 445 quamcitius
1077 405 1113 435 de
1128 405 1275 436 Rebellio-

208 462 261 489 ne,
281 451 379 482 Banno
395 473 404 487 ,
422 458 468 479 aut
481 447 645 479 Proditione
659 446 819 484 hujusmodi
832 445 916 475 alicui
931 443 1062 475 nostrum
1080 443 1208 474 constare
1222 453 1275 480 po-

207 491 288 527 terit,
306 490 342 519 ab
362 488 486 526 Imperio
500 510 510 526 ,
524 485 634 524 Regnis
647 509 657 524 ,
674 486 771 515 Terris
792 484 825 514 &
850 484 997 514 Dominiis
1012 483 1064 513 suis
1079 482 1274 519 Removebit3

207 525 328 558 Proviso
349 528 457 564 semper
477 526 557 564 qubd
581 523 754 555 Mercatores
774 524 963 560 quicumque,
982 523 1029 559 qui
1049 521 1083 551 ad
1103 520 1277 564 Imperium,

209 565 316 603 Regna
329 590 339 605 ,
372 567 473 596 Terras
491 588 500 604 ,
524 565 558 595 ὅς
585 563 726 593 Dominia
758 561 852 592 nostra
880 561 1016 598 applicare
1048 559 1187 590 voluerint
1203 580 1213 596 ,
1245 568 1275 587 in

208 603 447 636 Mei-candisando
467 604 564 635 Liberi
592 603 625 633 &
657 600 758 639 Quieti
783 599 897 629 existant
911 622 920 636 ,
939 607 1022 641 prout
1045 596 1176 639 Imperio
1189 619 1198 634 ‚
1218 595 1277 625 Re-

208 645 271 683 gnis
284 667 295 682 ,
311 645 425 682 Tei-ris,
442 644 474 674 &
489 641 638 674 Dominiis
653 638 811 677 hujusmodi
837 638 971 668 hactenus
996 641 1084 667 tuerat
1102 638 1275 666 conluetum.

248 676 293 713 Ῐτ
304 692 358 714 EM
368 706 378 723 ,
395 682 474 721 quod
491 681 580 712 nullus
596 677 727 709 nostrum
762 676 962 706 Succefforum
974 699 982 712 ,
999 684 1044 706 aut
1051 675 1210 705 Haeredum
1224 682 1276 702 no—

210 721 333 752 strorum
355 721 555 760 praedidtoium
572 741 582 757 ,
601 725 699 748 contra
723 699 836 754 Regem
852 737 862 753 ,
880 715 925 744 vel
952 714 1141 757 Principem,
1160 713 1276 755 Regna,

210 759 332 798 Terras,
350 769 398 791 aut
412 760 550 790 Dominia
563 765 752 795 quaecumque
767 777 776 792 ,
795 764 858 791 quae
873 762 1001 790 tempore
1016 752 1190 791 praesentium
1204 750 1276 781 Alli-

209 801 366 838 gantiarum
385 809 453 830 curn
468 798 554 828 altero
576 794 704 825 nostrum
729 793 758 823 in
772 792 881 823 Guerra
897 802 955 821 non
971 793 1087 822 existant
1103 814 1113 829 ,
1132 790 1275 821 Guerram

208 839 329 878 incipiet
343 838 444 876 absque
457 836 565 867 alterius
580 832 709 864 nostrum
723 854 733 869 ,
750 831 967 865 Successorum,
989 831 1032 861 vel
1049 828 1207 870 l-laeredum
1223 838 1277 870 ¹¹9?

208 876 334 909 strorum
347 883 609 914 quorumcumque,
627 870 771 907 Consilio,
793 869 995 908 Avisamento,
1012 870 1045 899 &
1060 867 1193 897 consensu
1203 888 1212 903 ,
1226 869 1276 895 nili

209 917 285 948 forte
305 918 336 947 in
360 914 566 945 Defensionem
584 911 657 949 Juris
672 907 774 939 Nostri
792 929 801 944 ,
819 906 1037 944 Succeflorum,
1058 914 1103 935 aut
1118 904 1276 947 l-laeredum

211 955 376 987 nostrorum
391 976 401 992 ,
433 960 479 982 aut
500 950 535 980 ad
555 946 764 987 propulsandas,
779 945 893 982 InJ‘urias
922 953 1021 973 eorum
1038 966 1048 981 ,
1081 944 1129 981 qui
1153 943 1277 984 aliquem

212 993 344 1025 nostrum
362 1015 372 1030 ,
408 988 607 1021 Successorum
621 1009 631 1024 ‚
664 985 709 1015 vel
736 982 895 1013 Haeredum
923 982 1070 1011 nostorum
1085 1004 1095 1019 ,
1119 980 1277 1018 Imperium

213 1032 336 1069 Regna,
354 1030 475 1066 Terras,
493 1034 540 1057 aut
548 1024 687 1056 Dominia
700 1022 824 1060 ipsorum
838 1021 883 1052 vel
896 1019 1054 1051 nostrorum
1064 1043 1073 1059 ,
1087 1020 1218 1051 invadere
1232 1026 1280 1049 aut

213 1071 368 1109 quicquam
386 1066 459 1098 Mali
477 1066 578 1096 inferre
595 1062 742 1105 voluerint.
806 1099 811 1104 .
884 1098 900 1104 ..
1011 1100 1016 1104 .
1213 1095 1217 1100 ,

252 1106 299 1138 Ιτ
310 1118 327 1140 E
338 1115 381 1144 M,
399 1104 477 1143 quod
494 1114 552 1134 non
566 1101 742 1132 obstantibus
758 1098 914 1136 Alligantiis
930 1098 1070 1137 praediftis
1086 1121 1096 1137 ,
1114 1095 1187 1129 bene
1200 1094 1282 1138 liceat

211 1145 330 1185 Nobis,
349 1147 383 1178 &
399 1142 609 1175 Succefforibus
624 1138 739 1177 nostru,
757 1148 811 1176 pro
824 1138 920 1168 Terris
934 1160 944 1176 ,
957 1138 1069 1177 Juribus
1083 1140 1116 1169 &
1134 1133 1283 1167 Posseffio-

213 1184 296 1217 nibus
310 1182 502 1224 Imperialibus
519 1177 745 1217 RecuperandiS,
763 1177 893 1215 quotiens
909 1178 943 1208 &
957 1177 1071 1214 quando
1086 1177 1168 1206 nobis
1182 1181 1230 1204 aut
1245 1178 1283 1207 eis

212 1223 345 1263 expedire
359 1221 498 1254 videbitur
512 1242 522 1258 ,
541 1227 638 1250 contra
654 1220 750 1253 Regem
769 1219 934 1245 Francorum
955 1225 1005 1253 pro
1021 1224 1150 1255 tempore
1162 1212 1282 1246 existen⁴

213 1270 273 1294 tem
283 1285 292 1301 ,
310 1262 344 1294 ὃς
359 1269 478 1292 caeteros
492 1257 685 1297 quoscumque
699 1254 844 1292 Principes
857 1253 889 1284 &
904 1253 1071 1293 Magnates,
1087 1254 1122 1285 de
1130 1253 1281 1295 Sanguine²

212 1299 336 1339 Domo,
354 1301 388 1332 &
402 1296 518 1329 Familia
531 1295 631 1335 Regali
650 1294 790 1331 Franciae,
808 1291 951 1330 praesentes
963 1294 995 1324 &
1012 1293 1133 1330 futuros,
1152 1302 1227 1323 arma
1242 1294 1281 1324 le-

213 1350 280 1372 vare
295 1363 305 1379 ,
323 1338 452 1378 prosequi
468 1360 478 1374 ‚
495 1337 528 1367 δε
548 1332 718 1374 procedere,
736 1340 817 1369 prout
832 1330 931 1361 Nobis
945 1340 990 1362 aut
1003 1333 1042 1362 eis
1058 1331 1156 1362 melius
1171 1332 1281 1363 videbi-

213 1385 258 1410 tur
269 1378 418 1418 expedire,
436 1374 538 1414 absque
551 1382 647 1404 tamen
661 1370 830 1409 prae'iidicio
845 1369 993 1400 inferendo
1005 1370 1102 1400 Terris
1115 1378 1160 1399 aut
1175 1369 1281 1401 Domi-

213 1418 337 1489 ῃὶίεάἐὶἀ
377 1413 506 1454 raefatum
527 1414 624 1450 Regem
646 1414 712 1448 Ang
726 1414 759 1439 ‚⁴ae
775 1432 784 1447 ,
803 1407 956 1446 Haeredes,
975 1409 1009 1440 δε
1028 1407 1207 1440 Successores
1221 1409 1282 1441 suos

341 1467 350 1486 i
372 1465 411 1486 us.

211 1457 311 1535 sPeEt,
328 1465 530 1531 {onsimiliten
548 1490 623 1522 bene
639 1486 735 1520 licebit
748 1488 812 1523 Regi
829 1484 849 1506 ²*
869 1483 986 1523 Angliae
1006 1484 1162 1525 praediCto,
1181 1485 1283 1519 Haere-

218 1535 300 1567 dibus
320 1535 352 1565 &
375 1530 587 1564 Succefforibus
600 1552 610 1566 ,
637 1526 748 1565 Regibus
768 1524 880 1562 Angliae
896 1547 905 1563 ,
931 1535 984 1562 pro
1007 1524 1232 1563 Recuperatione
1250 1528 1282 1557 &

219 1573 414 1614 Aequisitione
429 1573 513 1606 Regni
522 1567 568 1608 fiii
586 1564 767 1603 Franciae,&
782 1564 898 1607 aliorum
916 1563 1123 1594 Haereditatum
1132 1563 1282 1603 &Jurium

216 1613 331 1644 suorum
346 1617 595 1650 quorumcumque
610 1629 619 1643 ,
637 1614 704 1635 cum
720 1602 885 1645 appenditiis
899 1602 1066 1632 eorumdem
1081 1624 1090 1640 ,
1107 1611 1203 1633 contra
1217 1604 1284 1633 Ad—

218 1650 371 1692 versarium
378 1648 457 1690 Juum
470 1648 501 1677 de
516 1648 634 1675 Francia
649 1666 658 1681 ,
678 1644 842 1681 praeientem
859 1640 904 1672 vel
922 1641 1046 1671 futurum
1061 1664 1071 1679 ,
1087 1641 1120 1671 &
1135 1642 1283 1678 quoscum-

219 1702 274 1730 que
286 1691 353 1721 alios
368 1712 378 1728 ,
396 1687 503 1726 quoties
521 1685 554 1715 &
578 1681 692 1721 quando
713 1680 762 1710 sibi
778 1702 786 1717 ,
804 1679 973 1709 Haeredibus
985 1702 995 1717 ,
1013 1688 1058 1710 aut
1073 1679 1284 1712 successoribus

218 1728 271 1762 suis
285 1728 440 1767 placuerit,
457 1725 544 1756 Arma
559 1722 669 1758 levare,
687 1719 720 1750 &
735 1717 973 1756 quibuscumque,
990 1726 1088 1748 contra
1102 1719 1203 1747 dilium
1218 1719 1284 1748 Ad-

220 1770 372 1808 versarium
385 1765 458 1804 ftmm
474 1786 484 1802 ,
501 1761 664 1800 praesentem
680 1757 723 1788 vel
740 1757 878 1794 futurum,
894 1757 927 1786 ὅ(
941 1757 1135 1794 quoscumque
1157 1756 1224 1787 alios
1239 1766 1285 1789 aut

221 1808 283 1839 suos
321 1806 409 1837 Arma
428 1801 584 1833 levantibus
596 1821 605 1836 ,
623 1795 792 1827 Succursum
816 1795 879 1824 dare
895 1817 904 1833 ,
922 1795 954 1825 &
978 1805 1024 1832 per
1045 1795 1109 1825 alias
1123 1796 1180 1826 vias
1196 1805 1283 1827 acco-

224 1830 322 1877 mod'as
338 1854 389 1883 pro
411 1838 563 1871 Praemiffis
584 1836 714 1875 prosequi
729 1834 762 1864 δε
775 1833 946 1876 procedere,
963 1841 1046 1870 prout
1064 1833 1111 1864 sibi
1126 1834 1225 1864 melitis
1239 1835 1285 1865 vi-

222 1885 332 1916 debitur
352 1880 504 1920 expedire,
521 1876 622 1914 absque
642 1882 737 1904 tamen
761 1872 923 1910 praejudicio
942 1871 1088 1901 inferendo
1111 1871 1208 1902 Terris
1223 1894 1233 1910 ,
1251 1873 1286 1903 ad

223 1926 283 1954 Nos
304 1926 483 1953 Romanorum
505 1919 599 1954 Regem
615 1914 648 1944 ὅ(
661 1912 780 1943 Sacrum
803 1910 973 1942 Romanum
988 1909 1147 1950 Imperium
1162 1910 1288 1950 specstan-

234 1973 242 1992 i
302 1984 306 1989 .
852 1987 854 1989 ,

220 1971 232 1993 t
245 1964 306 2032 ἰ)Ιυ·ει“
316 2011 334 2033 Ε
345 2010 388 2039 Μ,
407 1998 484 2038 quod
499 1997 590 2029 dietus
605 1996 666 2026 Rex
681 1990 792 2036 Anglige
808 2013 818 2032 ⁵
844 1988 980 2024 Haeredes
994 1990 1028 2024 &
1040 1989 1219 2024 Successores
1231 1991 1287 2032 sui,

223 2039 272 2072 Re
295 2051 324 2071 es
339 2041 474 2076 Angliae,
492 2038 591 2069 Nobis
605 2037 637 2066 &
653 2033 865 2064 Successoribus
880 2031 977 2062 nostris
992 2052 1002 2069 ‚
1019 2033 1047 2061 in
1063 2031 1289 2069 Recuperatione

223 2082 258 2112 &
273 2050 470 2118 acquisitione
480 2076 593 2115 Jurium
609 2095 619 2111 ,
635 2073 790 2103 Terrarum
806 2093 815 2108 ,
833 2072 865 2102 &
880 2070 1087 2113 Dominiorum
1102 2092 1112 2108 ,
1130 2072 1163 2100 ad
1178 2070 1289 2101 sacrum

215 2122 376 2150 -Romanum
391 2120 533 2155 Imperium
552 2112 751 2151 pertinentium
765 2132 775 2148 ‚
792 2111 825 2141 &
846 2119 895 2146 per
911 2109 1079 2146 praedidmm
1094 2111 1188 2146 Regem
1201 2112 1291 2139 Fran-

223 2168 312 2188 corum
332 2166 445 2187 necnon
469 2153 612 2189 Principes
624 2151 658 2180 ὅ(
675 2145 823 2187 Magnares
844 2147 1001 2185 praelibatos
1015 2156 1226 2184 occupatorum
1246 2148 1292 2179 vel

225 2197 423 2233 detentorum,
442 2191 630 2224 Affistentiam
645 2188 738 2224 dabit,
755 2185 897 2216 Auxilium
913 2186 946 2216 ὃς
962 2186 1114 2216 Pavorem:

264 2235 300 2268 Et
315 2237 375 2266 Nos
389 2256 399 2272 ,
418 2229 601 2263 consimiliter
617 2249 627 2265 ,
644 2227 708 2256 vice
729 2224 809 2255 vers'a
825 2248 834 2262 ,
859 2225 892 2254 &
914 2223 1092 2254 Successores
1107 2225 1141 2255 &
1156 2223 1294 2256 Haeredes

227 2274 316 2306 nostri
332 2272 480 2312 praediffl,
497 2268 547 2300 sibi
558 2290 568 2305 ,
584 2264 769 2299 Haeredibus,
789 2264 823 2294 &
838 2261 1051 2293 Succefloribus
1074 2263 1144 2301 suis,
1163 2262 1293 2300 Regibus

229 2313 362 2351 Angliae,
392 2312 422 2342 in
447 2306 672 2344 Recuperatione
693 2304 725 2336 &
747 2301 937 2341 Aequisitione
958 2305 1066 2331 Coronae
1086 2300 1124 2335 &
1148 2303 1233 2339 Regni
1249 2302 1295 2342 sui

228 2356 369 2388 Manciae,
387 2360 420 2381 ac
440 2348 557 2379 aliorum
574 2343 686 2382 Jurium
708 2342 740 2372 &
761 2339 969 2372 Haereditatum
989 2339 1119 2377 suorum,
1137 2349 1185 2377 per
1196 2341 1296 2379 praedi-

227 2394 300 2421 ctum
315 2386 518 2427 Adverfhriuni
538 2384 611 2422 fisum
627 2382 660 2412 ὃς
675 2379 735 2410 suos
749 2386 957 2416 occupatorum
973 2378 1016 2408 vel
1034 2378 1216 2408 detentorum
1231 2403 1240 2417 ,
1259 2379 1299 2410 as-

230 2430 355 2461 sistemus
376 2429 409 2460 &
432 2423 571 2457 assistent,
596 2429 629 2451 ac
654 2419 785 2450 dabimus
809 2418 842 2448 ὅς
865 2416 971 2447 dabunt
991 2416 1136 2448 Auxilium
1154 2418 1187 2447 &
1206 2417 1298 2448 Favo-

229 2478 300 2499 rern.
998 2494 1002 2498 Ι
1226 2496 1232 2501 ”

267 2506 312 2536 Ιτ
323 2514 341 2535 E
353 2512 398 2541 M,
415 2503 443 2532 in
466 2502 560 2532 casum
584 2499 617 2530 &
638 2504 773 2528 eventum
794 2504 852 2534 quo
873 2492 932 2523 Pax
950 2515 959 2530 ,
975 2493 1023 2523 diu
1040 2493 1208 2533 desiderata,
1225 2503 1297 2526 inter

233 2547 296 2575 Duo
313 2546 406 2579 Regna
431 2540 542 2577 Angliae
556 2536 594 2572 &¹
610 2538 732 2565 Franciae
748 2556 758 2571 ,
775 2542 827 2570 pro
850 2542 904 2570 qua
922 2533 1098 2575 procuranda
1113 2532 1297 2575 Diligentiam

230 2582 412 2613 adhibuimus
424 2580 456 2609 &
473 2578 594 2607 Labores
607 2597 616 2611 ,
634 2574 666 2603 ad
686 2573 785 2602 Finem
808 2579 935 2607 optatum
953 2571 1066 2607 perduci
1080 2574 1180 2608 point,
1197 2573 1230 2602 &
1247 2572 1298 2602 ali-

252 2631 296 2651 uae
311 2619 413 2649 Terrae
430 2625 475 2646 aut
491 2614 626 2645 Dominis
647 2621 694 2648 per
717 2610 803 2648 ipsam
820 2609 926 2638 Pacem
941 2608 1020 2638 dieto
1043 2611 1106 2645 Regi
1127 2609 1240 2646 Angliae
1256 2621 1299 2640 re-

230 2631 325 2690 aituta
345 2656 451 2686 fuerint
472 2654 505 2684 &
530 2651 634 2682 realiter
653 2651 765 2679 liberata
780 2671 789 2685 ,
808 2647 875 2676 Nos
891 2669 901 2684 ,
916 2646 1095 2677 Succeffores
1117 2647 1150 2677 &
1164 2647 1300 2678 Haeredes

233 2696 323 2728 nostri
341 2692 468 2732 praedic‘ti
512 2691 540 2720 in
562 2687 733 2718 Posseffione
757 2687 790 2717 &
813 2684 989 2715 Retentione
1009 2684 1154 2715 dffitorum
1166 2685 1297 2724 Jurium,

233 2735 407 2769 Terrarum,
424 2731 456 2761 δε
476 2714 683 2760 ὐοῑτιὶηίοωω
700 2747 710 2761 ,
726 2724 820 2754 eidem
845 2725 909 2759 Regi
929 2722 1060 2760 Angliae,
1076 2722 1246 2754 Haeredibus
1263 2725 1296 2755 δε

231 2771 447 2804 successoribus
460 2768 526 2804 suis,
545 2765 672 2803 Regibus
689 2762 816 2800 Angliae,
833 2760 983 2791 assistemus
997 2762 1030 2793 &
1046 2760 1185 2800 affistent,
1200 2772 1233 2793 ac
1249 2762 1298 2794 da-

233 2813 329 2842 bimus
343 2810 376 2840 &
392 2808 497 2838 dabunt
511 2804 654 2835 Auxilium
670 2801 703 2832 &
721 2801 874 2831 Favorem:

271 2849 304 2880 Si
318 2848 390 2879 vero
406 2845 462 2883 ipsa
477 2845 535 2876 Pax
549 2843 603 2873 hac
618 2841 683 2871 vice
707 2839 823 2869 stabiliri
843 2838 999 2876 nequiverit
1018 2838 1114 2876 (quod
1128 2838 1214 2871 absit)
1233 2848 1299 2878 aut,

232 2888 330 2926 aliquo
342 2885 417 2916 Casu
431 2882 650 2916 interveniente,
669 2887 702 2908 ex
717 2876 780 2915 post
795 2877 872 2908 facio
882 2885 986 2920 ,rupta
997 2884 1043 2906 aut
1057 2876 1187 2907 dissoluta
1203 2879 1299 2908 extite-

233 2927 269 2958 rit
284 2948 295 2965 ,
311 2923 456 2963 praedietae
478 2920 640 2956 Alligantiae
652 2940 661 2955 ,
679 2927 736 2954 quo
756 2915 791 2946 ad
807 2916 1032 2952 Aequiiitionem
1047 2916 1081 2946 &
1098 2914 1300 2952 Recuperatio-

236 2974 304 2996 nem
319 2966 427 2993 Coronae
443 2962 476 2992 ὅτ.
489 2962 571 2995 Regni
580 2957 626 2997 fiii
642 2958 761 2984 Franciae
776 2977 786 2992 ,
810 2963 843 2984 ac
864 2953 982 2983 aliorum
999 2952 1111 2991 Jurium
1124 2954 1157 2984 &
1171 2954 1299 2984 Haeredi-

237 3012 327 3034 tatum
345 3001 457 3031 suorum
473 3021 483 3036 ,
507 2996 597 3027 (πω-«ε
614 2996 647 3026 &
664 2993 772 3024 stabiles
792 2993 822 3022 in
838 2992 974 3021 omnibus
992 2992 1045 3022 suis
1067 2991 1199 3022 Articulis
1213 2992 1302 3031 perse-

235 3048 350 3074 verent:
665 3071 669 3076 Ι
913 3069 918 3074 ι
1006 3068 1012 3074 ⁶

277 3079 313 3110 Et
327 3077 387 3116 pari
403 3074 492 3107 modo
507 3096 517 3113 ,
540 3072 559 3102 si
574 3081 623 3110 per
637 3071 757 3108 aliquam
772 3067 985 3106 Concordiam,
1005 3077 1077 3099 inter
1093 3078 1144 3098 nos
1158 3068 1191 3100 &
1205 3068 1297 3100 dieios

238 3121 335 3155 Regem
350 3120 531 3150 Francorum,
547 3110 690 3148 Principes
696 3131 706 3146 ,
722 3109 754 3139 &
771 3107 922 3143 Magnates
935 3106 1052 3137 Domsis
1065 3107 1192 3137 Franciae
1207 3109 1298 3137 inien-

237 3157 323 3193 dam,
338 3152 501 3191 aliquaJura
515 3173 525 3188 ,
539 3149 638 3179 Terrae
654 3156 700 3177 aut
715 3146 853 3177 Dominia
866 3167 875 3182 ,
892 3145 926 3175 ad
942 3144 1009 3174 Nos
1025 3146 1058 3176 &
1071 3145 1216 3182 praefatum
1233 3146 1298 3176 Ro-

240 3203 359 3225 manum
374 3191 531 3229 Imperium
545 3186 650 3225 dejure
665 3185 921 3222 spediantiamobis
937 3183 1059 3213 restituta
1073 3183 1175 3214 fuerint
1191 3184 1223 3214 ὃ(
1240 3193 1298 3214 rea-

237 3232 300 3264 liter
316 3231 430 3261 liberata
446 3251 456 3266 ,
477 3234 648 3258 memoratus
670 3227 728 3253 Rex
749 3222 862 3258 Angliae
878 3244 887 3259 ,
912 3221 1048 3251 Haeredes
1067 3222 1101 3253 &
1123 3220 1301 3252 Succeffores

240 3271 299 3308 sui,
316 3269 345 3298 in
360 3267 530 3298 Poffeifione
541 3267 574 3297 &
590 3262 760 3292 Retentione
782 3260 904 3297 ipsorum
922 3259 1051 3297 Jurium,
1068 3259 1224 3290 Terrarum
1240 3282 1250 3298 ,
1265 3262 1299 3291 &

240 3307 469 3341 Dominiorum,
486 3304 523 3334 sic
539 3304 573 3333 ad
588 3304 647 3331 Nos
662 3301 693 3331 δε
707 3302 854 3328 Romanum
863 3300 1004 3335 Imperium
1018 3299 1214 3335 pertinentium
1223 3320 1232 3335 ,
1241 3300 1300 3327 No—

240 3346 282 3377 bis
299 3368 309 3384 ,
333 3343 546 3375 successoribus
566 3338 666 3371 nostris
688 3341 864 3368 Romanorum
892 3335 1003 3372 Regibus
1015 3358 1025 3374 ,
1049 3335 1126 3366 dabit
1145 3337 1177 3367 &
1195 3335 1301 3366 dabunt

243 3383 388 3417 Auxilium
404 3382 437 3412 ἃ
451 3380 601 3410 Favorem:
806 3413 811 3418 ⁴
1022 3412 1027 3417 .

281 3422 336 3460 Et,
355 3421 394 3458 si,
408 3420 503 3456 aliquo
521 3418 583 3448 casu
598 3422 763 3452 emergente
777 3435 787 3451 ,
805 3412 859 3450 ipsa
880 3410 1045 3454 Concordia
1064 3421 1123 3441 non
1141 3410 1214 3441 faeta
1229 3434 1238 3449 ,
1257 3413 1302 3442 vel

244 3460 343 3501 postea
359 3466 437 3496 rupta
453 3464 497 3487 aut
513 3455 641 3486 diffoluta
658 3452 758 3490 fuerit,
775 3450 897 3489 praef-atre
916 3450 1189 3488 Alligantiae,quoad
1208 3449 1303 3480 Recu-

242 3500 420 3540 perationem
436 3495 563 3534 Jurium,
578 3493 745 3527 Terrarum,
763 3490 795 3520 &
812 3489 1035 3525 Dominiorum,
1053 3487 1086 3518 ad
1100 3489 1209 3517 diStum
1219 3491 1305 3526 Impe-

246 3542 320 3569 rium
334 3534 530 3575 pertinentium
545 3553 555 3569 ,
572 3532 605 3562 &
619 3540 668 3567 per
682 3528 803 3559 eundem
817 3530 927 3563 Regem,
944 3526 1089 3563 Principes
1104 3527 1136 3557 &
1154 3526 1303 3563 Magnates

247 3576 388 3612 Franciae‚
404 3578 610 3610 occupatorum
626 3569 671 3598 vel
683 3568 881 3602 detentorum,
898 3564 986 3595 firmae
1001 3565 1033 3595 ὃ(
1051 3564 1158 3595 stabiles
1170 3565 1199 3593 in
1214 3565 1304 3604 singu-

248 3615 282 3645 lis
297 3613 349 3645 suis
360 3609 494 3643 Articulis
509 3608 687 3646 perseverent.
865 3642 880 3646 ..

290 3651 401 3682 ITEM
413 3672 423 3688 ,
448 3646 527 3686 quod
550 3647 581 3676 in
604 3644 717 3681 singulis
737 3642 894 3678 Alligantiis
913 3640 968 3670 sive
990 3639 1306 3679 Confoederationibus,

252 3691 324 3720 inter
341 3691 402 3718 Nos
420 3688 454 3718 &
473 3683 651 3717 Successbres
667 3680 777 3711 nostros
793 3683 971 3709 Romanorum
986 3681 1067 3714 Reges
1088 3688 1121 3708 ex
1141 3687 1216 3716 parte
1234 3688 1305 3716 uria,

253 3730 287 3760 &
303 3726 473 3763 Personam,
493 3724 539 3754 seu
558 3721 690 3752 Personas
711 3742 721 3757 ,
737 3718 818 3748 aliam
838 3739 848 3755 ,
873 3716 917 3747 vel
936 3717 996 3746 alias
1016 3717 1235 3756 (cujuscumque
1251 3716 1306 3746 Di-

253 3767 384 3803 gnitatis,
402 3762 557 3801 imperialis
571 3760 616 3791 vel
635 3757 752 3795 Regalis
764 3779 774 3794 ,
792 3754 882 3786 Status
898 3777 908 3792 ,
925 3753 1038 3784 Gradus
1057 3763 1102 3784 aut
1122 3754 1307 3785 Conditionis

252 3802 368 3840 existat,
385 3802 430 3832 vel
447 3800 581 3833 existant)
599 3808 633 3828 ex
647 3797 729 3827 altera
746 3795 846 3831 Parte,
863 3793 899 3822 de
916 3801 1023 3822 caetero
1036 3791 1151 3830 fiendis,

293 3843 454 3877 Henricum,
473 3842 528 3868 Dei
536 3837 631 3875 gratid
645 3858 656 3873 ,
672 3838 768 3871 Regem
780 3831 891 3869 Angliae
904 3829 941 3864 ἐφ’
957 3833 1096 3873 Franciae,
1111 3832 1144 3861 ὃς
1163 3834 1308 3860 Dominum

255 3877 393 3907 Hiberniae
401 3876 544 3914 praefatum
554 3870 881 3914 ,Haeredes,Fratrffi,&
889 3868 1062 3899 Succeffores
1079 3869 1199 3905 ipsorum
1217 3868 1307 3908 supra-

252 3915 346 3945 dictos
368 3916 536 3944 nominatim
557 3915 590 3944 &
613 3916 642 3943 ‘iri
660 3911 751 3949 specie
774 3910 903 3946 excipere
927 3915 1068 3936 teneamur
1083 3907 1144 3950 ,'&
1161 3906 1308 3937 Succeffo-

251 3963 296 3983 res
311 3954 344 3984 &
362 3951 496 3983 Haeredes
512 3951 602 3982 nostri
621 3951 795 3990 quicumque
819 3948 1023 3984 imperpetuum
1044 3953 1174 3983 excipere
1197 3953 1309 3977 tenean-

648 82 1452 136 CONVENTIONE'S,

1518 83 1902 137 LITER'AE,

1347 172 1484 212 Idemque
1499 177 1559 204 Rex
1578 174 1689 212 Angliae
1706 174 1894 206 Serenisfimus
1907 197 1917 213 ,
1934 172 2070 205 Haeredes
2084 196 2094 212 ,
2110 173 2233 212 Fratres,
2250 174 2284 207 ὃς
2303 173 2376 207 Suc-

1312 211 1429 242 cessbres
1448 212 1573 249 ipsorum
1589 215 1763 254 quicumque
1779 237 1789 253 ,
1813 214 1904 244 modo
1922 213 2001 244 simili
2016 235 2026 251 ,
2043 215 2104 242 Nos
2118 236 2128 252 ,
2146 213 2326 244 Succeflbres
2345 216 2379 246 ὅ(

2392 169 2520 204 Αῃη.Π,’

2414 211 2503 250 1416,

1312 249 1448 280 Haeredes
1466 250 1577 281 nostros
1593 254 1772 282 Romanorum
1789 256 1872 290 Reges
1885 274 1894 289 ,
1912 253 1941 281 iii
1962 252 2014 282 suis
2032 251 2191 291 Alligantiis
2206 275 2215 291 ,
2234 252 2379 283 Amicitiis
2391 254 2452 280 Hm·
2473 259 2502 285 5·

1312 288 1345 318 δε
1362 287 1679 331 Consoederationibus,
1697 292 1725 320 in
1742 299 1821 321 antea
1838 290 1988 328 faciendis,
2007 291 2175 320 tenebuntur
2194 292 2322 328 excipere
2335 292 2380 322 vi-

1312 336 1348 356 ce
1364 330 1460 369 versa,
1478 326 1520 357 Ita
1534 327 1614 365 quod
1630 330 1735 359 amodo
1754 330 1784 359 in
1804 338 1881 359 antea
1891 351 1901 363 ,
1915 331 1992 365 Nor,
2011 329 2042 358 &
2058 329 2235 359 Succeisores
2244 329 2333 359 nostri
2348 331 2378 360 iri

1312 363 1458 402 Imperio⁷
1474 366 1507 395 &
1521 364 1674 407 Imperium
1689 367 1872 405 ipsum,cum
1891 366 2007 404 praefato
2025 365 2206 397 Sereniffimo
2223 368 2317 398 fratre
2326 379 2380 399 no-

1315 401 1372 432 stro
1386 405 1503 447 {senrica
1517 406 1601 440 Rege,
1618 404 1721 442 suisque
1735 405 1905 435 Haeredibus
1922 405 2053 444 legitimis
2068 426 2077 442 ,
2095 415 2129 434 ac
2151 405 2291 437 Fratribus
2307 418 2381 445 prae-

1314 441 1668 479 nommatis,1psorumque
1684 442 1855 473 Haeredibus
1873 444 1905 474 &
1923 441 2139 473 Succefforibus
2157 444 2185 472 in
2203 444 2308 475 Reono
2318 447 2379 476 An-

1316 479 1380 522 glige
1390 502 1398 517 ,
1417 480 1450 509 ὃς
1463 489 1532 523 cum
1547 488 1609 510 toto
1625 480 1734 523 Regno
1749 482 1861 520 Angliae
1876 481 2109 518 intelligamur&
2121 482 2222 520 limus3
2240 470 2294 523 Ei,
2306 485 2381 516 Vice

1314 517 1462 557 reciproca
1471 540 1480 555 ‚
1498 518 1573 548 idem
1593 518 1746 549 cariffimus
1761 522 1860 548 Frater
1873 519 2116 558 noster,Henr2·cus
2125 519 2280 557 Angliae&
2290 527 2379 554 Fran-

1317 558 1362 584 ciae
1376 559 1453 600 Rex,
1471 555 1660 600 Haeredesque
1674 557 1713 587 sui
1729 579 1739 595 ,
1759 558 1778 576 ³¹¹
1798 558 1831 587 ὃς
1849 556 2050 596 consequenter
2067 559 2172 589 Fratres
2188 558 2227 589 sui
2249 563 2380 597 germani

1316 594 1452 631 praelibati
1469 617 1477 631 ,
1495 594 1675 632 ipsorumque
1697 594 1829 625 Haeredes
1842 597 2001 626 &tandem
2024 597 2220 635 Succeisores,
2239 607 2268 629 ut
2288 600 2381 637 praeli-

1315 632 1413 670 batur,
1433 633 1623 670 intelligantur
1635 635 1668 664 &
1683 633 1733 662 sint
1747 634 1853 670 semper
1874 633 1907 664 &
1929 636 2137 672 imperpetuum
2161 645 2258 667 mutua
2277 638 2380 669 viciffi-

1316 671 1413 701 tudine
1428 671 1543 708 Alligati
1556 673 1589 702 ὃς
1603 670 1802 701 Confoederati
1818 673 1941 709 bonique
1952 673 2035 702 reales
2052 674 2206 713 Amici,&
2216 676 2293 713 juxta
2307 687 2380 708 con—

1316 717 1391 739 tenta
1407 710 1440 740 &
1457 710 1576 747 superius
1591 710 1776 747 appunetuata
1793 708 1940 747 Capitula,
1958 710 2003 740 seu
2019 711 2161 742 Articulos
2173 717 2364 747 concordatos

1315 747 1348 777 ad
1365 749 1492 778 invicem
1509 757 1652 779 teneamur
1668 747 1826 779 succurrere
1840 750 1873 779 ὅτ,
1888 750 2058 785 patrocinari
2075 749 2206 781 Consiliis
2220 775 2230 791 ,
2247 740 2381 785 Auxiliis'

1315 785 1345 816 ὃ(
1363 786 1517 817 Favoribiis
1529 788 1685 826 oportunis.
2373 778 2383 793 ³

1352 823 1389 854 Et
1406 848 1416 863 ,
1432 825 1450 855 si
1468 848 1477 863 ,
1497 827 1525 856 in
1550 827 1686 856 uberioris
1702 825 1857 865 hujusmodi
1874 825 2086 866 Alligantiarum
2102 828 2212 860 roboris
2227 829 2382 863 fulcimen-

1316 870 1395 906 tum,
1412 864 1489 894 idem
1502 867 1562 894 Rex
1574 865 1703 903 Angliae,
1725 866 1756 895 in
1770 864 1955 896 Parliamento
1968 865 2016 896 suo
2034 865 2196 902 Alligantias
2213 869 2299 907 ipsas,
2303 872 2381 908 juxta

1317 910 1376 930 Vim
1391 923 1403 944 ,
1417 903 1541 945 formam
1556 904 1589 933 ἃ
1605 904 1744 934 effectum
1759 904 1909 934 earundem
1924 929 1933 942 ,
1952 914 2003 942 pro
2021 904 2048 934 se
2063 927 2072 942 ,
2092 905 2195 945 suisque
2216 906 2384 940 Haeredibus

1316 940 1475 982 praedicitis,
1495 941 1560 971 Vita
1576 940 1712 980 Comite,
1730 942 1880 980 postquam
1894 953 1980 981 ver0,
1998 942 2068 973 sicut
2084 942 2220 974 Domino
2234 945 2387 986 placuerit,

1317 987 1326 1006 i
1347 978 1428 1015 seque
1437 980 1493 1009 line
1502 979 1671 1010 Haeredibus
1684 979 1869 1016 superstitibus
1876 981 1911 1012 de
1924 982 1981 1012 hoc
1997 980 2109 1012 mundo
2120 983 2284 1019 migraverit
2311 995 2385 1015 con-

1328 1024 1519 1061 equenterque·
1530 1027 1609 1055 aeque
1618 1018 1689 1061 bene
1704 1020 1738 1048 &
1753 1027 1822 1061 cum
1837 1019 1941 1049 eisdem
1955 1021 2064 1058 modis,
2081 1020 2195 1059 formis,
2214 1007 2385 1055 &efficacia

1319 1063 1372 1091 pro
1393 1055 1534 1092 praeditstis
1553 1055 1704 1086 Illustribus
1724 1056 1904 1094 Principibus
1919 1080 1928 1095 ,
1947 1058 2063 1096 Thema,
2080 1058 2228 1098 Jolmm,
2245 1061 2277 1091 ὅ(
2295 1064 2385 1091 Hie-»i-

1310 1092 1392 1132 frido
1405 1094 1542 1132 Ducibus,
1563 1093 1702 1124 Fratribus
1714 1093 1765 1124 suis
1780 1097 1936 1133 germanis,
1948 1097 2011 1133 jure
2027 1098 2060 1127 &
2076 1097 2178 1127 ordine
2192 1100 2325 1138 naturali,
2342 1103 2387 1132 (ii-

1321 1132 1396 1175 re&e
1414 1133 1447 1163 &
1463 1132 1588 1172 legitime
1607 1133 1657 1163 fibi
1676 1133 1803 1163 invicem
1821 1132 2045 1164 Succedentibus
2060 1157 2070 1173 ,
2087 1136 2269 1175 ipsorumque
2284 1138 2388 1170 Haere-

1321 1169 1420 1208 dibuS,
1436 1171 1469 1201 &
1483 1171 1616 1209 tandem,
1635 1171 1726 1202 modo
1740 1171 1902 1209 praemiffo,
1921 1182 1974 1210 pro
1989 1172 2201 1205 Successoribus
2213 1176 2265 1205 suis
2278 1179 2307 1207 in
2325 1178 2389 1209 Re-

1320 1217 1378 1248 gno
1398 1207 1510 1249 Angliae
1524 1232 1534 1248 ,
1560 1208 1748 1241 Ratificaverit
1764 1233 1774 1248 ,
1794 1209 2015 1242 Confirmaverit
2029 1233 2038 1249 ,
2056 1212 2090 1242 &
2111 1214 2308 1249 approbaverit
2323 1239 2332 1255 ,
2351 1218 2387 1248 &

1322 1247 1405 1278 reales
1418 1258 1451 1279 ac
1466 1257 1608 1287 perpetuas
1624 1247 1681 1279 fieri
1694 1248 1792 1279 fecerit
1813 1258 1880 1279 cum
1900 1248 2003 1280 effectu
2016 1272 2026 1288 ,
2044 1250 2077 1280 &
2098 1251 2186 1280 taliter
2208 1252 2386 1295 Ratificatais,

1321 1285 1528 1355 fipnfirmatas,
1547 1288 1781 1326 &Approbatas,
1798 1297 1832 1319 ac
1847 1287 1930 1319 reales
1945 1288 1978 1319 ὃ(
1993 1288 2277 1330 perpetuaseffeetas‚
2295 1294 2384 1323 Nobis

1332 1334 1340 1354 i
1363 1334 1496 1365 erraverit,

1334 1402 1339 1408 .
1358 1360 1395 1394 Et
1410 1363 1500 1408 Nos,
1514 1375 1566 1410 ‚per
1585 1363 1729 1397 Electores
1745 1364 1863 1405 Imperii
1879 1373 1982 1398 omnes
1998 1367 2033 1398 &
2050 1366 2186 1406 singulos,
2205 1368 2314 1400 easdem
2332 1369 2388 1400 ΑΙ-

1321 1399 1445 1441 ligantias
1463 1415 1520 1442 pari
1537 1405 1628 1436 forma
1648 1405 1808 1444 Ratificari,
1828 1405 2020 1444 Confirmari‚
2037 1407 2069 1438 &
2090 1407 2263 1445 Approbari,
2281 1418 2315 1438 ac
2332 1418 2392 1439 rea-

1323 1439 1362 1471 les
1375 1442 1409 1473 &
1423 1452 1564 1487 perpetuas
1583 1443 1640 1474 fieri
1676 1446 1898 1476 rocuraverimus
1911 1445 1944 1476 &
1959 1446 2111 1476 fecerimus
2123 1454 2191 1475 curn
2206 1445 2314 1477 effectu
2327 1448 2388 1477 tali-

1324 1486 1365 1510 ter
1380 1480 1553 1521 Ratificatas,
1573 1482 1641 1513 Con
1664 1492 1781 1521 rrnatas,
1801 1483 2035 1521 &Approbatas,
2053 1494 2085 1514 ac
2100 1484 2183 1515 reales
2196 1485 2229 1516 &
2243 1493 2389 1523 perpetuas

1324 1517 1440 1549 effectas
1448 1543 1458 1558 ,
1471 1522 1602 1559 pradilia
1617 1525 1683 1559 Regi
1696 1521 1809 1559 Angliae
1819 1522 2029 1553 liberaverimus
2037 1544 2047 1559 ,

1375 1556 1463 1590 Tunc
1492 1560 1636 1597 praesentes
1661 1560 1817 1599 Alligantiae
1844 1560 1874 1590 iri
1902 1561 1951 1591 suo
1976 1568 2110 1598 perpetuo
2142 1562 2244 1591 robore
2275 1571 2385 1599 perma-

1324 1603 1408 1626 neant
1426 1597 1459 1627 &
1477 1597 1581 1628 effectu
1597 1609 1606 1636 3
1632 1599 1757 1636 alioquin
1777 1600 1823 1628 No
1847 1608 1881 1627 ra
1899 1599 1931 1630 ὃς
1949 1599 2015 1628 diali
2032 1602 2110 1637 Regis
2125 1599 2238 1637 Angliae
2254 1599 2319 1631 Vita
2335 1601 2388 1632 du-

1324 1642 1400 1664 rante
1414 1634 1545 1666 duntaxat
1562 1646 1740 1673 permaneant
1753 1638 1786 1668 ὃς
1815 1636 1964 1675 ubsistant3

1361 1671 1565 1717 Promittentes
1577 1675 1665 1705 verbo
1683 1675 1782 1712 Regio
1796 1698 1806 1713 ,
1822 1684 1924 1714 ymmo
1939 1675 2122 1714 jurejurando
2138 1699 2147 1714 ,
2164 1676 2198 1707 ad
2217 1676 2309 1707 saneti
2330 1676 2388 1709 Dei

1322 1707 1404 1741 Evan
1427 1712 1479 1743 elia
1494 1735 1504 1751 ,
1522 1713 1618 1743 nostra
1637 1722 1723 1744 manu
1742 1714 1854 1744 dextera
1871 1714 2054 1750 corporaliter
2071 1715 2143 1744 taeta
2156 1737 2164 1752 ,
2184 1715 2249 1744 Nos
2268 1725 2390 1753 propen-

1323 1747 1372 1778 sius
1423 1750 1563 1794 bligamus
1588 1753 1622 1783 δε
1642 1751 1773 1790 Juramus
1791 1752 1888 1782 omnia
1905 1753 1938 1782 &
1957 1752 2059 1791 singula
2076 1752 2251 1790 suprascripta
2266 1775 2276 1790 ,
2297 1755 2324 1783 in
2342 1754 2395 1784 suis

1326 1785 1461 1819 Clausulis
1498 1789 1632 1828 Punffis,
1651 1790 1800 1828 Articulis,
1813 1790 1847 1820 &
1864 1789 2032 1828 Sententiis,
2053 1800 2120 1820 cum
2141 1789 2257 1828 Modis,
2272 1791 2381 1822 Formis

1324 1825 1358 1856 ὃ(
1373 1811 1656 1867 Modisicationibus,
1670 1837 1702 1858 ut
1717 1829 1796 1866 supra
1811 1827 1975 1866 specificans
1987 1829 2021 1859 &
2035 1828 2208 1866 expressatis,
2226 1815 2393 1861 inconcusle'

1326 1864 1486 1903 attendere,
1504 1865 1618 1897 firmiter
1634 1875 1746 1906 tenere,
1763 1868 1797 1899 &
1812 1867 2010 1897 inviolabiliter
2022 1867 2177 1898 observare.

1330 1902 1568 1973 nigrff{{22bss’
1582 1905 1632 1937 sub
1646 1905 1749 1938 nostrae
1765 1904 1916 1943 Maiestatis
1928 1904 2018 1944 Sigilli
2031 1905 2231 1944 Appenlione,
2247 1905 2397 1938 Testimo-

1365 2019 1435 2054 Dat.
1452 2026 1481 2054 in
1504 2026 1629 2055 Civitate
1650 2026 1810 2055 cantuarii?
1823 2026 1852 2053 in
1869 2021 1978 2061 Anglia
2020 2022 2108 2053 Anno
2130 2021 2254 2053 Domini
2277 2021 2397 2054 Milies-

1332 2070 1400 2099 mo,
1422 2062 1728 2102 Quadringentesimo,
1743 2062 1963 2093 SeXtodecimo:
1985 2044 2042 2091 bie
2059 2061 2279 2099 Qiintadecima
2288 2061 2396 2091 Mensis

1331 2099 1452 2138 Augusti
1469 2125 1479 2141 ,
1498 2102 1671 2139 Regnorum
1693 2100 1855 2132 nostrorum
1872 2123 1882 2140 ,
1900 2100 1988 2132 Anno
2001 2099 2178 2139 Hungariae,
2194 2100 2257 2131 δίε.
2272 2099 2396 2138 Tricesi-

1333 2148 1401 2178 mo,
1418 2139 1619 2172 Romanorum
1634 2142 1705 2172 vero
1719 2140 1813 2171 Sexto.

1466 2267 1610 2315 Ejusdem
1631 2268 1804 2316 Alltgantiae
1822 2263 1967 2309 Promiffio
1989 2277 2028 2299 ex
2051 2275 2139 2312 parte
2164 2269 2266 2312 RegIs.

1336 2358 1396 2422 H
1406 2353 1524 2385 Enrieus
1541 2378 1552 2394 ,
1575 2351 1633 2385 Dei
1649 2352 1737 2393 gratia
1749 2375 1759 2391 ‚
1775 2354 1835 2382 Rex
1854 2351 1967 2393 Angljae
1989 2350 2026 2386 &
2046 2354 2171 2382 Franciae
2185 2375 2194 2391 ‚
2213 2350 2251 2387 ὠ·
2267 2354 2400 2384 Dominus

1415 2393 1573 2432 Hiberniae,
1590 2394 1621 2423 in
1640 2393 1838 2424 certitudinem
1859 2390 2042 2422 Praelentium
2055 2391 2088 2421 &
2106 2392 2276 2422 memoriam
2291 2392 2400 2422 futuro-

1335 2440 1410 2462 rum.

1375 2469 1473 2509 Cum,
1491 2469 1674 2502 serenissimus
1688 2469 1841 2508 Princeps,
1859 2467 2056 2507 Sieismundus,
2072 2466 2130 2497 Dei
2145 2466 2249 2505 gratis,
2268 2469 2402 2497 Romano-

1337 2520 1397 2539 rum
1417 2512 1476 2539 Rex
1499 2509 1606 2549 semper
1626 2509 1773 2546 Augustus
1787 2531 1796 2546 ,
1814 2517 1848 2538 ac
1869 2507 2026 2546 Hungariae
2039 2528 2049 2544 ,
2066 2503 2218 2536 Dalmatiae
2231 2528 2241 2543 ,
2255 2505 2403 2545 Croaciae,

1337 2549 1399 2580 &c
1419 2547 1501 2584 Rex,
1520 2547 1614 2578 Frater
1629 2548 1722 2579 noster
1734 2544 1986 2585 praechariffimus,
2088 2581 2093 2587 .

1375 2586 1420 2616 Ad
1436 2594 1600 2623 perpetuam
1617 2585 1672 2616 Rei
1686 2585 1855 2616 memoriam
1869 2605 1879 2621 ,
1895 2583 2005 2613 Debito
2027 2580 2157 2612 Caritatis
2176 2583 2186 2618 (
2195 2592 2257 2620 quae
2279 2592 2339 2613 non
2361 2582 2406 2614 sua

1338 2622 1399 2654 sunt
1411 2624 1530 2662 quaerit)
1548 2623 1710 2662 summaque
1731 2624 1770 2653 rei
1789 2620 1992 2652 Ecclesiasticae
2006 2629 2040 2650 ac
2057 2620 2201 2650 Libertatis
2217 2620 2339 2658 publicae
2355 2631 2407 2652 ne-

1338 2662 1462 2693 ceffitate
1476 2671 1601 2699 cogente
1618 2662 1701 2699 (quae
1721 2660 1777 2691 fine
1792 2659 1938 2690 universali
1952 2658 2083 2689 Periculo
2100 2659 2209 2696 negligi
2224 2669 2284 2689 non
2300 2668 2409 2697 poterat

1338 2710 1392 2769 ἒς
1409 2699 1573 2768 postponi}¹
1580 2699 1721 2730 Excitatus
1734 2699 1771 2730 ab
1785 2698 1893 2729 intimis
1907 2719 1917 2735 ,
1942 2698 1976 2728 &
1992 2696 2130 2728 Studiosae
2143 2697 2347 2728 Sollicitudinis
2363 2699 2408 2728 iri-

1380 2747 1434 2769 ntia
1446 2748 1535 2776 propu
1574 2746 1634 2776 tus,

1381 2777 1430 2808 Ut
1448 2776 1612 2814 Negotium
1635 2775 1763 2807 Unionis
1787 2774 1899 2806 Sanctae
1918 2773 2019 2805 Matris
2037 2774 2075 2806 &
2093 2773 2251 2804 universalis
2271 2772 2408 2805 Ecclefiae

1338 2816 1516 2855 prosperum,
1531 2814 1628 2845 divina
1643 2815 1754 2845 favente
1769 2812 1929 2844 Clementia
1945 2835 1955 2851 ,
1973 2812 2112 2844 sortiretur
2124 2810 2280 2850 effectum,
2298 2813 2327 2842 in
2347 2822 2407 2851 quo

1337 2863 1416 2885 tanto
1429 2853 1517 2884 fuerat
1526 2861 1653 2891 ternpore
1666 2852 1798 2884 &labore
1812 2852 1937 2882 sudatum
1947 2874 1956 2889 ,
2266 2882 2267 2885 ,

1375 2893 1413 2924 Et
1422 2902 1452 2923 ut
1460 2892 1541 2930 ipsius
1553 2891 1743 2922 Sacrosanetae
1754 2890 1854 2920 Matris
1863 2888 1998 2920 Ecclefiae
2007 2888 2108 2918 illibata
2115 2886 2223 2918 Unitas
2237 2887 2406 2920 reformare-

1338 2931 1478 2971 tur,nulla
1491 2930 1622 2962 recidivae
1628 2928 1818 2967 Tempestatis
1833 2927 1868 2958 N
1870 2928 1987 2966 aufragia
1994 2927 2126 2964 deinceps
2143 2926 2280 2957 incursura
2288 2927 2350 2965 ,sed
2359 2938 2402 2958 re-

1337 2971 1408 3002 diret
1430 2970 1465 3001 ad
1483 2968 1637 3000 Ecclesiam
1659 2969 1745 3007 ipsam
1753 2967 1797 2997 sua
1805 2966 1938 2997 consueta
1958 2965 2103 3002 Libertas,
2121 2963 2299 3003 Populusque
2315 2965 2402 2996 Chri-

1339 3009 1440 3040 stianus
1459 3008 1509 3040 sub
1529 3008 1616 3038 unico
1631 3005 1755 3036 Summo
1776 3003 1916 3034 Pontifice
1932 3004 1962 3033 in
1977 3002 2158 3040 amplitudine
2191 3003 2336 3034 audiorum
2354 3015 2399 3034 re-

1337 3048 1449 3086 spiraret
1463 3070 1474 3085 ,
1491 3047 1540 3084 qui
1555 3054 1588 3075 ex
1607 3044 1756 3075 Divifione
1778 3042 1914 3073 Ecclesiae
1934 3041 2057 3079 angustis
2075 3040 2157 3072 Mole
2184 3042 2216 3072 iis
2229 3043 2261 3073 &
2275 3042 2401 3073 molestis

1338 3085 1486 3124 Angustiis
1496 3084 1599 3114 diutius
1613 3082 1753 3120 suspiravit
1761 3103 1771 3119 ,

1372 3124 1410 3155 Et
1424 3134 1461 3154 ne
1475 3120 1679 3154 Ecclesiasticae
1694 3119 1775 3150 Pacis
1788 3117 1987 3156 Tranquillitas
2000 3117 2094 3156 aliqui.
2109 3118 2265 3149 turbaretur
2272 3117 2402 3157 Tempe-

1338 3163 1405 3194 state
1419 3161 1578 3198 Bellorum,
1594 3158 1628 3189 ad
1652 3156 1862 3196 inquietudines
1880 3158 1913 3189 ὅτ
1935 3155 2118 3188 Differentias
2140 3157 2211 3187 inter
2232 3157 2348 3195 Angliae
2364 3159 2399 3190 &

1337 3203 1361 3233 F
1362 3201 1464 3232 ranciae
1479 3198 1584 3235 Regna
1598 3196 1785 3233 resurgenteS,
1803 3195 1987 3233 mitigandas,

1373 3237 1505 3269 Karolum
1517 3235 1718 3273 Adversarium
1731 3233 1847 3272 nostrum
1858 3237 1980 3264 Franciae
1989 3256 1998 3271 ,
2007 3232 2098 3264 multfi
2112 3232 2259 3271 diligentia
2274 3233 2398 3271 pulsave-

1338 3280 1392 3316 rit,
1409 3284 1439 3307 ut
1454 3275 1488 3306 ad
1500 3274 1582 3305 Pacis
1596 3273 1688 3303 solidae
1704 3272 1951 3304 Reformationem
1966 3295 1977 3311 ,
1990 3272 2139 3302 nobiscum
2162 3272 2308 3308 ineundae,
2326 3271 2398 3302 Ani-

1341 3325 1419 3347 mam
1434 3314 1558 3344 fle&eret
1567 3311 1625 3351 ,vel
1640 3311 1734 3342 saltem
1748 3311 1879 3348 Treugas
1894 3311 1975 3341 iniret
1987 3317 2192 3347 congruentes,

1377 3354 1431 3391 Et,
1449 3351 1513 3390 post
1530 3351 1618 3381 multa
1632 3349 1826 3387 Praeambula,
1841 3348 1875 3379 ad
1892 3348 1972 3379 Pacis
1980 3348 2148 3378 Tractatum
2161 3347 2306 3383 facientia,
2324 3355 2396 3376 cori-

1340 3393 1416 3429 cepti
1429 3414 1439 3427 ,
1457 3389 1624 3428 praelocuti,
1640 3389 1819 3426 appuneiuati
1836 3387 1911 3417 fuere
1925 3409 1935 3424 ,
1953 3388 1986 3416 ὃ(
2002 3385 2164 3416 concordati
2179 3384 2307 3415 nonnulli
2323 3384 2400 3414 Arti-

1340 3431 1414 3469 culi,
1428 3427 1625 3458 Concordiam
1640 3426 1819 3464 probabiliter
1832 3425 1970 3455 inducstivi
1987 3447 1997 3462 ,
2011 3425 2044 3455 ὃς
2057 3423 2106 3454 sub
2117 3423 2198 3460 ipsius
2213 3421 2401 3460 Serenisfimi,

1340 3478 1455 3499 necnon
1468 3465 1576 3497 illustris
1592 3464 1747 3494 Gwilhelmi
1762 3467 1846 3493 Ducis
1859 3466 2012 3500 Bavariae,
2031 3460 2209 3498 Comitisque
2216 3460 2400 3492 Hanoniae&

1340 3506 1512 3542 Holandiae,
1528 3503 1588 3539 &a
1602 3510 1681 3541 prout
1691 3504 1913 3542 supra,mutatis
1921 3500 2064 3530 mutandis.

1377 3546 1396 3565 ²*
1415 3544 1450 3575 In
1464 3552 1585 3581 quorum
1608 3543 1740 3572 omnium
1761 3540 1957 3572 testimonium
1978 3546 2059 3575 atque
2080 3535 2165 3579 fidem
2188 3535 2236 3565 has
2255 3536 2399 3573 praeientes

1342 3584 1448 3616 Literas
1462 3581 1567 3611 nostras
1582 3578 1668 3610 nostri
1684 3579 1786 3619 Magni
1799 3577 1888 3616 Sigilli
1908 3577 2067 3607 munimine
2081 3573 2200 3604 fecimus
2214 3577 2399 3606 communiri.

1377 3659 1447 3689 Dat>
1464 3656 1536 3695 apud
1552 3657 1703 3686 Civitatem
1718 3654 1835 3695 nestram
1848 3650 2085 3689 cantuariensem,
2103 3649 2192 3693 Anno
2205 3649 2310 3680 Gratiae
2328 3650 2400 3682 Mil-

1341 3698 1438 3728 lesimo
1447 3718 1456 3734 ,
1478 3694 1763 3764 {adtingentefimo
1769 3716 1779 3731 ,
1787 3691 1976 3735 sextodecimo
1983 3712 1993 3727 ,
2002 3688 2232 3728 Quintodecimo
2241 3688 2288 3719 die
2294 3688 2404 3722 Mensis

1345 3735 1484 3773 Augusti,
1530 3743 1588 3764 nno
1603 3735 1673 3763 vero
1688 3732 1790 3770 Regni
1803 3729 1892 3762 nostri
1907 3737 2015 3767 quarto.

1507 3859 1565 3890 Pro
1589 3858 1716 3890 Domino
1737 3854 1774 3888 de
1795 3855 1826 3887 la
1849 3851 1966 3895 Barde,
1993 3850 2030 3885 de
2045 3850 2231 3897 procedendo,

1349 3942 1406 3997 R
1415 3941 1441 3971 E
1450 3941 1499 3979 X,
1520 3940 1627 3972 dileetis
1644 3941 1677 3972 &
1690 3939 1815 3970 fidelibus
1828 3936 2039 3981 suis,‚Johanm·
2053 3939 2142 3975 Tiptot
2156 3935 2290 3968 Chivaler
2303 3937 2401 3969 Senes-

2413 561 2430 577 ”
2456 561 2508 587 IX.

2412 2347 2486 2380 Ann.
2502 2347 2547 2380 D.

2411 2390 2425 2422 5
2440 2387 2528 2426 1416.

2410 2430 2463 2453 An.
2485 2437 2515 2463 4.

2413 2469 2445 2492 H.
2456 2474 2484 2500 5.

2413 2506 2501 2532 franc.
2517 2512 2551 2539 4.

2415 2545 2451 2570 H.
2471 2550 2499 2577 5.

2418 2589 2456 2609 m.
2478 2579 2521 2608 i8.

2422 3545 2441 3565 ⁶
2453 3548 2506 3576 IX.

2441 3586 2504 3622 382.

2410 3743 2486 3775 Ann.
2499 3742 2542 3774 DJ

2439 3783 2526 3820 1416.

2413 3824 2465 3850 An.
2479 3831 2508 3856 4.

2416 3864 2453 3887 H.
2464 3868 2492 3894 ς.

2419 3898 2486 3933 Vasc.
2500 3906 2529 3932 4.

2420 3939 2453 3962 H.
2475 3943 2501 3968 5.

1424 3980 1496 4011 cauo
1516 3978 1643 4011 Ducatus
1665 3978 1752 4009 nostri
1775 3977 1934 4016 Aquitaniae
1947 3998 1958 4014 ‚
1975 3975 2123 4007 Willielmo
2143 3974 2258 4014 clifford
2272 3975 2401 4006 Chivaler
2417 3983 2451 4001 m.
2466 3972 2507 3999 18-

2322 4013 2403 4047 Con-
