2562 4274
57 175 132 211 Ann.
145 174 184 206 D.

86 223 170 254 1415.

58 261 122 285 1-1en.
142 263 167 289 5.

64 360 112 393 An

89 409 125 439 ¹4

60 443 113 467 An.
134 448 158 475 3.

82 824 102 844 *¹
125 826 178 854 IX.

80 864 145 900 289,

91 1456 176 1487 1415-

70 1491 121 1515 An.
141 1494 167 1525 3.

71 1530 104 1554 H.
124 1535 149 1562 5.

70 1563 200 1595 InterCol-

72 1604 179 1631 lectiones

72 1641 191 1678 Blagiftri

72 1686 171 1708 Roorrri

74 1717 204 1749 Harestffl.

75 1768 101 1784 2.
113 1761 140 1784 P.
159 1766 168 1782 1
178 1778 184 1783 .

75 1798 100 1823 in
125 1797 165 1822 Bi-

73 1833 193 1861 {metheca

74 1872 176 1907 Collegit*

74 1913 203 1938 CriGon-

74 1948 171 1984 vilrnsis

77 1988 144 2023 apud

79 2024 204 2053 Cantabr.

136 3918 156 3938 ἰ
171 3918 224 3946 IX.

142 3967 206 3991 ²90·

115 359 194 391 n.D.

110 418 111 421 ,
130 407 175 436 15,

735 0 806 51 ⁴⁷

209 96 284 148 138

323 267 373 299 Dc
394 259 579 296 Vitslualibus
598 264 634 299 ὠ·
657 259 693 293 dc
712 272 768 292 non
781 234 944 306 gravando
964 253 1155 291 Habitantes.

212 350 302 420 RE
312 348 342 380 X
353 372 361 387 ,
374 348 547 378 Vicecomiti
561 345 803 383 Suthamptoniae,
821 343 953 375 Salutem.

314 388 497 424 Praecipimus
510 386 601 424 Tibi,
616 384 732 415 firmiter
750 384 943 422 injungentes,
966 378 1044 419 quod
1058 377 1151 407 statim
1166 397 1176 412 ,
1200 372 1263 416 visis

212 426 413 463 Praesentibus,
431 426 460 455 in
475 424 589 461 singulis
605 423 688 453 Locis
703 421 774 453 infra
789 422 924 452 Ballivam
940 429 1037 456 tuam,
1055 425 1114 447 tam
1131 413 1204 444 infra
1213 412 1265 442 Li-

212 467 346 502 bertates,
366 468 450 502 qu‘am
465 471 556 500 extra,
574 462 623 492 ubi
640 461 737 491 melius
755 461 886 499 expedire
907 459 1025 495 videris,
1050 464 1084 485 ex
1100 462 1188 491 partes
1211 460 1263 480 no-

186 534 193 541 ,
213 504 285 540 stra,
302 503 416 541 publice
432 501 597 539 proclamati
612 501 714 538 facias,

250 541 343 580 Qod
357 550 458 572 omnes
473 540 506 570 &

209 581 242 613 &
258 581 302 610 alii
318 582 508 618 quicumque,

250 619 312 657 Qai
325 618 492 648 Nobiscum
508 617 539 646 in
555 615 682 654 praesenti
696 614 802 651 Viagio
818 611 933 649 nostro,
951 619 1018 642 cum
1034 607 1094 639 Dei
1109 604 1265 644 adjutorio,

213 658 305 688 versus
319 657 414 688 Partes
428 655 654 691 Transmarinas,
674 652 829 690 profetfturi
844 650 919 688 sunt,
1218 681 1234 687 ..

233 696 312 726 'Sibi
326 695 362 726 de
376 694 568 731 Vidiualibus,
587 694 621 725 &
636 692 692 723 aliis
709 691 760 721 sibi
773 699 824 728 pro
839 689 942 720 eodem
963 686 1071 724 Viagio
1092 681 1266 719 necessariis,

213 745 268 773 pro
283 745 342 767 uno
357 734 512 773 Qarterio
527 732 620 770 Anni,
639 730 804 769 provideant
818 728 947 765 indilate,

252 773 424 804 Proclamari
437 771 521 802 facias
537 771 638 807 etiam,
655 779 688 799 ex
713 777 786 806 parte
807 765 902 796 nostra
956 766 984 795 in
1011 763 1097 794 Locis
1111 759 1269 800 praedietis,

216 812 290 850 quod
307 821 406 842 ornnes
420 811 453 841 &
471 810 488 829 ’¹¹‘
505 809 601 848 singuli
619 805 896 845 Ligeinostri,infra
905 789 1080 834 Comitatum
1095 798 1266 840 praedietum

215 852 260 882 seu
276 851 342 881 alibi
358 850 526 886 habitantes,
544 849 589 885 qui
616 847 659 884 se,
679 856 728 884 per
755 845 860 882 aliquos
880 842 1049 880 Capit-aneos
1065 863 1074 877 ,
1099 838 1144 868 seu
1167 844 1268 866 eorum

214 889 370 926 Saldaiios,
386 888 507 918 sentiunt
521 886 670 923 aliqualiter
688 883 847 913 molestatos
861 904 871 918 ,
888 882 935 910 seu
955 881 1032 909 aliter
1047 876 1174 907 indebite
1194 872 1270 903 Gra-

213 938 309 966 vatos,
329 936 410 964 penes
425 925 609 955 Senescallurn
617 922 826 958 Thesaurarise,
841 920 884 949 seu
899 915 1192 948 Contrarotulatorem
1200 910 1266 941 Ho-

212 968 284 1005 spitii
299 965 402 999 nostri,
426 974 478 1002 pro
493 962 637 993 Remedio
660 962 689 990 in
707 961 759 990 liae
785 967 859 996 parte
882 955 1015 987 habendo
1031 977 1041 993 ,
1069 951 1267 992 prosequantur

214 1015 281 1037 cum
297 1003 402 1034 effeetu
412 1025 421 1040 ‚

251 1043 288 1073 Et
306 1042 373 1072 Nos
386 1042 441 1078 eis,
459 1040 492 1070 &
508 1047 608 1069 eorum
624 1036 755 1073 cuilibet,
771 1036 800 1064 in
816 1033 951 1065 Adventu
968 1031 1034 1070 suo,
1047 1025 1271 1069 Justitiaecom-

217 1082 391 1121 plementum
407 1079 532 1108 exhiberi
548 1076 691 1107 faciemus.

211 1118 343 1198 JulTeste
357 1117 439 1155 Rege
457 1117 529 1155 apud
545 1114 644 1145 Villam
660 1116 737 1150 Regis
755 1110 944 1149 Suthampton.
961 1107 1098 1140 vicesimo
1114 1112 1211 1144 quarto
1225 1102 1273 1134 die

259 1167 286 1188 ii.

523 539 620 579 singuli
642 538 790 575 Domini,
817 535 943 572 Milites,
970 531 1126 571 Armigeri,
1145 527 1264 564 Valetti,

894 1188 948 1216 Per
966 1184 1050 1225 ipfinn
1068 1187 1171 1222 Regem.

421 1414 466 1436 IN
480 1413 498 1434 E
519 1403 684 1434 SUMMAE
710 1408 761 1430 ET
788 1404 1036 1428 murvinum
1053 1394 1272 1425 TR1N1TA-

274 1453 342 1476 *ris
361 1444 522 1475 Parrus
545 1448 595 1470 ET
613 1439 729 1470 F1L11
751 1446 802 1467 ΕΤ
821 1436 1036 1466 Sinni-rus
1056 1433 1230 1464 SANCTI.

260 1485 345 1520 Nos,
364 1486 496 1513 Henricus
506 1505 513 1517 ‚
528 1479 586 1509 Dei
599 1478 685 1518 gratia
695 1499 704 1514 ,
723 1479 782 1506 Rex
797 1473 955 1512 Angliae&
970 1475 1108 1510 Franciae,
1126 1470 1164 1506 &¹
1181 1474 1276 1500 Domi-

221 1534 270 1554 nus
284 1522 440 1559 Hiberniae,
458 1521 490 1551 ὃ(
507 1518 638 1555 Corpore
656 1517 665 1551 (
677 1514 817 1545 Altissinio
834 1514 937 1551 grates)
953 1514 986 1544 &
1000 1510 1145 1541 Memoria
1159 1510 1213 1540 sani
1223 1530 1233 1546 ,
1247 1510 1275 1539 in

223 1561 399 1592 Conditione
414 1561 443 1589 T
452 1568 469 1589 E
481 1567 493 1589 s
503 1566 526 1588 τ
536 1566 556 1587 A
566 1564 592 1586 M
604 1565 620 1585 iz
633 1563 655 1584 N
665 1563 688 1584 T
699 1563 709 1583 1
728 1552 815 1583 nostri
833 1554 866 1583 ὅτ
881 1551 961 1589 hujus
977 1550 1086 1581 ultimae
1108 1549 1134 1580 V
1145 1559 1166 1579 o
1175 1557 1195 1578 ι,
1207 1556 1227 1578 υ
1239 1556 1277 1577 Ν-

225 1609 247 1630 Τ
258 1610 278 1631 A
288 1609 311 1630 τ
319 1609 330 1630 1
339 1610 351 1630 s
369 1598 472 1629 nostrae
486 1595 665 1635 procedimus
676 1594 705 1622 in
720 1592 796 1622 hunc
813 1590 932 1620 modum
941 1612 952 1628 ,

262 1676 312 1708 ΙΜ
322 1685 339 1706 1²
349 1685 371 1706 R
382 1685 393 1705 1
405 1683 430 1705 Μ
441 1683 490 1711 15,
509 1672 663 1703 transiturus
679 1670 715 1699 ab
730 1668 788 1698 hoc
807 1665 924 1697 Mundo
960 1665 1041 1696 Pater
1056 1666 1085 1695 in
1102 1674 1201 1695 manus
1217 1671 1277 1694 tuas

224 1715 399 1747 commendo
416 1713 552 1750 Spiritum
568 1719 684 1746 meum,
703 1705 835 1737 redimisti
859 1715 906 1735 me
929 1688 1058 1735 Domine
1074 1704 1154 1734 Deus
1176 1703 1276 1733 verita-

222 1757 270 1785 tis:
292 1753 347 1791 Et,
366 1754 384 1782 li
399 1761 458 1782 non
473 1751 577 1780 meritis
592 1749 660 1779 meis
683 1747 692 1781 (
703 1747 751 1784 qui
768 1745 860 1775 homo
874 1743 1013 1774 Peccator
1035 1742 1115 1779 sum)
1134 1742 1213 1779 spero
1235 1750 1277 1771 ta-

223 1804 290 1824 men
306 1792 385 1830 quud
399 1791 469 1821 sinus
486 1788 608 1820 Abrahae
627 1796 673 1817 me
689 1785 813 1822 suscipiet
828 1782 943 1813 Meritis
958 1783 991 1813 &
1008 1780 1172 1820 Suffragiis,

261 1866 398 1907 Praecelsae
414 1869 561 1897 Genetricis
577 1867 631 1894 Dei
645 1865 766 1900 Mariae,

261 1909 417 1938 Sannorum
435 1903 595 1942 Michaelis,
613 1901 765 1940 Gabrielis,
783 1898 821 1936 &
835 1901 949 1929 omnium
964 1895 1148 1936 Angelorum,
1166 1894 1278 1931 &Ar-

226 1945 411 1984 changelorum
421 1968 430 1983 ,

259 1986 417 2016 Sannorum
432 1985 508 2012 Petri
525 1979 561 2015 όν
577 1979 718 2018 Jolwnnis
729 1977 767 2012 <VJ
786 1975 971 2016 Apostolorum
986 1977 1118 2012 omnium,

260 2025 418 2054 Sandorum
432 2024 556 2058 Georgii,
576 2018 697 2055 Thon-rie,
715 2016 751 2051 ἄν
765 2027 881 2046 omnsum
896 2015 1054 2044 safflorum
1070 2015 1236 2050 Martinam,

262 2064 420 2092 Sanc‘lorum
436 2059 590 2096 Edwardi,
613 2056 755 2095 Johannis
775 2056 806 2084 de
829 2053 1001 2091 Bria'lington
1016 2050 1053 2086 ό·
1072 2055 1188 2081 omnium
1211 2054 1280 2080 Con-

239 2113 252 2131 e
274 2112 346 2130 orum

217 2100 423 2169 fssaniffa’rum
437 2139 550 2173 Annae,
571 2133 744 2172 lllagalenie,
761 2131 798 2168 ὠ·
813 2130 932 2168 Brigia'ae
948 2132 1159 2167 Matronarum,

265 2178 438 2212 Catherinae,
457 2174 591 2204 Barbam
602 2195 611 2211 ,
627 2171 728 2212 Ursulae
739 2195 748 2210 ,
764 2170 801 2206 ὅν
819 2172 937 2200 undecim
952 2167 1091 2204 Millitcm,
1111 2166 1148 2203 ὠ·
1164 2169 1281 2199 omnium

228 2218 391 2247 Sancft'arum
409 2217 550 2249 Virginum
560 2236 569 2250 ,

266 2258 309 2285 Et
324 2258 406 2284 totius
421 2251 527 2290 coelestis
542 2254 639 2281 Curiae.

274 2332 319 2363 I'r
331 2341 348 2362 E
360 2340 404 2369 M,
423 2332 558 2368 Legamus
571 2329 671 2357 Summi
695 2324 851 2356 Salvatoris
871 2322 1026 2353 clementia·
1047 2324 1159 2352 Summae
1172 2321 1286 2361 Fidem,

232 2370 337 2410 Spem,
357 2372 389 2402 ὃς
407 2368 582 2399 Charitatem
593 2390 602 2405 ,
620 2366 760 2396 Virtutem
795 2362 1011 2400 Prosperitateni
1022 2384 1031 2399 ,
1044 2363 1078 2392 Sc
1094 2360 1200 2392 Pacem
1216 2361 1286 2392 Suc-

233 2410 376 2441 cessorum
393 2407 557 2438 nostrorum
574 2406 689 2446 Regum
711 2403 743 2434 ὃ(
769 2387 864 2440 Regni
880 2400 964 2430 nostri
983 2400 1099 2436 Angliae
1112 2422 1122 2438 ,
1147 2407 1177 2430 ut
1193 2399 1287 2438 Deus,

234 2459 288 2486 pro
303 2449 346 2479 sua
360 2449 480 2486 pietate,
500 2445 555 2476 Eos
569 2446 584 2474 a
600 2442 792 2474 Divitionibus
810 2442 842 2471 ὅ(
859 2439 1081 2470 Dissentionibus
1117 2439 1150 2468 &
1171 2439 1206 2469 ab
1222 2449 1287 2469 om-

235 2489 263 2518 ni
277 2487 367 2525 specie
382 2485 596 2516 Htei'eticorum
611 2482 731 2518 fallacia,
746 2487 890 2518 protegat,
909 2478 1013 2515 visitet,
1031 2477 1063 2508 δε
1077 2461 1225 2515 defendat,
1245 2478 1285 2507 A-

239 2534 267 2555 Μ
276 2535 293 2555 ε
305 2534 338 2556 N.

272 2563 316 2593 Ιτ
327 2572 343 2593 ε
355 2570 399 2600 Μ,
418 2564 550 2598 Legamus
566 2563 661 2597 Corpus
676 2555 792 2596 nostrum
806 2553 994 2593 sepeliendum
1015 2553 1044 2582 in
1067 2552 1189 2583 Ecclesia
1213 2555 1286 2584 beati

234 2601 310 2634 Petri
326 2599 635 2635 &Vestmonastetienffi
661 2594 867 2634 Apostolorum
886 2592 1044 2629 Principis,
1063 2593 1132 2621 inter
1158 2591 1287 2629 Sepultu-

236 2652 276 2673 ras
293 2640 427 2676 Regum,
445 2639 474 2668 in
487 2637 553 2667 loco
568 2638 598 2666 in
622 2645 679 2673 quo
696 2634 788 2663 modo
811 2633 992 2663 continentur
1013 2629 1154 2668 Reliquiae
1168 2630 1287 2661 Sancto-

243 2688 323 2710 rum:

274 2717 339 2748 Ubi
352 2715 480 2745 volumus
495 2713 574 2751 supra
597 2710 709 2748 Corpus
732 2708 859 2739 nostrum
880 2707 1018 2737 Fabricari
1043 2706 1161 2737 Locum
1183 2705 1287 2737 Excel-

237 2759 315 2794 sum,
334 2764 382 2792 per
397 2752 538 2784 ascensum
555 2749 705 2790 Graduun]
720 2747 749 2776 in
766 2757 822 2778 uno
835 2745 890 2775 fine
907 2745 1035 2775 Tumbae
1049 2744 1170 2782 nostrae,
1189 2745 1222 2775 &
1238 2756 1286 2782 per

236 2792 398 2827 descensum
412 2791 560 2821 Graduum
573 2798 609 2820 ex
621 2788 676 2818 alio
689 2791 744 2816 nne
757 2798 766 2824 3
784 2787 814 2815 in
830 2794 887 2824 quo
901 2783 966 2814 loco
982 2783 1113 2813 volumus
1127 2782 1215 2813 dictas
1226 2783 1289 2813 Re-

239 2835 337 2872 liquias
352 2830 500 2861 collocari:

274 2872 312 2903 Et
326 2869 455 2900 volumus
469 2866 577 2898 ibidem
593 2864 710 2895 Fundari
727 2863 821 2893 Altare
834 2884 843 2900 ,
869 2863 897 2891 in
912 2861 1055 2890 honorem
1078 2859 1286 2890 Aniiunciatio-

240 2912 282 2943 nis
294 2912 381 2940 beatae
398 2906 501 2937 Mari-J:
516 2905 657 2943 Virginis,
675 2904 708 2934 &
722 2901 855 2932 omnium
870 2900 1060 2935 Sanetorum3
1079 2897 1113 2927 ad
1127 2898 1204 2936 quod
1215 2898 1294 2928 Alta-

240 2960 269 2981 re
285 2948 431 2983 volumus,
450 2946 479 2975 in
494 2952 678 2983 perpetuum,
695 2939 804 2980 singulis
818 2938 933 2975 dicbus,
954 2947 1003 2974 per
1015 2936 1137 2974 ejusdem
1155 2935 1291 2967 Ecclesiae

243 2986 424 3022 Monachos,
439 2983 497 3014 dici
512 2982 585 3013 Tres
600 2979 696 3011 Missas
710 3002 720 3017 ,
744 2986 861 3016 quarum
883 2977 988 3006 Trium
1012 2974 1164 3005 lxliffarum
1181 2974 1291 3013 semper

244 3025 377 3057 Mediam
393 3023 449 3053 else
464 3021 595 3051 volumus
612 3018 729 3049 Missam
745 3018 780 3047 de
797 3015 871 3052 Die,

281 3063 337 3101 Et,
355 3063 436 3092 omni
452 3059 507 3089 Die
523 3056 840 3093 Dominico,volumus
850 3054 978 3083 Primam
993 3052 1050 3082 dici
1065 3051 1101 3082 de
1116 3050 1294 3088 Assumptio-

245 3114 281 3134 ne
296 3101 387 3132 Beatae
403 3098 507 3130 Mariae
521 3097 660 3136 Virginis,
680 3096 712 3126 ὃς
733 3094 862 3123 ultimam
879 3089 999 3122 Missam
1021 3089 1057 3121 de
1078 3089 1295 3121 Resurrefflone

247 3140 370 3173 Domini

283 3179 341 3246 Dici
358 3162 465 3214 L'unae,
481 3174 610 3206 Primam
626 3169 743 3201 Missm
756 3169 790 3199 de
808 3168 1050 3205 Annunciatione,
1065 3166 1099 3197 &
1114 3166 1245 3197 ultimam
1261 3167 1297 3197 de

249 3220 331 3250 Anae
344 3218 364 3246 is

287 3241 346 3286 δίε
363 3239 480 3290 silai-tis,
501 3250 630 3281 Primam
652 3245 771 3276 tvtiffim
793 3245 829 3275 de
849 3243 1007 3274 Νεανίας
1022 3242 1166 3280 Domini,
1187 3242 1222 3273 &
1237 3242 1300 3273 ulti-

252 3303 331 3326 mam
347 3293 383 3322 de
399 3290 555 3320 Nativitate
571 3289 658 3318 beatae
672 3284 790 3321 Mariae,

288 3332 346 3362 Die
362 3329 517 3365 Mercurii,
534 3327 663 3357 Primam
679 3322 798 3352 Missam
809 3321 844 3352 de
858 3320 964 3351 saneto
984 3318 1108 3357 Spiritu,
1125 3318 1158 3349 &
1174 3318 1300 3349 ultimam

252 3372 289 3403 de
305 3368 507 3404 Conceptione
520 3366 609 3395 beat-,ie
623 3361 743 3398 Mariae,

289 3409 347 3439 Die
360 3406 454 3445 jovis,
469 3403 593 3433 Primam
611 3399 730 3430 Missam
745 3397 780 3428 de
795 3396 927 3435 Corpore
939 3394 1063 3432 Christi,
1083 3395 1116 3425 &
1133 3394 1302 3426 ultimamde

253 3445 455 3480 Purificatione
470 3443 557 3472 beatae
575 3438 692 3475 Mariae,
888 3453 891 3455 -

292 3486 348 3516 Die
364 3481 495 3517 Veneris,
516 3479 644 3509 Primam
664 3475 784 3506 Missam
803 3473 839 3504 de
854 3472 955 3503 Sandia
978 3470 1094 3510 Cruce,
1123 3472 1156 3503 &
1176 3471 1302 3502 ultimam

255 3525 291 3555 de
307 3520 554 3555 Annunciatione,
776 3532 781 3534 -

296 3562 353 3593 Die
367 3558 497 3594 Sabbad,
509 3555 636 3585 Primam
653 3552 770 3583 Miffam
785 3550 820 3579 de
829 3548 973 3579 Omnibus
988 3547 1114 3587 Sanctis,
1128 3549 1161 3579 &
1176 3548 1303 3578 ultimam

259 3601 294 3632 de
310 3599 440 3635 Requie,
463 3605 515 3632 pro
529 3594 635 3624 Anima
654 3590 746 3620 nostra
761 3612 770 3626 ,
791 3589 823 3618 &
845 3587 1005 3617 Animabus
1026 3586 1179 3618 Parentum
1193 3586 1306 3616 nostro-

261 3649 325 3671 rum
336 3661 345 3676 ,
365 3638 397 3668 &
413 3635 544 3665 omnium
562 3631 584 3661 F
586 3630 699 3660 idelium
711 3626 937 3657 Defuncfimriim:

298 3677 336 3706 Er
365 3672 576 3705 Vomitus
598 3668 707 3698 dietum
731 3666 822 3695 Altare
842 3663 919 3700 supra
940 3661 1091 3692 Tumbam
1116 3662 1238 3693 nostram
1261 3661 1308 3691 tali

263 3715 352 3746 modo
375 3711 529 3747 fabricari,
552 3706 630 3747 quod
654 3705 775 3743 poterint
795 3701 978 3746 Sacerdotes,
1004 3701 1072 3730 inibi
1093 3701 1281 3737 celebrantes,
1294 3709 1311 3729 a

265 3753 377 3791 Populo
391 3750 498 3785 videri,
513 3756 542 3778 ut
555 3749 587 3777 ὅ(
602 3745 658 3783 ejus
674 3742 808 3783 Devottq
823 3749 854 3769 m
877 3738 936 3782 Dei
959 3738 1070 3768 laudem
1094 3739 1245 3776 ferventius
1262 3748 1311 3769 ac-

264 3791 414 3826 cendatur,
428 3788 460 3818 δι’.
476 3787 556 3816 Deus
570 3786 598 3814 in
614 3781 754 3813 Crearuris
771 3779 823 3809 suis
835 3777 932 3813 sepius
952 3776 1132 3812 glorificetur.

302 3828 443 3858 Volumus
458 3826 543 3856 etiam
561 3821 658 3861 quod,
671 3820 754 3850 omni
769 3817 815 3847 die
830 3815 940 3859 illarum
947 3815 1050 3858 Trium
1068 3813 1308 3852 tvliffarumfflri-

267 3876 312 3895 ma
327 3867 430 3895 dicatur
445 3865 520 3893 circa
536 3862 646 3891 Horam
663 3857 838 3894 Septimam,
852 3863 907 3890 qua
920 3853 988 3881 liora
1001 3851 1109 3887 surgere
1123 3853 1210 3882 solent
1223 3852 1309 3882 di&ae

267 3904 397 3934 Ecclei‘m
414 3901 570 3937 Monachn
587 3900 618 3930 &
637 3899 654 3915 ⁴*
671 3893 827 3926 Secundam
842 3890 961 3920 Missam
986 3890 1189 3932 (quce'semper
1211 3891 1264 3920 erit
1276 3890 1311 3920 de

266 3942 324 3972 Die
340 3954 344 3970 ,⁴
357 3941 432 3970 circa
448 3938 557 3968 Horam
576 3936 698 3966 Nonam
713 3933 771 3963 dici
785 3930 938 3960 Volumus:
956 3927 1129 3957 EtTertiam
1145 3927 1207 3964 post
1216 3928 1312 3957 Evan-

255 3981 365 4021 gelium
379 3977 439 4007 altre
455 3976 571 4013 Mulie,
589 3984 620 4005 ut
633 3974 714 4004 variis
728 3971 796 4006 Diei
810 3968 896 3999 Horis
912 3966 1016 3998 valeant
1038 3965 1072 3995 ad
1087 3965 1194 3996 dictam
1209 3965 1312 3996 Eccle-

690 71 1925 129 CONVENTIONE8,L1TERAE,

1305 160 1372 191 fiam
1390 161 1575 193 Confluentes
1590 159 1691 191 Missas
1707 159 1818 198 audire,
1832 160 1866 191 &
1889 159 1920 189 in
1935 156 2077 190 Creatoris
2101 156 2140 189 sui
2159 155 2270 188 laudem
2287 163 2361 186 con-
2374 141 2503 180 Antssj·
2540 146 2551 166 '·

1307 200 1533 237 templationibus
1546 199 1700 244 indulgere.

1344 239 1396 276 Et,
1414 240 1442 268 in
1457 239 1519 269 casu
1539 248 1596 277 quo
1614 249 1644 269 in
1660 238 1728 269 Vita
1740 236 1834 268 nostra
1849 246 1910 266 non
1919 236 2097 274 provideatur
2111 233 2249 265 Ecclefiae
2259 231 2358 263 West-⁴
2376 231 2442 256 Hm.
2457 235 2486 263 ἰὰ
2537 238 2545 266 „¹

1307 276 1514 323 monasteriensi
1535 279 1564 307 in
1587 276 1717 307 Ecclesiis
1731 276 1775 307 vel
1795 275 1984 312 Redditibus,
2014 275 2049 305 ad
2072 274 2205 305 Valorem
2220 273 2358 303 Annuum

1308 314 1434 345 Centum
1449 316 1610 352 Librarum,
1629 325 1683 352 pro
1706 314 1846 345 dictarum
1875 313 2021 343 Miffarum
2044 323 2130 344 onere
2143 311 2181 343 Su
2204 309 2360 349 portando,

1309 354 1440 384 volumus
1457 353 1536 392 quod
1552 353 1721 384 Executores
1733 352 1835 391 nostri,
1853 350 2007 382 secundum
2026 361 2129 382 eorum
2141 322 2361 387 disgretionem,

1309 391 1344 420 de
1361 391 1486 437 Ecclesia
1499 391 1543 421 vel
1559 391 1689 421 Ecclesiis
1704 391 1761 421 aliis
1776 390 1820 422 vel
1835 389 2020 428 RedditibuS,
2039 389 2202 421 melioribus
2220 388 2312 420 modo
2327 388 2362 419 &

1309 429 1404 460 forma
1419 431 1520 473 quibus
1534 430 1657 473 poterint
1671 452 1681 467 ,
1705 428 1791 459 diotae
1811 428 1947 459 Ecclesiae
1967 428 2001 458 ad
2021 428 2132 458 dictum
2149 427 2282 459 Valorem
2301 428 2364 458 An-

1310 478 1398 498 nuum
1413 468 1516 499 faciant
1552 467 1674 498 rovrderi
1689 477 1695 497 :
1720 467 1850 498 facientes
1865 468 1935 498 inter
1957 466 2028 505 ipsos
2042 467 2075 498 δε
2091 465 2214 505 ejusdem
2229 465 2364 499 Ecclefiae

1309 506 1460 550 Abbatem¹
1470 508 1503 538 &
1551 506 1686 543 apitulurn
1701 504 1950 545 Compositionem
1959 528 1968 544 ‚
1985 515 2048 544 quae
2063 505 2206 538 contineat
2219 506 2294 538 hanc
2309 518 2364 539 no—

1311 543 1397 575 stram
1413 545 1542 575 ultimam
1558 543 1749 575 Voluntatem.

1347 582 1393 613 Ιτ
1405 593 1423 614 E
1433 592 1460 614 M
1470 606 1479 621 ,
1499 583 1525 614 V
1535 593 1556 613 o
1567 591 1619 612 Lu
1629 590 1689 625 Μυ
1700 590 1712 611 s
1732 580 1827 625 quod,
1847 581 1937 612 Annis
1950 582 2080 621 singulis,
2099 582 2130 612 in
2145 582 2244 614 eadem
2258 582 2363 616 Eccle-

1311 621 1346 652 sia
1362 631 1504 665 teneantur
1518 621 1680 651 solemniter
1695 641 1706 657 ‚
1730 629 1760 650 m
1781 619 1839 649 Die
1854 618 1962 651 Obitus
1983 621 2088 659 nostri,
2105 620 2241 660 Exequiae
2261 622 2365 654 nostrae

1311 670 1340 690 re
1361 670 1396 690 1ae
1410 670 1478 691 cum
1495 658 1584 690 Miffa
1598 659 1634 689 de
1650 657 1761 695 Requie
1774 658 1802 687 in
1819 656 1961 689 Crastino.

1371 707 1393 742 ”r
1404 707 1477 742 EM,
1496 696 1588 736 quoad
1601 695 1747 726 Funeralia
1768 696 1802 726 &
1824 698 1948 734 Sumptus
1963 696 2108 735 Sepultura:
2129 698 2233 730 nostrae
2265 701 2365 732 omnia

1332 747 1445 767 onimus
1461 747 1490 766 in
1507 735 1722 774 Supervisorum
1737 735 1769 766 &
1786 733 1979 764 Executorum
2002 735 2168 767 nostrorum
2180 723 2363 770 disci-ctione·

1329 785 1354 806 ta
1368 776 1443 820 quod
1459 774 1618 812 Dignitatis
1634 774 1735 811 Regiae
1750 771 1931 803 conservetur
1945 771 2069 811 Honor,
2095 775 2128 804 &
2141 775 2297 809 damnanda
2312 763 2367 810 Su³

1313 815 1452 857 perfluitas
1466 814 1601 852 evitetur,
1619 812 1674 844 Vo
1683 821 1704 842 L
1713 820 1734 842 υ
1744 819 1801 841 Μυ
1812 819 1824 840 s
1841 819 1934 841 tamen
1943 833 1953 848 ,
1971 812 2000 840 in
2016 811 2144 850 speciali,
2161 815 2242 852 quod
2250 817 2280 846 in
2288 816 2367 848 Her-

1315 857 1350 897 με».
1364 852 1457 883 nostra
1470 851 1632 882 solemniori
1646 874 1656 890 ,
1680 860 1744 891 quse
1763 849 1862 880 serviet
1877 849 1906 878 in
1921 849 1968 879 die
1989 848 2144 886 Sepulturae
2159 851 2262 883 nostrae
2298 855 2350 886 sint

1314 901 1384 935 inter
1401 899 1534 929 caeteros,
1551 890 1626 921 Tres
1643 888 1728 920 Cerei
1738 911 1749 927 ,
1766 887 1978 920 excellentiores
1992 889 2119 926 caeteris,
2143 890 2223 920 unius
2243 877 2368 931 duantil

1312 938 1373 960 tatis
1391 930 1424 960 ὃς
1439 929 1569 972 Formae,
1586 929 1725 967 Qiinque
1742 926 1873 957 Minores
1888 927 1941 958 illis
1955 926 2063 957 Tribus
2078 928 2161 958 unius
2181 927 2352 966 Qiantitatis

1312 967 1427 1012 Septem
1443 966 1574 1012 Minores
1591 967 1641 997 illis
1663 967 1798 1006 Quinque
1819 966 1902 996 unius
1922 965 2117 1004 Quantitatis‚
2140 966 2174 997 &
2191 954 2371 1006 Quindecim

1315 1005 1448 1036 Minores
1465 1005 1515 1035 illis
1528 1005 1645 1043 Septem
1660 1007 1741 1035 unius
1757 1003 1935 1042 Quantitatis.

1354 1043 1484 1082 ITEM,
1506 1044 1530 1087 V
1542 1050 1690 1074 oLUMU
1702 1052 1715 1072 s
1728 1042 1827 1080 quod,
1845 1043 1862 1072 a
1875 1041 1922 1072 die
1935 1041 1970 1073 Se
1990 1042 2088 1074 ulturae
2104 1042 2207 1074 nostrae
2243 1054 2293 1083 per
2308 1046 2371 1078 An-

1314 1093 1385 1127 num
1400 1092 1488 1113 unum
1504 1090 1648 1126 integrum
1662 1104 1672 1118 ,
1696 1081 1856 1110 exhibeatur
1878 1089 1941 1110 xxx.
1964 1052 2135 1119 Pauperibus
2155 1066 2324 1116 suffi’cienter
2341 1086 2372 1117 in

1316 1122 1403 1152 Vtetu
1419 1123 1456 1165 ὃς
1466 1119 1574 1164 Vestitu
1584 1144 1593 1157 ,
1611 1119 1725 1163 quisint
1741 1118 1804 1150 Viri
1820 1118 1941 1149 multum
1957 1119 2132 1159 indigentes,
2149 1131 2273 1159 quorum
2290 1123 2372 1162 quili-

1317 1160 1458 1204 bethomni
1474 1158 1536 1201 Die,
1544 1168 1596 1196 pro
1610 1159 1714 1189 Anima
1727 1155 1820 1188 nostra
1834 1157 1910 1187 dicat
1930 1155 2093 1188 Psalterium
2116 1160 2205 1190 beatae
2227 1159 2356 1200 Virginis

1319 1199 1352 1229 ὃς
1367 1210 1395 1229 in
1411 1198 1466 1229 fine
1479 1197 1644 1234 subjungat,
1661 1197 1692 1226 in
1705 1195 1831 1235 vulgario
1845 1195 1894 1226 suo
1909 1217 1919 1232 ,
1944 1196 2042 1225 Mater
2056 1199 2110 1226 Dei
2124 1200 2223 1228 Maria
2243 1184 2376 1232 mement’o

1318 1237 1425 1267 Famuli
1440 1240 1484 1265 tui
1498 1238 1625 1272 Henrici,
1644 1239 1690 1275 qui
1704 1242 1791 1264 totam
1797 1231 1872 1273 spem
1880 1233 1961 1273 fitam
1974 1237 2003 1263 in
2016 1241 2044 1264 te
2052 1232 2150 1274 pofiaeit.

1332 1315 1336 1320 ι
1358 1275 1370 1306 Ι
1381 1285 1402 1305 τ
1413 1285 1428 1304 e
1438 1284 1485 1313 Μ,
1506 1275 1530 1305 V
1541 1285 1561 1317 o
1571 1283 1592 1304 L
1601 1283 1624 1304 υ
1633 1282 1660 1304 Μ
1669 1283 1690 1304 υ
1702 1283 1714 1303 s
1732 1273 1883 1310 celebrari,
1902 1282 1952 1309 pro
1967 1273 2072 1304 Anima
2085 1273 2199 1314 nostra,
2214 1275 2285 1306 Tria
2300 1275 2374 1307 Mil-

1318 1314 1353 1344 lia
1368 1314 1521 1344 Musarum
1545 1322 1575 1342 in
1594 1313 1736 1342 honorem
1752 1311 1864 1342 Sanctae
1876 1311 2032 1342 Trinitatis.

845 1323 958 1389 εέξῖθ(
976 1319 1399 1403 Μφίήόέῑῖαωῖτ
1410 1362 1483 1390 ΕΜ,
1522 1361 1553 1380 ro
1566 1352 1646 1380 omni
1662 1350 1719 1382 Die
1742 1350 1820 1382 Anni
1843 1349 2023 1388 Quindecim
2047 1349 2165 1390 Missas,
2187 1351 2218 1382 in
2233 1351 2377 1384 honorem

1319 1391 1478 1422 Vulnerum
1526 1388 1612 1419 bristi.

1319 1473 1339 1501 b
1353 1430 1364 1460 l
1372 1440 1399 1499 ἰτ
1410 1438 1483 1498 exilia,
1501 1428 1646 1472 3Qinque
1662 1425 1756 1458 Millia
1771 1449 1781 1466 ‚
1813 1427 1844 1457 in
1861 1426 2003 1458 honorem
2033 1427 2171 1468 Quinque
2192 1428 2376 1461 Gaudiorum

1340 1480 1369 1501 ea
1384 1479 1407 1499 ιε
1455 1477 1560 1498 ιῐσιῃιε.

1356 1506 1402 1538 Ιτ
1412 1516 1429 1536 E
1440 1490 1496 1545 ruf
1504 1505 1645 1543 Novem,
1660 1504 1690 1534 in
1707 1504 1846 1534 honorem
1862 1501 1984 1534 Novem
2000 1503 2148 1536 ordinum
2162 1505 2353 1546 Angelorum.

1356 1547 1400 1577 Ιτ
1412 1556 1429 1576 E
1441 1554 1484 1583 Μ,
1503 1543 1598 1574 CCC.
1618 1544 1647 1573 in
1661 1543 1803 1574 honorem
1817 1542 1922 1573 Trium
1941 1541 2174 1575 Patriarcharum.

1355 1584 1402 1615 IT
1412 1594 1430 1615 E.
1441 1593 1468 1614 M
1478 1607 1487 1621 ,
1505 1582 1672 1613 Duodecim
1708 1582 1737 1611 in
1752 1581 1894 1611 honorem
1910 1579 2077 1612 Duodecim
2093 1582 2312 1621 Apostolorum.

1357 1623 1404 1653 Ιτ
1414 1633 1431 1653 e
1441 1631 1489 1666 M,
1504 1621 1635 1660 Quatuor
1651 1604 1743 1650 lviiuia
1757 1618 1883 1663 Centum
1898 1619 1931 1649 &
1948 1618 2060 1657 Viginti
2073 1622 2212 1661 quinque,
2230 1623 2260 1652 in
2282 1623 2377 1654 hono-

1317 1672 1385 1705 rem*
1397 1661 1542 1702 Omnium
1557 1659 1745 1696 Sanitorum3
1762 1666 1798 1688 ita
1812 1657 1891 1696 quod
1908 1667 2010 1688 omnes
2024 1657 2122 1690 Minae
2134 1659 2162 1690 se
2175 1660 2326 1693 extendant
2340 1661 2378 1692 ad

1320 1701 1429 1739 Viginti
1444 1698 1554 1729 Millia:
1572 1707 1637 1741 quas
1653 1695 1750 1727 Missas
1771 1697 1807 1726 ita
1821 1697 1882 1726 cito
1903 1695 1967 1733 post
1991 1696 2122 1728 Mortem
2145 1698 2273 1730 nostram
2301 1700 2378 1732 cele-

1321 1740 1392 1770 brari
1410 1738 1560 1775 volumus,
1578 1740 1648 1766 licut
1664 1735 1786 1772 poterint
1800 1733 1955 1771 celebrari,

1359 1777 1393 1807 Et
1410 1776 1503 1807 sedula
1519 1785 1632 1811 mente,
1650 1772 1822 1811 quaesumus,
1841 1773 1967 1809 cogitent
1990 1771 2163 1805 Executores
2179 1774 2270 1806 riostri
2289 1777 2378 1814 quam

1319 1816 1411 1847 saneta
1428 1816 1461 1847 δε
1478 1815 1564 1853 quam
1582 1813 1695 1843 salubris
1711 1811 1751 1842 est
1774 1812 1914 1848 cogitatio
1934 1819 1987 1849 pro
2007 1810 2163 1842 Defunffls
2185 1824 2297 1845 exorare
2313 1826 2319 1832 ·
2345 1816 2379 1846 &

1321 1855 1416 1886 sentiat
1429 1854 1536 1884 Anima
1551 1851 1642 1882 nostra
1655 1850 1737 1894 ,quod
1748 1873 1758 1889 ,
1797 1848 1926 1880 uomodo
1940 1850 1968 1878 in
1983 1848 2051 1880 Vita
2068 1850 2112 1880 sua
2127 1851 2195 1881 Nos
2216 1838 2363 1883 dilexeiint

1323 1895 1360 1924 ita
1371 1902 1502 1961 quoqdue,
1520 1890 1584 1929 post
1599 1890 1725 1920 Obitum
1743 1898 1782 1918 no
1808 1898 1871 1918 rum
1888 1909 1898 1926 ,
1924 1887 2014 1917 nostri
2034 1887 2212 1920 Memoriam
2228 1875 2381 1923 oblivioni

1322 1942 1383 1963 non
1397 1940 1436 1961 tra
1457 1939 1512 1961 ant.

1360 1971 1407 2015 l'r
1418 1978 1436 1999 E
1447 1978 1491 2007 M,
1510 1967 1529 2012 si
1545 1967 1609 2011 qui,
1627 1965 1689 2005 post
1707 1964 1836 2010 Mortem
1853 1963 2154 2004 nostram,ostendere
2162 1965 2294 1997 sciverint
2301 1966 2382 2006 quod

1323 2017 1478 2049 quicquam
1512 2004 1612 2044 injuste
1631 2006 1667 2036 de
1697 2015 1735 2035 eis
1757 2013 1854 2034 contra
1876 2002 2087 2034 Conscientiam
2102 2007 2289 2041 receperimus
2303 2028 2314 2044 ,
2336 2006 2383 2037 vel

1323 2049 1477 2087 quicquam
1492 2044 1527 2076 de
1541 2046 1578 2076 eis
1591 2043 1696 2082 injusto
1711 2043 1812 2073 Titulo
1826 2041 1870 2072 vel
1887 2043 1986 2080 quovis
2001 2042 2135 2080 exquisito
2143 2044 2240 2074 colore
2255 2045 2381 2082 rapueri-

1325 2097 1404 2124 mus,
1421 2088 1454 2117 &
1472 2083 1686 2114 Restitutionem
1703 2081 1827 2112 debitam
1840 2090 1900 2110 non
1914 2080 2063 2111 fecerimus
2077 2082 2104 2110 in
2122 2083 2179 2112 vita
2192 2081 2285 2113 nostra
2310 2081 2380 2113 Vo-

1324 2134 1378 2156 Lu
1390 2133 1417 2154 Μ
1427 2134 1449 2154 υ
1460 2133 1472 2154 s
1492 2123 1530 2153 eis
1543 2121 1769 2152 Restitutionem
1787 2118 1845 2149 fieri
1858 2118 2013 2150 secundum
2029 2118 2107 2159 quod
2122 2118 2207 2150 Casus
2220 2119 2268 2150 sua
2284 2105 2383 2152 r’iatura

1324 2165 1438 2208 exigerit
1453 2163 1485 2193 &
1500 2160 1716 2199 requirit-,super
1729 2168 1783 2197 qua
1799 2167 1828 2188 re
1845 2155 2036 2188 Executorum
2051 2156 2214 2189 nostrorum
2223 2158 2385 2190 Conscien-

1327 2211 1376 2233 tias
1387 2210 1546 2232 oneramus.

1362 2240 1374 2271 I
1384 2249 1407 2270 τ
1418 2249 1436 2270 ε
1448 2247 1472 2268 M
1484 2262 1492 2277 ,
1512 2237 1540 2268 V
1549 2247 1568 2267 o
1578 2246 1598 2267 L
1606 2245 1629 2267 υ
1639 2245 1665 2267 Μ
1674 2243 1696 2266 u
1708 2244 1720 2266 s
1741 2233 1819 2273 quod
1829 2234 1950 2264 omnino
1959 2233 2065 2265 satisfiat
2074 2234 2277 2266 Executoribus
2285 2234 2388 2266 Testa-

1330 2279 1420 2311 menti
1439 2276 1664 2309 Metuendlffimi
1681 2274 1778 2305 Nobis
1791 2272 1877 2303 Patris
1893 2273 1925 2303 &
1942 2272 2066 2303 Domini
2082 2274 2119 2304 de
2140 2274 2223 2303 omni
2240 2274 2288 2304 illo
2303 2273 2388 2305 Resi-

1328 2318 1386 2349 duo
1400 2312 1473 2347 xxv?
1486 2315 1577 2346 Millia
1593 2313 1776 2349 Marcarum,
1793 2310 1870 2349 quod
1885 2313 1923 2341 eis
1939 2309 2046 2342 Mortis
2069 2311 2173 2342 nostrae
2189 2320 2319 2350 tempore
2339 2323 2386 2343 re-

1349 2358 1448 2387 erietur
1461 2354 1606 2391 debiturn,
1625 2362 1677 2390 pro
1689 2351 1771 2382 Bonis
1794 2349 1984 2388 &jocalibus
2005 2350 2126 2388 ejusdem
2148 2349 2236 2381 Patris
2248 2350 2338 2382 nostri
2352 2351 2387 2382 &

1367 2395 1474 2432 omini,
1490 2394 1526 2424 ab
1538 2392 1641 2424 eisdem
1660 2389 1868 2421 Executoribus
1883 2388 2002 2426 Emptis.

1368 2432 1413 2464 IT
1424 2442 1442 2463 E
1453 2441 1479 2462 Μ
1494 2457 1504 2470 ,
1528 2431 1553 2461 L
1564 2440 1581 2461 Ε
1592 2439 1614 2460 G
1624 2440 1644 2460 Α
1654 2437 1681 2460 Μ
1691 2437 1714 2459 υ
1725 2439 1736 2459 s
1750 2450 1759 2466 ,
1785 2426 1851 2457 Reli
1872 2427 1936 2457 iosae
1958 2425 2071 2457 Domui
2091 2427 2186 2457 Sam‘li
2213 2426 2387 2466 Salvatoris,

1332 2473 1443 2503 Ordinis
1458 2472 1567 2501 Santra»
1582 2468 1718 2506 Brigidae‚
1736 2467 1826 2504 prope
1875 2466 1998 2496 ivitatem
2012 2465 2137 2496 nostram
2153 2465 2386 2504 Londoniarum,

1332 2511 1435 2541 nostrae
1450 2509 1645 2545 Fundationis,
1666 2505 1748 2536 Mille
1772 2503 1886 2534 Marcas
1909 2505 1992 2541 auri,
2023 2513 2090 2542 quas
2111 2503 2231 2541 expendi
2254 2504 2387 2534 volumus

1331 2551 1406 2580 circa
1420 2547 1676 2578 Construfflonem
1690 2553 1775 2574 novae
1796 2541 1909 2572 Domus
1924 2542 1992 2578 suae,
2011 2541 2047 2571 de
2062 2550 2142 2571 novo
2157 2541 2341 2572 aedificandae.

1367 2587 1379 2618 Ι
1391 2596 1413 2617 τ
1424 2596 1442 2617 t:
1454 2595 1480 2616 Μ
1489 2609 1498 2624 ,
1518 2585 1544 2615 L
1553 2594 1570 2616 Ε
1581 2594 1603 2615 G
1614 2594 1634 2614 A
1644 2592 1671 2614 M
1680 2591 1702 2612 υ
1715 2592 1727 2612 s
1744 2604 1754 2620 ,
1779 2579 1934 2619 Religiosae
1957 2580 2069 2610 Domui
2103 2579 2208 2609 nostrae
2232 2579 2388 2620 cartusien-

1329 2626 1395 2665 fium
1409 2625 1523 2661 ibidem,
1543 2634 1603 2664 quae
1619 2628 1734 2651 vocatur
1757 2618 1896 2659 Bethleem
1911 2640 1920 2655 ,
1949 2617 2032 2648 Mille
2050 2617 2178 2655 Marcas,
2197 2618 2232 2648 ad
2247 2617 2390 2649 Constru-

1333 2665 1459 2695 ctionem
1486 2663 1597 2700 majoris
1619 2657 1734 2689 Domus
1753 2657 1807 2687 suae
1821 2679 1831 2693 ,
1857 2656 1942 2694 quam
1963 2656 2132 2686 sufficienter
2149 2655 2309 2687 dotavimus
2334 2667 2389 2695 pro

1332 2702 1543 2733 Sustentatione
1570 2697 1765 2737 Quadraginta
1786 2693 2020 2732 Monachorum,
2039 2704 2124 2732 quem
2145 2695 2252 2725 ibidem
2273 2695 2307 2725 N
2311 2705 2390 2726 ume-

1331 2751 1396 2771 rum
1415 2740 1547 2770 volumus
1563 2739 1591 2767 in
1607 2743 1773 2775 perpetuum
1788 2733 1901 2772 haberi,
1917 2734 1951 2764 &
1969 2732 2004 2763 ad
2018 2734 2075 2764 hoc
2094 2734 2167 2764 bene
2186 2734 2300 2765 videant
2315 2733 2390 2764 Exe-

1333 2788 1445 2809 cutores
1458 2776 1553 2807 nostri>

1373 2817 1385 2846 1
1397 2825 1420 2847 τ
1431 2826 1448 2847 e
1460 2824 1487 2846 Μ
1505 2838 1514 2853 ,
1539 2813 1565 2844 V
1575 2824 1594 2844 o
1604 2820 1656 2843 Lu
1668 2819 1726 2842 Μυ
1738 2819 1750 2840 s
1775 2808 1855 2848 quud
1878 2810 1977 2840 omnia
1999 2808 2104 2840 Debita
2126 2809 2220 2840 nostra
2233 2832 2244 2848 ,
2265 2817 2322 2840 tarn
2337 2819 2391 2847 pro

1333 2854 1464 2895 Hospitio
1480 2852 1579 2884 nostro
1592 2852 1623 2882 &
1640 2850 1779 2887 Camera,
1798 2849 1882 2886 quarn
1897 2848 2079 2886 Garderoba,
2098 2847 2214 2879 fideliter
2229 2847 2389 2885 persolvan-

1334 2904 1391 2926 tur:
1410 2893 1448 2923 Et
1458 2916 1467 2930 ,
1487 2890 1578 2930 quoad
1594 2900 1625 2920 ea
1641 2899 1703 2927 quae
1719 2887 1855 2917 debentur
1870 2896 1922 2924 pro
1938 2885 2075 2916 Custodia
2083 2885 2276 2916 Marchiarum
2284 2886 2393 2916 nostra-

1336 2943 1419 2970 rum,
1437 2930 1570 2966 Calesiae,
1590 2928 1755 2964 Hiberniae,
1773 2925 1895 2963 Scortae,
1914 2926 1947 2956 ὃ(
1960 2924 2075 2954 aliarum
2090 2923 2300 2963 Marcium-um,
2319 2924 2393 2956 feci-

1338 2981 1399 3002 mus
1415 2980 1467 3008 pro
1482 2971 1520 2999 eis
1535 2966 1745 3004 Ailignationes
1758 2963 1926 2995 sufficientes
1943 2961 2019 2998 fieri,
2038 2970 2069 2992 ut
2090 2969 2236 3001 tenemur,
2258 2971 2391 3000 rogantes

1337 3012 1371 3042 ὃς
1386 3012 1561 3039 exhortantes
1577 3004 1772 3036 successorem
1788 3001 1931 3044 nostrum,
1949 2999 2029 3038 quod
2043 3000 2100 3038 ipse
2107 3003 2250 3038 permittat
2258 3001 2390 3040 Affigna-

1337 3050 1428 3080 tiones
1447 3047 1466 3066 ³⁸
1484 3044 1642 3083 hujusmodi
1656 3042 1744 3073 libere
1758 3039 1909 3070 Excutioni
1925 3038 2104 3077 demandari,
2122 3039 2294 3070 considerato
2310 3039 2389 3078 quod

1339 3088 1417 3117 bona
1430 3083 1584 3122 hujusmodi
1599 3091 1657 3111 non
1672 3081 1701 3110 in
1718 3078 1843 3108 Privatos
1855 3078 1889 3108 &
1904 3076 2063 3108 Familiares
2077 3077 2138 3108 usus
2153 3078 2278 3117 nostros,
2297 3078 2343 3109 sed
2359 3080 2390 3110 in

1340 3125 1437 3164 Regni
1452 3123 1623 3153 Tuitionem
1639 3120 1672 3150 &
1688 3116 1890 3147 Defenliunem
1908 3114 2088 3153 Reipublicae
2103 3125 2316 3148 convertuntur.

1379 3162 1423 3192 lT
1434 3171 1451 3192 E
1463 3170 1490 3191 M
1500 3184 1508 3198 ,
1529 3163 1660 3196 Legamus
1674 3154 1794 3193 Ecci'efiae
1813 3154 1886 3183 beati
1903 3156 1981 3183 Petri
1997 3154 2278 3195 Wslmonasterienfi,
2297 3155 2330 3186 &
2345 3154 2396 3185 ΑΙ.

1342 3206 1399 3231 tari
1415 3200 1645 3230 Annunrr'atmnn
1662 3194 1748 3223 beatae
1767 3195 1882 3229 Virginis
1897 3191 1974 3230 supra
1989 3192 2140 3224 Tumbam
2153 3193 2281 3224 nostram
2297 3216 2307 3232 ,
2322 3193 2395 3224 Tria

1344 3241 1423 3271 Paria
1440 3236 1684 3268 Vestimentorum
1699 3255 1709 3270 ,
1732 3241 1801 3262 cum
1825 3230 2008 3261 Ornamentis
2028 3241 2081 3269 pro
2097 3231 2186 3263 Altari
2201 3231 2325 3270 ejusdem
2339 3231 2396 3262 sor-

1346 3287 1389 3309 tis.

1382 3315 1427 3346 Ιτ
1440 3322 1463 3344 τ
1476 3319 1518 3350 M,
1538 3320 1623 3342 unam
1639 3309 1768 3340 Calicem
1785 3316 1854 3338 cum
1869 3306 1991 3346 Pateria,
2011 3317 2103 3338 unum
2118 3307 2172 3338 Par
2186 3306 2396 3345 Urseoiorum,

1347 3363 1433 3386 unam
1451 3352 1553 3382 Pacem
1569 3359 1635 3380 cum
1653 3347 1798 3386 Campana
1815 3345 1852 3376 de
1868 3346 1947 3376 Auro
1964 3355 2035 3383 puro
2048 3368 2058 3384 ,
2083 3355 2172 3376 unum
2188 3343 2243 3375 Par
2257 3344 2397 3375 Candela-

1348 3395 1465 3424 brorum
1480 3390 1671 3420 deauratorum
1695 3386 1765 3416 boni
1795 3383 1943 3422 ponderis,
1959 3393 2025 3422 quae
2042 3385 2140 3413 omnia
2153 3382 2284 3413 volumus
2304 3383 2399 3413 eidem

1350 3431 1455 3467 Altari,
1473 3437 1559 3458 unam
1577 3425 1703 3456 Crucem
1718 3424 1836 3462 Argenti
1853 3422 2010 3452 deauratam
2025 3429 2077 3458 pro
2093 3420 2191 3451 medio
2206 3420 2328 3458 ejusdem
2338 3443 2347 3458 ,
2363 3422 2397 3452 &

1348 3478 1435 3499 unam
1451 3466 1610 3503 imaginem
1627 3465 1715 3493 beatae
1732 3462 1856 3499 Virginis
1870 3469 1905 3490 ex
1925 3470 1978 3490 una
2042 3467 2068 3489 te
2087 3458 2210 3496 ejusdem
2226 3457 2345 3497 Crucis,
2364 3460 2398 3490 &

1350 3506 1493 3546 Angelum
1509 3502 1726 3534 annunciantem
1750 3510 1785 3530 ex
1807 3499 1857 3529 alia
1872 3521 1882 3536 ,
1906 3507 1970 3536 quas
2017 3506 2116 3527 rucem
2137 3495 2326 3532 &Imagines
2345 3497 2400 3528 esse

1350 3546 1479 3575 volumus
1492 3542 1528 3573 de
1543 3541 1635 3572 valore
1651 3549 1714 3569 ccc.
1732 3539 1899 3568 Marcarum
1913 3537 1946 3567 &
1959 3536 1988 3565 in
2002 3534 2097 3565 fronte
2107 3533 2231 3571 ejusdem
2239 3534 2339 3566 Altaris
2354 3535 2401 3565 fir.

1355 3585 1436 3613 miter
1451 3581 1533 3619 fixas,
1553 3588 1606 3617 pro
1620 3586 1755 3615 perpetuo
1771 3583 1921 3606 remanere.

1388 3621 1434 3651 Ιτ
1444 3629 1461 3649 Ε
1473 3627 1499 3649 Μ
1509 3642 1518 3657 ,
1536 3621 1669 3654 Legamus
1684 3617 1766 3644 eidem
1782 3613 1883 3643 Altari
1904 3610 2032 3641 Calicem
2055 3619 2125 3640 cum
2138 3608 2243 3641 Pateria
2257 3632 2267 3647 ‚
2292 3609 2401 3642 Urseo-

1352 3661 1412 3696 los,
1430 3658 1553 3694 Pacem,
1573 3658 1606 3686 &
1622 3654 1802 3691 Campanam
1824 3650 1978 3691 deauratam
1993 3670 2003 3685 ,
2025 3648 2059 3679 &
2076 3658 2165 3678 unum
2187 3648 2242 3679 Par
2262 3647 2403 3681 Candela-

1354 3699 1470 3740 brorum
1485 3695 1623 3732 Argenti,
1641 3692 1735 3723 eidem
1751 3689 1853 3726 Altari,
1871 3687 2010 3724 imprimis
2025 3685 2137 3716 Diebus
2151 3686 2320 3726 Ferialibus,
2339 3688 2405 3719 Ser-

1357 3738 1454 3766 vltut'a.

1392 3772 1437 3802 I·1⁴
1447 3781 1464 3802 E
1474 3779 1520 3808 M,
1538 3772 1690 3806 Legamus,
1706 3761 1946 3798 Excellentiffimo
1961 3760 2108 3800 Principi,
2124 3762 2209 3793 Fratri
2234 3763 2331 3795 nostro
2344 3773 2408 3803 pei·-
2428 3790 2430 3792 .

1355 3810 1536 3845 chariffimo,
1554 3806 1715 3845 sigismundo
1734 3807 1914 3847 Ronfanorum
1926 3802 1993 3837 Regi
2009 3801 2056 3837 qui
2070 3810 2145 3831 nunc
2161 3801 2219 3839 est,
2237 3801 2342 3833 Ensem
2360 3813 2410 3834 or.

1355 3857 1453 3891 nanim
1468 3847 1503 3876 de
1521 3846 1673 3883 Lapidibus
1689 3843 1810 3886 pretiosis
1820 3840 1856 3871 ad
1867 3837 1996 3868 valorem
2012 3838 2053 3868 D·
2071 3838 2254 3882 Marcarum3
2273 3840 2327 3880 Et,
2345 3842 2412 3879 quia

1355 3875 2008 3953 ‘sessaniaeermenus
2027 3875 2412 3948 {gerasenus

1356 3936 1574 3995 {humanitatis
1589 3942 1842 3993 commendamus,
1858 3961 1992 3990 tanquam
2013 3953 2052 3984 illi
2069 3955 2118 3992 qui
2140 3926 2411 4025 (Judicicocnoiaizrtgg

2398 193 2485 226 1415⁴

2427 3028 2444 3045 ⁴⁸
2465 3029 2519 3058 IX.

2433 3075 2498 3103 291.
