<?xml version="1.0" encoding="UTF-8"?>
<!DOCTYPE html PUBLIC "-//W3C//DTD XHTML 1.0 Transitional//EN"
    "http://www.w3.org/TR/xhtml1/DTD/xhtml1-transitional.dtd">
<html xmlns="http://www.w3.org/1999/xhtml" xml:lang="en" lang="en">
 <head>
  <title>
</title>
<meta http-equiv="Content-Type" content="text/html;charset=utf-8" />
  <meta name='ocr-system' content='tesseract 3.04.00' />
  <meta name='ocr-capabilities' content='ocr_page ocr_carea ocr_par ocr_line ocrx_word'/>
</head>
<body>
  <div class='ocr_page' id='page_1' title='image "./fderaconventione04ryme_0221.png"; bbox 0 0 2562 4274; ppageno 0'>
   <div class='ocr_carea' id='block_1_1' title="bbox 702 172 1166 221">
    <p class='ocr_par' dir='ltr' id='par_1_1' title="bbox 702 172 1166 221">
     <span class='ocr_line' id='line_1_1' title="bbox 702 172 1166 221; baseline -0.002 -1"><span class='ocrx_word' id='word_1_1' title='bbox 702 173 813 221; x_wconf 77' lang='lat' dir='ltr'>ET</span> <span class='ocrx_word' id='word_1_2' title='bbox 900 172 1166 221; x_wconf 76' lang='lat' dir='ltr'>ACTA</span> 
     </span>
    </p>
   </div>
   <div class='ocr_carea' id='block_1_2' title="bbox 0 262 1193 304">
    <p class='ocr_par' dir='ltr' id='par_1_2' title="bbox 0 262 1193 304">
     <span class='ocr_line' id='line_1_2' title="bbox 0 262 1193 304; baseline -0.002 -8"><span class='ocrx_word' id='word_1_3' title='bbox 0 262 60 296; x_wconf 66' lang='lat' dir='ltr'>lnn.</span> <span class='ocrx_word' id='word_1_4' title='bbox 76 262 117 294; x_wconf 88' lang='lat' dir='ltr'>D.</span> <span class='ocrx_word' id='word_1_5' title='bbox 128 265 312 303; x_wconf 85' lang='lat' dir='ltr'>grandement</span> <span class='ocrx_word' id='word_1_6' title='bbox 325 265 351 296; x_wconf 87' lang='lat' dir='ltr'>le</span> <span class='ocrx_word' id='word_1_7' title='bbox 372 264 438 295; x_wconf 84' lang='lat' dir='ltr'>Bien</span> <span class='ocrx_word' id='word_1_8' title='bbox 453 266 486 296; x_wconf 93' lang='lat'>&amp;</span> <span class='ocrx_word' id='word_1_9' title='bbox 502 263 607 295; x_wconf 86' lang='lat' dir='ltr'>Utilite</span> <span class='ocrx_word' id='word_1_10' title='bbox 627 263 700 294; x_wconf 78' lang='lat' dir='ltr'>deux</span> <span class='ocrx_word' id='word_1_11' title='bbox 725 264 886 295; x_wconf 87' lang='lat' dir='ltr'>Roiaumes</span> <span class='ocrx_word' id='word_1_12' title='bbox 899 263 1088 304; x_wconf 85' lang='lat' dir='ltr'>d’Engleterre</span> <span class='ocrx_word' id='word_1_13' title='bbox 1105 266 1138 296; x_wconf 65' lang='grc' dir='ltr'>ὃς</span> <span class='ocrx_word' id='word_1_14' title='bbox 1156 264 1193 294; x_wconf 92' lang='lat' dir='ltr'>de</span> 
     </span>
    </p>
   </div>
   <div class='ocr_carea' id='block_1_3' title="bbox 0 311 92 377">
    <p class='ocr_par' dir='ltr' id='par_1_3' title="bbox 0 311 92 377">
     <span class='ocr_line' id='line_1_3' title="bbox 5 311 92 338; baseline 0 -6"><span class='ocrx_word' id='word_1_15' title='bbox 5 311 92 338; x_wconf 77' lang='lat'>1411.</span> 
     </span>
     <span class='ocr_line' id='line_1_4' title="bbox 0 346 91 377; baseline 0 -9"><span class='ocrx_word' id='word_1_16' title='bbox 0 346 48 370; x_wconf 73' lang='lat' dir='ltr'>len.</span> <span class='ocrx_word' id='word_1_17' title='bbox 63 350 91 377; x_wconf 79' lang='lat'>4.</span> 
     </span>
    </p>
   </div>
   <div class='ocr_carea' id='block_1_4' title="bbox 15 1684 104 1764">
    <p class='ocr_par' dir='ltr' id='par_1_4' title="bbox 15 1684 104 1764">
     <span class='ocr_line' id='line_1_5' title="bbox 18 1684 104 1718; baseline 0.012 -1"><span class='ocrx_word' id='word_1_18' title='bbox 18 1684 104 1718; x_wconf 77' lang='lat' dir='ltr'>virt.</span> 
     </span>
     <span class='ocr_line' id='line_1_6' title="bbox 15 1728 82 1764; baseline 0 -8"><span class='ocrx_word' id='word_1_19' title='bbox 15 1728 82 1764; x_wconf 82' lang='lat'><strong>⁶69.</strong></span> 
     </span>
    </p>
   </div>
   <div class='ocr_carea' id='block_1_5' title="bbox 130 302 1193 456">
    <p class='ocr_par' dir='ltr' id='par_1_5' title="bbox 131 302 729 343">
     <span class='ocr_line' id='line_1_7' title="bbox 131 302 729 343; baseline -0.003 -9"><span class='ocrx_word' id='word_1_20' title='bbox 131 305 155 334; x_wconf 93' lang='lat' dir='ltr'>F</span> <span class='ocrx_word' id='word_1_21' title='bbox 157 315 257 343; x_wconf 75' lang='lat' dir='ltr'>rance,</span> <span class='ocrx_word' id='word_1_22' title='bbox 275 306 308 336; x_wconf 73' lang='grc' dir='ltr'>ὅτ.</span> <span class='ocrx_word' id='word_1_23' title='bbox 322 304 348 334; x_wconf 91' lang='lat' dir='ltr'>le</span> <span class='ocrx_word' id='word_1_24' title='bbox 357 303 424 334; x_wconf 88' lang='lat' dir='ltr'>Bien</span> <span class='ocrx_word' id='word_1_25' title='bbox 440 302 576 340; x_wconf 88' lang='lat' dir='ltr'>Publique</span> <span class='ocrx_word' id='word_1_26' title='bbox 590 302 729 339; x_wconf 82' lang='lat' dir='ltr'>d&#39;iceulx,</span> 
     </span>
    </p>

    <p class='ocr_par' dir='ltr' id='par_1_6' title="bbox 130 339 1193 420">
     <span class='ocr_line' id='line_1_8' title="bbox 166 339 1193 381; baseline -0.002 -8"><span class='ocrx_word' id='word_1_27' title='bbox 166 343 282 374; x_wconf 86' lang='lat' dir='ltr'>Sicome</span> <span class='ocrx_word' id='word_1_28' title='bbox 302 351 350 379; x_wconf 84' lang='lat' dir='ltr'>per</span> <span class='ocrx_word' id='word_1_29' title='bbox 372 341 410 372; x_wconf 88' lang='lat' dir='ltr'>les</span> <span class='ocrx_word' id='word_1_30' title='bbox 434 341 542 371; x_wconf 86' lang='lat' dir='ltr'>Lettres</span> <span class='ocrx_word' id='word_1_31' title='bbox 553 340 588 370; x_wconf 89' lang='lat' dir='ltr'>de</span> <span class='ocrx_word' id='word_1_32' title='bbox 603 339 798 371; x_wconf 79' lang='lat' dir='ltr'>Commiffion</span> <span class='ocrx_word' id='word_1_33' title='bbox 813 363 822 378; x_wconf 88' lang='lat'>‚</span> <span class='ocrx_word' id='word_1_34' title='bbox 839 339 976 381; x_wconf 89' lang='lat' dir='ltr'>d&#39;ycelluy</span> <span class='ocrx_word' id='word_1_35' title='bbox 996 341 1130 381; x_wconf 81' lang='lat' dir='ltr'>Seigneur</span> <span class='ocrx_word' id='word_1_36' title='bbox 1146 364 1156 379; x_wconf 84' lang='lat'>,</span> <span class='ocrx_word' id='word_1_37' title='bbox 1177 350 1193 371; x_wconf 84' lang='lat' dir='ltr'>a</span> 
     </span>
     <span class='ocr_line' id='line_1_9' title="bbox 130 379 875 420; baseline -0.004 -8"><span class='ocrx_word' id='word_1_38' title='bbox 130 381 219 412; x_wconf 86' lang='lat' dir='ltr'>Nous</span> <span class='ocrx_word' id='word_1_39' title='bbox 233 381 350 420; x_wconf 87' lang='lat' dir='ltr'>sourcey</span> <span class='ocrx_word' id='word_1_40' title='bbox 363 379 483 417; x_wconf 84' lang='lat' dir='ltr'>baillez,</span> <span class='ocrx_word' id='word_1_41' title='bbox 503 387 611 410; x_wconf 65' lang='lat' dir='ltr'>pour·</span> <span class='ocrx_word' id='word_1_42' title='bbox 632 387 802 409; x_wconf 77' lang='lat' dir='ltr'>APPARO</span> <span class='ocrx_word' id='word_1_43' title='bbox 815 387 875 416; x_wconf 62' lang='grc' dir='ltr'>ιιι,</span> 
     </span>
    </p>

    <p class='ocr_par' dir='ltr' id='par_1_7' title="bbox 167 417 672 456">
     <span class='ocr_line' id='line_1_10' title="bbox 167 417 672 456; baseline -0.006 -6"><span class='ocrx_word' id='word_1_44' title='bbox 167 419 228 450; x_wconf 90' lang='lat' dir='ltr'>Des</span> <span class='ocrx_word' id='word_1_45' title='bbox 246 418 345 456; x_wconf 88' lang='lat' dir='ltr'>quelles</span> <span class='ocrx_word' id='word_1_46' title='bbox 358 417 385 447; x_wconf 89' lang='lat' dir='ltr'>le</span> <span class='ocrx_word' id='word_1_47' title='bbox 401 418 532 448; x_wconf 89' lang='lat' dir='ltr'>Teneure</span> <span class='ocrx_word' id='word_1_48' title='bbox 548 417 672 455; x_wconf 83' lang='lat' dir='ltr'>s&#39;ensuit‚</span> 
     </span>
    </p>
   </div>
   <div class='ocr_carea' id='block_1_6' title="bbox 118 491 1195 2225">
    <p class='ocr_par' dir='ltr' id='par_1_8' title="bbox 126 491 1193 609">
     <span class='ocr_line' id='line_1_11' title="bbox 128 491 1193 567; baseline 0 -43"><span class='ocrx_word' id='word_1_49' title='bbox 128 496 325 567; x_wconf 81' lang='lat' dir='ltr'>HEnricur</span> <span class='ocrx_word' id='word_1_50' title='bbox 337 517 347 532; x_wconf 85' lang='lat'>,</span> <span class='ocrx_word' id='word_1_51' title='bbox 366 493 425 525; x_wconf 92' lang='lat' dir='ltr'>Dei</span> <span class='ocrx_word' id='word_1_52' title='bbox 446 495 551 533; x_wconf 69' lang='lat' dir='ltr'>gratia,</span> <span class='ocrx_word' id='word_1_53' title='bbox 567 497 628 524; x_wconf 70' lang='lat' dir='ltr'>Rex</span> <span class='ocrx_word' id='word_1_54' title='bbox 649 492 762 530; x_wconf 80' lang='lat' dir='ltr'>Angliae</span> <span class='ocrx_word' id='word_1_55' title='bbox 784 491 822 526; x_wconf 58' lang='grc' dir='ltr'><strong><em>ὠ</em></strong></span> <span class='ocrx_word' id='word_1_56' title='bbox 843 495 981 531; x_wconf 82' lang='lat' dir='ltr'>Franciae,</span> <span class='ocrx_word' id='word_1_57' title='bbox 998 494 1030 524; x_wconf 70' lang='grc' dir='ltr'>ὃ(</span> <span class='ocrx_word' id='word_1_58' title='bbox 1046 493 1193 524; x_wconf 84' lang='lat' dir='ltr'><strong>Dominus</strong></span> 
     </span>
     <span class='ocr_line' id='line_1_12' title="bbox 218 531 1191 571; baseline 0 -9"><span class='ocrx_word' id='word_1_59' title='bbox 218 532 367 563; x_wconf 81' lang='lat' dir='ltr'>Hiberniae</span> <span class='ocrx_word' id='word_1_60' title='bbox 381 556 390 571; x_wconf 91' lang='lat'>‚</span> <span class='ocrx_word' id='word_1_61' title='bbox 408 534 543 564; x_wconf 87' lang='lat' dir='ltr'>omnibus</span> <span class='ocrx_word' id='word_1_62' title='bbox 562 532 596 562; x_wconf 87' lang='lat' dir='ltr'>ad</span> <span class='ocrx_word' id='word_1_63' title='bbox 620 541 688 570; x_wconf 90' lang='lat' dir='ltr'>quos</span> <span class='ocrx_word' id='word_1_64' title='bbox 704 531 850 570; x_wconf 81' lang='lat' dir='ltr'>praesentes</span> <span class='ocrx_word' id='word_1_65' title='bbox 871 532 971 562; x_wconf 76' lang='lat' dir='ltr'>Literae</span> <span class='ocrx_word' id='word_1_66' title='bbox 987 534 1164 571; x_wconf 86' lang='lat' dir='ltr'>pervenerint</span> <span class='ocrx_word' id='word_1_67' title='bbox 1181 555 1191 571; x_wconf 84' lang='lat'>,</span> 
     </span>
     <span class='ocr_line' id='line_1_13' title="bbox 126 569 677 609; baseline -0.004 -8"><span class='ocrx_word' id='word_1_68' title='bbox 126 569 250 602; x_wconf 88' lang='lat' dir='ltr'>Salutem</span> <span class='ocrx_word' id='word_1_69' title='bbox 268 572 296 604; x_wconf 86' lang='lat' dir='ltr'>in</span> <span class='ocrx_word' id='word_1_70' title='bbox 312 571 445 603; x_wconf 90' lang='lat' dir='ltr'>Domino</span> <span class='ocrx_word' id='word_1_71' title='bbox 460 571 677 609; x_wconf 89' lang='lat' dir='ltr'>Sempiternam.</span> 
     </span>
    </p>

    <p class='ocr_par' dir='ltr' id='par_1_9' title="bbox 161 608 696 646">
     <span class='ocr_line' id='line_1_14' title="bbox 161 608 696 646; baseline -0.002 -7"><span class='ocrx_word' id='word_1_72' title='bbox 161 608 291 641; x_wconf 82' lang='lat' dir='ltr'>Noverit</span> <span class='ocrx_word' id='word_1_73' title='bbox 306 608 480 641; x_wconf 84' lang='lat' dir='ltr'>Universitas</span> <span class='ocrx_word' id='word_1_74' title='bbox 495 609 585 640; x_wconf 85' lang='lat' dir='ltr'>vestra</span> <span class='ocrx_word' id='word_1_75' title='bbox 599 608 696 646; x_wconf 80' lang='lat' dir='ltr'>quod,</span> 
     </span>
    </p>

    <p class='ocr_par' dir='ltr' id='par_1_10' title="bbox 118 645 1188 843">
     <span class='ocr_line' id='line_1_15' title="bbox 162 645 1186 685; baseline -0.003 -6"><span class='ocrx_word' id='word_1_76' title='bbox 162 648 211 679; x_wconf 92' lang='lat' dir='ltr'>Ad</span> <span class='ocrx_word' id='word_1_77' title='bbox 226 648 381 679; x_wconf 88' lang='lat' dir='ltr'>Honorem</span> <span class='ocrx_word' id='word_1_78' title='bbox 396 648 472 685; x_wconf 76' lang='lat' dir='ltr'>Dei,</span> <span class='ocrx_word' id='word_1_79' title='bbox 491 649 524 679; x_wconf 70' lang='grc' dir='ltr'>ὃ(</span> <span class='ocrx_word' id='word_1_80' title='bbox 538 647 682 685; x_wconf 82' lang='lat' dir='ltr'>Sanguinis</span> <span class='ocrx_word' id='word_1_81' title='bbox 696 645 846 677; x_wconf 85' lang='lat' dir='ltr'>Christiani</span> <span class='ocrx_word' id='word_1_82' title='bbox 859 646 1043 685; x_wconf 78' lang='lat' dir='ltr'>effusionem,</span> <span class='ocrx_word' id='word_1_83' title='bbox 1061 646 1186 684; x_wconf 81' lang='lat' dir='ltr'>malaque</span> 
     </span>
     <span class='ocr_line' id='line_1_16' title="bbox 118 685 1187 724; baseline -0.004 -7"><span class='ocrx_word' id='word_1_84' title='bbox 118 695 157 716; x_wconf 24' lang='lat' dir='ltr'>rac</span> <span class='ocrx_word' id='word_1_85' title='bbox 179 687 301 724; x_wconf 87' lang='lat' dir='ltr'>dampna</span> <span class='ocrx_word' id='word_1_86' title='bbox 320 686 503 724; x_wconf 81' lang='lat' dir='ltr'>irreparabilia</span> <span class='ocrx_word' id='word_1_87' title='bbox 524 685 652 716; x_wconf 83' lang='lat' dir='ltr'>evitanda</span> <span class='ocrx_word' id='word_1_88' title='bbox 666 708 675 724; x_wconf 87' lang='lat'>‚</span> <span class='ocrx_word' id='word_1_89' title='bbox 694 696 756 724; x_wconf 77' lang='lat' dir='ltr'>quae</span> <span class='ocrx_word' id='word_1_90' title='bbox 770 708 779 724; x_wconf 85' lang='lat'>,</span> <span class='ocrx_word' id='word_1_91' title='bbox 798 685 888 716; x_wconf 87' lang='lat' dir='ltr'>stante</span> <span class='ocrx_word' id='word_1_92' title='bbox 901 685 1013 716; x_wconf 73' lang='lat' dir='ltr'>Guerra</span> <span class='ocrx_word' id='word_1_93' title='bbox 1029 687 1097 715; x_wconf 90' lang='lat' dir='ltr'>inter</span> <span class='ocrx_word' id='word_1_94' title='bbox 1117 685 1187 714; x_wconf 86' lang='lat' dir='ltr'>Nos</span> 
     </span>
     <span class='ocr_line' id='line_1_17' title="bbox 122 724 1188 764; baseline -0.003 -8"><span class='ocrx_word' id='word_1_95' title='bbox 122 726 157 756; x_wconf 87' lang='lat'>&amp;</span> <span class='ocrx_word' id='word_1_96' title='bbox 174 725 369 756; x_wconf 68' lang='lat' dir='ltr'>Adverfiirium</span> <span class='ocrx_word' id='word_1_97' title='bbox 383 725 513 755; x_wconf 84' lang='lat' dir='ltr'>nostrum</span> <span class='ocrx_word' id='word_1_98' title='bbox 525 724 561 755; x_wconf 92' lang='lat' dir='ltr'>de</span> <span class='ocrx_word' id='word_1_99' title='bbox 574 724 703 762; x_wconf 80' lang='lat' dir='ltr'>Francia,</span> <span class='ocrx_word' id='word_1_100' title='bbox 721 724 901 754; x_wconf 83' lang='lat' dir='ltr'>verisimiliter</span> <span class='ocrx_word' id='word_1_101' title='bbox 917 725 949 754; x_wconf 66' lang='grc' dir='ltr'>ὃς</span> <span class='ocrx_word' id='word_1_102' title='bbox 966 725 1019 759; x_wconf 76' lang='lat' dir='ltr'>sine</span> <span class='ocrx_word' id='word_1_103' title='bbox 1032 724 1120 764; x_wconf 86' lang='lat' dir='ltr'>dubio</span> <span class='ocrx_word' id='word_1_104' title='bbox 1136 733 1188 760; x_wconf 89' lang='lat' dir='ltr'>po-</span> 
     </span>
     <span class='ocr_line' id='line_1_18' title="bbox 123 762 1188 803; baseline -0.003 -10"><span class='ocrx_word' id='word_1_105' title='bbox 123 771 216 794; x_wconf 88' lang='lat' dir='ltr'>terunt</span> <span class='ocrx_word' id='word_1_106' title='bbox 229 764 359 801; x_wconf 85' lang='lat' dir='ltr'>evenire,</span> <span class='ocrx_word' id='word_1_107' title='bbox 378 771 461 803; x_wconf 90' lang='lat' dir='ltr'>prout</span> <span class='ocrx_word' id='word_1_108' title='bbox 472 765 530 801; x_wconf 80' lang='lat' dir='ltr'>jam</span> <span class='ocrx_word' id='word_1_109' title='bbox 546 763 678 793; x_wconf 81' lang='lat' dir='ltr'>veraciter</span> <span class='ocrx_word' id='word_1_110' title='bbox 691 772 844 793; x_wconf 88' lang='lat' dir='ltr'>evenerunt</span> <span class='ocrx_word' id='word_1_111' title='bbox 859 785 870 800; x_wconf 90' lang='lat'>,</span> <span class='ocrx_word' id='word_1_112' title='bbox 894 762 962 793; x_wconf 76' lang='lat' dir='ltr'>licut</span> <span class='ocrx_word' id='word_1_113' title='bbox 975 763 1100 792; x_wconf 67' lang='lat' dir='ltr'>transacti</span> <span class='ocrx_word' id='word_1_114' title='bbox 1115 770 1188 792; x_wconf 88' lang='lat' dir='ltr'>tem-</span> 
     </span>
     <span class='ocr_line' id='line_1_19' title="bbox 124 801 1163 843; baseline 0 -12"><span class='ocrx_word' id='word_1_115' title='bbox 124 803 202 839; x_wconf 85' lang='lat' dir='ltr'>poris</span> <span class='ocrx_word' id='word_1_116' title='bbox 215 802 306 832; x_wconf 91' lang='lat' dir='ltr'>cursus</span> <span class='ocrx_word' id='word_1_117' title='bbox 323 803 425 832; x_wconf 83' lang='lat' dir='ltr'>edocet</span> <span class='ocrx_word' id='word_1_118' title='bbox 443 801 606 839; x_wconf 74' lang='lat' dir='ltr'>manifeste,</span> <span class='ocrx_word' id='word_1_119' title='bbox 946 838 950 843; x_wconf 25' lang='grc' dir='ltr'>ι</span> <span class='ocrx_word' id='word_1_120' title='bbox 1159 838 1163 842; x_wconf 45' lang='grc'><strong>,</strong></span> 
     </span>
    </p>

    <p class='ocr_par' dir='ltr' id='par_1_11' title="bbox 123 836 1186 916">
     <span class='ocr_line' id='line_1_20' title="bbox 161 836 1186 872; baseline -0.003 -3"><span class='ocrx_word' id='word_1_121' title='bbox 161 838 333 870; x_wconf 88' lang='lat' dir='ltr'>Inclinamur</span> <span class='ocrx_word' id='word_1_122' title='bbox 349 841 382 872; x_wconf 90' lang='lat'>&amp;</span> <span class='ocrx_word' id='word_1_123' title='bbox 397 840 559 871; x_wconf 77' lang='lat' dir='ltr'>assentimus</span> <span class='ocrx_word' id='word_1_124' title='bbox 577 839 612 871; x_wconf 86' lang='lat' dir='ltr'>ad</span> <span class='ocrx_word' id='word_1_125' title='bbox 625 838 820 870; x_wconf 60' lang='lat' dir='ltr'>Tractandum</span> <span class='ocrx_word' id='word_1_126' title='bbox 837 848 904 870; x_wconf 88' lang='lat' dir='ltr'>cum</span> <span class='ocrx_word' id='word_1_127' title='bbox 923 837 1002 868; x_wconf 63' lang='lat' dir='ltr'>duffio</span> <span class='ocrx_word' id='word_1_128' title='bbox 1019 836 1186 867; x_wconf 73' lang='lat' dir='ltr'>Adversarro</span> 
     </span>
     <span class='ocr_line' id='line_1_21' title="bbox 123 877 419 916; baseline 0.007 -9"><span class='ocrx_word' id='word_1_129' title='bbox 123 877 221 908; x_wconf 88' lang='lat' dir='ltr'>nostro</span> <span class='ocrx_word' id='word_1_130' title='bbox 235 878 271 909; x_wconf 89' lang='lat' dir='ltr'>de</span> <span class='ocrx_word' id='word_1_131' title='bbox 286 878 401 909; x_wconf 79' lang='lat' dir='ltr'>Francia</span> <span class='ocrx_word' id='word_1_132' title='bbox 410 901 419 916; x_wconf 88' lang='lat'>‚</span> 
     </span>
    </p>

    <p class='ocr_par' dir='ltr' id='par_1_12' title="bbox 123 912 1188 1110">
     <span class='ocr_line' id='line_1_22' title="bbox 160 912 1185 956; baseline -0.003 -10"><span class='ocrx_word' id='word_1_133' title='bbox 160 915 216 954; x_wconf 86' lang='lat' dir='ltr'>Et,</span> <span class='ocrx_word' id='word_1_134' title='bbox 234 918 274 948; x_wconf 92' lang='lat' dir='ltr'>ob</span> <span class='ocrx_word' id='word_1_135' title='bbox 287 917 360 948; x_wconf 86' lang='lat' dir='ltr'>hanc</span> <span class='ocrx_word' id='word_1_136' title='bbox 377 916 496 947; x_wconf 80' lang='lat' dir='ltr'>Causam</span> <span class='ocrx_word' id='word_1_137' title='bbox 511 940 520 956; x_wconf 86' lang='lat'>,</span> <span class='ocrx_word' id='word_1_138' title='bbox 539 917 674 947; x_wconf 84' lang='lat' dir='ltr'>mittimus</span> <span class='ocrx_word' id='word_1_139' title='bbox 689 939 698 954; x_wconf 92' lang='lat'>,</span> <span class='ocrx_word' id='word_1_140' title='bbox 716 915 751 946; x_wconf 91' lang='lat' dir='ltr'>de</span> <span class='ocrx_word' id='word_1_141' title='bbox 765 915 907 953; x_wconf 74' lang='lat' dir='ltr'>praesenti,</span> <span class='ocrx_word' id='word_1_142' title='bbox 927 913 1017 944; x_wconf 86' lang='lat' dir='ltr'>versus</span> <span class='ocrx_word' id='word_1_143' title='bbox 1053 922 1119 943; x_wconf 90' lang='lat' dir='ltr'>artes</span> <span class='ocrx_word' id='word_1_144' title='bbox 1134 912 1185 943; x_wconf 91' lang='lat' dir='ltr'>Pi-</span> 
     </span>
     <span class='ocr_line' id='line_1_23' title="bbox 123 952 1187 993; baseline -0.002 -9"><span class='ocrx_word' id='word_1_145' title='bbox 123 955 225 985; x_wconf 74' lang='lat' dir='ltr'>cardiae</span> <span class='ocrx_word' id='word_1_146' title='bbox 240 979 249 993; x_wconf 80' lang='lat'>‚</span> <span class='ocrx_word' id='word_1_147' title='bbox 269 955 471 987; x_wconf 86' lang='lat' dir='ltr'>Reverendum</span> <span class='ocrx_word' id='word_1_148' title='bbox 493 957 523 986; x_wconf 93' lang='lat' dir='ltr'>in</span> <span class='ocrx_word' id='word_1_149' title='bbox 546 954 663 986; x_wconf 82' lang='lat' dir='ltr'>Christo</span> <span class='ocrx_word' id='word_1_150' title='bbox 686 955 797 984; x_wconf 86' lang='lat' dir='ltr'>Patrem</span> <span class='ocrx_word' id='word_1_151' title='bbox 811 975 821 991; x_wconf 89' lang='lat'>,</span> <span class='ocrx_word' id='word_1_152' title='bbox 838 954 1000 990; x_wconf 82' lang='lat' dir='ltr'>Henricum,</span> <span class='ocrx_word' id='word_1_153' title='bbox 1052 953 1078 982; x_wconf 91' lang='lat' dir='ltr'>ei</span> <span class='ocrx_word' id='word_1_154' title='bbox 1098 952 1187 992; x_wconf 70' lang='lat' dir='ltr'>gratia</span> 
     </span>
     <span class='ocr_line' id='line_1_24' title="bbox 125 990 1187 1032; baseline -0.004 -9"><span class='ocrx_word' id='word_1_155' title='bbox 125 991 279 1032; x_wconf 76' lang='lat' dir='ltr'>Epistopum</span> <span class='ocrx_word' id='word_1_156' title='bbox 295 993 501 1032; x_wconf 69' lang='lat' dir='ltr'>Menevenfi’m,</span> <span class='ocrx_word' id='word_1_157' title='bbox 520 1003 634 1024; x_wconf 88' lang='lat' dir='ltr'>necnon</span> <span class='ocrx_word' id='word_1_158' title='bbox 649 992 778 1022; x_wconf 69' lang='lat' dir='ltr'>Dilec‘los</span> <span class='ocrx_word' id='word_1_159' title='bbox 792 992 825 1021; x_wconf 85' lang='lat'>&amp;</span> <span class='ocrx_word' id='word_1_160' title='bbox 841 991 947 1021; x_wconf 87' lang='lat' dir='ltr'>Fideles</span> <span class='ocrx_word' id='word_1_161' title='bbox 961 990 1070 1021; x_wconf 87' lang='lat' dir='ltr'>nostros</span> <span class='ocrx_word' id='word_1_162' title='bbox 1084 1013 1093 1028; x_wconf 87' lang='lat'>,</span> <span class='ocrx_word' id='word_1_163' title='bbox 1108 994 1187 1020; x_wconf 79' lang='lat' dir='ltr'>Hen-</span> 
     </span>
     <span class='ocr_line' id='line_1_25' title="bbox 125 1029 1188 1069; baseline -0.003 -7"><span class='ocrx_word' id='word_1_164' title='bbox 125 1035 206 1062; x_wconf 81' lang='lat' dir='ltr'>ritum</span> <span class='ocrx_word' id='word_1_165' title='bbox 220 1036 366 1064; x_wconf 82' lang='lat' dir='ltr'>Dominum</span> <span class='ocrx_word' id='word_1_166' title='bbox 379 1032 411 1062; x_wconf 83' lang='lat' dir='ltr'>de</span> <span class='ocrx_word' id='word_1_167' title='bbox 425 1035 579 1062; x_wconf 81' lang='lat' dir='ltr'>Beaumont</span> <span class='ocrx_word' id='word_1_168' title='bbox 618 1031 778 1069; x_wconf 76' lang='lat' dir='ltr'>Johannem</span> <span class='ocrx_word' id='word_1_169' title='bbox 792 1030 893 1063; x_wconf 69' lang='lat' dir='ltr'>cheyne</span> <span class='ocrx_word' id='word_1_170' title='bbox 908 1029 1053 1068; x_wconf 84' lang='lat' dir='ltr'>Militem,</span> <span class='ocrx_word' id='word_1_171' title='bbox 1071 1030 1103 1060; x_wconf 66' lang='grc' dir='ltr'>ὃς</span> <span class='ocrx_word' id='word_1_172' title='bbox 1119 1029 1188 1059; x_wconf 88' lang='lat' dir='ltr'>Ma-</span> 
     </span>
     <span class='ocr_line' id='line_1_26' title="bbox 124 1054 941 1110; baseline -0.004 -10"><span class='ocrx_word' id='word_1_173' title='bbox 124 1070 247 1108; x_wconf 85' lang='lat' dir='ltr'>gistrum</span> <span class='ocrx_word' id='word_1_174' title='bbox 261 1071 420 1110; x_wconf 81' lang='lat' dir='ltr'>Johannem</span> <span class='ocrx_word' id='word_1_175' title='bbox 432 1071 532 1110; x_wconf 84' lang='lat' dir='ltr'>Catryk</span> <span class='ocrx_word' id='word_1_176' title='bbox 545 1071 574 1100; x_wconf 91' lang='lat' dir='ltr'>in</span> <span class='ocrx_word' id='word_1_177' title='bbox 589 1054 716 1099; x_wconf 67' lang='lat' dir='ltr'>lDecretis</span> <span class='ocrx_word' id='word_1_178' title='bbox 730 1069 922 1099; x_wconf 88' lang='lat' dir='ltr'>Licentiatum</span> <span class='ocrx_word' id='word_1_179' title='bbox 931 1091 941 1106; x_wconf 88' lang='lat'>‚</span> 
     </span>
    </p>

    <p class='ocr_par' dir='ltr' id='par_1_13' title="bbox 122 1105 1182 1178">
     <span class='ocr_line' id='line_1_27' title="bbox 122 1105 1182 1178; baseline -0.004 -39"><span class='ocrx_word' id='word_1_180' title='bbox 122 1147 141 1178; x_wconf 75' lang='lat' dir='ltr'>d</span> <span class='ocrx_word' id='word_1_181' title='bbox 162 1108 212 1139; x_wconf 90' lang='lat' dir='ltr'>De</span> <span class='ocrx_word' id='word_1_182' title='bbox 228 1120 349 1150; x_wconf 88' lang='lat' dir='ltr'>quorum</span> <span class='ocrx_word' id='word_1_183' title='bbox 370 1109 512 1146; x_wconf 85' lang='lat' dir='ltr'>fidelitate,</span> <span class='ocrx_word' id='word_1_184' title='bbox 530 1108 710 1146; x_wconf 80' lang='lat' dir='ltr'>discretione,</span> <span class='ocrx_word' id='word_1_185' title='bbox 728 1108 761 1138; x_wconf 91' lang='lat'>&amp;</span> <span class='ocrx_word' id='word_1_186' title='bbox 782 1107 918 1138; x_wconf 68' lang='lat' dir='ltr'>Industria</span> <span class='ocrx_word' id='word_1_187' title='bbox 933 1130 942 1145; x_wconf 90' lang='lat'>,</span> <span class='ocrx_word' id='word_1_188' title='bbox 960 1106 1069 1145; x_wconf 74' lang='lat' dir='ltr'>plenius</span> <span class='ocrx_word' id='word_1_189' title='bbox 1090 1105 1182 1137; x_wconf 85' lang='lat' dir='ltr'>confi-</span> 
     </span>
     <span class='ocr_line' id='line_1_28' title="bbox 143 1157 218 1178; baseline 0 0"><span class='ocrx_word' id='word_1_190' title='bbox 143 1157 218 1178; x_wconf 88' lang='lat' dir='ltr'>entes</span> 
     </span>
    </p>

    <p class='ocr_par' dir='ltr' id='par_1_14' title="bbox 121 1171 1189 1494">
     <span class='ocr_line' id='line_1_29' title="bbox 160 1171 1188 1226; baseline -0.005 -8"><span class='ocrx_word' id='word_1_191' title='bbox 160 1171 385 1226; x_wconf 78' lang='lat' dir='ltr'>Ipfis’Quatu0r‚</span> <span class='ocrx_word' id='word_1_192' title='bbox 404 1186 528 1224; x_wconf 83' lang='lat' dir='ltr'>Tribus,</span> <span class='ocrx_word' id='word_1_193' title='bbox 544 1184 589 1216; x_wconf 92' lang='lat' dir='ltr'>vel</span> <span class='ocrx_word' id='word_1_194' title='bbox 603 1184 725 1216; x_wconf 87' lang='lat' dir='ltr'>Duobus</span> <span class='ocrx_word' id='word_1_195' title='bbox 740 1186 923 1221; x_wconf 86' lang='lat' dir='ltr'>eorumdem,</span> <span class='ocrx_word' id='word_1_196' title='bbox 933 1183 1093 1221; x_wconf 84' lang='lat' dir='ltr'>Dedimus,</span> <span class='ocrx_word' id='word_1_197' title='bbox 1103 1182 1188 1213; x_wconf 91' lang='lat' dir='ltr'>Con-</span> 
     </span>
     <span class='ocr_line' id='line_1_30' title="bbox 126 1222 1188 1264; baseline -0.004 -9"><span class='ocrx_word' id='word_1_198' title='bbox 126 1225 256 1256; x_wconf 84' lang='lat' dir='ltr'>ceffimus</span> <span class='ocrx_word' id='word_1_199' title='bbox 267 1248 278 1264; x_wconf 89' lang='lat'>,</span> <span class='ocrx_word' id='word_1_200' title='bbox 297 1226 330 1257; x_wconf 89' lang='lat'>&amp;</span> <span class='ocrx_word' id='word_1_201' title='bbox 351 1224 574 1261; x_wconf 80' lang='lat' dir='ltr'>Commilimus,</span> <span class='ocrx_word' id='word_1_202' title='bbox 591 1234 624 1254; x_wconf 92' lang='lat' dir='ltr'>ac</span> <span class='ocrx_word' id='word_1_203' title='bbox 644 1223 755 1254; x_wconf 83' lang='lat' dir='ltr'>Damus</span> <span class='ocrx_word' id='word_1_204' title='bbox 772 1246 782 1261; x_wconf 81' lang='lat'>,</span> <span class='ocrx_word' id='word_1_205' title='bbox 798 1223 994 1253; x_wconf 81' lang='lat' dir='ltr'>Concedimus</span> <span class='ocrx_word' id='word_1_206' title='bbox 1009 1246 1018 1259; x_wconf 77' lang='lat'>,</span> <span class='ocrx_word' id='word_1_207' title='bbox 1038 1223 1071 1252; x_wconf 89' lang='lat'>&amp;</span> <span class='ocrx_word' id='word_1_208' title='bbox 1092 1222 1188 1251; x_wconf 89' lang='lat' dir='ltr'>Com-</span> 
     </span>
     <span class='ocr_line' id='line_1_31' title="bbox 124 1261 1186 1302; baseline -0.003 -10"><span class='ocrx_word' id='word_1_209' title='bbox 124 1264 263 1294; x_wconf 87' lang='lat' dir='ltr'>mittimus</span> <span class='ocrx_word' id='word_1_210' title='bbox 274 1274 322 1301; x_wconf 87' lang='lat' dir='ltr'>per</span> <span class='ocrx_word' id='word_1_211' title='bbox 338 1264 499 1302; x_wconf 77' lang='lat' dir='ltr'>praesentes,</span> <span class='ocrx_word' id='word_1_212' title='bbox 517 1262 700 1293; x_wconf 80' lang='lat' dir='ltr'>sufficientem</span> <span class='ocrx_word' id='word_1_213' title='bbox 717 1262 924 1292; x_wconf 73' lang='lat' dir='ltr'>AuCtoritatem</span> <span class='ocrx_word' id='word_1_214' title='bbox 940 1283 948 1298; x_wconf 85' lang='lat'>,</span> <span class='ocrx_word' id='word_1_215' title='bbox 968 1261 1136 1298; x_wconf 87' lang='lat' dir='ltr'>plenamque</span> <span class='ocrx_word' id='word_1_216' title='bbox 1153 1269 1186 1289; x_wconf 89' lang='lat' dir='ltr'>ac</span> 
     </span>
     <span class='ocr_line' id='line_1_32' title="bbox 121 1298 1186 1340; baseline -0.003 -10"><span class='ocrx_word' id='word_1_217' title='bbox 121 1299 238 1332; x_wconf 85' lang='lat' dir='ltr'>liberam</span> <span class='ocrx_word' id='word_1_218' title='bbox 252 1302 440 1340; x_wconf 85' lang='lat' dir='ltr'>Potestatem‚</span> <span class='ocrx_word' id='word_1_219' title='bbox 456 1302 490 1332; x_wconf 87' lang='lat'>&amp;</span> <span class='ocrx_word' id='word_1_220' title='bbox 507 1300 677 1331; x_wconf 85' lang='lat' dir='ltr'>Mandatum</span> <span class='ocrx_word' id='word_1_221' title='bbox 712 1300 818 1330; x_wconf 79' lang='lat' dir='ltr'>enerale</span> <span class='ocrx_word' id='word_1_222' title='bbox 831 1310 863 1330; x_wconf 88' lang='lat' dir='ltr'>ac</span> <span class='ocrx_word' id='word_1_223' title='bbox 878 1299 992 1336; x_wconf 80' lang='lat' dir='ltr'>speciale</span> <span class='ocrx_word' id='word_1_224' title='bbox 1002 1322 1010 1336; x_wconf 81' lang='lat'>‚</span> <span class='ocrx_word' id='word_1_225' title='bbox 1029 1308 1079 1336; x_wconf 89' lang='lat' dir='ltr'>pro</span> <span class='ocrx_word' id='word_1_226' title='bbox 1089 1298 1186 1328; x_wconf 83' lang='lat' dir='ltr'>Nobis</span> 
     </span>
     <span class='ocr_line' id='line_1_33' title="bbox 123 1337 1186 1377; baseline -0.005 -6"><span class='ocrx_word' id='word_1_227' title='bbox 123 1338 158 1370; x_wconf 84' lang='lat'>&amp;</span> <span class='ocrx_word' id='word_1_228' title='bbox 171 1341 288 1371; x_wconf 87' lang='lat' dir='ltr'>nomine</span> <span class='ocrx_word' id='word_1_229' title='bbox 304 1339 415 1377; x_wconf 84' lang='lat' dir='ltr'>nostro,</span> <span class='ocrx_word' id='word_1_230' title='bbox 432 1349 544 1371; x_wconf 89' lang='lat' dir='ltr'>necnon</span> <span class='ocrx_word' id='word_1_231' title='bbox 559 1349 612 1377; x_wconf 86' lang='lat' dir='ltr'>pro</span> <span class='ocrx_word' id='word_1_232' title='bbox 627 1338 685 1369; x_wconf 90' lang='lat' dir='ltr'>Sub</span> <span class='ocrx_word' id='word_1_233' title='bbox 706 1339 749 1369; x_wconf 91' lang='lat' dir='ltr'>itis</span> <span class='ocrx_word' id='word_1_234' title='bbox 763 1362 772 1375; x_wconf 90' lang='lat'>,</span> <span class='ocrx_word' id='word_1_235' title='bbox 792 1337 955 1376; x_wconf 80' lang='lat' dir='ltr'>Colligatis,</span> <span class='ocrx_word' id='word_1_236' title='bbox 975 1339 1005 1367; x_wconf 67' lang='grc' dir='ltr'>δε</span> <span class='ocrx_word' id='word_1_237' title='bbox 1024 1337 1186 1367; x_wconf 77' lang='lat' dir='ltr'>Confoede-</span> 
     </span>
     <span class='ocr_line' id='line_1_34' title="bbox 123 1374 1189 1418; baseline -0.003 -11"><span class='ocrx_word' id='word_1_238' title='bbox 123 1379 186 1408; x_wconf 86' lang='lat' dir='ltr'>&#39;ratis</span> <span class='ocrx_word' id='word_1_239' title='bbox 198 1401 208 1417; x_wconf 89' lang='lat'>,</span> <span class='ocrx_word' id='word_1_240' title='bbox 226 1379 334 1418; x_wconf 82' lang='lat' dir='ltr'>Regnis</span> <span class='ocrx_word' id='word_1_241' title='bbox 351 1402 360 1417; x_wconf 88' lang='lat'>,</span> <span class='ocrx_word' id='word_1_242' title='bbox 378 1378 474 1409; x_wconf 87' lang='lat' dir='ltr'>Terris</span> <span class='ocrx_word' id='word_1_243' title='bbox 488 1401 497 1415; x_wconf 92' lang='lat'>‚</span> <span class='ocrx_word' id='word_1_244' title='bbox 515 1379 548 1409; x_wconf 66' lang='grc' dir='ltr'>ὃς</span> <span class='ocrx_word' id='word_1_245' title='bbox 568 1377 714 1407; x_wconf 88' lang='lat' dir='ltr'>Dominiis</span> <span class='ocrx_word' id='word_1_246' title='bbox 736 1376 833 1406; x_wconf 85' lang='lat' dir='ltr'>nostris</span> <span class='ocrx_word' id='word_1_247' title='bbox 855 1384 923 1406; x_wconf 81' lang='lat' dir='ltr'>citra</span> <span class='ocrx_word' id='word_1_248' title='bbox 947 1377 979 1405; x_wconf 87' lang='lat'>&amp;</span> <span class='ocrx_word' id='word_1_249' title='bbox 997 1376 1066 1405; x_wconf 77' lang='lat' dir='ltr'>ultra</span> <span class='ocrx_word' id='word_1_250' title='bbox 1084 1374 1165 1405; x_wconf 48' lang='lat' dir='ltr'>Mure</span> <span class='ocrx_word' id='word_1_251' title='bbox 1180 1397 1189 1411; x_wconf 90' lang='lat'>,</span> 
     </span>
     <span class='ocr_line' id='line_1_35' title="bbox 124 1413 1185 1456; baseline -0.003 -10"><span class='ocrx_word' id='word_1_252' title='bbox 124 1417 345 1456; x_wconf 83' lang='lat' dir='ltr'>quibuscumque</span> <span class='ocrx_word' id='word_1_253' title='bbox 362 1415 448 1447; x_wconf 88' lang='lat' dir='ltr'>Locis</span> <span class='ocrx_word' id='word_1_254' title='bbox 462 1418 495 1448; x_wconf 71' lang='lat' dir='ltr'>Sc</span> <span class='ocrx_word' id='word_1_255' title='bbox 509 1415 704 1454; x_wconf 82' lang='lat' dir='ltr'>Temporibus</span> <span class='ocrx_word' id='word_1_256' title='bbox 717 1415 879 1453; x_wconf 82' lang='lat' dir='ltr'>oportunis,</span> <span class='ocrx_word' id='word_1_257' title='bbox 897 1422 963 1445; x_wconf 88' lang='lat' dir='ltr'>curn</span> <span class='ocrx_word' id='word_1_258' title='bbox 978 1414 1059 1444; x_wconf 63' lang='lat' dir='ltr'>dicto</span> <span class='ocrx_word' id='word_1_259' title='bbox 1076 1413 1185 1445; x_wconf 83' lang='lat' dir='ltr'>Adver-</span> 
     </span>
     <span class='ocr_line' id='line_1_36' title="bbox 125 1455 504 1494; baseline 0.005 -10"><span class='ocrx_word' id='word_1_260' title='bbox 125 1456 195 1485; x_wconf 77' lang='lat' dir='ltr'>iario</span> <span class='ocrx_word' id='word_1_261' title='bbox 211 1457 308 1486; x_wconf 89' lang='lat' dir='ltr'>nostro</span> <span class='ocrx_word' id='word_1_262' title='bbox 322 1457 356 1487; x_wconf 92' lang='lat' dir='ltr'>de</span> <span class='ocrx_word' id='word_1_263' title='bbox 370 1455 504 1494; x_wconf 88' lang='lat' dir='ltr'>Francia,</span> 
     </span>
    </p>

    <p class='ocr_par' dir='ltr' id='par_1_15' title="bbox 128 1492 1189 1571">
     <span class='ocr_line' id='line_1_37' title="bbox 166 1492 949 1532; baseline -0.003 -8"><span class='ocrx_word' id='word_1_264' title='bbox 166 1493 215 1524; x_wconf 87' lang='lat' dir='ltr'>De</span> <span class='ocrx_word' id='word_1_265' title='bbox 230 1496 262 1527; x_wconf 64' lang='grc' dir='ltr'>ὃς</span> <span class='ocrx_word' id='word_1_266' title='bbox 275 1495 353 1532; x_wconf 87' lang='lat' dir='ltr'>super</span> <span class='ocrx_word' id='word_1_267' title='bbox 365 1494 499 1524; x_wconf 85' lang='lat' dir='ltr'>omnibus</span> <span class='ocrx_word' id='word_1_268' title='bbox 513 1495 546 1524; x_wconf 74' lang='grc' dir='ltr'>δε</span> <span class='ocrx_word' id='word_1_269' title='bbox 562 1492 675 1530; x_wconf 77' lang='lat' dir='ltr'>singulis</span> <span class='ocrx_word' id='word_1_270' title='bbox 690 1493 930 1528; x_wconf 81' lang='lat' dir='ltr'>Contentionibus</span> <span class='ocrx_word' id='word_1_271' title='bbox 940 1515 949 1531; x_wconf 87' lang='lat'>,</span> 
     </span>
     <span class='ocr_line' id='line_1_38' title="bbox 128 1531 1189 1571; baseline -0.003 -8"><span class='ocrx_word' id='word_1_272' title='bbox 128 1531 241 1563; x_wconf 86' lang='lat' dir='ltr'>Litibus</span> <span class='ocrx_word' id='word_1_273' title='bbox 256 1558 264 1570; x_wconf 80' lang='grc'><em>,</em></span> <span class='ocrx_word' id='word_1_274' title='bbox 286 1532 415 1571; x_wconf 79' lang='lat' dir='ltr'>Querelis</span> <span class='ocrx_word' id='word_1_275' title='bbox 429 1555 438 1569; x_wconf 90' lang='lat'>,</span> <span class='ocrx_word' id='word_1_276' title='bbox 453 1531 569 1563; x_wconf 87' lang='lat' dir='ltr'>Guerris</span> <span class='ocrx_word' id='word_1_277' title='bbox 582 1555 592 1570; x_wconf 94' lang='lat'>,</span> <span class='ocrx_word' id='word_1_278' title='bbox 612 1532 728 1563; x_wconf 82' lang='lat' dir='ltr'>Debat&#39;is</span> <span class='ocrx_word' id='word_1_279' title='bbox 743 1554 753 1569; x_wconf 89' lang='lat'>,</span> <span class='ocrx_word' id='word_1_280' title='bbox 772 1532 927 1562; x_wconf 85' lang='lat' dir='ltr'>Demandis</span> <span class='ocrx_word' id='word_1_281' title='bbox 941 1554 951 1569; x_wconf 85' lang='lat'>,</span> <span class='ocrx_word' id='word_1_282' title='bbox 976 1533 1009 1562; x_wconf 72' lang='grc' dir='ltr'>ὃ(</span> <span class='ocrx_word' id='word_1_283' title='bbox 1034 1531 1189 1561; x_wconf 85' lang='lat' dir='ltr'>Discordiis</span> 
     </span>
    </p>

    <p class='ocr_par' dir='ltr' id='par_1_16' title="bbox 126 1569 1188 1649">
     <span class='ocr_line' id='line_1_39' title="bbox 148 1569 1188 1609; baseline -0.001 -9"><span class='ocrx_word' id='word_1_284' title='bbox 148 1570 348 1609; x_wconf 79' lang='lat' dir='ltr'>uibuscumque</span> <span class='ocrx_word' id='word_1_285' title='bbox 363 1594 373 1609; x_wconf 82' lang='lat'>,</span> <span class='ocrx_word' id='word_1_286' title='bbox 388 1581 456 1601; x_wconf 90' lang='lat' dir='ltr'>cum</span> <span class='ocrx_word' id='word_1_287' title='bbox 479 1571 614 1601; x_wconf 87' lang='lat' dir='ltr'>omnibus</span> <span class='ocrx_word' id='word_1_288' title='bbox 634 1570 686 1600; x_wconf 92' lang='lat' dir='ltr'>suis</span> <span class='ocrx_word' id='word_1_289' title='bbox 709 1569 933 1600; x_wconf 83' lang='lat' dir='ltr'>Circumstantiis</span> <span class='ocrx_word' id='word_1_290' title='bbox 948 1592 958 1608; x_wconf 88' lang='lat'>‚</span> <span class='ocrx_word' id='word_1_291' title='bbox 978 1569 1188 1608; x_wconf 72' lang='lat' dir='ltr'>incidentibus,</span> 
     </span>
     <span class='ocr_line' id='line_1_40' title="bbox 126 1581 850 1649; baseline -0.004 -9"><span class='ocrx_word' id='word_1_292' title='bbox 126 1581 344 1649; x_wconf 58' lang='lat' dir='ltr'>{mergentibus</span> <span class='ocrx_word' id='word_1_293' title='bbox 354 1632 365 1648; x_wconf 91' lang='lat'>,</span> <span class='ocrx_word' id='word_1_294' title='bbox 382 1609 630 1648; x_wconf 82' lang='lat' dir='ltr'>Dependentibus,</span> <span class='ocrx_word' id='word_1_295' title='bbox 648 1607 850 1645; x_wconf 78' lang='lat' dir='ltr'>&amp;Connexis,</span> 
     </span>
    </p>

    <p class='ocr_par' dir='ltr' id='par_1_17' title="bbox 128 1641 1191 1844">
     <span class='ocr_line' id='line_1_41' title="bbox 162 1641 1189 1686; baseline 0 -10"><span class='ocrx_word' id='word_1_296' title='bbox 162 1646 239 1678; x_wconf 84' lang='lat' dir='ltr'>Inter</span> <span class='ocrx_word' id='word_1_297' title='bbox 260 1647 328 1679; x_wconf 87' lang='lat' dir='ltr'>Nos</span> <span class='ocrx_word' id='word_1_298' title='bbox 342 1671 351 1686; x_wconf 89' lang='lat'>‚</span> <span class='ocrx_word' id='word_1_299' title='bbox 369 1647 502 1678; x_wconf 91' lang='lat' dir='ltr'>Subditos</span> <span class='ocrx_word' id='word_1_300' title='bbox 515 1670 524 1686; x_wconf 88' lang='lat'>‚</span> <span class='ocrx_word' id='word_1_301' title='bbox 552 1646 708 1686; x_wconf 83' lang='lat' dir='ltr'>Colligatos</span> <span class='ocrx_word' id='word_1_302' title='bbox 724 1670 734 1685; x_wconf 85' lang='lat'>,</span> <span class='ocrx_word' id='word_1_303' title='bbox 758 1647 790 1677; x_wconf 61' lang='grc' dir='ltr'>ὃς</span> <span class='ocrx_word' id='word_1_304' title='bbox 814 1646 1033 1676; x_wconf 82' lang='lat' dir='ltr'>Confoederatos</span> <span class='ocrx_word' id='word_1_305' title='bbox 1056 1641 1164 1676; x_wconf 75' lang='lat' dir='ltr'>nostros</span> <span class='ocrx_word' id='word_1_306' title='bbox 1180 1669 1189 1685; x_wconf 88' lang='lat'>‚</span> 
     </span>
     <span class='ocr_line' id='line_1_42' title="bbox 128 1684 1190 1726; baseline -0.002 -10"><span class='ocrx_word' id='word_1_307' title='bbox 128 1685 229 1725; x_wconf 82' lang='lat' dir='ltr'>Regna</span> <span class='ocrx_word' id='word_1_308' title='bbox 244 1710 254 1726; x_wconf 88' lang='lat'>,</span> <span class='ocrx_word' id='word_1_309' title='bbox 272 1687 304 1718; x_wconf 68' lang='grc' dir='ltr'>ὃς</span> <span class='ocrx_word' id='word_1_310' title='bbox 323 1686 464 1717; x_wconf 85' lang='lat' dir='ltr'>Dominia</span> <span class='ocrx_word' id='word_1_311' title='bbox 484 1686 501 1705; x_wconf 75' lang='lat'>⁴¹¹</span> <span class='ocrx_word' id='word_1_312' title='bbox 521 1684 613 1715; x_wconf 90' lang='lat' dir='ltr'>nostra</span> <span class='ocrx_word' id='word_1_313' title='bbox 633 1688 699 1716; x_wconf 89' lang='lat' dir='ltr'>citra</span> <span class='ocrx_word' id='word_1_314' title='bbox 721 1688 753 1716; x_wconf 85' lang='lat'>&amp;</span> <span class='ocrx_word' id='word_1_315' title='bbox 776 1685 844 1715; x_wconf 85' lang='lat' dir='ltr'>ultra</span> <span class='ocrx_word' id='word_1_316' title='bbox 858 1684 940 1715; x_wconf 59' lang='lat' dir='ltr'>Mare</span> <span class='ocrx_word' id='word_1_317' title='bbox 957 1708 967 1723; x_wconf 86' lang='lat'>,</span> <span class='ocrx_word' id='word_1_318' title='bbox 983 1695 1016 1715; x_wconf 88' lang='lat' dir='ltr'>ex</span> <span class='ocrx_word' id='word_1_319' title='bbox 1033 1696 1085 1714; x_wconf 80' lang='lat' dir='ltr'>una</span> <span class='ocrx_word' id='word_1_320' title='bbox 1100 1694 1190 1723; x_wconf 79' lang='lat' dir='ltr'>parte,</span> 
     </span>
     <span class='ocr_line' id='line_1_43' title="bbox 128 1723 1191 1761; baseline -0.004 -4"><span class='ocrx_word' id='word_1_321' title='bbox 128 1727 162 1758; x_wconf 86' lang='lat'>&amp;</span> <span class='ocrx_word' id='word_1_322' title='bbox 174 1726 287 1756; x_wconf 63' lang='lat' dir='ltr'>dietum</span> <span class='ocrx_word' id='word_1_323' title='bbox 303 1724 497 1756; x_wconf 86' lang='lat' dir='ltr'>Adversarium</span> <span class='ocrx_word' id='word_1_324' title='bbox 511 1723 638 1754; x_wconf 88' lang='lat' dir='ltr'>nostrum</span> <span class='ocrx_word' id='word_1_325' title='bbox 657 1723 692 1754; x_wconf 93' lang='lat' dir='ltr'>de</span> <span class='ocrx_word' id='word_1_326' title='bbox 709 1724 823 1754; x_wconf 77' lang='lat' dir='ltr'>Francia</span> <span class='ocrx_word' id='word_1_327' title='bbox 838 1746 847 1760; x_wconf 90' lang='lat'>,</span> <span class='ocrx_word' id='word_1_328' title='bbox 866 1723 1016 1760; x_wconf 83' lang='lat' dir='ltr'>Subditos,</span> <span class='ocrx_word' id='word_1_329' title='bbox 1032 1723 1191 1761; x_wconf 76' lang='lat' dir='ltr'>Colligatos</span> 
     </span>
     <span class='ocr_line' id='line_1_44' title="bbox 129 1761 1191 1803; baseline -0.003 -8"><span class='ocrx_word' id='word_1_330' title='bbox 129 1763 373 1803; x_wconf 86' lang='lat' dir='ltr'>Confoederatos,</span> <span class='ocrx_word' id='word_1_331' title='bbox 396 1764 429 1794; x_wconf 65' lang='grc' dir='ltr'>ὃς</span> <span class='ocrx_word' id='word_1_332' title='bbox 452 1762 588 1793; x_wconf 85' lang='lat' dir='ltr'>Dominia</span> <span class='ocrx_word' id='word_1_333' title='bbox 610 1762 653 1792; x_wconf 89' lang='lat' dir='ltr'>sua</span> <span class='ocrx_word' id='word_1_334' title='bbox 667 1784 677 1801; x_wconf 88' lang='lat'>,</span> <span class='ocrx_word' id='word_1_335' title='bbox 695 1771 728 1792; x_wconf 85' lang='lat' dir='ltr'>ex</span> <span class='ocrx_word' id='word_1_336' title='bbox 750 1771 824 1801; x_wconf 88' lang='lat' dir='ltr'>parte</span> <span class='ocrx_word' id='word_1_337' title='bbox 848 1761 931 1792; x_wconf 88' lang='lat' dir='ltr'>altera</span> <span class='ocrx_word' id='word_1_338' title='bbox 953 1762 1191 1800; x_wconf 84' lang='lat' dir='ltr'>qualitercumque</span> 
     </span>
     <span class='ocr_line' id='line_1_45' title="bbox 130 1803 1009 1844; baseline -0.005 -10"><span class='ocrx_word' id='word_1_339' title='bbox 130 1804 218 1834; x_wconf 87' lang='lat' dir='ltr'>motis</span> <span class='ocrx_word' id='word_1_340' title='bbox 229 1803 275 1834; x_wconf 90' lang='lat' dir='ltr'>vel</span> <span class='ocrx_word' id='word_1_341' title='bbox 290 1803 404 1841; x_wconf 88' lang='lat' dir='ltr'>habitis,</span> <span class='ocrx_word' id='word_1_342' title='bbox 1005 1839 1009 1844; x_wconf 31' lang='lat'><strong>¹</strong></span> 
     </span>
    </p>

    <p class='ocr_par' dir='ltr' id='par_1_18' title="bbox 131 1838 1193 1995">
     <span class='ocr_line' id='line_1_46' title="bbox 169 1838 1191 1879; baseline -0.003 -6"><span class='ocrx_word' id='word_1_343' title='bbox 169 1841 300 1873; x_wconf 86' lang='lat' dir='ltr'>Necnon</span> <span class='ocrx_word' id='word_1_344' title='bbox 323 1841 358 1871; x_wconf 90' lang='lat' dir='ltr'>de</span> <span class='ocrx_word' id='word_1_345' title='bbox 372 1842 405 1873; x_wconf 87' lang='lat'>&amp;</span> <span class='ocrx_word' id='word_1_346' title='bbox 419 1841 499 1878; x_wconf 82' lang='lat' dir='ltr'>super</span> <span class='ocrx_word' id='word_1_347' title='bbox 514 1849 754 1879; x_wconf 87' lang='lat' dir='ltr'>quarumcumque</span> <span class='ocrx_word' id='word_1_348' title='bbox 775 1839 958 1875; x_wconf 85' lang='lat' dir='ltr'>Treugatum</span> <span class='ocrx_word' id='word_1_349' title='bbox 975 1861 984 1876; x_wconf 87' lang='lat'>,</span> <span class='ocrx_word' id='word_1_350' title='bbox 1003 1849 1031 1868; x_wconf 88' lang='lat' dir='ltr'>in</span> <span class='ocrx_word' id='word_1_351' title='bbox 1047 1838 1099 1869; x_wconf 89' lang='lat' dir='ltr'>hac</span> <span class='ocrx_word' id='word_1_352' title='bbox 1116 1848 1191 1877; x_wconf 85' lang='lat' dir='ltr'>parte</span> 
     </span>
     <span class='ocr_line' id='line_1_47' title="bbox 131 1878 1190 1918; baseline -0.003 -7"><span class='ocrx_word' id='word_1_353' title='bbox 131 1882 264 1911; x_wconf 88' lang='lat' dir='ltr'>initarum</span> <span class='ocrx_word' id='word_1_354' title='bbox 279 1903 289 1918; x_wconf 89' lang='lat'>,</span> <span class='ocrx_word' id='word_1_355' title='bbox 306 1879 512 1911; x_wconf 81' lang='lat' dir='ltr'>violationibus</span> <span class='ocrx_word' id='word_1_356' title='bbox 527 1901 536 1917; x_wconf 91' lang='lat'>‚</span> <span class='ocrx_word' id='word_1_357' title='bbox 555 1888 589 1909; x_wconf 85' lang='lat' dir='ltr'>ac</span> <span class='ocrx_word' id='word_1_358' title='bbox 611 1888 706 1908; x_wconf 89' lang='lat' dir='ltr'>earum</span> <span class='ocrx_word' id='word_1_359' title='bbox 731 1878 996 1907; x_wconf 84' lang='lat' dir='ltr'>Reformationibus</span> <span class='ocrx_word' id='word_1_360' title='bbox 1010 1899 1019 1915; x_wconf 92' lang='lat'>,</span> <span class='ocrx_word' id='word_1_361' title='bbox 1038 1878 1069 1907; x_wconf 91' lang='lat'>&amp;</span> <span class='ocrx_word' id='word_1_362' title='bbox 1093 1887 1190 1908; x_wconf 90' lang='lat' dir='ltr'>contra</span> 
     </span>
     <span class='ocr_line' id='line_1_48' title="bbox 132 1915 1193 1955; baseline -0.002 -6"><span class='ocrx_word' id='word_1_363' title='bbox 132 1927 229 1950; x_wconf 83' lang='lat' dir='ltr'>earum</span> <span class='ocrx_word' id='word_1_364' title='bbox 243 1918 365 1949; x_wconf 87' lang='lat' dir='ltr'>formam</span> <span class='ocrx_word' id='word_1_365' title='bbox 382 1918 621 1955; x_wconf 86' lang='lat' dir='ltr'>Attemptatorum</span> <span class='ocrx_word' id='word_1_366' title='bbox 640 1916 876 1954; x_wconf 83' lang='lat' dir='ltr'>Reparationibus</span> <span class='ocrx_word' id='word_1_367' title='bbox 890 1917 923 1946; x_wconf 69' lang='grc' dir='ltr'>ὅς</span> <span class='ocrx_word' id='word_1_368' title='bbox 939 1915 1091 1954; x_wconf 84' lang='lat' dir='ltr'>Emendis,</span> <span class='ocrx_word' id='word_1_369' title='bbox 1109 1916 1193 1947; x_wconf 87' lang='lat' dir='ltr'>Dan-</span> 
     </span>
     <span class='ocr_line' id='line_1_49' title="bbox 131 1955 1098 1995; baseline -0.004 -8"><span class='ocrx_word' id='word_1_370' title='bbox 131 1957 192 1994; x_wconf 89' lang='lat' dir='ltr'>dis,</span> <span class='ocrx_word' id='word_1_371' title='bbox 210 1956 371 1994; x_wconf 85' lang='lat' dir='ltr'>Faciendis,</span> <span class='ocrx_word' id='word_1_372' title='bbox 389 1957 421 1987; x_wconf 88' lang='lat'>&amp;</span> <span class='ocrx_word' id='word_1_373' title='bbox 440 1955 636 1993; x_wconf 87' lang='lat' dir='ltr'>Recipiendis‚</span> <span class='ocrx_word' id='word_1_374' title='bbox 1096 1992 1098 1995; x_wconf 12' lang='grc' dir='ltr'><strong>γ</strong></span> 
     </span>
    </p>

    <p class='ocr_par' dir='ltr' id='par_1_19' title="bbox 130 1992 1195 2179">
     <span class='ocr_line' id='line_1_50' title="bbox 170 1992 1193 2034; baseline -0.001 -9"><span class='ocrx_word' id='word_1_375' title='bbox 170 1995 409 2034; x_wconf 87' lang='lat' dir='ltr'>Quibuscumque</span> <span class='ocrx_word' id='word_1_376' title='bbox 427 1994 511 2025; x_wconf 87' lang='lat' dir='ltr'>Locis</span> <span class='ocrx_word' id='word_1_377' title='bbox 527 1993 559 2025; x_wconf 89' lang='lat'>&amp;</span> <span class='ocrx_word' id='word_1_378' title='bbox 572 1993 769 2031; x_wconf 87' lang='lat' dir='ltr'>Temporibus</span> <span class='ocrx_word' id='word_1_379' title='bbox 783 1992 946 2031; x_wconf 77' lang='lat' dir='ltr'>oportunis,</span> <span class='ocrx_word' id='word_1_380' title='bbox 963 2001 1031 2022; x_wconf 90' lang='lat' dir='ltr'>curn</span> <span class='ocrx_word' id='word_1_381' title='bbox 1044 1992 1123 2023; x_wconf 67' lang='lat' dir='ltr'>dieto</span> <span class='ocrx_word' id='word_1_382' title='bbox 1134 1992 1193 2024; x_wconf 86' lang='lat' dir='ltr'>Ad-</span> 
     </span>
     <span class='ocr_line' id='line_1_51' title="bbox 132 2030 1194 2070; baseline -0.002 -6"><span class='ocrx_word' id='word_1_383' title='bbox 132 2034 251 2065; x_wconf 85' lang='lat' dir='ltr'>versario</span> <span class='ocrx_word' id='word_1_384' title='bbox 275 2033 388 2070; x_wconf 86' lang='lat' dir='ltr'>nostr0,</span> <span class='ocrx_word' id='word_1_385' title='bbox 406 2033 451 2063; x_wconf 91' lang='lat' dir='ltr'>seu</span> <span class='ocrx_word' id='word_1_386' title='bbox 474 2033 531 2070; x_wconf 91' lang='lat' dir='ltr'>ejus</span> <span class='ocrx_word' id='word_1_387' title='bbox 550 2031 719 2063; x_wconf 88' lang='lat' dir='ltr'>sufficienter</span> <span class='ocrx_word' id='word_1_388' title='bbox 739 2031 885 2069; x_wconf 85' lang='lat' dir='ltr'>Deputatis</span> <span class='ocrx_word' id='word_1_389' title='bbox 901 2032 945 2061; x_wconf 92' lang='lat' dir='ltr'>vel</span> <span class='ocrx_word' id='word_1_390' title='bbox 970 2030 1019 2060; x_wconf 90' lang='lat' dir='ltr'>De</span> <span class='ocrx_word' id='word_1_391' title='bbox 1040 2032 1146 2062; x_wconf 85' lang='lat' dir='ltr'>utandis</span> <span class='ocrx_word' id='word_1_392' title='bbox 1164 2033 1194 2062; x_wconf 88' lang='lat' dir='ltr'>in</span> 
     </span>
     <span class='ocr_line' id='line_1_52' title="bbox 132 2068 1195 2109; baseline -0.002 -7"><span class='ocrx_word' id='word_1_393' title='bbox 132 2073 187 2102; x_wconf 87' lang='lat' dir='ltr'>hac</span> <span class='ocrx_word' id='word_1_394' title='bbox 210 2079 285 2109; x_wconf 88' lang='lat' dir='ltr'>parte</span> <span class='ocrx_word' id='word_1_395' title='bbox 299 2094 308 2109; x_wconf 89' lang='lat'>,</span> <span class='ocrx_word' id='word_1_396' title='bbox 328 2071 526 2101; x_wconf 89' lang='lat' dir='ltr'>Conveniendi</span> <span class='ocrx_word' id='word_1_397' title='bbox 540 2092 550 2106; x_wconf 86' lang='lat'>,</span> <span class='ocrx_word' id='word_1_398' title='bbox 568 2069 723 2100; x_wconf 65' lang='lat' dir='ltr'>Tradiandi</span> <span class='ocrx_word' id='word_1_399' title='bbox 739 2093 749 2108; x_wconf 89' lang='lat'>,</span> <span class='ocrx_word' id='word_1_400' title='bbox 766 2068 991 2108; x_wconf 85' lang='lat' dir='ltr'>Componendi‚</span> <span class='ocrx_word' id='word_1_401' title='bbox 1035 2070 1173 2101; x_wconf 88' lang='lat' dir='ltr'>aciscendi</span> <span class='ocrx_word' id='word_1_402' title='bbox 1185 2094 1195 2109; x_wconf 88' lang='lat'>,</span> 
     </span>
     <span class='ocr_line' id='line_1_53' title="bbox 130 2107 1194 2179; baseline -0.005 -38"><span class='ocrx_word' id='word_1_403' title='bbox 130 2110 319 2147; x_wconf 86' lang='lat' dir='ltr'>Tranfigendi</span> <span class='ocrx_word' id='word_1_404' title='bbox 327 2132 337 2148; x_wconf 88' lang='lat'>‚</span> <span class='ocrx_word' id='word_1_405' title='bbox 352 2120 385 2140; x_wconf 91' lang='lat' dir='ltr'>ac</span> <span class='ocrx_word' id='word_1_406' title='bbox 401 2107 515 2140; x_wconf 86' lang='lat' dir='ltr'>finaliter</span> <span class='ocrx_word' id='word_1_407' title='bbox 522 2107 743 2146; x_wconf 77' lang='lat' dir='ltr'>Concordandi,</span> <span class='ocrx_word' id='word_1_408' title='bbox 1161 2148 1194 2179; x_wconf 82' lang='lat'>&amp;</span> 
     </span>
    </p>

    <p class='ocr_par' dir='ltr' id='par_1_20' title="bbox 1134 2197 1194 2225">
     <span class='ocr_line' id='line_1_54' title="bbox 1134 2197 1194 2225; baseline -0.033 -8"><span class='ocrx_word' id='word_1_409' title='bbox 1134 2197 1194 2225; x_wconf 78' lang='lat' dir='ltr'>are,</span> 
     </span>
    </p>
   </div>
   <div class='ocr_carea' id='block_1_7' title="bbox 958 1488 1189 1531">
    <p class='ocr_par' dir='ltr' id='par_1_21' title="bbox 958 1488 1189 1531">
     <span class='ocr_line' id='line_1_55' title="bbox 958 1488 1189 1531; baseline 0 -9"><span class='ocrx_word' id='word_1_410' title='bbox 958 1488 1171 1531; x_wconf 70' lang='lat' dir='ltr'>Quaestioriibus</span> <span class='ocrx_word' id='word_1_411' title='bbox 1180 1515 1189 1530; x_wconf 89' lang='lat'>,</span> 
     </span>
    </p>
   </div>
   <div class='ocr_carea' id='block_1_8' title="bbox 130 2147 1201 4070">
    <p class='ocr_par' dir='ltr' id='par_1_22' title="bbox 130 2147 1194 2563">
     <span class='ocr_line' id='line_1_56' title="bbox 171 2147 1109 2186; baseline -0.001 -7"><span class='ocrx_word' id='word_1_412' title='bbox 171 2149 298 2180; x_wconf 90' lang='lat' dir='ltr'>Necnon</span> <span class='ocrx_word' id='word_1_413' title='bbox 319 2149 447 2185; x_wconf 86' lang='lat' dir='ltr'>Treugas</span> <span class='ocrx_word' id='word_1_414' title='bbox 463 2171 473 2186; x_wconf 86' lang='lat'>,</span> <span class='ocrx_word' id='word_1_415' title='bbox 487 2147 660 2178; x_wconf 85' lang='lat' dir='ltr'>Tolerantias</span> <span class='ocrx_word' id='word_1_416' title='bbox 676 2169 686 2185; x_wconf 86' lang='lat'>‚</span> <span class='ocrx_word' id='word_1_417' title='bbox 704 2149 736 2178; x_wconf 68' lang='grc' dir='ltr'>ὃ(</span> <span class='ocrx_word' id='word_1_418' title='bbox 761 2147 947 2178; x_wconf 86' lang='lat' dir='ltr'>Abstinentias</span> <span class='ocrx_word' id='word_1_419' title='bbox 968 2148 1109 2186; x_wconf 84' lang='lat' dir='ltr'>generales</span> 
     </span>
     <span class='ocr_line' id='line_1_57' title="bbox 132 2171 1134 2232; baseline -0.002 -14"><span class='ocrx_word' id='word_1_420' title='bbox 132 2187 259 2232; x_wconf 79' lang='lat' dir='ltr'>speciales</span> <span class='ocrx_word' id='word_1_421' title='bbox 273 2211 283 2226; x_wconf 92' lang='lat'>,</span> <span class='ocrx_word' id='word_1_422' title='bbox 300 2186 344 2217; x_wconf 90' lang='lat' dir='ltr'>seu</span> <span class='ocrx_word' id='word_1_423' title='bbox 369 2186 542 2224; x_wconf 88' lang='lat' dir='ltr'>particulares</span> <span class='ocrx_word' id='word_1_424' title='bbox 553 2208 561 2224; x_wconf 84' lang='lat'>‚</span> <span class='ocrx_word' id='word_1_425' title='bbox 580 2186 640 2215; x_wconf 75' lang='lat' dir='ltr'>tam</span> <span class='ocrx_word' id='word_1_426' title='bbox 661 2195 709 2223; x_wconf 90' lang='lat' dir='ltr'>per</span> <span class='ocrx_word' id='word_1_427' title='bbox 723 2186 846 2216; x_wconf 85' lang='lat' dir='ltr'>Terram</span> <span class='ocrx_word' id='word_1_428' title='bbox 861 2210 870 2223; x_wconf 82' lang='lat'>,</span> <span class='ocrx_word' id='word_1_429' title='bbox 892 2186 1001 2224; x_wconf 83' lang='lat' dir='ltr'>Aquam</span> <span class='ocrx_word' id='word_1_430' title='bbox 1016 2209 1025 2224; x_wconf 89' lang='lat'>‚</span> <span class='ocrx_word' id='word_1_431' title='bbox 1046 2187 1079 2217; x_wconf 88' lang='lat'>&amp;</span> <span class='ocrx_word' id='word_1_432' title='bbox 1095 2171 1134 2216; x_wconf 72' lang='lat' dir='ltr'>Ni</span> 
     </span>
     <span class='ocr_line' id='line_1_58' title="bbox 130 2224 1193 2266; baseline 0 -10"><span class='ocrx_word' id='word_1_433' title='bbox 130 2226 214 2256; x_wconf 75' lang='lat' dir='ltr'>irmul</span> <span class='ocrx_word' id='word_1_434' title='bbox 228 2226 274 2256; x_wconf 89' lang='lat' dir='ltr'>vel</span> <span class='ocrx_word' id='word_1_435' title='bbox 287 2224 448 2263; x_wconf 86' lang='lat' dir='ltr'>separatim,</span> <span class='ocrx_word' id='word_1_436' title='bbox 467 2224 628 2255; x_wconf 87' lang='lat' dir='ltr'>melioribus</span> <span class='ocrx_word' id='word_1_437' title='bbox 647 2225 717 2263; x_wconf 90' lang='lat' dir='ltr'>viis,</span> <span class='ocrx_word' id='word_1_438' title='bbox 734 2225 845 2263; x_wconf 87' lang='lat' dir='ltr'>modo,</span> <span class='ocrx_word' id='word_1_439' title='bbox 864 2226 897 2266; x_wconf 74' lang='grc' dir='ltr'>ὃς</span> <span class='ocrx_word' id='word_1_440' title='bbox 917 2224 1008 2254; x_wconf 88' lang='lat' dir='ltr'>forma</span> <span class='ocrx_word' id='word_1_441' title='bbox 1022 2226 1121 2262; x_wconf 82' lang='lat' dir='ltr'>quibus</span> <span class='ocrx_word' id='word_1_442' title='bbox 1136 2225 1193 2256; x_wconf 81' lang='lat' dir='ltr'>fieri</span> 
     </span>
     <span class='ocr_line' id='line_1_59' title="bbox 133 2263 1194 2302; baseline 0 -8"><span class='ocrx_word' id='word_1_443' title='bbox 133 2264 218 2302; x_wconf 85' lang='lat' dir='ltr'>poffit</span> <span class='ocrx_word' id='word_1_444' title='bbox 232 2287 241 2300; x_wconf 81' lang='lat'>,</span> <span class='ocrx_word' id='word_1_445' title='bbox 259 2264 364 2294; x_wconf 86' lang='lat' dir='ltr'>tamdiu</span> <span class='ocrx_word' id='word_1_446' title='bbox 380 2287 389 2301; x_wconf 61' lang='lat'>2</span> <span class='ocrx_word' id='word_1_447' title='bbox 407 2265 438 2294; x_wconf 69' lang='grc' dir='ltr'>ὃς</span> <span class='ocrx_word' id='word_1_448' title='bbox 457 2272 536 2294; x_wconf 90' lang='lat' dir='ltr'>tanto</span> <span class='ocrx_word' id='word_1_449' title='bbox 555 2272 686 2301; x_wconf 90' lang='lat' dir='ltr'>ternpore</span> <span class='ocrx_word' id='word_1_450' title='bbox 703 2263 842 2294; x_wconf 81' lang='lat' dir='ltr'>duraturas</span> <span class='ocrx_word' id='word_1_451' title='bbox 855 2285 865 2301; x_wconf 87' lang='lat'>,</span> <span class='ocrx_word' id='word_1_452' title='bbox 882 2263 1035 2293; x_wconf 74' lang='lat' dir='ltr'>iecundum</span> <span class='ocrx_word' id='word_1_453' title='bbox 1056 2264 1132 2301; x_wconf 89' lang='lat' dir='ltr'>quod</span> <span class='ocrx_word' id='word_1_454' title='bbox 1151 2264 1194 2294; x_wconf 59' lang='lat' dir='ltr'>di*</span> 
     </span>
     <span class='ocr_line' id='line_1_60' title="bbox 135 2301 1194 2340; baseline 0 -7"><span class='ocrx_word' id='word_1_455' title='bbox 135 2303 208 2340; x_wconf 68' lang='lat' dir='ltr'>(stis,</span> <span class='ocrx_word' id='word_1_456' title='bbox 225 2302 383 2340; x_wconf 87' lang='lat' dir='ltr'>Episcopo,</span> <span class='ocrx_word' id='word_1_457' title='bbox 402 2301 549 2338; x_wconf 83' lang='lat' dir='ltr'>Henrico,</span> <span class='ocrx_word' id='word_1_458' title='bbox 563 2301 704 2340; x_wconf 80' lang='lat' dir='ltr'>johanni,</span> <span class='ocrx_word' id='word_1_459' title='bbox 721 2301 754 2332; x_wconf 91' lang='lat'>&amp;</span> <span class='ocrx_word' id='word_1_460' title='bbox 767 2301 911 2340; x_wconf 88' lang='lat' dir='ltr'>Johanni,</span> <span class='ocrx_word' id='word_1_461' title='bbox 930 2303 1076 2339; x_wconf 73' lang='lat' dir='ltr'>Quattuor,</span> <span class='ocrx_word' id='word_1_462' title='bbox 1088 2302 1194 2333; x_wconf 89' lang='lat' dir='ltr'>Tribus</span> 
     </span>
     <span class='ocr_line' id='line_1_61' title="bbox 131 2339 1193 2378; baseline 0.001 -8"><span class='ocrx_word' id='word_1_463' title='bbox 131 2341 179 2371; x_wconf 83' lang='lat' dir='ltr'>vel</span> <span class='ocrx_word' id='word_1_464' title='bbox 196 2341 319 2371; x_wconf 89' lang='lat' dir='ltr'>Duobus</span> <span class='ocrx_word' id='word_1_465' title='bbox 332 2341 499 2371; x_wconf 88' lang='lat' dir='ltr'>eorumdem</span> <span class='ocrx_word' id='word_1_466' title='bbox 517 2339 636 2377; x_wconf 87' lang='lat' dir='ltr'>placebit</span> <span class='ocrx_word' id='word_1_467' title='bbox 651 2340 681 2369; x_wconf 88' lang='lat' dir='ltr'>in</span> <span class='ocrx_word' id='word_1_468' title='bbox 696 2349 829 2371; x_wconf 89' lang='lat' dir='ltr'>eventum</span> <span class='ocrx_word' id='word_1_469' title='bbox 841 2363 851 2378; x_wconf 89' lang='lat'>,</span> <span class='ocrx_word' id='word_1_470' title='bbox 869 2350 938 2371; x_wconf 91' lang='lat' dir='ltr'>cum</span> <span class='ocrx_word' id='word_1_471' title='bbox 957 2340 1038 2370; x_wconf 62' lang='lat' dir='ltr'>dieto</span> <span class='ocrx_word' id='word_1_472' title='bbox 1058 2341 1193 2371; x_wconf 88' lang='lat' dir='ltr'>Adversa-</span> 
     </span>
     <span class='ocr_line' id='line_1_62' title="bbox 133 2377 1192 2416; baseline 0.001 -8"><span class='ocrx_word' id='word_1_473' title='bbox 133 2380 177 2409; x_wconf 87' lang='lat' dir='ltr'>rio</span> <span class='ocrx_word' id='word_1_474' title='bbox 203 2379 300 2409; x_wconf 89' lang='lat' dir='ltr'>nostro</span> <span class='ocrx_word' id='word_1_475' title='bbox 325 2379 360 2408; x_wconf 89' lang='lat' dir='ltr'>de</span> <span class='ocrx_word' id='word_1_476' title='bbox 388 2379 505 2409; x_wconf 82' lang='lat' dir='ltr'>Francia</span> <span class='ocrx_word' id='word_1_477' title='bbox 529 2377 697 2408; x_wconf 89' lang='lat' dir='ltr'>sufficienter</span> <span class='ocrx_word' id='word_1_478' title='bbox 720 2377 866 2416; x_wconf 88' lang='lat' dir='ltr'>Deputatis</span> <span class='ocrx_word' id='word_1_479' title='bbox 889 2377 933 2408; x_wconf 90' lang='lat' dir='ltr'>seu</span> <span class='ocrx_word' id='word_1_480' title='bbox 958 2378 1134 2415; x_wconf 74' lang='lat' dir='ltr'>Deputandis</span> <span class='ocrx_word' id='word_1_481' title='bbox 1158 2381 1192 2410; x_wconf 90' lang='lat' dir='ltr'>ab</span> 
     </span>
     <span class='ocr_line' id='line_1_63' title="bbox 131 2416 1192 2456; baseline 0.001 -8"><span class='ocrx_word' id='word_1_482' title='bbox 131 2416 255 2454; x_wconf 83' lang='lat' dir='ltr'>eodem,</span> <span class='ocrx_word' id='word_1_483' title='bbox 274 2416 410 2456; x_wconf 86' lang='lat' dir='ltr'>Ineundi,</span> <span class='ocrx_word' id='word_1_484' title='bbox 429 2416 605 2454; x_wconf 85' lang='lat' dir='ltr'>Ordinandi,</span> <span class='ocrx_word' id='word_1_485' title='bbox 622 2416 772 2454; x_wconf 82' lang='lat' dir='ltr'>Faciendi,</span> <span class='ocrx_word' id='word_1_486' title='bbox 791 2416 977 2455; x_wconf 84' lang='lat' dir='ltr'>Perficiendi,</span> <span class='ocrx_word' id='word_1_487' title='bbox 996 2417 1192 2456; x_wconf 86' lang='lat' dir='ltr'>Capiendi,&amp;</span> 
     </span>
     <span class='ocr_line' id='line_1_64' title="bbox 132 2454 1191 2494; baseline 0.001 -9"><span class='ocrx_word' id='word_1_488' title='bbox 132 2455 322 2486; x_wconf 87' lang='lat' dir='ltr'>Concedendi</span> <span class='ocrx_word' id='word_1_489' title='bbox 338 2478 348 2494; x_wconf 91' lang='lat'>,</span> <span class='ocrx_word' id='word_1_490' title='bbox 368 2465 436 2486; x_wconf 87' lang='lat' dir='ltr'>curn</span> <span class='ocrx_word' id='word_1_491' title='bbox 453 2454 673 2494; x_wconf 87' lang='lat' dir='ltr'>quibuscumque</span> <span class='ocrx_word' id='word_1_492' title='bbox 688 2454 824 2485; x_wconf 87' lang='lat' dir='ltr'>Clausulis</span> <span class='ocrx_word' id='word_1_493' title='bbox 837 2478 847 2494; x_wconf 88' lang='lat'>,</span> <span class='ocrx_word' id='word_1_494' title='bbox 864 2454 1101 2494; x_wconf 85' lang='lat' dir='ltr'>Conditionibus,</span> <span class='ocrx_word' id='word_1_495' title='bbox 1120 2456 1191 2486; x_wconf 89' lang='lat' dir='ltr'>Mo-</span> 
     </span>
     <span class='ocr_line' id='line_1_65' title="bbox 132 2492 1194 2537; baseline 0.001 -13"><span class='ocrx_word' id='word_1_496' title='bbox 132 2492 337 2537; x_wconf 75' lang='lat' dir='ltr'>dificationibus</span> <span class='ocrx_word' id='word_1_497' title='bbox 350 2516 361 2532; x_wconf 83' lang='lat'>,</span> <span class='ocrx_word' id='word_1_498' title='bbox 380 2496 413 2526; x_wconf 91' lang='lat'>&amp;</span> <span class='ocrx_word' id='word_1_499' title='bbox 433 2493 659 2525; x_wconf 84' lang='lat' dir='ltr'>Circumstantiis</span> <span class='ocrx_word' id='word_1_500' title='bbox 682 2494 838 2524; x_wconf 86' lang='lat' dir='ltr'>necessariis</span> <span class='ocrx_word' id='word_1_501' title='bbox 850 2516 861 2532; x_wconf 96' lang='lat'>,</span> <span class='ocrx_word' id='word_1_502' title='bbox 886 2494 997 2524; x_wconf 88' lang='lat' dir='ltr'>utilibus</span> <span class='ocrx_word' id='word_1_503' title='bbox 1013 2516 1023 2532; x_wconf 89' lang='lat'>,</span> <span class='ocrx_word' id='word_1_504' title='bbox 1047 2495 1092 2525; x_wconf 90' lang='lat' dir='ltr'>vel</span> <span class='ocrx_word' id='word_1_505' title='bbox 1107 2505 1194 2532; x_wconf 88' lang='lat' dir='ltr'>opor-</span> 
     </span>
     <span class='ocr_line' id='line_1_66' title="bbox 135 2539 211 2563; baseline -0.026 0"><span class='ocrx_word' id='word_1_506' title='bbox 135 2539 211 2563; x_wconf 83' lang='lat' dir='ltr'>tums</span> 
     </span>
    </p>

    <p class='ocr_par' dir='ltr' id='par_1_23' title="bbox 133 2554 1199 2908">
     <span class='ocr_line' id='line_1_67' title="bbox 172 2554 1196 2611; baseline 0.002 -11"><span class='ocrx_word' id='word_1_507' title='bbox 172 2554 316 2601; x_wconf 70' lang='lat' dir='ltr'>Ac&#39;etiam</span> <span class='ocrx_word' id='word_1_508' title='bbox 332 2569 551 2600; x_wconf 80' lang='lat' dir='ltr'>Commiffirios</span> <span class='ocrx_word' id='word_1_509' title='bbox 566 2593 575 2608; x_wconf 89' lang='lat'>,</span> <span class='ocrx_word' id='word_1_510' title='bbox 593 2569 638 2600; x_wconf 89' lang='lat' dir='ltr'>seu</span> <span class='ocrx_word' id='word_1_511' title='bbox 656 2578 746 2601; x_wconf 89' lang='lat' dir='ltr'>certos</span> <span class='ocrx_word' id='word_1_512' title='bbox 761 2569 934 2608; x_wconf 78' lang='lat' dir='ltr'>Deputatos‚</span> <span class='ocrx_word' id='word_1_513' title='bbox 953 2570 1128 2609; x_wconf 85' lang='lat' dir='ltr'>Gardianos,</span> <span class='ocrx_word' id='word_1_514' title='bbox 1144 2571 1196 2611; x_wconf 90' lang='lat' dir='ltr'>Ju—</span> 
     </span>
     <span class='ocr_line' id='line_1_68' title="bbox 133 2607 1197 2648; baseline 0.002 -9"><span class='ocrx_word' id='word_1_515' title='bbox 133 2608 209 2640; x_wconf 86' lang='lat' dir='ltr'>dices</span> <span class='ocrx_word' id='word_1_516' title='bbox 223 2631 233 2646; x_wconf 83' lang='lat'>‚</span> <span class='ocrx_word' id='word_1_517' title='bbox 250 2609 294 2639; x_wconf 90' lang='lat' dir='ltr'>seu</span> <span class='ocrx_word' id='word_1_518' title='bbox 316 2607 532 2639; x_wconf 88' lang='lat' dir='ltr'>Conservatores</span> <span class='ocrx_word' id='word_1_519' title='bbox 545 2632 554 2646; x_wconf 90' lang='lat'>,</span> <span class='ocrx_word' id='word_1_520' title='bbox 572 2617 614 2639; x_wconf 88' lang='lat' dir='ltr'>tot</span> <span class='ocrx_word' id='word_1_521' title='bbox 631 2609 665 2640; x_wconf 90' lang='lat'>&amp;</span> <span class='ocrx_word' id='word_1_522' title='bbox 682 2609 746 2639; x_wconf 92' lang='lat' dir='ltr'>tales</span> <span class='ocrx_word' id='word_1_523' title='bbox 761 2632 770 2646; x_wconf 85' lang='lat'>‚</span> <span class='ocrx_word' id='word_1_524' title='bbox 795 2619 828 2639; x_wconf 90' lang='lat' dir='ltr'>ac</span> <span class='ocrx_word' id='word_1_525' title='bbox 852 2610 880 2638; x_wconf 92' lang='lat' dir='ltr'>in</span> <span class='ocrx_word' id='word_1_526' title='bbox 903 2610 975 2640; x_wconf 90' lang='lat' dir='ltr'>locis</span> <span class='ocrx_word' id='word_1_527' title='bbox 1000 2611 1049 2639; x_wconf 89' lang='lat' dir='ltr'>ubi</span> <span class='ocrx_word' id='word_1_528' title='bbox 1068 2612 1197 2648; x_wconf 85' lang='lat' dir='ltr'>expedire</span> 
     </span>
     <span class='ocr_line' id='line_1_69' title="bbox 133 2646 1198 2687; baseline 0.001 -10"><span class='ocrx_word' id='word_1_529' title='bbox 133 2647 290 2685; x_wconf 86' lang='lat' dir='ltr'>videbitur,</span> <span class='ocrx_word' id='word_1_530' title='bbox 310 2657 360 2684; x_wconf 91' lang='lat' dir='ltr'>pro</span> <span class='ocrx_word' id='word_1_531' title='bbox 379 2646 484 2684; x_wconf 83' lang='lat' dir='ltr'>stabili,</span> <span class='ocrx_word' id='word_1_532' title='bbox 506 2646 603 2683; x_wconf 65' lang='lat' dir='ltr'>firma,</span> <span class='ocrx_word' id='word_1_533' title='bbox 618 2647 650 2677; x_wconf 73' lang='grc' dir='ltr'>δε</span> <span class='ocrx_word' id='word_1_534' title='bbox 664 2646 738 2677; x_wconf 88' lang='lat' dir='ltr'>fideli</span> <span class='ocrx_word' id='word_1_535' title='bbox 757 2646 978 2678; x_wconf 85' lang='lat' dir='ltr'>Conservatione</span> <span class='ocrx_word' id='word_1_536' title='bbox 998 2648 1198 2687; x_wconf 76' lang='lat' dir='ltr'>Treugarutn,</span> 
     </span>
     <span class='ocr_line' id='line_1_70' title="bbox 134 2685 1198 2724; baseline 0.002 -9"><span class='ocrx_word' id='word_1_537' title='bbox 134 2685 361 2716; x_wconf 87' lang='lat' dir='ltr'>Tolerantiarum</span> <span class='ocrx_word' id='word_1_538' title='bbox 376 2708 386 2724; x_wconf 88' lang='lat'>,</span> <span class='ocrx_word' id='word_1_539' title='bbox 404 2686 436 2715; x_wconf 67' lang='grc' dir='ltr'>ὅ(</span> <span class='ocrx_word' id='word_1_540' title='bbox 456 2685 694 2715; x_wconf 85' lang='lat' dir='ltr'>Abstinentiarum</span> <span class='ocrx_word' id='word_1_541' title='bbox 713 2685 888 2723; x_wconf 83' lang='lat' dir='ltr'>hujusmodi,</span> <span class='ocrx_word' id='word_1_542' title='bbox 907 2696 939 2716; x_wconf 94' lang='lat' dir='ltr'>ac</span> <span class='ocrx_word' id='word_1_543' title='bbox 955 2696 1006 2724; x_wconf 90' lang='lat' dir='ltr'>pro</span> <span class='ocrx_word' id='word_1_544' title='bbox 1028 2686 1122 2717; x_wconf 89' lang='lat' dir='ltr'>debita</span> <span class='ocrx_word' id='word_1_545' title='bbox 1138 2687 1198 2717; x_wconf 83' lang='lat' dir='ltr'>Re-</span> 
     </span>
     <span class='ocr_line' id='line_1_71' title="bbox 134 2724 1199 2762; baseline 0.003 -9"><span class='ocrx_word' id='word_1_546' title='bbox 134 2725 309 2754; x_wconf 85' lang='lat' dir='ltr'>formatione</span> <span class='ocrx_word' id='word_1_547' title='bbox 328 2725 360 2755; x_wconf 87' lang='lat'>&amp;</span> <span class='ocrx_word' id='word_1_548' title='bbox 382 2724 569 2761; x_wconf 82' lang='lat' dir='ltr'>Reparatione</span> <span class='ocrx_word' id='word_1_549' title='bbox 595 2724 726 2753; x_wconf 87' lang='lat' dir='ltr'>omnium</span> <span class='ocrx_word' id='word_1_550' title='bbox 743 2726 776 2755; x_wconf 91' lang='lat'>&amp;</span> <span class='ocrx_word' id='word_1_551' title='bbox 795 2724 988 2762; x_wconf 80' lang='lat' dir='ltr'>singulorum,</span> <span class='ocrx_word' id='word_1_552' title='bbox 1011 2735 1074 2762; x_wconf 87' lang='lat' dir='ltr'>quae</span> <span class='ocrx_word' id='word_1_553' title='bbox 1100 2735 1199 2757; x_wconf 85' lang='lat' dir='ltr'>contra</span> 
     </span>
     <span class='ocr_line' id='line_1_72' title="bbox 136 2761 1198 2803; baseline 0.002 -11"><span class='ocrx_word' id='word_1_554' title='bbox 136 2764 198 2792; x_wconf 85' lang='lat' dir='ltr'>vim</span> <span class='ocrx_word' id='word_1_555' title='bbox 210 2785 219 2795; x_wconf 79' lang='grc'>,</span> <span class='ocrx_word' id='word_1_556' title='bbox 234 2762 380 2800; x_wconf 81' lang='lat' dir='ltr'>formam,</span> <span class='ocrx_word' id='word_1_557' title='bbox 398 2763 430 2793; x_wconf 91' lang='lat'>&amp;</span> <span class='ocrx_word' id='word_1_558' title='bbox 448 2761 584 2792; x_wconf 63' lang='lat' dir='ltr'>effeetum</span> <span class='ocrx_word' id='word_1_559' title='bbox 603 2762 723 2799; x_wconf 88' lang='lat' dir='ltr'>ipsarum</span> <span class='ocrx_word' id='word_1_560' title='bbox 738 2763 937 2801; x_wconf 84' lang='lat' dir='ltr'>Treugarum,</span> <span class='ocrx_word' id='word_1_561' title='bbox 954 2763 1198 2803; x_wconf 87' lang='lat' dir='ltr'>Tolerantiarum,</span> 
     </span>
     <span class='ocr_line' id='line_1_73' title="bbox 135 2800 1198 2840; baseline 0.002 -9"><span class='ocrx_word' id='word_1_562' title='bbox 135 2803 168 2832; x_wconf 66' lang='grc' dir='ltr'>ὅς</span> <span class='ocrx_word' id='word_1_563' title='bbox 194 2800 434 2831; x_wconf 84' lang='lat' dir='ltr'>Abstinentiarum</span> <span class='ocrx_word' id='word_1_564' title='bbox 453 2801 689 2839; x_wconf 83' lang='lat' dir='ltr'>qualitercumque</span> <span class='ocrx_word' id='word_1_565' title='bbox 713 2803 868 2839; x_wconf 85' lang='lat' dir='ltr'>attemptari</span> <span class='ocrx_word' id='word_1_566' title='bbox 894 2803 1045 2840; x_wconf 83' lang='lat' dir='ltr'>contigerit</span> <span class='ocrx_word' id='word_1_567' title='bbox 1071 2804 1100 2832; x_wconf 89' lang='lat' dir='ltr'>in</span> <span class='ocrx_word' id='word_1_568' title='bbox 1125 2803 1198 2833; x_wconf 86' lang='lat' dir='ltr'>futu-</span> 
     </span>
     <span class='ocr_line' id='line_1_74' title="bbox 135 2838 1198 2907; baseline 0.003 -38"><span class='ocrx_word' id='word_1_569' title='bbox 135 2849 224 2907; x_wconf 74' lang='lat' dir='ltr'>rumd,</span> <span class='ocrx_word' id='word_1_570' title='bbox 243 2838 337 2869; x_wconf 84' lang='lat' dir='ltr'>Dandi</span> <span class='ocrx_word' id='word_1_571' title='bbox 353 2861 362 2876; x_wconf 78' lang='grc'><em>,</em></span> <span class='ocrx_word' id='word_1_572' title='bbox 381 2838 544 2877; x_wconf 89' lang='lat' dir='ltr'>Deputandi</span> <span class='ocrx_word' id='word_1_573' title='bbox 558 2861 568 2876; x_wconf 88' lang='lat'>,</span> <span class='ocrx_word' id='word_1_574' title='bbox 592 2838 794 2870; x_wconf 88' lang='lat' dir='ltr'>Constituendi</span> <span class='ocrx_word' id='word_1_575' title='bbox 809 2862 818 2877; x_wconf 88' lang='lat'>‚</span> <span class='ocrx_word' id='word_1_576' title='bbox 836 2839 1014 2870; x_wconf 81' lang='lat' dir='ltr'>Praeficiendi</span> <span class='ocrx_word' id='word_1_577' title='bbox 1030 2864 1040 2878; x_wconf 86' lang='lat'>,</span> <span class='ocrx_word' id='word_1_578' title='bbox 1057 2842 1090 2872; x_wconf 88' lang='lat'>&amp;</span> <span class='ocrx_word' id='word_1_579' title='bbox 1109 2842 1198 2872; x_wconf 90' lang='lat' dir='ltr'>Ordi-</span> 
     </span>
     <span class='ocr_line' id='line_1_75' title="bbox 137 2888 220 2908; baseline 0 0"><span class='ocrx_word' id='word_1_580' title='bbox 137 2888 191 2908; x_wconf 85' lang='lat' dir='ltr'>nan</span> <span class='ocrx_word' id='word_1_581' title='bbox 213 2888 220 2908; x_wconf 88' lang='lat'>1</span> 
     </span>
    </p>

    <p class='ocr_par' dir='ltr' id='par_1_24' title="bbox 135 2900 1199 3032">
     <span class='ocr_line' id='line_1_76' title="bbox 173 2900 1199 2958; baseline 0.002 -11"><span class='ocrx_word' id='word_1_582' title='bbox 173 2900 304 2947; x_wconf 62' lang='lat' dir='ltr'>Necnon</span> <span class='ocrx_word' id='word_1_583' title='bbox 322 2915 401 2955; x_wconf 77' lang='lat' dir='ltr'>quod</span> <span class='ocrx_word' id='word_1_584' title='bbox 421 2914 503 2953; x_wconf 81' lang='lat' dir='ltr'>Nos,</span> <span class='ocrx_word' id='word_1_585' title='bbox 519 2925 570 2953; x_wconf 92' lang='lat' dir='ltr'>pro</span> <span class='ocrx_word' id='word_1_586' title='bbox 586 2914 702 2952; x_wconf 86' lang='lat' dir='ltr'>Nobis,</span> <span class='ocrx_word' id='word_1_587' title='bbox 720 2915 906 2953; x_wconf 81' lang='lat' dir='ltr'>Haeredibus,</span> <span class='ocrx_word' id='word_1_588' title='bbox 924 2917 957 2947; x_wconf 88' lang='lat'>&amp;</span> <span class='ocrx_word' id='word_1_589' title='bbox 975 2916 1199 2958; x_wconf 82' lang='lat' dir='ltr'>Successoribus,</span> 
     </span>
     <span class='ocr_line' id='line_1_77' title="bbox 135 2952 1199 2996; baseline 0.004 -12"><span class='ocrx_word' id='word_1_590' title='bbox 135 2964 170 2984; x_wconf 83' lang='lat' dir='ltr'>ac</span> <span class='ocrx_word' id='word_1_591' title='bbox 188 2954 325 2992; x_wconf 88' lang='lat' dir='ltr'>Subditis,</span> <span class='ocrx_word' id='word_1_592' title='bbox 343 2953 505 2993; x_wconf 60' lang='lat' dir='ltr'>Colligam,</span> <span class='ocrx_word' id='word_1_593' title='bbox 524 2955 557 2985; x_wconf 91' lang='lat'>&amp;</span> <span class='ocrx_word' id='word_1_594' title='bbox 575 2952 784 2984; x_wconf 79' lang='lat' dir='ltr'>Confoederatis</span> <span class='ocrx_word' id='word_1_595' title='bbox 803 2954 902 2984; x_wconf 85' lang='lat' dir='ltr'>nostris</span> <span class='ocrx_word' id='word_1_596' title='bbox 917 2978 926 2993; x_wconf 86' lang='lat'>‚</span> <span class='ocrx_word' id='word_1_597' title='bbox 945 2955 1072 2996; x_wconf 85' lang='lat' dir='ltr'>Treugas</span> <span class='ocrx_word' id='word_1_598' title='bbox 1083 2979 1093 2995; x_wconf 87' lang='grc'>,</span> <span class='ocrx_word' id='word_1_599' title='bbox 1110 2958 1199 2988; x_wconf 85' lang='lat' dir='ltr'>Tole-</span> 
     </span>
     <span class='ocr_line' id='line_1_78' title="bbox 136 2991 1199 3032; baseline 0.006 -11"><span class='ocrx_word' id='word_1_600' title='bbox 136 2993 234 3022; x_wconf 81' lang='lat' dir='ltr'>rantias</span> <span class='ocrx_word' id='word_1_601' title='bbox 249 3014 258 3031; x_wconf 92' lang='lat'>,</span> <span class='ocrx_word' id='word_1_602' title='bbox 275 2992 462 3024; x_wconf 87' lang='lat' dir='ltr'>Abstinentias</span> <span class='ocrx_word' id='word_1_603' title='bbox 477 3016 487 3031; x_wconf 85' lang='lat'>‚</span> <span class='ocrx_word' id='word_1_604' title='bbox 502 2993 535 3023; x_wconf 89' lang='lat'>&amp;</span> <span class='ocrx_word' id='word_1_605' title='bbox 554 2991 756 3023; x_wconf 86' lang='lat' dir='ltr'>Ordinationes</span> <span class='ocrx_word' id='word_1_606' title='bbox 770 2993 959 3032; x_wconf 85' lang='lat' dir='ltr'>quascumque</span> <span class='ocrx_word' id='word_1_607' title='bbox 974 2996 1007 3025; x_wconf 90' lang='lat'>&amp;</span> <span class='ocrx_word' id='word_1_608' title='bbox 1027 2995 1199 3032; x_wconf 89' lang='lat' dir='ltr'>qualescum-</span> 
     </span>
    </p>

    <p class='ocr_par' dir='ltr' id='par_1_25' title="bbox 135 3040 1201 3291">
     <span class='ocr_line' id='line_1_79' title="bbox 157 3040 212 3067; baseline -0.036 -6"><span class='ocrx_word' id='word_1_609' title='bbox 157 3040 190 3061; x_wconf 86' lang='lat' dir='ltr'>ue</span> <span class='ocrx_word' id='word_1_610' title='bbox 201 3052 212 3067; x_wconf 92' lang='lat'>,</span> 
     </span>
     <span class='ocr_line' id='line_1_80' title="bbox 135 3040 1199 3108; baseline 0.007 -11"><span class='ocrx_word' id='word_1_611' title='bbox 135 3040 153 3069; x_wconf 72' lang='lat' dir='ltr'>q</span> <span class='ocrx_word' id='word_1_612' title='bbox 175 3068 262 3098; x_wconf 89' lang='lat' dir='ltr'>Circa</span> <span class='ocrx_word' id='word_1_613' title='bbox 276 3068 436 3107; x_wconf 84' lang='lat' dir='ltr'>Praerniffa,</span> <span class='ocrx_word' id='word_1_614' title='bbox 455 3079 503 3106; x_wconf 89' lang='lat' dir='ltr'>per</span> <span class='ocrx_word' id='word_1_615' title='bbox 518 3070 663 3108; x_wconf 76' lang='lat' dir='ltr'>praesentes</span> <span class='ocrx_word' id='word_1_616' title='bbox 681 3068 899 3100; x_wconf 82' lang='lat' dir='ltr'>Commiffarios</span> <span class='ocrx_word' id='word_1_617' title='bbox 919 3069 962 3100; x_wconf 90' lang='lat' dir='ltr'>seu</span> <span class='ocrx_word' id='word_1_618' title='bbox 974 3070 1130 3108; x_wconf 86' lang='lat' dir='ltr'>Deputatos</span> <span class='ocrx_word' id='word_1_619' title='bbox 1144 3084 1199 3104; x_wconf 89' lang='lat' dir='ltr'>no-</span> 
     </span>
     <span class='ocr_line' id='line_1_81' title="bbox 137 3106 1201 3146; baseline 0.007 -10"><span class='ocrx_word' id='word_1_620' title='bbox 137 3106 207 3137; x_wconf 85' lang='lat' dir='ltr'>stros</span> <span class='ocrx_word' id='word_1_621' title='bbox 220 3129 229 3144; x_wconf 88' lang='lat'>‚</span> <span class='ocrx_word' id='word_1_622' title='bbox 248 3107 377 3144; x_wconf 81' lang='lat' dir='ltr'>Quatuor</span> <span class='ocrx_word' id='word_1_623' title='bbox 390 3130 399 3145; x_wconf 90' lang='lat'>,</span> <span class='ocrx_word' id='word_1_624' title='bbox 416 3108 491 3137; x_wconf 90' lang='lat' dir='ltr'>Tres</span> <span class='ocrx_word' id='word_1_625' title='bbox 505 3132 514 3146; x_wconf 80' lang='lat'>‚</span> <span class='ocrx_word' id='word_1_626' title='bbox 531 3109 576 3138; x_wconf 90' lang='lat' dir='ltr'>vel</span> <span class='ocrx_word' id='word_1_627' title='bbox 595 3107 678 3137; x_wconf 88' lang='lat' dir='ltr'>Duos</span> <span class='ocrx_word' id='word_1_628' title='bbox 695 3109 864 3138; x_wconf 90' lang='lat' dir='ltr'>eornmdem</span> <span class='ocrx_word' id='word_1_629' title='bbox 876 3130 885 3146; x_wconf 92' lang='lat'>,</span> <span class='ocrx_word' id='word_1_630' title='bbox 900 3118 969 3138; x_wconf 89' lang='lat' dir='ltr'>cum</span> <span class='ocrx_word' id='word_1_631' title='bbox 988 3109 1069 3140; x_wconf 64' lang='lat' dir='ltr'>dieio</span> <span class='ocrx_word' id='word_1_632' title='bbox 1089 3112 1201 3143; x_wconf 81' lang='lat' dir='ltr'>Adver-</span> 
     </span>
     <span class='ocr_line' id='line_1_82' title="bbox 136 3145 1199 3212; baseline 0.004 -35"><span class='ocrx_word' id='word_1_633' title='bbox 136 3146 206 3177; x_wconf 77' lang='lat' dir='ltr'>sario</span> <span class='ocrx_word' id='word_1_634' title='bbox 223 3145 323 3212; x_wconf 56' lang='lat' dir='ltr'>Sostro</span> <span class='ocrx_word' id='word_1_635' title='bbox 338 3168 347 3183; x_wconf 86' lang='lat'>,</span> <span class='ocrx_word' id='word_1_636' title='bbox 371 3145 416 3176; x_wconf 88' lang='lat' dir='ltr'>vel</span> <span class='ocrx_word' id='word_1_637' title='bbox 439 3146 490 3176; x_wconf 90' lang='lat' dir='ltr'>suis</span> <span class='ocrx_word' id='word_1_638' title='bbox 511 3148 540 3177; x_wconf 90' lang='lat' dir='ltr'>in</span> <span class='ocrx_word' id='word_1_639' title='bbox 559 3147 613 3177; x_wconf 87' lang='lat' dir='ltr'>hac</span> <span class='ocrx_word' id='word_1_640' title='bbox 630 3155 705 3184; x_wconf 87' lang='lat' dir='ltr'>parte</span> <span class='ocrx_word' id='word_1_641' title='bbox 722 3146 889 3177; x_wconf 76' lang='lat' dir='ltr'>sufficienter</span> <span class='ocrx_word' id='word_1_642' title='bbox 912 3147 1055 3188; x_wconf 88' lang='lat' dir='ltr'>Deputatis</span> <span class='ocrx_word' id='word_1_643' title='bbox 1072 3150 1118 3180; x_wconf 87' lang='lat' dir='ltr'>seu</span> <span class='ocrx_word' id='word_1_644' title='bbox 1138 3151 1199 3182; x_wconf 80' lang='lat' dir='ltr'>De-</span> 
     </span>
     <span class='ocr_line' id='line_1_83' title="bbox 158 3192 280 3221; baseline -0.016 -7"><span class='ocrx_word' id='word_1_645' title='bbox 158 3192 221 3214; x_wconf 84' lang='lat' dir='ltr'>utan</span> <span class='ocrx_word' id='word_1_646' title='bbox 242 3193 280 3221; x_wconf 81' lang='lat' dir='ltr'>is,</span> 
     </span>
     <span class='ocr_line' id='line_1_84' title="bbox 135 3194 1200 3291; baseline 0.007 -40"><span class='ocrx_word' id='word_1_647' title='bbox 135 3194 155 3291; x_wconf 61' lang='grc' dir='ltr'>Ξ</span> <span class='ocrx_word' id='word_1_648' title='bbox 175 3221 322 3290; x_wconf 59' lang='grc' dir='ltr'>Ρὲώεηάἃε</span> <span class='ocrx_word' id='word_1_649' title='bbox 337 3243 347 3259; x_wconf 83' lang='grc'>,</span> <span class='ocrx_word' id='word_1_650' title='bbox 365 3220 539 3253; x_wconf 83' lang='lat' dir='ltr'>Ordinandas</span> <span class='ocrx_word' id='word_1_651' title='bbox 552 3245 561 3261; x_wconf 90' lang='lat'>,</span> <span class='ocrx_word' id='word_1_652' title='bbox 580 3222 801 3255; x_wconf 89' lang='lat' dir='ltr'>Conveniendas</span> <span class='ocrx_word' id='word_1_653' title='bbox 816 3246 826 3262; x_wconf 90' lang='lat'>,</span> <span class='ocrx_word' id='word_1_654' title='bbox 844 3223 1050 3256; x_wconf 89' lang='lat' dir='ltr'>Concedendas</span> <span class='ocrx_word' id='word_1_655' title='bbox 1064 3249 1074 3265; x_wconf 87' lang='lat'>‚</span> <span class='ocrx_word' id='word_1_656' title='bbox 1091 3227 1124 3257; x_wconf 74' lang='grc' dir='ltr'>δε</span> <span class='ocrx_word' id='word_1_657' title='bbox 1140 3227 1200 3258; x_wconf 85' lang='lat' dir='ltr'>Ha-</span> 
     </span>
     <span class='ocr_line' id='line_1_85' title="bbox 157 3271 241 3291; baseline -0.012 0"><span class='ocrx_word' id='word_1_658' title='bbox 157 3271 190 3291; x_wconf 91' lang='lat' dir='ltr'>en</span> <span class='ocrx_word' id='word_1_659' title='bbox 213 3271 241 3291; x_wconf 87' lang='lat' dir='ltr'>as</span> 
     </span>
    </p>

    <p class='ocr_par' dir='ltr' id='par_1_26' title="bbox 136 3283 1200 3376">
     <span class='ocr_line' id='line_1_86' title="bbox 152 3283 1200 3341; baseline 0.004 -11"><span class='ocrx_word' id='word_1_660' title='bbox 152 3319 155 3321; x_wconf 64' lang='grc'><em>»</em></span> <span class='ocrx_word' id='word_1_661' title='bbox 176 3283 258 3330; x_wconf 62' lang='lat' dir='ltr'>Cum,</span> <span class='ocrx_word' id='word_1_662' title='bbox 276 3298 409 3328; x_wconf 87' lang='lat' dir='ltr'>omnibus</span> <span class='ocrx_word' id='word_1_663' title='bbox 430 3297 482 3327; x_wconf 83' lang='lat' dir='ltr'>suis</span> <span class='ocrx_word' id='word_1_664' title='bbox 505 3298 656 3338; x_wconf 76' lang='lat' dir='ltr'>clausulis,</span> <span class='ocrx_word' id='word_1_665' title='bbox 675 3299 792 3339; x_wconf 82' lang='lat' dir='ltr'>Modis‚</span> <span class='ocrx_word' id='word_1_666' title='bbox 809 3300 1048 3341; x_wconf 88' lang='lat' dir='ltr'>Conditionibus,</span> <span class='ocrx_word' id='word_1_667' title='bbox 1066 3302 1200 3335; x_wconf 89' lang='lat' dir='ltr'>Circum-</span> 
     </span>
     <span class='ocr_line' id='line_1_87' title="bbox 136 3336 757 3376; baseline 0 -8"><span class='ocrx_word' id='word_1_668' title='bbox 136 3337 259 3376; x_wconf 82' lang='lat' dir='ltr'>stantiis,</span> <span class='ocrx_word' id='word_1_669' title='bbox 277 3337 310 3367; x_wconf 74' lang='grc' dir='ltr'>ὃς</span> <span class='ocrx_word' id='word_1_670' title='bbox 330 3336 504 3373; x_wconf 86' lang='lat' dir='ltr'>Appenditiis</span> <span class='ocrx_word' id='word_1_671' title='bbox 519 3338 757 3376; x_wconf 87' lang='lat' dir='ltr'>quibuscumque,</span> 
     </span>
    </p>

    <p class='ocr_par' dir='ltr' id='par_1_27' title="bbox 137 3374 1197 3452">
     <span class='ocr_line' id='line_1_88' title="bbox 175 3374 1197 3418; baseline 0.005 -12"><span class='ocrx_word' id='word_1_672' title='bbox 175 3377 273 3407; x_wconf 80' lang='lat' dir='ltr'>Firme</span> <span class='ocrx_word' id='word_1_673' title='bbox 288 3398 298 3413; x_wconf 86' lang='lat'><em>‚</em></span> <span class='ocrx_word' id='word_1_674' title='bbox 316 3375 431 3416; x_wconf 82' lang='lat' dir='ltr'>fideliter</span> <span class='ocrx_word' id='word_1_675' title='bbox 448 3396 456 3412; x_wconf 80' lang='lat'>,</span> <span class='ocrx_word' id='word_1_676' title='bbox 475 3374 507 3404; x_wconf 65' lang='grc' dir='ltr'>ὃς</span> <span class='ocrx_word' id='word_1_677' title='bbox 523 3376 718 3406; x_wconf 87' lang='lat' dir='ltr'>inviolabiliter</span> <span class='ocrx_word' id='word_1_678' title='bbox 734 3376 945 3408; x_wconf 84' lang='lat' dir='ltr'>observabimus</span> <span class='ocrx_word' id='word_1_679' title='bbox 959 3401 968 3417; x_wconf 77' lang='grc'>,</span> <span class='ocrx_word' id='word_1_680' title='bbox 985 3380 1018 3410; x_wconf 88' lang='lat'>&amp;</span> <span class='ocrx_word' id='word_1_681' title='bbox 1033 3402 1043 3418; x_wconf 84' lang='lat'>,</span> <span class='ocrx_word' id='word_1_682' title='bbox 1062 3389 1197 3418; x_wconf 86' lang='lat' dir='ltr'>quantum</span> 
     </span>
     <span class='ocr_line' id='line_1_89' title="bbox 137 3413 652 3452; baseline -0.002 -7"><span class='ocrx_word' id='word_1_683' title='bbox 137 3415 165 3445; x_wconf 83' lang='lat' dir='ltr'>in</span> <span class='ocrx_word' id='word_1_684' title='bbox 182 3416 266 3446; x_wconf 92' lang='lat' dir='ltr'>nobis</span> <span class='ocrx_word' id='word_1_685' title='bbox 279 3413 332 3452; x_wconf 83' lang='lat' dir='ltr'>est,</span> <span class='ocrx_word' id='word_1_686' title='bbox 347 3413 484 3443; x_wconf 78' lang='lat' dir='ltr'>obiervari</span> <span class='ocrx_word' id='word_1_687' title='bbox 501 3413 652 3450; x_wconf 85' lang='lat' dir='ltr'>faciemus,</span> 
     </span>
    </p>

    <p class='ocr_par' dir='ltr' id='par_1_28' title="bbox 138 3450 1197 3644">
     <span class='ocr_line' id='line_1_90' title="bbox 174 3450 1197 3495; baseline 0.004 -11"><span class='ocrx_word' id='word_1_688' title='bbox 174 3454 304 3484; x_wconf 89' lang='lat' dir='ltr'>Necnon</span> <span class='ocrx_word' id='word_1_689' title='bbox 322 3452 358 3483; x_wconf 93' lang='lat' dir='ltr'>de</span> <span class='ocrx_word' id='word_1_690' title='bbox 374 3451 469 3482; x_wconf 76' lang='lat' dir='ltr'>debite</span> <span class='ocrx_word' id='word_1_691' title='bbox 488 3450 688 3482; x_wconf 81' lang='lat' dir='ltr'>Reformando</span> <span class='ocrx_word' id='word_1_692' title='bbox 706 3460 800 3482; x_wconf 87' lang='lat' dir='ltr'>totum</span> <span class='ocrx_word' id='word_1_693' title='bbox 819 3453 952 3492; x_wconf 81' lang='lat' dir='ltr'>&amp;siquid</span> <span class='ocrx_word' id='word_1_694' title='bbox 969 3456 996 3484; x_wconf 89' lang='lat' dir='ltr'>in</span> <span class='ocrx_word' id='word_1_695' title='bbox 1015 3458 1197 3495; x_wconf 89' lang='lat' dir='ltr'>contrarium,</span> 
     </span>
     <span class='ocr_line' id='line_1_91' title="bbox 138 3489 1197 3532; baseline 0.004 -10"><span class='ocrx_word' id='word_1_696' title='bbox 138 3502 189 3530; x_wconf 85' lang='lat' dir='ltr'>per</span> <span class='ocrx_word' id='word_1_697' title='bbox 208 3491 320 3522; x_wconf 87' lang='lat' dir='ltr'>Partem</span> <span class='ocrx_word' id='word_1_698' title='bbox 340 3489 465 3520; x_wconf 90' lang='lat' dir='ltr'>nostram</span> <span class='ocrx_word' id='word_1_699' title='bbox 484 3492 492 3524; x_wconf 93' lang='lat'>(</span> <span class='ocrx_word' id='word_1_700' title='bbox 510 3490 586 3527; x_wconf 89' lang='lat' dir='ltr'>quod</span> <span class='ocrx_word' id='word_1_701' title='bbox 605 3490 696 3526; x_wconf 78' lang='lat' dir='ltr'>absit)</span> <span class='ocrx_word' id='word_1_702' title='bbox 715 3492 866 3527; x_wconf 79' lang='lat' dir='ltr'>contigerit</span> <span class='ocrx_word' id='word_1_703' title='bbox 882 3495 1035 3530; x_wconf 84' lang='lat' dir='ltr'>attemptari</span> <span class='ocrx_word' id='word_1_704' title='bbox 1051 3518 1058 3532; x_wconf 76' lang='grc'>,</span> <span class='ocrx_word' id='word_1_705' title='bbox 1083 3497 1110 3524; x_wconf 90' lang='lat' dir='ltr'>in</span> <span class='ocrx_word' id='word_1_706' title='bbox 1127 3497 1197 3526; x_wconf 86' lang='lat' dir='ltr'>Ani-</span> 
     </span>
     <span class='ocr_line' id='line_1_92' title="bbox 138 3528 1194 3567; baseline 0.004 -6"><span class='ocrx_word' id='word_1_707' title='bbox 138 3540 217 3561; x_wconf 89' lang='lat' dir='ltr'>mam</span> <span class='ocrx_word' id='word_1_708' title='bbox 238 3529 378 3567; x_wconf 86' lang='lat' dir='ltr'>nostram,</span> <span class='ocrx_word' id='word_1_709' title='bbox 396 3528 446 3559; x_wconf 88' lang='lat' dir='ltr'>sub</span> <span class='ocrx_word' id='word_1_710' title='bbox 465 3529 554 3558; x_wconf 88' lang='lat' dir='ltr'>verbo</span> <span class='ocrx_word' id='word_1_711' title='bbox 575 3529 684 3567; x_wconf 76' lang='lat' dir='ltr'>Regio,</span> <span class='ocrx_word' id='word_1_712' title='bbox 701 3538 734 3559; x_wconf 89' lang='lat' dir='ltr'>ac</span> <span class='ocrx_word' id='word_1_713' title='bbox 753 3530 833 3560; x_wconf 64' lang='lat' dir='ltr'>tactis</span> <span class='ocrx_word' id='word_1_714' title='bbox 851 3531 933 3560; x_wconf 85' lang='lat' dir='ltr'>etiam</span> <span class='ocrx_word' id='word_1_715' title='bbox 950 3531 1133 3564; x_wconf 62' lang='lat' dir='ltr'>Sacrosanetis</span> <span class='ocrx_word' id='word_1_716' title='bbox 1153 3535 1194 3565; x_wconf 87' lang='lat' dir='ltr'>E-</span> 
     </span>
     <span class='ocr_line' id='line_1_93' title="bbox 138 3566 1196 3611; baseline 0.002 -12"><span class='ocrx_word' id='word_1_717' title='bbox 138 3568 288 3605; x_wconf 84' lang='lat' dir='ltr'>vangeliis,</span> <span class='ocrx_word' id='word_1_718' title='bbox 303 3567 438 3606; x_wconf 78' lang='lat' dir='ltr'>jurandi,</span> <span class='ocrx_word' id='word_1_719' title='bbox 456 3577 489 3598; x_wconf 90' lang='lat' dir='ltr'>ac</span> <span class='ocrx_word' id='word_1_720' title='bbox 505 3566 651 3605; x_wconf 89' lang='lat' dir='ltr'>quodlibet</span> <span class='ocrx_word' id='word_1_721' title='bbox 663 3566 735 3597; x_wconf 90' lang='lat' dir='ltr'>aliud</span> <span class='ocrx_word' id='word_1_722' title='bbox 749 3577 837 3604; x_wconf 87' lang='lat' dir='ltr'>genus</span> <span class='ocrx_word' id='word_1_723' title='bbox 851 3568 920 3599; x_wconf 90' lang='lat' dir='ltr'>liciti</span> <span class='ocrx_word' id='word_1_724' title='bbox 928 3569 1118 3611; x_wconf 77' lang='lat' dir='ltr'>Sacramenti,</span> <span class='ocrx_word' id='word_1_725' title='bbox 1128 3572 1196 3603; x_wconf 90' lang='lat' dir='ltr'>No-</span> 
     </span>
     <span class='ocr_line' id='line_1_94' title="bbox 139 3604 776 3644; baseline -0.005 -7"><span class='ocrx_word' id='word_1_726' title='bbox 139 3609 220 3637; x_wconf 88' lang='lat' dir='ltr'>mine</span> <span class='ocrx_word' id='word_1_727' title='bbox 229 3605 342 3644; x_wconf 84' lang='lat' dir='ltr'>nostro,</span> <span class='ocrx_word' id='word_1_728' title='bbox 361 3606 394 3637; x_wconf 92' lang='lat'>&amp;</span> <span class='ocrx_word' id='word_1_729' title='bbox 408 3614 459 3643; x_wconf 81' lang='lat' dir='ltr'>pro</span> <span class='ocrx_word' id='word_1_730' title='bbox 476 3605 591 3643; x_wconf 87' lang='lat' dir='ltr'>Nobis,</span> <span class='ocrx_word' id='word_1_731' title='bbox 610 3604 776 3643; x_wconf 82' lang='lat' dir='ltr'>Praestandi,</span> 
     </span>
    </p>

    <p class='ocr_par' dir='ltr' id='par_1_29' title="bbox 177 3643 1179 3686">
     <span class='ocr_line' id='line_1_95' title="bbox 177 3643 1179 3686; baseline 0.003 -11"><span class='ocrx_word' id='word_1_732' title='bbox 177 3645 305 3675; x_wconf 88' lang='lat' dir='ltr'>Necnon</span> <span class='ocrx_word' id='word_1_733' title='bbox 321 3644 510 3682; x_wconf 83' lang='lat' dir='ltr'>quascumque</span> <span class='ocrx_word' id='word_1_734' title='bbox 528 3643 679 3674; x_wconf 88' lang='lat' dir='ltr'>Cautiones</span> <span class='ocrx_word' id='word_1_735' title='bbox 695 3643 782 3674; x_wconf 88' lang='lat' dir='ltr'>solitas</span> <span class='ocrx_word' id='word_1_736' title='bbox 798 3646 830 3676; x_wconf 92' lang='lat'>&amp;</span> <span class='ocrx_word' id='word_1_737' title='bbox 849 3645 977 3676; x_wconf 89' lang='lat' dir='ltr'>honestas</span> <span class='ocrx_word' id='word_1_738' title='bbox 993 3646 1179 3686; x_wconf 77' lang='lat' dir='ltr'>Exponendi,</span> 
     </span>
    </p>

    <p class='ocr_par' dir='ltr' id='par_1_30' title="bbox 140 3682 1197 3760">
     <span class='ocr_line' id='line_1_96' title="bbox 177 3682 1197 3723; baseline 0.004 -9"><span class='ocrx_word' id='word_1_739' title='bbox 177 3683 355 3721; x_wconf 68' lang='lat' dir='ltr'>Dieturnque</span> <span class='ocrx_word' id='word_1_740' title='bbox 379 3682 574 3713; x_wconf 78' lang='lat' dir='ltr'>Adversarium</span> <span class='ocrx_word' id='word_1_741' title='bbox 596 3682 724 3712; x_wconf 87' lang='lat' dir='ltr'>nostrum</span> <span class='ocrx_word' id='word_1_742' title='bbox 738 3704 747 3720; x_wconf 89' lang='lat'>‚</span> <span class='ocrx_word' id='word_1_743' title='bbox 765 3682 935 3721; x_wconf 87' lang='lat' dir='ltr'>Deputatos,</span> <span class='ocrx_word' id='word_1_744' title='bbox 954 3685 996 3714; x_wconf 86' lang='lat' dir='ltr'>vel</span> <span class='ocrx_word' id='word_1_745' title='bbox 1011 3685 1197 3723; x_wconf 88' lang='lat' dir='ltr'>Deputandos</span> 
     </span>
     <span class='ocr_line' id='line_1_97' title="bbox 140 3720 952 3760; baseline 0.002 -10"><span class='ocrx_word' id='word_1_746' title='bbox 140 3721 177 3751; x_wconf 81' lang='lat' dir='ltr'>ab</span> <span class='ocrx_word' id='word_1_747' title='bbox 191 3722 294 3751; x_wconf 86' lang='lat' dir='ltr'>eodem</span> <span class='ocrx_word' id='word_1_748' title='bbox 311 3721 594 3760; x_wconf 82' lang='lat' dir='ltr'>confimiliterJurare</span> <span class='ocrx_word' id='word_1_749' title='bbox 613 3720 728 3751; x_wconf 82' lang='lat' dir='ltr'>Petendi</span> <span class='ocrx_word' id='word_1_750' title='bbox 745 3721 778 3750; x_wconf 90' lang='lat'>&amp;</span> <span class='ocrx_word' id='word_1_751' title='bbox 793 3721 952 3760; x_wconf 88' lang='lat' dir='ltr'>Audiendi,</span> 
     </span>
    </p>

    <p class='ocr_par' dir='ltr' id='par_1_31' title="bbox 141 3758 1199 3950">
     <span class='ocr_line' id='line_1_98' title="bbox 178 3758 1198 3799; baseline 0.005 -11"><span class='ocrx_word' id='word_1_752' title='bbox 178 3758 402 3797; x_wconf 80' lang='lat' dir='ltr'>HuJ&#39;usmodique</span> <span class='ocrx_word' id='word_1_753' title='bbox 420 3760 548 3797; x_wconf 85' lang='lat' dir='ltr'>Treugas</span> <span class='ocrx_word' id='word_1_754' title='bbox 565 3783 574 3797; x_wconf 88' lang='lat'>‚</span> <span class='ocrx_word' id='word_1_755' title='bbox 593 3759 768 3789; x_wconf 83' lang='lat' dir='ltr'>Tolerantias</span> <span class='ocrx_word' id='word_1_756' title='bbox 783 3782 793 3796; x_wconf 88' lang='lat'>,</span> <span class='ocrx_word' id='word_1_757' title='bbox 812 3759 1013 3799; x_wconf 84' lang='lat' dir='ltr'>Abstinentias,</span> <span class='ocrx_word' id='word_1_758' title='bbox 1031 3761 1198 3794; x_wconf 89' lang='lat' dir='ltr'>Ordinatio-</span> 
     </span>
     <span class='ocr_line' id='line_1_99' title="bbox 141 3797 1198 3838; baseline 0.007 -12"><span class='ocrx_word' id='word_1_759' title='bbox 141 3805 209 3834; x_wconf 87' lang='lat' dir='ltr'>nes,</span> <span class='ocrx_word' id='word_1_760' title='bbox 226 3798 258 3827; x_wconf 88' lang='lat'>&amp;</span> <span class='ocrx_word' id='word_1_761' title='bbox 272 3797 486 3829; x_wconf 87' lang='lat' dir='ltr'>Conventiones</span> <span class='ocrx_word' id='word_1_762' title='bbox 504 3797 844 3836; x_wconf 84' lang='lat' dir='ltr'>quascumque,Personis</span> <span class='ocrx_word' id='word_1_763' title='bbox 860 3799 893 3829; x_wconf 90' lang='lat'>&amp;</span> <span class='ocrx_word' id='word_1_764' title='bbox 915 3799 999 3829; x_wconf 90' lang='lat' dir='ltr'>Locis</span> <span class='ocrx_word' id='word_1_765' title='bbox 1017 3802 1198 3838; x_wconf 88' lang='lat' dir='ltr'>quibuscum-</span> 
     </span>
     <span class='ocr_line' id='line_1_100' title="bbox 141 3836 1196 3876; baseline 0.007 -12"><span class='ocrx_word' id='word_1_766' title='bbox 141 3836 417 3873; x_wconf 85' lang='lat' dir='ltr'>que,-ubicumque,</span> <span class='ocrx_word' id='word_1_767' title='bbox 433 3836 466 3867; x_wconf 91' lang='lat'>&amp;</span> <span class='ocrx_word' id='word_1_768' title='bbox 485 3836 721 3875; x_wconf 86' lang='lat' dir='ltr'>quandocumque</span> <span class='ocrx_word' id='word_1_769' title='bbox 738 3836 866 3872; x_wconf 82' lang='lat' dir='ltr'>expedire</span> <span class='ocrx_word' id='word_1_770' title='bbox 883 3837 1037 3876; x_wconf 86' lang='lat' dir='ltr'>videbitur,</span> <span class='ocrx_word' id='word_1_771' title='bbox 1055 3839 1196 3871; x_wconf 76' lang='lat' dir='ltr'>insinuan-</span> 
     </span>
     <span class='ocr_line' id='line_1_101' title="bbox 142 3872 1199 3917; baseline 0.009 -16"><span class='ocrx_word' id='word_1_772' title='bbox 142 3874 191 3910; x_wconf 90' lang='lat' dir='ltr'>di,</span> <span class='ocrx_word' id='word_1_773' title='bbox 208 3872 386 3903; x_wconf 82' lang='lat' dir='ltr'>Notificandi</span> <span class='ocrx_word' id='word_1_774' title='bbox 400 3898 409 3909; x_wconf 81' lang='lat'><strong>‚</strong></span> <span class='ocrx_word' id='word_1_775' title='bbox 432 3874 649 3913; x_wconf 78' lang='lat' dir='ltr'>proclamandi,</span> <span class='ocrx_word' id='word_1_776' title='bbox 668 3878 700 3906; x_wconf 87' lang='lat'>&amp;</span> <span class='ocrx_word' id='word_1_777' title='bbox 716 3875 880 3905; x_wconf 82' lang='lat' dir='ltr'>Publicandi</span> <span class='ocrx_word' id='word_1_778' title='bbox 894 3897 904 3913; x_wconf 85' lang='lat'>,</span> <span class='ocrx_word' id='word_1_779' title='bbox 923 3875 1070 3917; x_wconf 69' lang='lat' dir='ltr'>Insinuari,</span> <span class='ocrx_word' id='word_1_780' title='bbox 1088 3878 1199 3910; x_wconf 83' lang='lat' dir='ltr'>Notifi-</span> 
     </span>
     <span class='ocr_line' id='line_1_102' title="bbox 141 3910 863 3950; baseline 0.004 -10"><span class='ocrx_word' id='word_1_781' title='bbox 141 3911 218 3947; x_wconf 87' lang='lat' dir='ltr'>cari,</span> <span class='ocrx_word' id='word_1_782' title='bbox 236 3911 269 3940; x_wconf 75' lang='grc' dir='ltr'>δε</span> <span class='ocrx_word' id='word_1_783' title='bbox 284 3910 474 3950; x_wconf 84' lang='lat' dir='ltr'>Proclamari,</span> <span class='ocrx_word' id='word_1_784' title='bbox 492 3913 668 3944; x_wconf 89' lang='lat' dir='ltr'>Faciendi&amp;</span> <span class='ocrx_word' id='word_1_785' title='bbox 686 3912 863 3950; x_wconf 62' lang='lat' dir='ltr'>Mam-andi,</span> 
     </span>
    </p>

    <p class='ocr_par' dir='ltr' id='par_1_32' title="bbox 141 3949 1199 4070">
     <span class='ocr_line' id='line_1_103' title="bbox 181 3949 1198 3993; baseline 0.006 -17"><span class='ocrx_word' id='word_1_786' title='bbox 181 3949 309 3979; x_wconf 86' lang='lat' dir='ltr'>Necnon</span> <span class='ocrx_word' id='word_1_787' title='bbox 327 3951 421 3979; x_wconf 83' lang='lat' dir='ltr'>omnia</span> <span class='ocrx_word' id='word_1_788' title='bbox 440 3951 490 3981; x_wconf 85' lang='lat' dir='ltr'>alia</span> <span class='ocrx_word' id='word_1_789' title='bbox 509 3952 541 3982; x_wconf 91' lang='lat'>&amp;</span> <span class='ocrx_word' id='word_1_790' title='bbox 560 3952 664 3988; x_wconf 80' lang='lat' dir='ltr'>singula</span> <span class='ocrx_word' id='word_1_791' title='bbox 685 3951 797 3988; x_wconf 68' lang='lat' dir='ltr'>Agendi</span> <span class='ocrx_word' id='word_1_792' title='bbox 813 3975 821 3990; x_wconf 85' lang='lat'>,</span> <span class='ocrx_word' id='word_1_793' title='bbox 839 3952 1013 3982; x_wconf 83' lang='lat' dir='ltr'>Excercendi</span> <span class='ocrx_word' id='word_1_794' title='bbox 1028 3975 1038 3990; x_wconf 88' lang='lat'>‚</span> <span class='ocrx_word' id='word_1_795' title='bbox 1054 3954 1087 3985; x_wconf 90' lang='lat'>&amp;</span> <span class='ocrx_word' id='word_1_796' title='bbox 1103 3955 1198 3993; x_wconf 79' lang='lat' dir='ltr'>Expe-</span> 
     </span>
     <span class='ocr_line' id='line_1_104' title="bbox 144 3986 1199 4030; baseline 0.009 -15"><span class='ocrx_word' id='word_1_797' title='bbox 144 3986 259 4024; x_wconf 87' lang='lat' dir='ltr'>diendi,</span> <span class='ocrx_word' id='word_1_798' title='bbox 275 3996 338 4023; x_wconf 81' lang='lat' dir='ltr'>quae</span> <span class='ocrx_word' id='word_1_799' title='bbox 355 3988 383 4016; x_wconf 84' lang='lat' dir='ltr'>in</span> <span class='ocrx_word' id='word_1_800' title='bbox 397 3986 549 4019; x_wconf 81' lang='lat' dir='ltr'>Praemiffis</span> <span class='ocrx_word' id='word_1_801' title='bbox 563 3989 608 4019; x_wconf 91' lang='lat' dir='ltr'>vel</span> <span class='ocrx_word' id='word_1_802' title='bbox 622 3991 696 4020; x_wconf 90' lang='lat' dir='ltr'>circa</span> <span class='ocrx_word' id='word_1_803' title='bbox 708 4000 739 4019; x_wconf 87' lang='lat' dir='ltr'>ea</span> <span class='ocrx_word' id='word_1_804' title='bbox 749 3990 895 4020; x_wconf 76' lang='lat' dir='ltr'>necessaria</span> <span class='ocrx_word' id='word_1_805' title='bbox 907 3990 1004 4020; x_wconf 85' lang='lat' dir='ltr'>fuerint</span> <span class='ocrx_word' id='word_1_806' title='bbox 1019 3992 1062 4022; x_wconf 88' lang='lat' dir='ltr'>seu</span> <span class='ocrx_word' id='word_1_807' title='bbox 1076 4003 1199 4030; x_wconf 86' lang='lat' dir='ltr'>quomo-</span> 
     </span>
     <span class='ocr_line' id='line_1_105' title="bbox 141 4025 1197 4070; baseline 0.009 -15"><span class='ocrx_word' id='word_1_808' title='bbox 141 4025 250 4055; x_wconf 88' lang='lat' dir='ltr'>dolibet</span> <span class='ocrx_word' id='word_1_809' title='bbox 271 4032 408 4061; x_wconf 77' lang='lat' dir='ltr'>oportuna</span> <span class='ocrx_word' id='word_1_810' title='bbox 422 4048 431 4062; x_wconf 75' lang='lat'>,</span> <span class='ocrx_word' id='word_1_811' title='bbox 454 4029 538 4058; x_wconf 88' lang='lat' dir='ltr'>etiam</span> <span class='ocrx_word' id='word_1_812' title='bbox 555 4028 621 4058; x_wconf 86' lang='lat' dir='ltr'>slde</span> <span class='ocrx_word' id='word_1_813' title='bbox 636 4028 661 4058; x_wconf 90' lang='lat' dir='ltr'>se</span> <span class='ocrx_word' id='word_1_814' title='bbox 680 4027 847 4058; x_wconf 86' lang='lat' dir='ltr'>Mandatum</span> <span class='ocrx_word' id='word_1_815' title='bbox 868 4030 980 4065; x_wconf 79' lang='lat' dir='ltr'>exigant</span> <span class='ocrx_word' id='word_1_816' title='bbox 1000 4029 1115 4067; x_wconf 65' lang='lat' dir='ltr'>speciale</span> <span class='ocrx_word' id='word_1_817' title='bbox 1128 4055 1138 4070; x_wconf 87' lang='lat'>,</span> <span class='ocrx_word' id='word_1_818' title='bbox 1165 4034 1197 4063; x_wconf 90' lang='lat'>&amp;</span> 
     </span>
    </p>
   </div>
   <div class='ocr_carea' id='block_1_9' title="bbox 138 4064 1195 4134">
    <p class='ocr_par' dir='ltr' id='par_1_33' title="bbox 138 4064 1195 4134">
     <span class='ocr_line' id='line_1_106' title="bbox 138 4064 1195 4134; baseline 0.008 -40"><span class='ocrx_word' id='word_1_819' title='bbox 138 4064 252 4134; x_wconf 44' lang='lat' dir='ltr'>altg&#39;ij·</span> <span class='ocrx_word' id='word_1_820' title='bbox 263 4071 371 4132; x_wconf 45' lang='grc' dir='ltr'><em>ῐῗὲπῗ.</em></span> <span class='ocrx_word' id='word_1_821' title='bbox 387 4064 490 4131; x_wconf 59' lang='lat' dir='ltr'>fluerint</span> <span class='ocrx_word' id='word_1_822' title='bbox 508 4066 595 4104; x_wconf 71' lang='lat' dir='ltr'>quarn</span> <span class='ocrx_word' id='word_1_823' title='bbox 616 4064 747 4105; x_wconf 84' lang='lat' dir='ltr'>Capitula</span> <span class='ocrx_word' id='word_1_824' title='bbox 767 4067 917 4106; x_wconf 66' lang='lat' dir='ltr'>expressam</span> <span class='ocrx_word' id='word_1_825' title='bbox 928 4078 961 4100; x_wconf 87' lang='lat' dir='ltr'>ac</span> <span class='ocrx_word' id='word_1_826' title='bbox 978 4078 1041 4107; x_wconf 82' lang='lat' dir='ltr'>quae</span> <span class='ocrx_word' id='word_1_827' title='bbox 1055 4072 1089 4102; x_wconf 90' lang='lat'>&amp;</span> <span class='ocrx_word' id='word_1_828' title='bbox 1107 4071 1195 4110; x_wconf 82' lang='lat' dir='ltr'>qualia</span> 
     </span>
    </p>
   </div>
   <div class='ocr_carea' id='block_1_10' title="bbox 1262 176 1734 224">
    <p class='ocr_par' dir='ltr' id='par_1_34' title="bbox 1262 176 1734 224">
     <span class='ocr_line' id='line_1_107' title="bbox 1262 176 1734 224; baseline 0.011 -5"><span class='ocrx_word' id='word_1_829' title='bbox 1262 176 1734 224; x_wconf 86' lang='lat' dir='ltr'>PUBLICA.</span> 
     </span>
    </p>
   </div>
   <div class='ocr_carea' id='block_1_11' title="bbox 1226 264 2298 801">
    <p class='ocr_par' dir='ltr' id='par_1_35' title="bbox 1234 264 2122 304">
     <span class='ocr_line' id='line_1_108' title="bbox 1234 264 2122 304; baseline 0 -10"><span class='ocrx_word' id='word_1_830' title='bbox 1234 265 1342 296; x_wconf 84' lang='lat' dir='ltr'>nosmet</span> <span class='ocrx_word' id='word_1_831' title='bbox 1359 266 1407 304; x_wconf 82' lang='lat' dir='ltr'>ipsi</span> <span class='ocrx_word' id='word_1_832' title='bbox 1424 266 1514 298; x_wconf 85' lang='lat' dir='ltr'>facere</span> <span class='ocrx_word' id='word_1_833' title='bbox 1531 267 1670 304; x_wconf 69' lang='lat' dir='ltr'>possemus</span> <span class='ocrx_word' id='word_1_834' title='bbox 1683 268 1702 297; x_wconf 83' lang='lat' dir='ltr'>fi</span> <span class='ocrx_word' id='word_1_835' title='bbox 1719 267 1893 304; x_wconf 83' lang='lat' dir='ltr'>personaliter</span> <span class='ocrx_word' id='word_1_836' title='bbox 1914 264 2122 304; x_wconf 67' lang='lat' dir='ltr'>interessemus,</span> 
     </span>
    </p>

    <p class='ocr_par' dir='ltr' id='par_1_36' title="bbox 1230 303 2298 648">
     <span class='ocr_line' id='line_1_109' title="bbox 1270 303 2297 343; baseline 0.002 -10"><span class='ocrx_word' id='word_1_837' title='bbox 1270 303 1464 335; x_wconf 85' lang='lat' dir='ltr'>Promittimus</span> <span class='ocrx_word' id='word_1_838' title='bbox 1479 307 1564 335; x_wconf 89' lang='lat' dir='ltr'>etiam</span> <span class='ocrx_word' id='word_1_839' title='bbox 1606 305 1680 336; x_wconf 72' lang='lat' dir='ltr'>bona</span> <span class='ocrx_word' id='word_1_840' title='bbox 1697 305 1749 335; x_wconf 77' lang='lat' dir='ltr'>fide</span> <span class='ocrx_word' id='word_1_841' title='bbox 1764 328 1773 343; x_wconf 83' lang='lat'>,</span> <span class='ocrx_word' id='word_1_842' title='bbox 1790 306 1823 336; x_wconf 87' lang='lat'>&amp;</span> <span class='ocrx_word' id='word_1_843' title='bbox 1847 306 1935 335; x_wconf 87' lang='lat' dir='ltr'>verbo</span> <span class='ocrx_word' id='word_1_844' title='bbox 1959 306 2058 341; x_wconf 77' lang='lat' dir='ltr'>regio,</span> <span class='ocrx_word' id='word_1_845' title='bbox 2077 304 2110 334; x_wconf 70' lang='grc' dir='ltr'>ὃ(</span> <span class='ocrx_word' id='word_1_846' title='bbox 2124 303 2173 334; x_wconf 85' lang='lat' dir='ltr'>sub</span> <span class='ocrx_word' id='word_1_847' title='bbox 2189 304 2297 335; x_wconf 68' lang='lat' dir='ltr'>attesta=</span> 
     </span>
     <span class='ocr_line' id='line_1_110' title="bbox 1233 328 2298 381; baseline 0.003 -12"><span class='ocrx_word' id='word_1_848' title='bbox 1233 342 1311 372; x_wconf 89' lang='lat' dir='ltr'>tione</span> <span class='ocrx_word' id='word_1_849' title='bbox 1332 342 1419 372; x_wconf 87' lang='lat' dir='ltr'>divini</span> <span class='ocrx_word' id='word_1_850' title='bbox 1434 343 1533 380; x_wconf 83' lang='lat' dir='ltr'>judicii</span> <span class='ocrx_word' id='word_1_851' title='bbox 1578 328 1646 373; x_wconf 76' lang='lat' dir='ltr'>Nos</span> <span class='ocrx_word' id='word_1_852' title='bbox 1663 366 1672 381; x_wconf 90' lang='lat'>,</span> <span class='ocrx_word' id='word_1_853' title='bbox 1693 354 1745 381; x_wconf 89' lang='lat' dir='ltr'>pro</span> <span class='ocrx_word' id='word_1_854' title='bbox 1770 344 1865 374; x_wconf 87' lang='lat' dir='ltr'>Nobis</span> <span class='ocrx_word' id='word_1_855' title='bbox 1882 366 1891 381; x_wconf 90' lang='lat'>,</span> <span class='ocrx_word' id='word_1_856' title='bbox 1911 342 2079 373; x_wconf 82' lang='lat' dir='ltr'>Haeredibus</span> <span class='ocrx_word' id='word_1_857' title='bbox 2093 364 2103 380; x_wconf 79' lang='lat'>,</span> <span class='ocrx_word' id='word_1_858' title='bbox 2122 342 2298 373; x_wconf 78' lang='lat' dir='ltr'>Successori-</span> 
     </span>
     <span class='ocr_line' id='line_1_111' title="bbox 1234 379 2297 419; baseline 0.003 -11"><span class='ocrx_word' id='word_1_859' title='bbox 1234 379 1299 417; x_wconf 80' lang='lat' dir='ltr'>bus,</span> <span class='ocrx_word' id='word_1_860' title='bbox 1320 382 1350 410; x_wconf 58' lang='grc' dir='ltr'>ὃς</span> <span class='ocrx_word' id='word_1_861' title='bbox 1365 380 1488 411; x_wconf 84' lang='lat' dir='ltr'>Subditis</span> <span class='ocrx_word' id='word_1_862' title='bbox 1501 404 1510 419; x_wconf 83' lang='grc'>,</span> <span class='ocrx_word' id='word_1_863' title='bbox 1529 380 1676 417; x_wconf 50' lang='lat' dir='ltr'>colligaris</span> <span class='ocrx_word' id='word_1_864' title='bbox 1691 384 1722 413; x_wconf 73' lang='grc' dir='ltr'>ὅ(</span> <span class='ocrx_word' id='word_1_865' title='bbox 1740 382 1951 412; x_wconf 80' lang='lat' dir='ltr'>Confoederatis</span> <span class='ocrx_word' id='word_1_866' title='bbox 1975 380 2074 411; x_wconf 81' lang='lat' dir='ltr'>nostris</span> <span class='ocrx_word' id='word_1_867' title='bbox 2085 403 2095 418; x_wconf 89' lang='lat'>‚</span> <span class='ocrx_word' id='word_1_868' title='bbox 2113 389 2248 419; x_wconf 86' lang='lat' dir='ltr'>quantum</span> <span class='ocrx_word' id='word_1_869' title='bbox 2268 382 2297 411; x_wconf 90' lang='lat' dir='ltr'>in</span> 
     </span>
     <span class='ocr_line' id='line_1_112' title="bbox 1232 418 2296 458; baseline 0.006 -13"><span class='ocrx_word' id='word_1_870' title='bbox 1232 419 1314 447; x_wconf 80' lang='lat' dir='ltr'>nobis</span> <span class='ocrx_word' id='word_1_871' title='bbox 1328 419 1369 449; x_wconf 87' lang='lat' dir='ltr'>est</span> <span class='ocrx_word' id='word_1_872' title='bbox 1384 442 1393 457; x_wconf 83' lang='lat'>,</span> <span class='ocrx_word' id='word_1_873' title='bbox 1411 419 1518 449; x_wconf 70' lang='lat' dir='ltr'>Ratun]</span> <span class='ocrx_word' id='word_1_874' title='bbox 1534 442 1543 456; x_wconf 89' lang='lat'>‚</span> <span class='ocrx_word' id='word_1_875' title='bbox 1561 418 1702 456; x_wconf 85' lang='lat' dir='ltr'>Gratum,</span> <span class='ocrx_word' id='word_1_876' title='bbox 1721 422 1753 449; x_wconf 84' lang='lat'>&amp;</span> <span class='ocrx_word' id='word_1_877' title='bbox 1775 420 1904 450; x_wconf 87' lang='lat' dir='ltr'>Firmum</span> <span class='ocrx_word' id='word_1_878' title='bbox 1920 442 1929 458; x_wconf 88' lang='lat'>,</span> <span class='ocrx_word' id='word_1_879' title='bbox 1947 421 2084 457; x_wconf 81' lang='lat' dir='ltr'>perpetuis</span> <span class='ocrx_word' id='word_1_880' title='bbox 2099 421 2296 458; x_wconf 81' lang='lat' dir='ltr'>temporibus,</span> 
     </span>
     <span class='ocr_line' id='line_1_113' title="bbox 1230 455 2297 494; baseline 0.004 -9"><span class='ocrx_word' id='word_1_881' title='bbox 1230 455 1372 486; x_wconf 85' lang='lat' dir='ltr'>habituros</span> <span class='ocrx_word' id='word_1_882' title='bbox 1386 465 1480 487; x_wconf 73' lang='lat' dir='ltr'>torum</span> <span class='ocrx_word' id='word_1_883' title='bbox 1496 458 1527 488; x_wconf 89' lang='lat'>&amp;</span> <span class='ocrx_word' id='word_1_884' title='bbox 1542 457 1674 494; x_wconf 88' lang='lat' dir='ltr'>quicquid</span> <span class='ocrx_word' id='word_1_885' title='bbox 1690 468 1737 494; x_wconf 87' lang='lat' dir='ltr'>per</span> <span class='ocrx_word' id='word_1_886' title='bbox 1753 458 1912 494; x_wconf 72' lang='lat' dir='ltr'>hujusmodi</span> <span class='ocrx_word' id='word_1_887' title='bbox 1928 457 2158 488; x_wconf 80' lang='lat' dir='ltr'>Commissarios.</span> <span class='ocrx_word' id='word_1_888' title='bbox 2177 457 2223 489; x_wconf 92' lang='lat' dir='ltr'>seu</span> <span class='ocrx_word' id='word_1_889' title='bbox 2234 459 2297 489; x_wconf 89' lang='lat' dir='ltr'>De-</span> 
     </span>
     <span class='ocr_line' id='line_1_114' title="bbox 1231 495 2295 534; baseline 0.005 -10"><span class='ocrx_word' id='word_1_890' title='bbox 1231 502 1341 531; x_wconf 86' lang='lat' dir='ltr'>putatos</span> <span class='ocrx_word' id='word_1_891' title='bbox 1356 495 1466 525; x_wconf 86' lang='lat' dir='ltr'>nostros</span> <span class='ocrx_word' id='word_1_892' title='bbox 1482 518 1490 533; x_wconf 73' lang='lat'><strong><em>⁷</em></strong></span> <span class='ocrx_word' id='word_1_893' title='bbox 1510 497 1642 534; x_wconf 56' lang='lat' dir='ltr'>Quattuor</span> <span class='ocrx_word' id='word_1_894' title='bbox 1658 518 1668 532; x_wconf 84' lang='lat'>,</span> <span class='ocrx_word' id='word_1_895' title='bbox 1686 497 1776 533; x_wconf 85' lang='lat' dir='ltr'>Tres,</span> <span class='ocrx_word' id='word_1_896' title='bbox 1794 496 1836 525; x_wconf 91' lang='lat' dir='ltr'>vel</span> <span class='ocrx_word' id='word_1_897' title='bbox 1854 496 1933 526; x_wconf 87' lang='lat' dir='ltr'>Duos</span> <span class='ocrx_word' id='word_1_898' title='bbox 1951 496 2134 534; x_wconf 83' lang='lat' dir='ltr'>eorumdem,</span> <span class='ocrx_word' id='word_1_899' title='bbox 2155 497 2207 527; x_wconf 69' lang='lat' dir='ltr'>una</span> <span class='ocrx_word' id='word_1_900' title='bbox 2226 503 2295 529; x_wconf 74' lang='lat' dir='ltr'>cum</span> 
     </span>
     <span class='ocr_line' id='line_1_115' title="bbox 1230 533 2295 572; baseline 0.004 -10"><span class='ocrx_word' id='word_1_901' title='bbox 1230 533 1310 564; x_wconf 67' lang='lat' dir='ltr'>dicto</span> <span class='ocrx_word' id='word_1_902' title='bbox 1331 533 1498 563; x_wconf 86' lang='lat' dir='ltr'>Adversario</span> <span class='ocrx_word' id='word_1_903' title='bbox 1513 533 1610 564; x_wconf 85' lang='lat' dir='ltr'>nostro</span> <span class='ocrx_word' id='word_1_904' title='bbox 1632 534 1667 563; x_wconf 88' lang='lat' dir='ltr'>de</span> <span class='ocrx_word' id='word_1_905' title='bbox 1684 534 1802 563; x_wconf 71' lang='lat' dir='ltr'>Francia</span> <span class='ocrx_word' id='word_1_906' title='bbox 1818 556 1827 571; x_wconf 83' lang='grc'>,</span> <span class='ocrx_word' id='word_1_907' title='bbox 1847 533 1992 570; x_wconf 75' lang='lat' dir='ltr'>Deputatis</span> <span class='ocrx_word' id='word_1_908' title='bbox 2006 534 2050 564; x_wconf 87' lang='lat' dir='ltr'>seu</span> <span class='ocrx_word' id='word_1_909' title='bbox 2067 533 2243 572; x_wconf 82' lang='lat' dir='ltr'>Deputandis</span> <span class='ocrx_word' id='word_1_910' title='bbox 2258 537 2295 567; x_wconf 87' lang='lat' dir='ltr'>ab</span> 
     </span>
     <span class='ocr_line' id='line_1_116' title="bbox 1230 570 2294 613; baseline 0.005 -13"><span class='ocrx_word' id='word_1_911' title='bbox 1230 571 1355 608; x_wconf 84' lang='lat' dir='ltr'>eodem,</span> <span class='ocrx_word' id='word_1_912' title='bbox 1374 572 1481 601; x_wconf 71' lang='lat' dir='ltr'>Actum</span> <span class='ocrx_word' id='word_1_913' title='bbox 1498 595 1507 610; x_wconf 84' lang='lat'>,</span> <span class='ocrx_word' id='word_1_914' title='bbox 1526 572 1646 602; x_wconf 67' lang='lat' dir='ltr'>Factum</span> <span class='ocrx_word' id='word_1_915' title='bbox 1663 595 1672 609; x_wconf 92' lang='lat'>,</span> <span class='ocrx_word' id='word_1_916' title='bbox 1692 570 1864 601; x_wconf 84' lang='lat' dir='ltr'>Ordinatum</span> <span class='ocrx_word' id='word_1_917' title='bbox 1875 594 1884 609; x_wconf 86' lang='lat'>,</span> <span class='ocrx_word' id='word_1_918' title='bbox 1903 571 2137 613; x_wconf 84' lang='lat' dir='ltr'>Concordatum,</span> <span class='ocrx_word' id='word_1_919' title='bbox 2154 575 2199 604; x_wconf 82' lang='lat' dir='ltr'>vel</span> <span class='ocrx_word' id='word_1_920' title='bbox 2211 574 2294 605; x_wconf 90' lang='lat' dir='ltr'>Con-</span> 
     </span>
     <span class='ocr_line' id='line_1_117' title="bbox 1231 609 2086 648; baseline 0 -9"><span class='ocrx_word' id='word_1_921' title='bbox 1231 617 1347 639; x_wconf 86' lang='lat' dir='ltr'>ventum</span> <span class='ocrx_word' id='word_1_922' title='bbox 1363 610 1445 640; x_wconf 86' lang='lat' dir='ltr'>fuerit</span> <span class='ocrx_word' id='word_1_923' title='bbox 1461 612 1489 640; x_wconf 90' lang='lat' dir='ltr'>in</span> <span class='ocrx_word' id='word_1_924' title='bbox 1506 610 1657 640; x_wconf 78' lang='lat' dir='ltr'>Praeniiffis</span> <span class='ocrx_word' id='word_1_925' title='bbox 1675 611 1718 639; x_wconf 88' lang='lat' dir='ltr'>vel</span> <span class='ocrx_word' id='word_1_926' title='bbox 1740 610 1835 647; x_wconf 81' lang='lat' dir='ltr'>aliquo</span> <span class='ocrx_word' id='word_1_927' title='bbox 1855 609 2086 648; x_wconf 71' lang='lat' dir='ltr'>Praetnissorum,</span> 
     </span>
    </p>

    <p class='ocr_par' dir='ltr' id='par_1_37' title="bbox 1226 647 2292 801">
     <span class='ocr_line' id='line_1_118' title="bbox 1265 647 1693 686; baseline 0 -9"><span class='ocrx_word' id='word_1_928' title='bbox 1265 647 1300 678; x_wconf 90' lang='lat' dir='ltr'>Et</span> <span class='ocrx_word' id='word_1_929' title='bbox 1315 649 1480 685; x_wconf 76' lang='lat' dir='ltr'>exponimus</span> <span class='ocrx_word' id='word_1_930' title='bbox 1500 647 1674 679; x_wconf 78' lang='lat' dir='ltr'>Cautionenr</span> <span class='ocrx_word' id='word_1_931' title='bbox 1683 670 1693 686; x_wconf 89' lang='lat'>,</span> 
     </span>
     <span class='ocr_line' id='line_1_119' title="bbox 1248 684 2292 727; baseline 0 -13"><span class='ocrx_word' id='word_1_932' title='bbox 1248 724 1252 727; x_wconf 32' lang='grc' dir='ltr'>Ι</span> <span class='ocrx_word' id='word_1_933' title='bbox 1266 686 1362 723; x_wconf 85' lang='lat' dir='ltr'>anue</span> <span class='ocrx_word' id='word_1_934' title='bbox 1376 687 1472 716; x_wconf 84' lang='lat' dir='ltr'>omnia</span> <span class='ocrx_word' id='word_1_935' title='bbox 1487 687 1519 716; x_wconf 72' lang='grc' dir='ltr'>ὃ(</span> <span class='ocrx_word' id='word_1_936' title='bbox 1536 686 1657 724; x_wconf 74' lang='lat' dir='ltr'>lingula,</span> <span class='ocrx_word' id='word_1_937' title='bbox 1676 696 1725 724; x_wconf 86' lang='lat' dir='ltr'>per</span> <span class='ocrx_word' id='word_1_938' title='bbox 1743 685 1848 716; x_wconf 89' lang='lat' dir='ltr'>Literas</span> <span class='ocrx_word' id='word_1_939' title='bbox 1862 684 1967 715; x_wconf 89' lang='lat' dir='ltr'>nostras</span> <span class='ocrx_word' id='word_1_940' title='bbox 1977 709 1986 722; x_wconf 90' lang='lat'>,</span> <span class='ocrx_word' id='word_1_941' title='bbox 2002 687 2035 717; x_wconf 69' lang='grc' dir='ltr'>ὃς</span> <span class='ocrx_word' id='word_1_942' title='bbox 2051 686 2100 716; x_wconf 89' lang='lat' dir='ltr'>sub</span> <span class='ocrx_word' id='word_1_943' title='bbox 2119 685 2232 725; x_wconf 77' lang='lat' dir='ltr'>Magno</span> <span class='ocrx_word' id='word_1_944' title='bbox 2247 689 2292 721; x_wconf 68' lang='lat' dir='ltr'>Si.</span> 
     </span>
     <span class='ocr_line' id='line_1_120' title="bbox 1226 723 2290 767; baseline 0.007 -15"><span class='ocrx_word' id='word_1_945' title='bbox 1226 724 1294 761; x_wconf 81' lang='lat' dir='ltr'>gillo</span> <span class='ocrx_word' id='word_1_946' title='bbox 1313 723 1410 754; x_wconf 91' lang='lat' dir='ltr'>nostro</span> <span class='ocrx_word' id='word_1_947' title='bbox 1425 747 1434 760; x_wconf 87' lang='lat'>,</span> <span class='ocrx_word' id='word_1_948' title='bbox 1453 724 1668 755; x_wconf 78' lang='lat' dir='ltr'>Ratificabimus</span> <span class='ocrx_word' id='word_1_949' title='bbox 1693 726 1726 756; x_wconf 88' lang='lat'>&amp;</span> <span class='ocrx_word' id='word_1_950' title='bbox 1749 723 1993 758; x_wconf 73' lang='lat' dir='ltr'>confirmabimus</span> <span class='ocrx_word' id='word_1_951' title='bbox 2007 746 2016 762; x_wconf 88' lang='lat'>‚</span> <span class='ocrx_word' id='word_1_952' title='bbox 2043 726 2290 767; x_wconf 80' lang='lat' dir='ltr'>quotienscumque</span> 
     </span>
     <span class='ocr_line' id='line_1_121' title="bbox 1227 762 2027 801; baseline 0.006 -9"><span class='ocrx_word' id='word_1_953' title='bbox 1227 762 1261 792; x_wconf 87' lang='lat' dir='ltr'>ad</span> <span class='ocrx_word' id='word_1_954' title='bbox 1278 762 1334 792; x_wconf 89' lang='lat' dir='ltr'>hoc</span> <span class='ocrx_word' id='word_1_955' title='bbox 1352 762 1485 793; x_wconf 88' lang='lat' dir='ltr'>fuerimus</span> <span class='ocrx_word' id='word_1_956' title='bbox 1499 764 1632 801; x_wconf 69' lang='lat' dir='ltr'>requiliti.</span> <span class='ocrx_word' id='word_1_957' title='bbox 2023 773 2027 776; x_wconf 73' lang='grc'><em>’</em></span> 
     </span>
    </p>
   </div>
   <div class='ocr_carea' id='block_1_12' title="bbox 2229 179 2310 231">
    <p class='ocr_par' dir='ltr' id='par_1_38' title="bbox 2229 179 2310 231">
     <span class='ocr_line' id='line_1_122' title="bbox 2229 179 2310 231; baseline -0.012 -12"><span class='ocrx_word' id='word_1_958' title='bbox 2229 179 2310 231; x_wconf 79' lang='lat'>185</span> 
     </span>
    </p>
   </div>
   <div class='ocr_carea' id='block_1_13' title="bbox 2323 246 2451 285">
    <p class='ocr_par' dir='ltr' id='par_1_39' title="bbox 2323 246 2451 285">
     <span class='ocr_line' id='line_1_123' title="bbox 2323 246 2451 285; baseline -0.023 0"><span class='ocrx_word' id='word_1_959' title='bbox 2323 252 2399 285; x_wconf 83' lang='lat' dir='ltr'>Ann.</span> <span class='ocrx_word' id='word_1_960' title='bbox 2411 246 2451 283; x_wconf 62' lang='lat' dir='ltr'>D⁴</span> 
     </span>
    </p>
   </div>
   <div class='ocr_carea' id='block_1_14' title="bbox 2345 300 2433 329">
    <p class='ocr_par' dir='ltr' id='par_1_40' title="bbox 2345 300 2433 329">
     <span class='ocr_line' id='line_1_124' title="bbox 2345 300 2433 329; baseline -0.011 -8"><span class='ocrx_word' id='word_1_961' title='bbox 2345 300 2433 329; x_wconf 85' lang='lat'>1411.</span> 
     </span>
    </p>
   </div>
   <div class='ocr_carea' id='block_1_15' title="bbox 2317 335 2429 366">
    <p class='ocr_par' dir='ltr' id='par_1_41' title="bbox 2317 335 2429 366">
     <span class='ocr_line' id='line_1_125' title="bbox 2317 335 2429 366; baseline 0 -9"><span class='ocrx_word' id='word_1_962' title='bbox 2317 335 2381 357; x_wconf 74' lang='lat' dir='ltr'>Hm.</span> <span class='ocrx_word' id='word_1_963' title='bbox 2398 339 2429 366; x_wconf 75' lang='lat'>4.</span> 
     </span>
    </p>
   </div>
   <div class='ocr_carea' id='block_1_16' title="bbox 1264 831 2426 884">
    <p class='ocr_par' dir='ltr' id='par_1_42' title="bbox 1264 831 2426 884">
     <span class='ocr_line' id='line_1_126' title="bbox 1264 831 2426 884; baseline 0.004 -17"><span class='ocrx_word' id='word_1_964' title='bbox 1264 838 1283 857; x_wconf 43' lang='grc' dir='ltr'>*ἓ</span> <span class='ocrx_word' id='word_1_965' title='bbox 1293 837 1325 868; x_wconf 91' lang='lat' dir='ltr'>In</span> <span class='ocrx_word' id='word_1_966' title='bbox 1349 838 1428 876; x_wconf 85' lang='lat' dir='ltr'>cujus</span> <span class='ocrx_word' id='word_1_967' title='bbox 1449 840 1487 868; x_wconf 86' lang='lat' dir='ltr'>rei</span> <span class='ocrx_word' id='word_1_968' title='bbox 1503 837 1699 868; x_wconf 89' lang='lat' dir='ltr'>testimonium</span> <span class='ocrx_word' id='word_1_969' title='bbox 1714 836 1760 869; x_wconf 87' lang='lat' dir='ltr'>has</span> <span class='ocrx_word' id='word_1_970' title='bbox 1775 838 1883 869; x_wconf 86' lang='lat' dir='ltr'>Literas</span> <span class='ocrx_word' id='word_1_971' title='bbox 1904 831 2011 868; x_wconf 78' lang='lat' dir='ltr'>nostras</span> <span class='ocrx_word' id='word_1_972' title='bbox 2024 834 2153 869; x_wconf 87' lang='lat' dir='ltr'>Patentes</span> <span class='ocrx_word' id='word_1_973' title='bbox 2167 838 2243 880; x_wconf 84' lang='lat' dir='ltr'>fieri,</span> <span class='ocrx_word' id='word_1_974' title='bbox 2258 843 2292 873; x_wconf 69' lang='grc' dir='ltr'>ὅ(</span> <span class='ocrx_word' id='word_1_975' title='bbox 2310 852 2330 872; x_wconf 64' lang='lat' dir='ltr'>a:</span> <span class='ocrx_word' id='word_1_976' title='bbox 2341 855 2426 884; x_wconf 52' lang='lat' dir='ltr'>V1113</span> 
     </span>
    </p>
   </div>
   <div class='ocr_carea' id='block_1_17' title="bbox 1227 875 1998 915">
    <p class='ocr_par' dir='ltr' id='par_1_43' title="bbox 1227 875 1998 915">
     <span class='ocr_line' id='line_1_127' title="bbox 1227 875 1998 915; baseline -0.001 -9"><span class='ocrx_word' id='word_1_977' title='bbox 1227 875 1333 913; x_wconf 87' lang='lat' dir='ltr'>Magni</span> <span class='ocrx_word' id='word_1_978' title='bbox 1348 876 1434 915; x_wconf 81' lang='lat' dir='ltr'>Sigilli</span> <span class='ocrx_word' id='word_1_979' title='bbox 1451 876 1541 907; x_wconf 89' lang='lat' dir='ltr'>nostri</span> <span class='ocrx_word' id='word_1_980' title='bbox 1556 878 1716 907; x_wconf 86' lang='lat' dir='ltr'>munimine</span> <span class='ocrx_word' id='word_1_981' title='bbox 1730 878 1847 907; x_wconf 86' lang='lat' dir='ltr'>fecimus</span> <span class='ocrx_word' id='word_1_982' title='bbox 1862 876 1998 907; x_wconf 87' lang='lat' dir='ltr'>roborari.</span> 
     </span>
    </p>
   </div>
   <div class='ocr_carea' id='block_1_18' title="bbox 1228 952 2292 1022">
    <p class='ocr_par' dir='ltr' id='par_1_44' title="bbox 1228 952 2292 1022">
     <span class='ocr_line' id='line_1_128' title="bbox 1265 952 2292 995; baseline 0.005 -13"><span class='ocrx_word' id='word_1_983' title='bbox 1265 952 1333 983; x_wconf 91' lang='lat' dir='ltr'>Dat.</span> <span class='ocrx_word' id='word_1_984' title='bbox 1353 954 1380 982; x_wconf 86' lang='lat' dir='ltr'>in</span> <span class='ocrx_word' id='word_1_985' title='bbox 1404 953 1513 982; x_wconf 83' lang='lat' dir='ltr'>Palatio</span> <span class='ocrx_word' id='word_1_986' title='bbox 1533 956 1611 991; x_wconf 79' lang='lat' dir='ltr'>Regir</span> <span class='ocrx_word' id='word_1_987' title='bbox 1632 953 1737 993; x_wconf 77' lang='lat' dir='ltr'>lVestm.</span> <span class='ocrx_word' id='word_1_988' title='bbox 1757 953 1834 984; x_wconf 85' lang='lat' dir='ltr'>sexto</span> <span class='ocrx_word' id='word_1_989' title='bbox 1858 952 1903 984; x_wconf 84' lang='lat' dir='ltr'>die</span> <span class='ocrx_word' id='word_1_990' title='bbox 1927 952 2050 990; x_wconf 84' lang='lat' dir='ltr'>Augusti</span> <span class='ocrx_word' id='word_1_991' title='bbox 2063 977 2072 991; x_wconf 88' lang='lat'>,</span> <span class='ocrx_word' id='word_1_992' title='bbox 2091 952 2176 984; x_wconf 81' lang='lat' dir='ltr'>Anno</span> <span class='ocrx_word' id='word_1_993' title='bbox 2194 954 2292 995; x_wconf 83' lang='lat' dir='ltr'>Regni</span> 
     </span>
     <span class='ocr_line' id='line_1_129' title="bbox 1228 991 1512 1022; baseline 0 -1"><span class='ocrx_word' id='word_1_994' title='bbox 1228 991 1317 1021; x_wconf 89' lang='lat' dir='ltr'>nostri</span> <span class='ocrx_word' id='word_1_995' title='bbox 1332 991 1512 1022; x_wconf 87' lang='lat' dir='ltr'>Undecimo.</span> 
     </span>
    </p>
   </div>
   <div class='ocr_carea' id='block_1_19' title="bbox 1223 1068 2297 1415">
    <p class='ocr_par' dir='ltr' id='par_1_45' title="bbox 1223 1068 2297 1329">
     <span class='ocr_line' id='line_1_130' title="bbox 1266 1068 2294 1108; baseline 0.005 -10"><span class='ocrx_word' id='word_1_996' title='bbox 1266 1068 1286 1098; x_wconf 92' lang='lat' dir='ltr'>S</span> <span class='ocrx_word' id='word_1_997' title='bbox 1296 1079 1316 1098; x_wconf 79' lang='lat' dir='ltr'>A</span> <span class='ocrx_word' id='word_1_998' title='bbox 1326 1078 1372 1099; x_wconf 93' lang='lat' dir='ltr'>vo</span> <span class='ocrx_word' id='word_1_999' title='bbox 1382 1078 1393 1099; x_wconf 93' lang='lat'>1</span> <span class='ocrx_word' id='word_1_1000' title='bbox 1404 1078 1427 1100; x_wconf 82' lang='lat' dir='ltr'>R</span> <span class='ocrx_word' id='word_1_1001' title='bbox 1460 1077 1479 1100; x_wconf 79' lang='lat'>1²·</span> <span class='ocrx_word' id='word_1_1002' title='bbox 1490 1079 1509 1100; x_wconf 78' lang='grc' dir='ltr'>Α</span> <span class='ocrx_word' id='word_1_1003' title='bbox 1520 1078 1608 1100; x_wconf 77' lang='lat' dir='ltr'>rsoN</span> <span class='ocrx_word' id='word_1_1004' title='bbox 1625 1080 1637 1100; x_wconf 86' lang='lat' dir='ltr'>s</span> <span class='ocrx_word' id='word_1_1005' title='bbox 1655 1080 1709 1108; x_wconf 91' lang='lat' dir='ltr'>que</span> <span class='ocrx_word' id='word_1_1006' title='bbox 1725 1094 1734 1107; x_wconf 83' lang='lat'><em>‚</em></span> <span class='ocrx_word' id='word_1_1007' title='bbox 1753 1075 1800 1107; x_wconf 80' lang='lat' dir='ltr'>par</span> <span class='ocrx_word' id='word_1_1008' title='bbox 1814 1077 1909 1099; x_wconf 90' lang='lat' dir='ltr'>vertue</span> <span class='ocrx_word' id='word_1_1009' title='bbox 1925 1068 2054 1108; x_wconf 86' lang='lat' dir='ltr'>d’ycelles</span> <span class='ocrx_word' id='word_1_1010' title='bbox 2069 1069 2176 1101; x_wconf 83' lang='lat' dir='ltr'>Lettres</span> <span class='ocrx_word' id='word_1_1011' title='bbox 2190 1071 2294 1103; x_wconf 72' lang='lat' dir='ltr'>deffus=</span> 
     </span>
     <span class='ocr_line' id='line_1_131' title="bbox 1231 1108 2297 1146; baseline 0.005 -9"><span class='ocrx_word' id='word_1_1012' title='bbox 1231 1108 1410 1145; x_wconf 83' lang='lat' dir='ltr'>transcriptez</span> <span class='ocrx_word' id='word_1_1013' title='bbox 1428 1131 1437 1146; x_wconf 93' lang='lat'>,</span> <span class='ocrx_word' id='word_1_1014' title='bbox 1459 1109 1493 1139; x_wconf 84' lang='lat'>&amp;</span> <span class='ocrx_word' id='word_1_1015' title='bbox 1517 1119 1570 1146; x_wconf 84' lang='lat' dir='ltr'>pur</span> <span class='ocrx_word' id='word_1_1016' title='bbox 1586 1119 1690 1146; x_wconf 87' lang='lat' dir='ltr'>vaquer</span> <span class='ocrx_word' id='word_1_1017' title='bbox 1704 1110 1736 1139; x_wconf 90' lang='lat'>&amp;</span> <span class='ocrx_word' id='word_1_1018' title='bbox 1752 1109 1886 1139; x_wconf 90' lang='lat' dir='ltr'>entendre</span> <span class='ocrx_word' id='word_1_1019' title='bbox 1900 1108 2108 1146; x_wconf 87' lang='lat' dir='ltr'>diligeaulment</span> <span class='ocrx_word' id='word_1_1020' title='bbox 2122 1119 2174 1139; x_wconf 80' lang='lat' dir='ltr'>aux</span> <span class='ocrx_word' id='word_1_1021' title='bbox 2188 1109 2297 1142; x_wconf 83' lang='lat' dir='ltr'>Choses</span> 
     </span>
     <span class='ocr_line' id='line_1_132' title="bbox 1229 1145 2295 1185; baseline 0.006 -10"><span class='ocrx_word' id='word_1_1022' title='bbox 1229 1145 1388 1176; x_wconf 79' lang='lat' dir='ltr'>deffusdites</span> <span class='ocrx_word' id='word_1_1023' title='bbox 1405 1169 1413 1184; x_wconf 90' lang='lat'>‚</span> <span class='ocrx_word' id='word_1_1024' title='bbox 1431 1156 1519 1176; x_wconf 87' lang='lat' dir='ltr'>avons</span> <span class='ocrx_word' id='word_1_1025' title='bbox 1543 1147 1599 1177; x_wconf 91' lang='lat' dir='ltr'>este</span> <span class='ocrx_word' id='word_1_1026' title='bbox 1622 1147 1808 1185; x_wconf 85' lang='lat' dir='ltr'>Affemblez,</span> <span class='ocrx_word' id='word_1_1027' title='bbox 1836 1146 1960 1184; x_wconf 86' lang='lat' dir='ltr'>plusours</span> <span class='ocrx_word' id='word_1_1028' title='bbox 1978 1146 2065 1185; x_wconf 86' lang='lat' dir='ltr'>foitz,</span> <span class='ocrx_word' id='word_1_1029' title='bbox 2083 1147 2116 1177; x_wconf 68' lang='grc' dir='ltr'>δε</span> <span class='ocrx_word' id='word_1_1030' title='bbox 2138 1158 2152 1177; x_wconf 90' lang='lat' dir='ltr'>a</span> <span class='ocrx_word' id='word_1_1031' title='bbox 2175 1149 2295 1181; x_wconf 85' lang='lat' dir='ltr'>diverses</span> 
     </span>
     <span class='ocr_line' id='line_1_133' title="bbox 1223 1183 2295 1226; baseline 0.004 -13"><span class='ocrx_word' id='word_1_1032' title='bbox 1223 1184 1374 1222; x_wconf 84' lang='lat' dir='ltr'>Journees,</span> <span class='ocrx_word' id='word_1_1033' title='bbox 1392 1194 1461 1214; x_wconf 89' lang='lat' dir='ltr'>avec</span> <span class='ocrx_word' id='word_1_1034' title='bbox 1478 1186 1503 1214; x_wconf 88' lang='lat' dir='ltr'>le</span> <span class='ocrx_word' id='word_1_1035' title='bbox 1517 1185 1575 1221; x_wconf 86' lang='lat' dir='ltr'>dit,</span> <span class='ocrx_word' id='word_1_1036' title='bbox 1594 1185 1740 1215; x_wconf 82' lang='lat' dir='ltr'>Reverend</span> <span class='ocrx_word' id='word_1_1037' title='bbox 1760 1185 1819 1215; x_wconf 87' lang='lat' dir='ltr'>Pier</span> <span class='ocrx_word' id='word_1_1038' title='bbox 1834 1196 1869 1215; x_wconf 88' lang='lat' dir='ltr'>en</span> <span class='ocrx_word' id='word_1_1039' title='bbox 1885 1185 1980 1222; x_wconf 88' lang='lat' dir='ltr'>Dieu⁷</span> <span class='ocrx_word' id='word_1_1040' title='bbox 2005 1183 2100 1215; x_wconf 86' lang='lat' dir='ltr'>Pierre</span> <span class='ocrx_word' id='word_1_1041' title='bbox 2114 1184 2242 1226; x_wconf 87' lang='lat' dir='ltr'>Evesque</span> <span class='ocrx_word' id='word_1_1042' title='bbox 2258 1189 2295 1221; x_wconf 86' lang='lat' dir='ltr'>de</span> 
     </span>
     <span class='ocr_line' id='line_1_134' title="bbox 1228 1222 2295 1290; baseline 0.004 -37"><span class='ocrx_word' id='word_1_1043' title='bbox 1228 1222 1262 1253; x_wconf 94' lang='lat' dir='ltr'>N</span> <span class='ocrx_word' id='word_1_1044' title='bbox 1264 1232 1339 1266; x_wconf 85' lang='lat' dir='ltr'>oyon</span> <span class='ocrx_word' id='word_1_1045' title='bbox 1348 1222 1474 1290; x_wconf 47' lang='lat' dir='ltr'>,graques</span> <span class='ocrx_word' id='word_1_1046' title='bbox 1488 1223 1523 1252; x_wconf 92' lang='lat' dir='ltr'>de</span> <span class='ocrx_word' id='word_1_1047' title='bbox 1534 1222 1703 1260; x_wconf 81' lang='lat' dir='ltr'>Chastillon⁷</span> <span class='ocrx_word' id='word_1_1048' title='bbox 1711 1222 1839 1253; x_wconf 90' lang='lat' dir='ltr'>Guillem</span> <span class='ocrx_word' id='word_1_1049' title='bbox 1853 1224 1984 1263; x_wconf 89' lang='lat' dir='ltr'>Seigneur</span> <span class='ocrx_word' id='word_1_1050' title='bbox 1996 1224 2031 1254; x_wconf 89' lang='lat' dir='ltr'>de</span> <span class='ocrx_word' id='word_1_1051' title='bbox 2045 1223 2295 1264; x_wconf 86' lang='lat' dir='ltr'>Tygnonville,&amp;</span> 
     </span>
     <span class='ocr_line' id='line_1_135' title="bbox 1227 1259 2294 1329; baseline 0.006 -40"><span class='ocrx_word' id='word_1_1052' title='bbox 1227 1259 1347 1329; x_wconf 42' lang='lat' dir='ltr'>§lagine</span> <span class='ocrx_word' id='word_1_1053' title='bbox 1395 1270 1477 1291; x_wconf 85' lang='lat' dir='ltr'>outer</span> <span class='ocrx_word' id='word_1_1054' title='bbox 1493 1259 1568 1299; x_wconf 90' lang='lat' dir='ltr'>Col,</span> <span class='ocrx_word' id='word_1_1055' title='bbox 1586 1259 1729 1301; x_wconf 88' lang='lat' dir='ltr'>Commys</span> <span class='ocrx_word' id='word_1_1056' title='bbox 1744 1262 1777 1291; x_wconf 89' lang='lat'>&amp;</span> <span class='ocrx_word' id='word_1_1057' title='bbox 1799 1260 1934 1299; x_wconf 83' lang='lat' dir='ltr'>Deputez</span> <span class='ocrx_word' id='word_1_1058' title='bbox 1948 1272 2018 1300; x_wconf 86' lang='lat' dir='ltr'>pour</span> <span class='ocrx_word' id='word_1_1059' title='bbox 2032 1261 2057 1292; x_wconf 91' lang='lat' dir='ltr'>le</span> <span class='ocrx_word' id='word_1_1060' title='bbox 2073 1263 2114 1292; x_wconf 86' lang='lat' dir='ltr'>dit</span> <span class='ocrx_word' id='word_1_1061' title='bbox 2131 1263 2294 1296; x_wconf 86' lang='lat' dir='ltr'>Adversaire</span> 
     </span>
    </p>

    <p class='ocr_par' dir='ltr' id='par_1_46' title="bbox 1248 1308 2294 1415">
     <span class='ocr_line' id='line_1_136' title="bbox 1370 1309 1384 1327; baseline 0 0"><span class='ocrx_word' id='word_1_1062' title='bbox 1370 1309 1384 1327; x_wconf 80' lang='lat' dir='ltr'>C</span> 
     </span>
     <span class='ocr_line' id='line_1_137' title="bbox 1248 1308 2294 1381; baseline 0.007 -15"><span class='ocrx_word' id='word_1_1063' title='bbox 1248 1308 1402 1367; x_wconf 44' lang='lat' dir='ltr'>&amp;Agssgcles&#39;</span> <span class='ocrx_word' id='word_1_1064' title='bbox 1415 1336 1532 1374; x_wconf 83' lang='lat' dir='ltr'>quelles,</span> <span class='ocrx_word' id='word_1_1065' title='bbox 1551 1337 1583 1367; x_wconf 78' lang='grc' dir='ltr'>δε</span> <span class='ocrx_word' id='word_1_1066' title='bbox 1599 1348 1646 1375; x_wconf 85' lang='lat' dir='ltr'>par</span> <span class='ocrx_word' id='word_1_1067' title='bbox 1664 1345 1761 1368; x_wconf 80' lang='lat' dir='ltr'>vertue</span> <span class='ocrx_word' id='word_1_1068' title='bbox 1780 1337 1819 1368; x_wconf 94' lang='lat' dir='ltr'>du</span> <span class='ocrx_word' id='word_1_1069' title='bbox 1840 1337 1924 1369; x_wconf 88' lang='lat' dir='ltr'>Poair</span> <span class='ocrx_word' id='word_1_1070' title='bbox 1945 1348 1965 1368; x_wconf 75' lang='lat' dir='ltr'>A</span> <span class='ocrx_word' id='word_1_1071' title='bbox 1986 1347 2066 1369; x_wconf 76' lang='lat' dir='ltr'>EUL</span> <span class='ocrx_word' id='word_1_1072' title='bbox 2077 1348 2093 1369; x_wconf 86' lang='lat' dir='ltr'>x</span> <span class='ocrx_word' id='word_1_1073' title='bbox 2115 1339 2209 1371; x_wconf 66' lang='lat' dir='ltr'>Dor-s</span> <span class='ocrx_word' id='word_1_1074' title='bbox 2220 1350 2243 1372; x_wconf 82' lang='lat' dir='ltr'>N</span> <span class='ocrx_word' id='word_1_1075' title='bbox 2256 1350 2294 1381; x_wconf 77' lang='lat' dir='ltr'>E,</span> 
     </span>
     <span class='ocr_line' id='line_1_138' title="bbox 1266 1374 1715 1415; baseline 0.004 -10"><span class='ocrx_word' id='word_1_1076' title='bbox 1266 1374 1316 1406; x_wconf 89' lang='lat' dir='ltr'>Du</span> <span class='ocrx_word' id='word_1_1077' title='bbox 1331 1376 1410 1413; x_wconf 86' lang='lat' dir='ltr'>quele</span> <span class='ocrx_word' id='word_1_1078' title='bbox 1423 1376 1447 1405; x_wconf 89' lang='lat' dir='ltr'>la</span> <span class='ocrx_word' id='word_1_1079' title='bbox 1463 1376 1579 1407; x_wconf 84' lang='lat' dir='ltr'>Tenute</span> <span class='ocrx_word' id='word_1_1080' title='bbox 1593 1377 1715 1415; x_wconf 85' lang='lat' dir='ltr'>s’ensuit,</span> 
     </span>
    </p>
   </div>
   <div class='ocr_carea' id='block_1_20' title="bbox 1227 1446 2307 3758">
    <p class='ocr_par' dir='ltr' id='par_1_47' title="bbox 1299 1446 2295 1531">
     <span class='ocr_line' id='line_1_139' title="bbox 1299 1446 2295 1497; baseline 0.005 -14"><span class='ocrx_word' id='word_1_1081' title='bbox 1299 1452 1401 1483; x_wconf 81' lang='lat' dir='ltr'>Harles</span> <span class='ocrx_word' id='word_1_1082' title='bbox 1417 1477 1427 1492; x_wconf 83' lang='lat'>‚</span> <span class='ocrx_word' id='word_1_1083' title='bbox 1445 1464 1491 1496; x_wconf 76' lang='lat' dir='ltr'>par</span> <span class='ocrx_word' id='word_1_1084' title='bbox 1507 1447 1531 1485; x_wconf 85' lang='lat' dir='ltr'>la</span> <span class='ocrx_word' id='word_1_1085' title='bbox 1549 1464 1635 1491; x_wconf 88' lang='lat' dir='ltr'>grace</span> <span class='ocrx_word' id='word_1_1086' title='bbox 1650 1446 1685 1485; x_wconf 81' lang='lat' dir='ltr'>&lt;le</span> <span class='ocrx_word' id='word_1_1087' title='bbox 1707 1448 1779 1484; x_wconf 85' lang='lat' dir='ltr'>Dieu</span> <span class='ocrx_word' id='word_1_1088' title='bbox 1794 1477 1803 1492; x_wconf 86' lang='lat'>,</span> <span class='ocrx_word' id='word_1_1089' title='bbox 1823 1457 1877 1493; x_wconf 85' lang='lat' dir='ltr'>Roy</span> <span class='ocrx_word' id='word_1_1090' title='bbox 1891 1451 1922 1483; x_wconf 81' lang='lat' dir='ltr'>de</span> <span class='ocrx_word' id='word_1_1091' title='bbox 1937 1449 2039 1483; x_wconf 71' lang='lat' dir='ltr'>France</span> <span class='ocrx_word' id='word_1_1092' title='bbox 2055 1477 2066 1493; x_wconf 83' lang='lat'>,</span> <span class='ocrx_word' id='word_1_1093' title='bbox 2082 1464 2097 1485; x_wconf 88' lang='lat' dir='ltr'>a</span> <span class='ocrx_word' id='word_1_1094' title='bbox 2113 1457 2194 1486; x_wconf 81' lang='lat' dir='ltr'>toutz</span> <span class='ocrx_word' id='word_1_1095' title='bbox 2206 1465 2295 1497; x_wconf 72' lang='lat' dir='ltr'>ceux,</span> 
     </span>
     <span class='ocr_line' id='line_1_140' title="bbox 1311 1491 1949 1531; baseline -0.002 -9"><span class='ocrx_word' id='word_1_1096' title='bbox 1311 1494 1339 1530; x_wconf 91' lang='lat' dir='ltr'>qi</span> <span class='ocrx_word' id='word_1_1097' title='bbox 1357 1503 1402 1523; x_wconf 84' lang='lat' dir='ltr'>ces</span> <span class='ocrx_word' id='word_1_1098' title='bbox 1417 1496 1552 1530; x_wconf 71' lang='lat' dir='ltr'>presentes</span> <span class='ocrx_word' id='word_1_1099' title='bbox 1568 1494 1677 1524; x_wconf 87' lang='lat' dir='ltr'>Lettres</span> <span class='ocrx_word' id='word_1_1100' title='bbox 1693 1502 1825 1531; x_wconf 85' lang='lat' dir='ltr'>verront,</span> <span class='ocrx_word' id='word_1_1101' title='bbox 1844 1491 1949 1523; x_wconf 84' lang='lat' dir='ltr'>Salutz.</span> 
     </span>
    </p>

    <p class='ocr_par' dir='ltr' id='par_1_48' title="bbox 1265 1532 1565 1569">
     <span class='ocr_line' id='line_1_141' title="bbox 1265 1532 1565 1569; baseline 0 -8"><span class='ocrx_word' id='word_1_1102' title='bbox 1265 1532 1365 1561; x_wconf 85' lang='lat' dir='ltr'>Savoir</span> <span class='ocrx_word' id='word_1_1103' title='bbox 1382 1532 1479 1562; x_wconf 82' lang='lat' dir='ltr'>faiions</span> <span class='ocrx_word' id='word_1_1104' title='bbox 1493 1542 1565 1569; x_wconf 79' lang='lat' dir='ltr'>que,</span> 
     </span>
    </p>

    <p class='ocr_par' dir='ltr' id='par_1_49' title="bbox 1227 1567 2299 1880">
     <span class='ocr_line' id='line_1_142' title="bbox 1266 1567 2293 1608; baseline 0.004 -9"><span class='ocrx_word' id='word_1_1105' title='bbox 1266 1569 1344 1600; x_wconf 90' lang='lat' dir='ltr'>Pour</span> <span class='ocrx_word' id='word_1_1106' title='bbox 1363 1569 1487 1601; x_wconf 89' lang='lat' dir='ltr'>Honour</span> <span class='ocrx_word' id='word_1_1107' title='bbox 1506 1573 1539 1602; x_wconf 70' lang='grc' dir='ltr'>ὃς</span> <span class='ocrx_word' id='word_1_1108' title='bbox 1561 1570 1726 1601; x_wconf 73' lang='lat' dir='ltr'>Reverence</span> <span class='ocrx_word' id='word_1_1109' title='bbox 1745 1571 1780 1601; x_wconf 91' lang='lat' dir='ltr'>de</span> <span class='ocrx_word' id='word_1_1110' title='bbox 1801 1569 1894 1606; x_wconf 84' lang='lat' dir='ltr'>Dieu,</span> <span class='ocrx_word' id='word_1_1111' title='bbox 1911 1569 1946 1600; x_wconf 85' lang='lat'>&amp;</span> <span class='ocrx_word' id='word_1_1112' title='bbox 1962 1578 2034 1608; x_wconf 88' lang='lat' dir='ltr'>pour</span> <span class='ocrx_word' id='word_1_1113' title='bbox 2053 1567 2141 1600; x_wconf 86' lang='lat' dir='ltr'>escuir</span> <span class='ocrx_word' id='word_1_1114' title='bbox 2157 1569 2293 1603; x_wconf 81' lang='lat' dir='ltr'>l’effufion</span> 
     </span>
     <span class='ocr_line' id='line_1_143' title="bbox 1228 1607 2294 1646; baseline 0.003 -8"><span class='ocrx_word' id='word_1_1115' title='bbox 1228 1607 1264 1638; x_wconf 90' lang='lat' dir='ltr'>de</span> <span class='ocrx_word' id='word_1_1116' title='bbox 1280 1608 1354 1639; x_wconf 90' lang='lat' dir='ltr'>Sanc</span> <span class='ocrx_word' id='word_1_1117' title='bbox 1368 1608 1499 1639; x_wconf 87' lang='lat' dir='ltr'>Humein</span> <span class='ocrx_word' id='word_1_1118' title='bbox 1515 1632 1524 1646; x_wconf 92' lang='lat'>,</span> <span class='ocrx_word' id='word_1_1119' title='bbox 1548 1609 1581 1640; x_wconf 89' lang='lat'>&amp;</span> <span class='ocrx_word' id='word_1_1120' title='bbox 1599 1610 1636 1639; x_wconf 87' lang='lat' dir='ltr'>les</span> <span class='ocrx_word' id='word_1_1121' title='bbox 1652 1617 1739 1640; x_wconf 87' lang='lat' dir='ltr'>autres</span> <span class='ocrx_word' id='word_1_1122' title='bbox 1760 1609 1859 1638; x_wconf 82' lang='lat' dir='ltr'>Maulx</span> <span class='ocrx_word' id='word_1_1123' title='bbox 1878 1608 1910 1638; x_wconf 69' lang='grc' dir='ltr'>ὅ(</span> <span class='ocrx_word' id='word_1_1124' title='bbox 1929 1607 2109 1646; x_wconf 82' lang='lat' dir='ltr'>Dommages</span> <span class='ocrx_word' id='word_1_1125' title='bbox 2133 1609 2294 1641; x_wconf 89' lang='lat' dir='ltr'>innumera-</span> 
     </span>
     <span class='ocr_line' id='line_1_144' title="bbox 1231 1646 2296 1686; baseline 0.004 -11"><span class='ocrx_word' id='word_1_1126' title='bbox 1231 1647 1290 1677; x_wconf 88' lang='lat' dir='ltr'>bles</span> <span class='ocrx_word' id='word_1_1127' title='bbox 1305 1647 1338 1678; x_wconf 86' lang='lat'>&amp;</span> <span class='ocrx_word' id='word_1_1128' title='bbox 1357 1648 1533 1685; x_wconf 85' lang='lat' dir='ltr'>irreparables</span> <span class='ocrx_word' id='word_1_1129' title='bbox 1546 1670 1555 1686; x_wconf 88' lang='lat'>,</span> <span class='ocrx_word' id='word_1_1130' title='bbox 1573 1657 1627 1685; x_wconf 88' lang='lat' dir='ltr'>que</span> <span class='ocrx_word' id='word_1_1131' title='bbox 1645 1658 1698 1685; x_wconf 87' lang='lat' dir='ltr'>pur</span> <span class='ocrx_word' id='word_1_1132' title='bbox 1716 1648 1741 1677; x_wconf 89' lang='lat' dir='ltr'>le</span> <span class='ocrx_word' id='word_1_1133' title='bbox 1760 1649 1808 1678; x_wconf 80' lang='lat' dir='ltr'>fait</span> <span class='ocrx_word' id='word_1_1134' title='bbox 1825 1647 1857 1677; x_wconf 66' lang='grc' dir='ltr'>ὃ(</span> <span class='ocrx_word' id='word_1_1135' title='bbox 1875 1648 2007 1677; x_wconf 76' lang='lat' dir='ltr'>occanon</span> <span class='ocrx_word' id='word_1_1136' title='bbox 2025 1646 2060 1675; x_wconf 87' lang='lat' dir='ltr'>de</span> <span class='ocrx_word' id='word_1_1137' title='bbox 2079 1646 2201 1677; x_wconf 86' lang='lat' dir='ltr'>Guerres</span> <span class='ocrx_word' id='word_1_1138' title='bbox 2213 1670 2223 1685; x_wconf 93' lang='lat'>,</span> <span class='ocrx_word' id='word_1_1139' title='bbox 2243 1656 2296 1686; x_wconf 89' lang='lat' dir='ltr'>que</span> 
     </span>
     <span class='ocr_line' id='line_1_145' title="bbox 1229 1685 2296 1723; baseline 0.002 -9"><span class='ocrx_word' id='word_1_1140' title='bbox 1229 1685 1255 1714; x_wconf 90' lang='lat' dir='ltr'>le</span> <span class='ocrx_word' id='word_1_1141' title='bbox 1273 1693 1363 1723; x_wconf 89' lang='lat' dir='ltr'>temps</span> <span class='ocrx_word' id='word_1_1142' title='bbox 1380 1686 1455 1723; x_wconf 84' lang='lat' dir='ltr'>passe</span> <span class='ocrx_word' id='word_1_1143' title='bbox 1473 1695 1525 1717; x_wconf 92' lang='lat' dir='ltr'>ont</span> <span class='ocrx_word' id='word_1_1144' title='bbox 1544 1685 1620 1723; x_wconf 80' lang='lat' dir='ltr'>este,</span> <span class='ocrx_word' id='word_1_1145' title='bbox 1631 1696 1673 1723; x_wconf 85' lang='lat' dir='ltr'>¹en</span> <span class='ocrx_word' id='word_1_1146' title='bbox 1689 1686 1763 1716; x_wconf 90' lang='lat' dir='ltr'>ceste</span> <span class='ocrx_word' id='word_1_1147' title='bbox 1783 1685 1937 1716; x_wconf 88' lang='lat' dir='ltr'>Roiaulme</span> <span class='ocrx_word' id='word_1_1148' title='bbox 1952 1706 1962 1722; x_wconf 88' lang='lat'>,</span> <span class='ocrx_word' id='word_1_1149' title='bbox 1978 1692 2055 1715; x_wconf 88' lang='lat' dir='ltr'>entre</span> <span class='ocrx_word' id='word_1_1150' title='bbox 2074 1694 2131 1715; x_wconf 85' lang='lat' dir='ltr'>noz</span> <span class='ocrx_word' id='word_1_1151' title='bbox 2150 1685 2296 1716; x_wconf 88' lang='lat' dir='ltr'>Predeces-</span> 
     </span>
     <span class='ocr_line' id='line_1_146' title="bbox 1228 1723 2298 1764; baseline 0 -11"><span class='ocrx_word' id='word_1_1152' title='bbox 1228 1723 1303 1754; x_wconf 89' lang='lat' dir='ltr'>sours</span> <span class='ocrx_word' id='word_1_1153' title='bbox 1318 1724 1400 1764; x_wconf 90' lang='lat' dir='ltr'>Roys</span> <span class='ocrx_word' id='word_1_1154' title='bbox 1415 1725 1450 1755; x_wconf 89' lang='lat' dir='ltr'>de</span> <span class='ocrx_word' id='word_1_1155' title='bbox 1464 1725 1588 1762; x_wconf 84' lang='lat' dir='ltr'>France‚</span> <span class='ocrx_word' id='word_1_1156' title='bbox 1604 1726 1637 1755; x_wconf 87' lang='lat'>&amp;</span> <span class='ocrx_word' id='word_1_1157' title='bbox 1653 1724 1757 1763; x_wconf 87' lang='lat' dir='ltr'>Nous,</span> <span class='ocrx_word' id='word_1_1158' title='bbox 1774 1725 1859 1754; x_wconf 78' lang='lat' dir='ltr'>d’une</span> <span class='ocrx_word' id='word_1_1159' title='bbox 1873 1733 1950 1762; x_wconf 80' lang='lat' dir='ltr'>part,</span> <span class='ocrx_word' id='word_1_1160' title='bbox 1967 1725 2000 1755; x_wconf 76' lang='grc' dir='ltr'>δε</span> <span class='ocrx_word' id='word_1_1161' title='bbox 2014 1723 2108 1754; x_wconf 90' lang='lat' dir='ltr'>nostre</span> <span class='ocrx_word' id='word_1_1162' title='bbox 2124 1723 2298 1763; x_wconf 69' lang='lat' dir='ltr'>Adversbire</span> 
     </span>
     <span class='ocr_line' id='line_1_147' title="bbox 1229 1761 2299 1803; baseline 0.004 -12"><span class='ocrx_word' id='word_1_1163' title='bbox 1229 1762 1419 1800; x_wconf 78' lang='lat' dir='ltr'>d&#39;Engleterre</span> <span class='ocrx_word' id='word_1_1164' title='bbox 1434 1786 1443 1801; x_wconf 89' lang='lat'>‚</span> <span class='ocrx_word' id='word_1_1165' title='bbox 1463 1764 1495 1794; x_wconf 89' lang='lat'><strong>&amp;</strong></span> <span class='ocrx_word' id='word_1_1166' title='bbox 1510 1763 1547 1794; x_wconf 85' lang='lat' dir='ltr'>ses</span> <span class='ocrx_word' id='word_1_1167' title='bbox 1562 1763 1775 1794; x_wconf 81' lang='lat' dir='ltr'>Predeceffours</span> <span class='ocrx_word' id='word_1_1168' title='bbox 1789 1762 1868 1802; x_wconf 83' lang='lat' dir='ltr'>Roys</span> <span class='ocrx_word' id='word_1_1169' title='bbox 1883 1761 2087 1800; x_wconf 82' lang='lat' dir='ltr'>d&#39;Engleterre‚</span> <span class='ocrx_word' id='word_1_1170' title='bbox 2105 1762 2207 1793; x_wconf 88' lang='lat' dir='ltr'>d&#39;autre</span> <span class='ocrx_word' id='word_1_1171' title='bbox 2221 1772 2299 1803; x_wconf 86' lang='lat' dir='ltr'>part,</span> 
     </span>
     <span class='ocr_line' id='line_1_148' title="bbox 1235 1800 2299 1839; baseline 0.001 -7"><span class='ocrx_word' id='word_1_1172' title='bbox 1235 1802 1268 1832; x_wconf 88' lang='lat'>&amp;</span> <span class='ocrx_word' id='word_1_1173' title='bbox 1286 1811 1340 1839; x_wconf 87' lang='lat' dir='ltr'>que</span> <span class='ocrx_word' id='word_1_1174' title='bbox 1358 1801 1649 1833; x_wconf 86' lang='lat' dir='ltr'>vraisemblablement</span> <span class='ocrx_word' id='word_1_1175' title='bbox 1668 1802 1728 1832; x_wconf 87' lang='lat' dir='ltr'>sont</span> <span class='ocrx_word' id='word_1_1176' title='bbox 1753 1810 1789 1832; x_wconf 86' lang='lat' dir='ltr'>en</span> <span class='ocrx_word' id='word_1_1177' title='bbox 1806 1801 1974 1839; x_wconf 79' lang='lat' dir='ltr'>disposrcion</span> <span class='ocrx_word' id='word_1_1178' title='bbox 1991 1800 2112 1831; x_wconf 83' lang='lat' dir='ltr'>d&#39;avenir</span> <span class='ocrx_word' id='word_1_1179' title='bbox 2128 1800 2164 1831; x_wconf 90' lang='lat' dir='ltr'>de</span> <span class='ocrx_word' id='word_1_1180' title='bbox 2177 1802 2244 1839; x_wconf 85' lang='lat' dir='ltr'>jour</span> <span class='ocrx_word' id='word_1_1181' title='bbox 2261 1813 2299 1833; x_wconf 89' lang='lat' dir='ltr'>en</span> 
     </span>
     <span class='ocr_line' id='line_1_149' title="bbox 1227 1839 2150 1880; baseline 0.001 -11"><span class='ocrx_word' id='word_1_1182' title='bbox 1227 1839 1293 1877; x_wconf 85' lang='lat' dir='ltr'>jour</span> <span class='ocrx_word' id='word_1_1183' title='bbox 1307 1862 1317 1877; x_wconf 88' lang='lat'>,</span> <span class='ocrx_word' id='word_1_1184' title='bbox 1336 1840 1354 1869; x_wconf 83' lang='lat' dir='ltr'>fi</span> <span class='ocrx_word' id='word_1_1185' title='bbox 1372 1839 1520 1871; x_wconf 80' lang='lat' dir='ltr'>Provisron</span> <span class='ocrx_word' id='word_1_1186' title='bbox 1535 1842 1568 1872; x_wconf 74' lang='grc' dir='ltr'>δε</span> <span class='ocrx_word' id='word_1_1187' title='bbox 1585 1840 1712 1871; x_wconf 90' lang='lat' dir='ltr'>Remede</span> <span class='ocrx_word' id='word_1_1188' title='bbox 1729 1840 1884 1871; x_wconf 87' lang='lat' dir='ltr'>covenable</span> <span class='ocrx_word' id='word_1_1189' title='bbox 1905 1850 1941 1869; x_wconf 88' lang='lat' dir='ltr'>ne</span> <span class='ocrx_word' id='word_1_1190' title='bbox 1954 1839 2074 1870; x_wconf 86' lang='lat' dir='ltr'>estoient</span> <span class='ocrx_word' id='word_1_1191' title='bbox 2089 1849 2150 1880; x_wconf 89' lang='lat' dir='ltr'>mys</span> 
     </span>
    </p>

    <p class='ocr_par' dir='ltr' id='par_1_50' title="bbox 1231 1861 2299 2035">
     <span class='ocr_line' id='line_1_150' title="bbox 1269 1861 2295 1916; baseline 0.002 -8"><span class='ocrx_word' id='word_1_1192' title='bbox 1269 1877 1398 1908; x_wconf 83' lang='lat' dir='ltr'>Defirans</span> <span class='ocrx_word' id='word_1_1193' title='bbox 1414 1901 1423 1916; x_wconf 91' lang='lat'>‚</span> <span class='ocrx_word' id='word_1_1194' title='bbox 1439 1879 1474 1909; x_wconf 91' lang='lat' dir='ltr'>de</span> <span class='ocrx_word' id='word_1_1195' title='bbox 1492 1887 1552 1910; x_wconf 86' lang='lat' dir='ltr'>tout</span> <span class='ocrx_word' id='word_1_1196' title='bbox 1570 1878 1663 1909; x_wconf 84' lang='lat' dir='ltr'>nostre</span> <span class='ocrx_word' id='word_1_1197' title='bbox 1682 1878 1759 1909; x_wconf 88' lang='lat' dir='ltr'>Cuer</span> <span class='ocrx_word' id='word_1_1198' title='bbox 1803 1880 1883 1909; x_wconf 90' lang='lat' dir='ltr'>venir</span> <span class='ocrx_word' id='word_1_1199' title='bbox 1900 1889 1915 1908; x_wconf 87' lang='lat' dir='ltr'>a</span> <span class='ocrx_word' id='word_1_1200' title='bbox 1934 1879 1990 1907; x_wconf 89' lang='lat' dir='ltr'>bon</span> <span class='ocrx_word' id='word_1_1201' title='bbox 2013 1877 2070 1907; x_wconf 89' lang='lat' dir='ltr'>Pais</span> <span class='ocrx_word' id='word_1_1202' title='bbox 2087 1878 2120 1908; x_wconf 66' lang='grc' dir='ltr'>δὲ</span> <span class='ocrx_word' id='word_1_1203' title='bbox 2141 1861 2295 1910; x_wconf 66' lang='grc' dir='ltr'>ὀσηεοτάε</span> 
     </span>
     <span class='ocr_line' id='line_1_151' title="bbox 1231 1902 2297 1956; baseline 0.002 -10"><span class='ocrx_word' id='word_1_1204' title='bbox 1231 1926 1302 1947; x_wconf 82' lang='lat' dir='ltr'>avec</span> <span class='ocrx_word' id='word_1_1205' title='bbox 1321 1918 1417 1947; x_wconf 89' lang='lat' dir='ltr'>nostre</span> <span class='ocrx_word' id='word_1_1206' title='bbox 1434 1917 1476 1948; x_wconf 91' lang='lat' dir='ltr'>dit</span> <span class='ocrx_word' id='word_1_1207' title='bbox 1497 1917 1658 1948; x_wconf 84' lang='lat' dir='ltr'>Adversaire</span> <span class='ocrx_word' id='word_1_1208' title='bbox 1676 1902 1887 1955; x_wconf 67' lang='lat' dir='ltr'>d&#39;Engleterre,</span> <span class='ocrx_word' id='word_1_1209' title='bbox 1905 1926 1950 1954; x_wconf 84' lang='lat' dir='ltr'>par</span> <span class='ocrx_word' id='word_1_1210' title='bbox 1969 1926 2048 1956; x_wconf 86' lang='lat' dir='ltr'>quoy</span> <span class='ocrx_word' id='word_1_1211' title='bbox 2068 1916 2093 1946; x_wconf 91' lang='lat' dir='ltr'>le</span> <span class='ocrx_word' id='word_1_1212' title='bbox 2111 1917 2297 1956; x_wconf 84' lang='lat' dir='ltr'>Poeple,que</span> 
     </span>
     <span class='ocr_line' id='line_1_152' title="bbox 1235 1954 2299 1995; baseline 0.003 -11"><span class='ocrx_word' id='word_1_1213' title='bbox 1235 1954 1312 1987; x_wconf 89' lang='lat' dir='ltr'>Dieu</span> <span class='ocrx_word' id='word_1_1214' title='bbox 1332 1954 1418 1986; x_wconf 88' lang='lat' dir='ltr'>Nous</span> <span class='ocrx_word' id='word_1_1215' title='bbox 1435 1956 1468 1986; x_wconf 85' lang='lat' dir='ltr'>ad</span> <span class='ocrx_word' id='word_1_1216' title='bbox 1488 1956 1579 1986; x_wconf 90' lang='lat' dir='ltr'>baillie</span> <span class='ocrx_word' id='word_1_1217' title='bbox 1593 1957 1627 1988; x_wconf 91' lang='lat'>&amp;</span> <span class='ocrx_word' id='word_1_1218' title='bbox 1645 1955 1786 1995; x_wconf 88' lang='lat' dir='ltr'>Commys</span> <span class='ocrx_word' id='word_1_1219' title='bbox 1801 1967 1816 1986; x_wconf 87' lang='lat' dir='ltr'>a</span> <span class='ocrx_word' id='word_1_1220' title='bbox 1832 1955 2000 1992; x_wconf 80' lang='lat' dir='ltr'>Governer,</span> <span class='ocrx_word' id='word_1_1221' title='bbox 2020 1955 2108 1992; x_wconf 83' lang='lat' dir='ltr'>puisse</span> <span class='ocrx_word' id='word_1_1222' title='bbox 2122 1980 2131 1993; x_wconf 82' lang='lat'>,</span> <span class='ocrx_word' id='word_1_1223' title='bbox 2151 1966 2187 1987; x_wconf 88' lang='lat' dir='ltr'>en</span> <span class='ocrx_word' id='word_1_1224' title='bbox 2201 1957 2299 1988; x_wconf 81' lang='lat' dir='ltr'>nostre</span> 
     </span>
     <span class='ocr_line' id='line_1_153' title="bbox 1233 1992 2194 2035; baseline -0.001 -12"><span class='ocrx_word' id='word_1_1225' title='bbox 1233 2001 1325 2030; x_wconf 89' lang='lat' dir='ltr'>temps</span> <span class='ocrx_word' id='word_1_1226' title='bbox 1338 1995 1371 2025; x_wconf 89' lang='lat'>&amp;</span> <span class='ocrx_word' id='word_1_1227' title='bbox 1386 1993 1479 2024; x_wconf 84' lang='lat' dir='ltr'>soubz-</span> <span class='ocrx_word' id='word_1_1228' title='bbox 1492 1995 1593 2032; x_wconf 87' lang='lat' dir='ltr'>Nous,</span> <span class='ocrx_word' id='word_1_1229' title='bbox 1611 1996 1692 2025; x_wconf 86' lang='lat' dir='ltr'>vivre</span> <span class='ocrx_word' id='word_1_1230' title='bbox 1706 2004 1740 2024; x_wconf 90' lang='lat' dir='ltr'>en</span> <span class='ocrx_word' id='word_1_1231' title='bbox 1757 1995 1818 2024; x_wconf 84' lang='lat' dir='ltr'>Pais</span> <span class='ocrx_word' id='word_1_1232' title='bbox 1834 1998 1866 2025; x_wconf 71' lang='grc' dir='ltr'>ὅ(</span> <span class='ocrx_word' id='word_1_1233' title='bbox 1880 1992 2085 2035; x_wconf 60' lang='grc' dir='ltr'>Τωῃςυίῌίῐε,</span> <span class='ocrx_word' id='word_1_1234' title='bbox 2192 2020 2194 2023; x_wconf 80' lang='grc'>,</span> 
     </span>
    </p>

    <p class='ocr_par' dir='ltr' id='par_1_51' title="bbox 1234 2030 2300 2225">
     <span class='ocr_line' id='line_1_154' title="bbox 1270 2030 2297 2071; baseline 0.002 -10"><span class='ocrx_word' id='word_1_1235' title='bbox 1270 2030 1424 2064; x_wconf 76' lang='lat' dir='ltr'>Coniiantz</span> <span class='ocrx_word' id='word_1_1236' title='bbox 1441 2043 1456 2063; x_wconf 92' lang='lat' dir='ltr'>a</span> <span class='ocrx_word' id='word_1_1237' title='bbox 1474 2032 1547 2071; x_wconf 90' lang='lat' dir='ltr'>plein</span> <span class='ocrx_word' id='word_1_1238' title='bbox 1560 2033 1607 2063; x_wconf 85' lang='lat' dir='ltr'>des</span> <span class='ocrx_word' id='word_1_1239' title='bbox 1625 2033 1875 2071; x_wconf 85' lang='lat' dir='ltr'>Sens,loiaultees,</span> <span class='ocrx_word' id='word_1_1240' title='bbox 1892 2031 2157 2069; x_wconf 63' lang='lat' dir='ltr'>circumipeetions,</span> <span class='ocrx_word' id='word_1_1241' title='bbox 2175 2032 2297 2070; x_wconf 85' lang='lat' dir='ltr'>pruden-</span> 
     </span>
     <span class='ocr_line' id='line_1_155' title="bbox 1234 2069 2298 2111; baseline 0 -11"><span class='ocrx_word' id='word_1_1242' title='bbox 1234 2079 1280 2100; x_wconf 85' lang='lat' dir='ltr'>ces</span> <span class='ocrx_word' id='word_1_1243' title='bbox 1294 2093 1303 2108; x_wconf 86' lang='lat'>,</span> <span class='ocrx_word' id='word_1_1244' title='bbox 1322 2071 1355 2103; x_wconf 74' lang='grc' dir='ltr'>δί</span> <span class='ocrx_word' id='word_1_1245' title='bbox 1373 2071 1524 2110; x_wconf 88' lang='lat' dir='ltr'>diligences</span> <span class='ocrx_word' id='word_1_1246' title='bbox 1538 2071 1573 2102; x_wconf 91' lang='lat' dir='ltr'>de</span> <span class='ocrx_word' id='word_1_1247' title='bbox 1588 2094 1598 2110; x_wconf 90' lang='lat'>,</span> <span class='ocrx_word' id='word_1_1248' title='bbox 1617 2080 1674 2102; x_wconf 90' lang='lat' dir='ltr'>noz</span> <span class='ocrx_word' id='word_1_1249' title='bbox 1694 2082 1785 2101; x_wconf 86' lang='lat' dir='ltr'>amees</span> <span class='ocrx_word' id='word_1_1250' title='bbox 1801 2072 1834 2102; x_wconf 66' lang='grc' dir='ltr'>ὃς</span> <span class='ocrx_word' id='word_1_1251' title='bbox 1856 2071 1958 2101; x_wconf 83' lang='lat' dir='ltr'>foiaulx</span> <span class='ocrx_word' id='word_1_1252' title='bbox 1971 2092 1981 2107; x_wconf 85' lang='lat'>,</span> <span class='ocrx_word' id='word_1_1253' title='bbox 2007 2072 2097 2099; x_wconf 79' lang='lat' dir='ltr'>Pierre</span> <span class='ocrx_word' id='word_1_1254' title='bbox 2117 2069 2244 2111; x_wconf 61' lang='lat' dir='ltr'>Eveffiue</span> <span class='ocrx_word' id='word_1_1255' title='bbox 2265 2071 2298 2100; x_wconf 74' lang='lat' dir='ltr'>de</span> 
     </span>
     <span class='ocr_line' id='line_1_156' title="bbox 1235 2108 2298 2150; baseline 0.002 -13"><span class='ocrx_word' id='word_1_1256' title='bbox 1235 2110 1330 2149; x_wconf 86' lang='lat' dir='ltr'><em>Noyon</em></span> <span class='ocrx_word' id='word_1_1257' title='bbox 1345 2108 1400 2140; x_wconf 91' lang='lat' dir='ltr'>Per</span> <span class='ocrx_word' id='word_1_1258' title='bbox 1418 2111 1453 2141; x_wconf 90' lang='lat' dir='ltr'>de</span> <span class='ocrx_word' id='word_1_1259' title='bbox 1472 2110 1496 2140; x_wconf 94' lang='lat' dir='ltr'>F</span> <span class='ocrx_word' id='word_1_1260' title='bbox 1498 2120 1599 2147; x_wconf 90' lang='lat' dir='ltr'>rance,</span> <span class='ocrx_word' id='word_1_1261' title='bbox 1614 2109 1723 2150; x_wconf 78' lang='lat' dir='ltr'>Jaques</span> <span class='ocrx_word' id='word_1_1262' title='bbox 1738 2111 1768 2139; x_wconf 83' lang='lat' dir='ltr'>de</span> <span class='ocrx_word' id='word_1_1263' title='bbox 1782 2108 1927 2149; x_wconf 80' lang='lat' dir='ltr'>chastillon</span> <span class='ocrx_word' id='word_1_1264' title='bbox 1943 2109 2059 2147; x_wconf 85' lang='lat' dir='ltr'>Seignur</span> <span class='ocrx_word' id='word_1_1265' title='bbox 2073 2108 2108 2138; x_wconf 91' lang='lat' dir='ltr'>de</span> <span class='ocrx_word' id='word_1_1266' title='bbox 2118 2108 2298 2147; x_wconf 81' lang='lat' dir='ltr'>Dampierre,</span> 
     </span>
     <span class='ocr_line' id='line_1_157' title="bbox 1234 2146 2300 2185; baseline 0.001 -8"><span class='ocrx_word' id='word_1_1267' title='bbox 1234 2147 1266 2178; x_wconf 79' lang='grc' dir='ltr'>ὃ(</span> <span class='ocrx_word' id='word_1_1268' title='bbox 1287 2148 1416 2179; x_wconf 86' lang='lat' dir='ltr'>Admiral</span> <span class='ocrx_word' id='word_1_1269' title='bbox 1435 2149 1472 2179; x_wconf 91' lang='lat' dir='ltr'>de</span> <span class='ocrx_word' id='word_1_1270' title='bbox 1490 2149 1615 2185; x_wconf 78' lang='lat' dir='ltr'>France,</span> <span class='ocrx_word' id='word_1_1271' title='bbox 1630 2148 1746 2178; x_wconf 81' lang='lat' dir='ltr'>Guillem</span> <span class='ocrx_word' id='word_1_1272' title='bbox 1765 2153 1875 2185; x_wconf 61' lang='lat' dir='ltr'>Seaegnur</span> <span class='ocrx_word' id='word_1_1273' title='bbox 1898 2147 1928 2176; x_wconf 82' lang='lat' dir='ltr'>a&#39;e</span> <span class='ocrx_word' id='word_1_1274' title='bbox 1952 2146 2121 2184; x_wconf 69' lang='lat' dir='ltr'>:ngnonville</span> <span class='ocrx_word' id='word_1_1275' title='bbox 2143 2146 2300 2178; x_wconf 79' lang='lat' dir='ltr'>Chambel-</span> 
     </span>
     <span class='ocr_line' id='line_1_158' title="bbox 1235 2185 2139 2225; baseline -0.001 -10"><span class='ocrx_word' id='word_1_1276' title='bbox 1235 2186 1308 2224; x_wconf 85' lang='lat' dir='ltr'>lein,</span> <span class='ocrx_word' id='word_1_1277' title='bbox 1325 2185 1487 2225; x_wconf 84' lang='lat' dir='ltr'>Chivalers,</span> <span class='ocrx_word' id='word_1_1278' title='bbox 1505 2189 1538 2219; x_wconf 91' lang='lat'>&amp;</span> <span class='ocrx_word' id='word_1_1279' title='bbox 1555 2187 1669 2218; x_wconf 85' lang='lat' dir='ltr'>Maistre</span> <span class='ocrx_word' id='word_1_1280' title='bbox 1686 2190 1786 2216; x_wconf 86' lang='lat' dir='ltr'>Gouter</span> <span class='ocrx_word' id='word_1_1281' title='bbox 1802 2186 1850 2217; x_wconf 84' lang='lat' dir='ltr'>col</span> <span class='ocrx_word' id='word_1_1282' title='bbox 1869 2186 1964 2216; x_wconf 88' lang='lat' dir='ltr'>nostre</span> <span class='ocrx_word' id='word_1_1283' title='bbox 1987 2185 2139 2223; x_wconf 84' lang='lat' dir='ltr'>Secretair,</span> 
     </span>
    </p>

    <p class='ocr_par' dir='ltr' id='par_1_52' title="bbox 1232 2223 2304 2639">
     <span class='ocr_line' id='line_1_159' title="bbox 1272 2223 2302 2265; baseline 0.001 -11"><span class='ocrx_word' id='word_1_1284' title='bbox 1272 2225 1382 2256; x_wconf 85' lang='lat' dir='ltr'>Yceulx</span> <span class='ocrx_word' id='word_1_1285' title='bbox 1404 2226 1545 2256; x_wconf 87' lang='lat' dir='ltr'>ensemble</span> <span class='ocrx_word' id='word_1_1286' title='bbox 1559 2249 1568 2265; x_wconf 85' lang='lat'>‚</span> <span class='ocrx_word' id='word_1_1287' title='bbox 1588 2227 1621 2257; x_wconf 88' lang='lat'>&amp;</span> <span class='ocrx_word' id='word_1_1288' title='bbox 1644 2226 1681 2256; x_wconf 89' lang='lat' dir='ltr'>les</span> <span class='ocrx_word' id='word_1_1289' title='bbox 1702 2225 1806 2263; x_wconf 87' lang='lat' dir='ltr'>Trois,</span> <span class='ocrx_word' id='word_1_1290' title='bbox 1823 2235 1862 2255; x_wconf 92' lang='lat' dir='ltr'>ou</span> <span class='ocrx_word' id='word_1_1291' title='bbox 1884 2224 1967 2254; x_wconf 85' lang='lat' dir='ltr'>Deux</span> <span class='ocrx_word' id='word_1_1292' title='bbox 1987 2224 2076 2254; x_wconf 72' lang='lat' dir='ltr'>d&#39;eulx</span> <span class='ocrx_word' id='word_1_1293' title='bbox 2090 2247 2099 2262; x_wconf 85' lang='lat'>,</span> <span class='ocrx_word' id='word_1_1294' title='bbox 2117 2234 2151 2254; x_wconf 91' lang='lat' dir='ltr'>en</span> <span class='ocrx_word' id='word_1_1295' title='bbox 2169 2223 2302 2255; x_wconf 89' lang='lat' dir='ltr'>l&#39;absence</span> 
     </span>
     <span class='ocr_line' id='line_1_160' title="bbox 1233 2262 2303 2304; baseline 0.001 -12"><span class='ocrx_word' id='word_1_1296' title='bbox 1233 2262 1282 2293; x_wconf 90' lang='lat' dir='ltr'>des</span> <span class='ocrx_word' id='word_1_1297' title='bbox 1296 2273 1382 2294; x_wconf 87' lang='lat' dir='ltr'>autres</span> <span class='ocrx_word' id='word_1_1298' title='bbox 1396 2286 1406 2301; x_wconf 88' lang='lat'>,</span> <span class='ocrx_word' id='word_1_1299' title='bbox 1423 2275 1513 2295; x_wconf 89' lang='lat' dir='ltr'>avons</span> <span class='ocrx_word' id='word_1_1300' title='bbox 1535 2265 1660 2295; x_wconf 84' lang='lat' dir='ltr'>ordenez</span> <span class='ocrx_word' id='word_1_1301' title='bbox 1675 2286 1685 2302; x_wconf 86' lang='lat'>,</span> <span class='ocrx_word' id='word_1_1302' title='bbox 1703 2263 1848 2302; x_wconf 89' lang='lat' dir='ltr'>Commys</span> <span class='ocrx_word' id='word_1_1303' title='bbox 1865 2286 1873 2300; x_wconf 82' lang='lat'>,</span> <span class='ocrx_word' id='word_1_1304' title='bbox 1893 2264 1926 2293; x_wconf 88' lang='lat'>&amp;</span> <span class='ocrx_word' id='word_1_1305' title='bbox 1946 2262 2303 2304; x_wconf 44' lang='lat' dir='ltr'>DeputezLOrdennons,</span> 
     </span>
     <span class='ocr_line' id='line_1_161' title="bbox 1232 2300 2303 2340; baseline -0.003 -8"><span class='ocrx_word' id='word_1_1306' title='bbox 1232 2300 1454 2339; x_wconf 77' lang='lat' dir='ltr'>Conrmerrons,</span> <span class='ocrx_word' id='word_1_1307' title='bbox 1471 2305 1504 2335; x_wconf 69' lang='grc' dir='ltr'>ὃς</span> <span class='ocrx_word' id='word_1_1308' title='bbox 1522 2302 1745 2340; x_wconf 87' lang='lat' dir='ltr'>Deputons‚par</span> <span class='ocrx_word' id='word_1_1309' title='bbox 1760 2302 1785 2333; x_wconf 91' lang='lat' dir='ltr'>la</span> <span class='ocrx_word' id='word_1_1310' title='bbox 1799 2302 1915 2332; x_wconf 86' lang='lat' dir='ltr'>Tenure</span> <span class='ocrx_word' id='word_1_1311' title='bbox 1929 2300 1964 2331; x_wconf 91' lang='lat' dir='ltr'>de</span> <span class='ocrx_word' id='word_1_1312' title='bbox 1981 2311 2026 2331; x_wconf 85' lang='lat' dir='ltr'>ces</span> <span class='ocrx_word' id='word_1_1313' title='bbox 2040 2300 2193 2338; x_wconf 76' lang='lat' dir='ltr'>Preiemes,</span> <span class='ocrx_word' id='word_1_1314' title='bbox 2203 2311 2254 2338; x_wconf 89' lang='lat' dir='ltr'>pur</span> <span class='ocrx_word' id='word_1_1315' title='bbox 2269 2302 2303 2333; x_wconf 87' lang='lat'>&amp;</span> 
     </span>
     <span class='ocr_line' id='line_1_162' title="bbox 1232 2335 2304 2379; baseline -0.002 -10"><span class='ocrx_word' id='word_1_1316' title='bbox 1232 2350 1268 2370; x_wconf 92' lang='lat' dir='ltr'>en</span> <span class='ocrx_word' id='word_1_1317' title='bbox 1286 2340 1340 2370; x_wconf 92' lang='lat' dir='ltr'>lieu</span> <span class='ocrx_word' id='word_1_1318' title='bbox 1358 2341 1394 2371; x_wconf 87' lang='lat' dir='ltr'>de</span> <span class='ocrx_word' id='word_1_1319' title='bbox 1412 2340 1513 2379; x_wconf 87' lang='lat' dir='ltr'>Nous,</span> <span class='ocrx_word' id='word_1_1320' title='bbox 1533 2352 1585 2379; x_wconf 88' lang='lat' dir='ltr'>pur</span> <span class='ocrx_word' id='word_1_1321' title='bbox 1599 2341 1748 2371; x_wconf 72' lang='lat' dir='ltr'>asstmbler</span> <span class='ocrx_word' id='word_1_1322' title='bbox 1767 2350 1836 2371; x_wconf 88' lang='lat' dir='ltr'>avec</span> <span class='ocrx_word' id='word_1_1323' title='bbox 1854 2342 1943 2369; x_wconf 70' lang='lat' dir='ltr'>Henri</span> <span class='ocrx_word' id='word_1_1324' title='bbox 1956 2335 2080 2378; x_wconf 81' lang='lat' dir='ltr'>Evesque</span> <span class='ocrx_word' id='word_1_1325' title='bbox 2095 2339 2129 2368; x_wconf 92' lang='lat' dir='ltr'>de</span> <span class='ocrx_word' id='word_1_1326' title='bbox 2142 2343 2216 2368; x_wconf 75' lang='lat' dir='ltr'>seint</span> <span class='ocrx_word' id='word_1_1327' title='bbox 2239 2342 2304 2368; x_wconf 85' lang='lat' dir='ltr'>Da-</span> 
     </span>
     <span class='ocr_line' id='line_1_163' title="bbox 1233 2375 2303 2417; baseline 0.001 -10"><span class='ocrx_word' id='word_1_1328' title='bbox 1233 2379 1300 2416; x_wconf 72' lang='lat' dir='ltr'>vid,</span> <span class='ocrx_word' id='word_1_1329' title='bbox 1318 2381 1407 2408; x_wconf 75' lang='lat' dir='ltr'>Henri</span> <span class='ocrx_word' id='word_1_1330' title='bbox 1419 2382 1529 2416; x_wconf 74' lang='lat' dir='ltr'>Seignur</span> <span class='ocrx_word' id='word_1_1331' title='bbox 1541 2381 1573 2409; x_wconf 86' lang='lat' dir='ltr'>de</span> <span class='ocrx_word' id='word_1_1332' title='bbox 1586 2382 1753 2416; x_wconf 76' lang='lat' dir='ltr'>Beaumont,</span> <span class='ocrx_word' id='word_1_1333' title='bbox 1769 2377 1868 2416; x_wconf 80' lang='lat' dir='ltr'>Johan</span> <span class='ocrx_word' id='word_1_1334' title='bbox 1882 2377 1983 2417; x_wconf 79' lang='lat' dir='ltr'>cheyne</span> <span class='ocrx_word' id='word_1_1335' title='bbox 1994 2375 2153 2415; x_wconf 74' lang='lat' dir='ltr'>Chivalets,</span> <span class='ocrx_word' id='word_1_1336' title='bbox 2170 2379 2203 2408; x_wconf 90' lang='lat'>&amp;</span> <span class='ocrx_word' id='word_1_1337' title='bbox 2216 2377 2303 2409; x_wconf 87' lang='lat' dir='ltr'>Mais-</span> 
     </span>
     <span class='ocr_line' id='line_1_164' title="bbox 1232 2415 2300 2455; baseline 0.002 -9"><span class='ocrx_word' id='word_1_1338' title='bbox 1232 2425 1274 2447; x_wconf 88' lang='lat' dir='ltr'>tre</span> <span class='ocrx_word' id='word_1_1339' title='bbox 1290 2416 1389 2455; x_wconf 79' lang='lat' dir='ltr'>Johan</span> <span class='ocrx_word' id='word_1_1340' title='bbox 1406 2419 1518 2455; x_wconf 72' lang='lat' dir='ltr'>Carrik,</span> <span class='ocrx_word' id='word_1_1341' title='bbox 1537 2419 1756 2454; x_wconf 82' lang='lat' dir='ltr'>Ambaxaoeurs,</span> <span class='ocrx_word' id='word_1_1342' title='bbox 1775 2416 1929 2454; x_wconf 85' lang='lat' dir='ltr'>Ordenez,</span> <span class='ocrx_word' id='word_1_1343' title='bbox 1949 2415 2097 2453; x_wconf 82' lang='lat' dir='ltr'>Commis,</span> <span class='ocrx_word' id='word_1_1344' title='bbox 2115 2417 2148 2447; x_wconf 85' lang='lat'>&amp;</span> <span class='ocrx_word' id='word_1_1345' title='bbox 2164 2415 2300 2454; x_wconf 82' lang='lat' dir='ltr'>Deputez</span> 
     </span>
     <span class='ocr_line' id='line_1_165' title="bbox 1233 2453 2302 2494; baseline 0.001 -9"><span class='ocrx_word' id='word_1_1346' title='bbox 1233 2464 1280 2492; x_wconf 84' lang='lat' dir='ltr'>par</span> <span class='ocrx_word' id='word_1_1347' title='bbox 1298 2456 1394 2486; x_wconf 87' lang='lat' dir='ltr'>nostre</span> <span class='ocrx_word' id='word_1_1348' title='bbox 1410 2455 1450 2486; x_wconf 90' lang='lat' dir='ltr'>dit</span> <span class='ocrx_word' id='word_1_1349' title='bbox 1470 2456 1615 2487; x_wconf 81' lang='lat' dir='ltr'>Adversair</span> <span class='ocrx_word' id='word_1_1350' title='bbox 1629 2479 1638 2494; x_wconf 87' lang='lat'>‚</span> <span class='ocrx_word' id='word_1_1351' title='bbox 1656 2456 1689 2486; x_wconf 71' lang='grc' dir='ltr'>ὃ(</span> <span class='ocrx_word' id='word_1_1352' title='bbox 1706 2465 1774 2486; x_wconf 87' lang='lat' dir='ltr'>avec</span> <span class='ocrx_word' id='word_1_1353' title='bbox 1790 2464 1950 2493; x_wconf 86' lang='lat' dir='ltr'>queconqes</span> <span class='ocrx_word' id='word_1_1354' title='bbox 1966 2462 2054 2484; x_wconf 88' lang='lat' dir='ltr'>autres</span> <span class='ocrx_word' id='word_1_1355' title='bbox 2069 2453 2201 2485; x_wconf 84' lang='lat' dir='ltr'>Parsones</span> <span class='ocrx_word' id='word_1_1356' title='bbox 2216 2466 2232 2485; x_wconf 93' lang='lat' dir='ltr'>a</span> <span class='ocrx_word' id='word_1_1357' title='bbox 2248 2465 2302 2486; x_wconf 89' lang='lat' dir='ltr'>ceo</span> 
     </span>
     <span class='ocr_line' id='line_1_166' title="bbox 1236 2492 2303 2531; baseline 0.002 -8"><span class='ocrx_word' id='word_1_1358' title='bbox 1236 2492 1372 2524; x_wconf 88' lang='lat' dir='ltr'>Commis</span> <span class='ocrx_word' id='word_1_1359' title='bbox 1387 2518 1396 2531; x_wconf 86' lang='lat'>,</span> <span class='ocrx_word' id='word_1_1360' title='bbox 1415 2496 1507 2524; x_wconf 82' lang='lat' dir='ltr'>eiantz</span> <span class='ocrx_word' id='word_1_1361' title='bbox 1530 2493 1638 2525; x_wconf 87' lang='lat' dir='ltr'>Povoir</span> <span class='ocrx_word' id='word_1_1362' title='bbox 1652 2493 1797 2524; x_wconf 82' lang='lat' dir='ltr'>sufficeant</span> <span class='ocrx_word' id='word_1_1363' title='bbox 1812 2493 1847 2524; x_wconf 87' lang='lat' dir='ltr'>de</span> <span class='ocrx_word' id='word_1_1364' title='bbox 1861 2492 1953 2522; x_wconf 91' lang='lat' dir='ltr'>nostre</span> <span class='ocrx_word' id='word_1_1365' title='bbox 1968 2492 2009 2523; x_wconf 90' lang='lat' dir='ltr'>dit</span> <span class='ocrx_word' id='word_1_1366' title='bbox 2026 2492 2172 2523; x_wconf 87' lang='lat' dir='ltr'>Adversair</span> <span class='ocrx_word' id='word_1_1367' title='bbox 2187 2515 2198 2531; x_wconf 89' lang='lat'>,</span> <span class='ocrx_word' id='word_1_1368' title='bbox 2212 2504 2250 2524; x_wconf 88' lang='lat' dir='ltr'>ou</span> <span class='ocrx_word' id='word_1_1369' title='bbox 2265 2493 2303 2525; x_wconf 83' lang='lat' dir='ltr'>de</span> 
     </span>
     <span class='ocr_line' id='line_1_167' title="bbox 1235 2529 2304 2572; baseline 0.001 -11"><span class='ocrx_word' id='word_1_1370' title='bbox 1235 2531 1259 2562; x_wconf 87' lang='lat' dir='ltr'>la</span> <span class='ocrx_word' id='word_1_1371' title='bbox 1273 2533 1357 2569; x_wconf 88' lang='lat' dir='ltr'>partie</span> <span class='ocrx_word' id='word_1_1372' title='bbox 1373 2532 1588 2570; x_wconf 82' lang='lat' dir='ltr'>d&#39;Englererre,</span> <span class='ocrx_word' id='word_1_1373' title='bbox 1613 2543 1649 2563; x_wconf 90' lang='lat' dir='ltr'>en</span> <span class='ocrx_word' id='word_1_1374' title='bbox 1669 2533 1857 2572; x_wconf 87' lang='lat' dir='ltr'>quelconques</span> <span class='ocrx_word' id='word_1_1375' title='bbox 1882 2531 1965 2561; x_wconf 85' lang='lat' dir='ltr'>Villes</span> <span class='ocrx_word' id='word_1_1376' title='bbox 1981 2553 1991 2568; x_wconf 83' lang='lat'>,</span> <span class='ocrx_word' id='word_1_1377' title='bbox 2016 2529 2160 2561; x_wconf 82' lang='lat' dir='ltr'>Chasteux</span> <span class='ocrx_word' id='word_1_1378' title='bbox 2202 2531 2304 2571; x_wconf 80' lang='lat' dir='ltr'>Licus,</span> 
     </span>
     <span class='ocr_line' id='line_1_168' title="bbox 1236 2554 2304 2638; baseline 0.001 -37"><span class='ocrx_word' id='word_1_1379' title='bbox 1236 2571 1269 2638; x_wconf 57' lang='grc' dir='ltr'>ἷξε</span> <span class='ocrx_word' id='word_1_1380' title='bbox 1291 2571 1386 2638; x_wconf 58' lang='grc' dir='ltr'>ΙΞΙΙῑιεεε</span> <span class='ocrx_word' id='word_1_1381' title='bbox 1410 2572 1446 2602; x_wconf 90' lang='lat' dir='ltr'>de</span> <span class='ocrx_word' id='word_1_1382' title='bbox 1471 2570 1542 2603; x_wconf 86' lang='lat' dir='ltr'>Paiis</span> <span class='ocrx_word' id='word_1_1383' title='bbox 1567 2572 1603 2602; x_wconf 89' lang='lat' dir='ltr'>de</span> <span class='ocrx_word' id='word_1_1384' title='bbox 1629 2571 1758 2602; x_wconf 90' lang='lat' dir='ltr'>Picardie</span> <span class='ocrx_word' id='word_1_1385' title='bbox 1774 2593 1784 2609; x_wconf 84' lang='lat'>‚</span> <span class='ocrx_word' id='word_1_1386' title='bbox 1806 2580 1844 2600; x_wconf 89' lang='lat' dir='ltr'>ou</span> <span class='ocrx_word' id='word_1_1387' title='bbox 1861 2569 1897 2600; x_wconf 89' lang='lat' dir='ltr'>de</span> <span class='ocrx_word' id='word_1_1388' title='bbox 1917 2568 2046 2599; x_wconf 78' lang='lat' dir='ltr'>Flandres</span> <span class='ocrx_word' id='word_1_1389' title='bbox 2061 2591 2072 2608; x_wconf 91' lang='lat'>,</span> <span class='ocrx_word' id='word_1_1390' title='bbox 2097 2579 2152 2610; x_wconf 88' lang='lat' dir='ltr'>que</span> <span class='ocrx_word' id='word_1_1391' title='bbox 2169 2554 2227 2600; x_wconf 68' lang='lat' dir='ltr'>bon</span> <span class='ocrx_word' id='word_1_1392' title='bbox 2245 2571 2304 2602; x_wconf 82' lang='lat' dir='ltr'>leur</span> 
     </span>
     <span class='ocr_line' id='line_1_169' title="bbox 1248 2619 1370 2639; baseline 0.008 -1"><span class='ocrx_word' id='word_1_1393' title='bbox 1248 2619 1294 2638; x_wconf 85' lang='lat' dir='ltr'>em</span> <span class='ocrx_word' id='word_1_1394' title='bbox 1329 2620 1370 2639; x_wconf 66' lang='lat' dir='ltr'>cra</span> 
     </span>
    </p>

    <p class='ocr_par' dir='ltr' id='par_1_53' title="bbox 1235 2633 2307 3140">
     <span class='ocr_line' id='line_1_170' title="bbox 1274 2633 2306 2685; baseline 0.001 -8"><span class='ocrx_word' id='word_1_1395' title='bbox 1274 2647 1312 2677; x_wconf 88' lang='lat' dir='ltr'>Et</span> <span class='ocrx_word' id='word_1_1396' title='bbox 1333 2633 1395 2678; x_wconf 62' lang='lat' dir='ltr'>lou’r</span> <span class='ocrx_word' id='word_1_1397' title='bbox 1418 2658 1505 2679; x_wconf 88' lang='lat' dir='ltr'>avons</span> <span class='ocrx_word' id='word_1_1398' title='bbox 1526 2648 1611 2679; x_wconf 87' lang='lat' dir='ltr'>Done</span> <span class='ocrx_word' id='word_1_1399' title='bbox 1634 2649 1666 2679; x_wconf 88' lang='lat'>&amp;</span> <span class='ocrx_word' id='word_1_1400' title='bbox 1684 2644 1830 2685; x_wconf 81' lang='lat' dir='ltr'>Donous,</span> <span class='ocrx_word' id='word_1_1401' title='bbox 1848 2641 1914 2677; x_wconf 81' lang='lat' dir='ltr'>auffi</span> <span class='ocrx_word' id='word_1_1402' title='bbox 1930 2669 1941 2685; x_wconf 85' lang='lat'>,</span> <span class='ocrx_word' id='word_1_1403' title='bbox 1956 2651 2003 2684; x_wconf 83' lang='lat' dir='ltr'>par</span> <span class='ocrx_word' id='word_1_1404' title='bbox 2025 2644 2050 2676; x_wconf 87' lang='lat' dir='ltr'>la</span> <span class='ocrx_word' id='word_1_1405' title='bbox 2072 2653 2187 2677; x_wconf 75' lang='lat' dir='ltr'>te‘rieurev</span> <span class='ocrx_word' id='word_1_1406' title='bbox 2203 2646 2239 2677; x_wconf 88' lang='lat' dir='ltr'>de</span> <span class='ocrx_word' id='word_1_1407' title='bbox 2258 2657 2306 2678; x_wconf 88' lang='lat' dir='ltr'>ces</span> 
     </span>
     <span class='ocr_line' id='line_1_171' title="bbox 1240 2684 2304 2725; baseline 0.001 -10"><span class='ocrx_word' id='word_1_1408' title='bbox 1240 2686 1394 2724; x_wconf 86' lang='lat' dir='ltr'>presentes,</span> <span class='ocrx_word' id='word_1_1409' title='bbox 1413 2688 1446 2718; x_wconf 88' lang='lat'>&amp;</span> <span class='ocrx_word' id='word_1_1410' title='bbox 1461 2698 1495 2718; x_wconf 88' lang='lat' dir='ltr'>au</span> <span class='ocrx_word' id='word_1_1411' title='bbox 1512 2687 1598 2717; x_wconf 89' lang='lat' dir='ltr'>Trois</span> <span class='ocrx_word' id='word_1_1412' title='bbox 1614 2709 1623 2725; x_wconf 88' lang='lat'>,</span> <span class='ocrx_word' id='word_1_1413' title='bbox 1641 2697 1678 2717; x_wconf 93' lang='lat' dir='ltr'>ou</span> <span class='ocrx_word' id='word_1_1414' title='bbox 1695 2686 1779 2718; x_wconf 86' lang='lat' dir='ltr'>Deux</span> <span class='ocrx_word' id='word_1_1415' title='bbox 1795 2685 1902 2723; x_wconf 84' lang='lat' dir='ltr'>d&#39;eulx‚</span> <span class='ocrx_word' id='word_1_1416' title='bbox 1920 2695 2007 2715; x_wconf 89' lang='lat' dir='ltr'>come</span> <span class='ocrx_word' id='word_1_1417' title='bbox 2022 2684 2063 2715; x_wconf 92' lang='lat' dir='ltr'>dit</span> <span class='ocrx_word' id='word_1_1418' title='bbox 2078 2685 2138 2724; x_wconf 82' lang='lat' dir='ltr'>est,</span> <span class='ocrx_word' id='word_1_1419' title='bbox 2156 2685 2228 2722; x_wconf 89' lang='lat' dir='ltr'>plein</span> <span class='ocrx_word' id='word_1_1420' title='bbox 2244 2685 2304 2716; x_wconf 89' lang='lat' dir='ltr'>Po-</span> 
     </span>
     <span class='ocr_line' id='line_1_172' title="bbox 1240 2723 2305 2763; baseline 0.001 -9"><span class='ocrx_word' id='word_1_1421' title='bbox 1240 2725 1301 2754; x_wconf 92' lang='lat' dir='ltr'>voir</span> <span class='ocrx_word' id='word_1_1422' title='bbox 1317 2747 1325 2762; x_wconf 85' lang='lat'>‚</span> <span class='ocrx_word' id='word_1_1423' title='bbox 1344 2725 1493 2757; x_wconf 64' lang='lat' dir='ltr'>Autstorite</span> <span class='ocrx_word' id='word_1_1424' title='bbox 1509 2748 1518 2763; x_wconf 87' lang='lat'>,</span> <span class='ocrx_word' id='word_1_1425' title='bbox 1535 2728 1569 2758; x_wconf 89' lang='lat'>&amp;</span> <span class='ocrx_word' id='word_1_1426' title='bbox 1597 2725 1784 2756; x_wconf 87' lang='lat' dir='ltr'>Mandement</span> <span class='ocrx_word' id='word_1_1427' title='bbox 1804 2724 1938 2762; x_wconf 85' lang='lat' dir='ltr'>especiale</span> <span class='ocrx_word' id='word_1_1428' title='bbox 1956 2723 2121 2754; x_wconf 86' lang='lat' dir='ltr'>d&#39;accorder</span> <span class='ocrx_word' id='word_1_1429' title='bbox 2139 2726 2169 2754; x_wconf 67' lang='lat' dir='ltr'>&amp;c</span> <span class='ocrx_word' id='word_1_1430' title='bbox 2187 2725 2305 2761; x_wconf 85' lang='lat' dir='ltr'>prendre</span> 
     </span>
     <span class='ocr_line' id='line_1_173' title="bbox 1236 2761 2302 2802; baseline 0.001 -10"><span class='ocrx_word' id='word_1_1431' title='bbox 1236 2766 1426 2800; x_wconf 86' lang='lat' dir='ltr'>prorogacion</span> <span class='ocrx_word' id='word_1_1432' title='bbox 1447 2764 1493 2794; x_wconf 91' lang='lat' dir='ltr'>des</span> <span class='ocrx_word' id='word_1_1433' title='bbox 1510 2764 1645 2802; x_wconf 88' lang='lat' dir='ltr'>presentes</span> <span class='ocrx_word' id='word_1_1434' title='bbox 1660 2764 1769 2794; x_wconf 89' lang='lat' dir='ltr'>Treues</span> <span class='ocrx_word' id='word_1_1435' title='bbox 1785 2761 1963 2802; x_wconf 86' lang='lat' dir='ltr'>particulers,</span> <span class='ocrx_word' id='word_1_1436' title='bbox 1980 2771 2018 2792; x_wconf 87' lang='lat' dir='ltr'>ou</span> <span class='ocrx_word' id='word_1_1437' title='bbox 2034 2761 2069 2792; x_wconf 90' lang='lat' dir='ltr'>de</span> <span class='ocrx_word' id='word_1_1438' title='bbox 2083 2762 2121 2792; x_wconf 88' lang='lat' dir='ltr'>les</span> <span class='ocrx_word' id='word_1_1439' title='bbox 2137 2762 2254 2799; x_wconf 88' lang='lat' dir='ltr'>prendre</span> <span class='ocrx_word' id='word_1_1440' title='bbox 2269 2763 2302 2793; x_wconf 90' lang='lat'>&amp;</span> 
     </span>
     <span class='ocr_line' id='line_1_174' title="bbox 1238 2800 2305 2841; baseline 0.001 -10"><span class='ocrx_word' id='word_1_1441' title='bbox 1238 2802 1370 2832; x_wconf 85' lang='lat' dir='ltr'>accorder</span> <span class='ocrx_word' id='word_1_1442' title='bbox 1401 2804 1523 2833; x_wconf 85' lang='lat' dir='ltr'>nouvelx</span> <span class='ocrx_word' id='word_1_1443' title='bbox 1540 2826 1549 2841; x_wconf 85' lang='lat'>,</span> <span class='ocrx_word' id='word_1_1444' title='bbox 1584 2811 1639 2832; x_wconf 87' lang='lat' dir='ltr'>tant</span> <span class='ocrx_word' id='word_1_1445' title='bbox 1658 2813 1686 2833; x_wconf 90' lang='lat' dir='ltr'>es</span> <span class='ocrx_word' id='word_1_1446' title='bbox 1710 2801 1845 2832; x_wconf 84' lang='lat' dir='ltr'>Marches</span> <span class='ocrx_word' id='word_1_1447' title='bbox 1865 2800 1901 2831; x_wconf 92' lang='lat' dir='ltr'>de</span> <span class='ocrx_word' id='word_1_1448' title='bbox 1923 2800 2051 2830; x_wconf 88' lang='lat' dir='ltr'>Picardie</span> <span class='ocrx_word' id='word_1_1449' title='bbox 2074 2801 2108 2831; x_wconf 91' lang='lat'>&amp;</span> <span class='ocrx_word' id='word_1_1450' title='bbox 2130 2800 2244 2831; x_wconf 84' lang='lat' dir='ltr'>Duchie</span> <span class='ocrx_word' id='word_1_1451' title='bbox 2269 2801 2305 2832; x_wconf 89' lang='lat' dir='ltr'>de</span> 
     </span>
     <span class='ocr_line' id='line_1_175' title="bbox 1238 2838 2306 2879; baseline 0.001 -10"><span class='ocrx_word' id='word_1_1452' title='bbox 1238 2840 1378 2879; x_wconf 88' lang='lat' dir='ltr'>Guyenne</span> <span class='ocrx_word' id='word_1_1453' title='bbox 1394 2864 1404 2879; x_wconf 84' lang='lat'>,</span> <span class='ocrx_word' id='word_1_1454' title='bbox 1436 2842 1470 2872; x_wconf 87' lang='lat'>&amp;</span> <span class='ocrx_word' id='word_1_1455' title='bbox 1492 2852 1529 2872; x_wconf 90' lang='lat' dir='ltr'>en</span> <span class='ocrx_word' id='word_1_1456' title='bbox 1552 2843 1743 2879; x_wconf 85' lang='lat' dir='ltr'>quelconques</span> <span class='ocrx_word' id='word_1_1457' title='bbox 1764 2849 1851 2871; x_wconf 81' lang='lat' dir='ltr'>autres</span> <span class='ocrx_word' id='word_1_1458' title='bbox 1872 2838 1944 2870; x_wconf 87' lang='lat' dir='ltr'>Paiis</span> <span class='ocrx_word' id='word_1_1459' title='bbox 1965 2838 2000 2868; x_wconf 87' lang='lat' dir='ltr'>de</span> <span class='ocrx_word' id='word_1_1460' title='bbox 2021 2838 2115 2869; x_wconf 86' lang='lat' dir='ltr'>nostre</span> <span class='ocrx_word' id='word_1_1461' title='bbox 2145 2838 2306 2878; x_wconf 62' lang='lat' dir='ltr'>Rohume,</span> 
     </span>
     <span class='ocr_line' id='line_1_176' title="bbox 1237 2878 2305 2919; baseline -0.002 -8"><span class='ocrx_word' id='word_1_1462' title='bbox 1237 2888 1323 2910; x_wconf 86' lang='lat' dir='ltr'>come</span> <span class='ocrx_word' id='word_1_1463' title='bbox 1339 2880 1475 2919; x_wconf 24' lang='lat' dir='ltr'>&#39;generalx</span> <span class='ocrx_word' id='word_1_1464' title='bbox 1499 2890 1535 2911; x_wconf 88' lang='lat' dir='ltr'>en</span> <span class='ocrx_word' id='word_1_1465' title='bbox 1563 2880 1588 2910; x_wconf 89' lang='lat' dir='ltr'>la</span> <span class='ocrx_word' id='word_1_1466' title='bbox 1606 2879 1692 2910; x_wconf 84' lang='lat' dir='ltr'>Meer</span> <span class='ocrx_word' id='word_1_1467' title='bbox 1704 2902 1714 2917; x_wconf 85' lang='lat'>,</span> <span class='ocrx_word' id='word_1_1468' title='bbox 1744 2889 1782 2910; x_wconf 93' lang='lat' dir='ltr'>ou</span> <span class='ocrx_word' id='word_1_1469' title='bbox 1808 2887 1894 2909; x_wconf 84' lang='lat' dir='ltr'>autres</span> <span class='ocrx_word' id='word_1_1470' title='bbox 1920 2886 2098 2916; x_wconf 88' lang='lat' dir='ltr'>queconques</span> <span class='ocrx_word' id='word_1_1471' title='bbox 2125 2879 2243 2907; x_wconf 86' lang='lat' dir='ltr'>maniers</span> <span class='ocrx_word' id='word_1_1472' title='bbox 2269 2878 2305 2909; x_wconf 89' lang='lat' dir='ltr'>de</span> 
     </span>
     <span class='ocr_line' id='line_1_177' title="bbox 1238 2915 2307 2958; baseline 0 -12"><span class='ocrx_word' id='word_1_1473' title='bbox 1238 2916 1347 2947; x_wconf 87' lang='lat' dir='ltr'>Treues</span> <span class='ocrx_word' id='word_1_1474' title='bbox 1367 2919 1496 2958; x_wconf 84' lang='lat' dir='ltr'>generalx</span> <span class='ocrx_word' id='word_1_1475' title='bbox 1516 2928 1554 2949; x_wconf 93' lang='lat' dir='ltr'>ou</span> <span class='ocrx_word' id='word_1_1476' title='bbox 1573 2918 1733 2956; x_wconf 79' lang='lat' dir='ltr'>particulers</span> <span class='ocrx_word' id='word_1_1477' title='bbox 1748 2940 1757 2955; x_wconf 93' lang='lat'>,</span> <span class='ocrx_word' id='word_1_1478' title='bbox 1789 2926 1846 2948; x_wconf 91' lang='lat' dir='ltr'>tant</span> <span class='ocrx_word' id='word_1_1479' title='bbox 1866 2926 1901 2946; x_wconf 88' lang='lat' dir='ltr'>en</span> <span class='ocrx_word' id='word_1_1480' title='bbox 1923 2915 2015 2946; x_wconf 92' lang='lat' dir='ltr'>Terre</span> <span class='ocrx_word' id='word_1_1481' title='bbox 2027 2938 2036 2953; x_wconf 85' lang='lat'>‚</span> <span class='ocrx_word' id='word_1_1482' title='bbox 2055 2924 2142 2946; x_wconf 89' lang='lat' dir='ltr'>come</span> <span class='ocrx_word' id='word_1_1483' title='bbox 2157 2926 2192 2945; x_wconf 92' lang='lat' dir='ltr'>en</span> <span class='ocrx_word' id='word_1_1484' title='bbox 2215 2915 2282 2946; x_wconf 90' lang='lat' dir='ltr'>Mer</span> <span class='ocrx_word' id='word_1_1485' title='bbox 2295 2938 2307 2954; x_wconf 84' lang='lat'>‚</span> 
     </span>
     <span class='ocr_line' id='line_1_178' title="bbox 1238 2954 2305 2995; baseline 0 -10"><span class='ocrx_word' id='word_1_1486' title='bbox 1238 2965 1291 2992; x_wconf 89' lang='lat' dir='ltr'>pur</span> <span class='ocrx_word' id='word_1_1487' title='bbox 1306 2956 1407 2994; x_wconf 82' lang='lat' dir='ltr'>Nous,</span> <span class='ocrx_word' id='word_1_1488' title='bbox 1425 2966 1484 2987; x_wconf 89' lang='lat' dir='ltr'>noz</span> <span class='ocrx_word' id='word_1_1489' title='bbox 1495 2956 1633 2995; x_wconf 81' lang='lat' dir='ltr'>Subgies,</span> <span class='ocrx_word' id='word_1_1490' title='bbox 1649 2956 1749 2993; x_wconf 75' lang='lat' dir='ltr'>Atriis,</span> <span class='ocrx_word' id='word_1_1491' title='bbox 1771 2954 2001 2992; x_wconf 79' lang='lat' dir='ltr'>Confederes‚&amp;</span> <span class='ocrx_word' id='word_1_1492' title='bbox 2017 2954 2101 2984; x_wconf 88' lang='lat' dir='ltr'>Allies</span> <span class='ocrx_word' id='word_1_1493' title='bbox 2115 2963 2305 2993; x_wconf 83' lang='lat' dir='ltr'>queconques²</span> 
     </span>
     <span class='ocr_line' id='line_1_179' title="bbox 1237 2991 2306 3033; baseline -0.002 -10"><span class='ocrx_word' id='word_1_1494' title='bbox 1237 2995 1288 3024; x_wconf 69' lang='lat' dir='ltr'>soit</span> <span class='ocrx_word' id='word_1_1495' title='bbox 1306 3005 1320 3025; x_wconf 92' lang='lat' dir='ltr'>a</span> <span class='ocrx_word' id='word_1_1496' title='bbox 1337 2996 1413 3027; x_wconf 91' lang='lat' dir='ltr'>brief</span> <span class='ocrx_word' id='word_1_1497' title='bbox 1426 3005 1518 3033; x_wconf 87' lang='lat' dir='ltr'>temps</span> <span class='ocrx_word' id='word_1_1498' title='bbox 1534 3005 1571 3025; x_wconf 91' lang='lat' dir='ltr'>ou</span> <span class='ocrx_word' id='word_1_1499' title='bbox 1590 3006 1605 3026; x_wconf 90' lang='lat' dir='ltr'>a</span> <span class='ocrx_word' id='word_1_1500' title='bbox 1622 2996 1711 3033; x_wconf 84' lang='lat' dir='ltr'>long,</span> <span class='ocrx_word' id='word_1_1501' title='bbox 1727 2995 1797 3024; x_wconf 88' lang='lat' dir='ltr'>deca</span> <span class='ocrx_word' id='word_1_1502' title='bbox 1812 2995 1845 3025; x_wconf 90' lang='lat'>&amp;</span> <span class='ocrx_word' id='word_1_1503' title='bbox 1858 2992 1919 3023; x_wconf 89' lang='lat' dir='ltr'>dela</span> <span class='ocrx_word' id='word_1_1504' title='bbox 1931 2993 1958 3023; x_wconf 87' lang='lat' dir='ltr'>la</span> <span class='ocrx_word' id='word_1_1505' title='bbox 1975 2991 2059 3030; x_wconf 85' lang='lat' dir='ltr'>Mer,</span> <span class='ocrx_word' id='word_1_1506' title='bbox 2075 2992 2140 3022; x_wconf 79' lang='lat' dir='ltr'>ainsi</span> <span class='ocrx_word' id='word_1_1507' title='bbox 2157 3003 2211 3030; x_wconf 88' lang='lat' dir='ltr'>que</span> <span class='ocrx_word' id='word_1_1508' title='bbox 2226 2994 2306 3031; x_wconf 84' lang='lat' dir='ltr'>bon,</span> 
     </span>
     <span class='ocr_line' id='line_1_180' title="bbox 1237 3030 2305 3072; baseline -0.002 -10"><span class='ocrx_word' id='word_1_1509' title='bbox 1237 3032 1425 3072; x_wconf 84' lang='lat' dir='ltr'>honourable,</span> <span class='ocrx_word' id='word_1_1510' title='bbox 1445 3036 1477 3064; x_wconf 67' lang='grc' dir='ltr'>ὃς</span> <span class='ocrx_word' id='word_1_1511' title='bbox 1495 3033 1658 3071; x_wconf 84' lang='lat' dir='ltr'>proufitable</span> <span class='ocrx_word' id='word_1_1512' title='bbox 1671 3033 1733 3063; x_wconf 90' lang='lat' dir='ltr'>lour</span> <span class='ocrx_word' id='word_1_1513' title='bbox 1747 3032 1881 3062; x_wconf 85' lang='lat' dir='ltr'>sembleta</span> <span class='ocrx_word' id='word_1_1514' title='bbox 1895 3041 1947 3068; x_wconf 88' lang='lat' dir='ltr'>pur</span> <span class='ocrx_word' id='word_1_1515' title='bbox 1958 3030 1983 3060; x_wconf 92' lang='lat' dir='ltr'>le</span> <span class='ocrx_word' id='word_1_1516' title='bbox 1999 3031 2064 3061; x_wconf 86' lang='lat' dir='ltr'>bien</span> <span class='ocrx_word' id='word_1_1517' title='bbox 2080 3030 2118 3060; x_wconf 92' lang='lat' dir='ltr'>de</span> <span class='ocrx_word' id='word_1_1518' title='bbox 2130 3031 2154 3060; x_wconf 92' lang='lat' dir='ltr'>la</span> <span class='ocrx_word' id='word_1_1519' title='bbox 2171 3030 2305 3070; x_wconf 83' lang='lat' dir='ltr'>busoign,</span> 
     </span>
     <span class='ocr_line' id='line_1_181' title="bbox 1235 3068 2303 3139; baseline -0.004 -36"><span class='ocrx_word' id='word_1_1520' title='bbox 1235 3072 1271 3139; x_wconf 37' lang='lat' dir='ltr'>cs&amp;-</span> <span class='ocrx_word' id='word_1_1521' title='bbox 1288 3082 1357 3109; x_wconf 87' lang='lat' dir='ltr'>pour</span> <span class='ocrx_word' id='word_1_1522' title='bbox 1376 3072 1501 3111; x_wconf 87' lang='lat' dir='ltr'>pluistost</span> <span class='ocrx_word' id='word_1_1523' title='bbox 1516 3073 1594 3103; x_wconf 89' lang='lat' dir='ltr'>venir</span> <span class='ocrx_word' id='word_1_1524' title='bbox 1610 3083 1625 3103; x_wconf 88' lang='lat' dir='ltr'>a</span> <span class='ocrx_word' id='word_1_1525' title='bbox 1644 3073 1703 3102; x_wconf 91' lang='lat' dir='ltr'>bon</span> <span class='ocrx_word' id='word_1_1526' title='bbox 1719 3071 1782 3102; x_wconf 84' lang='lat' dir='ltr'>Pais</span> <span class='ocrx_word' id='word_1_1527' title='bbox 1804 3079 1881 3101; x_wconf 86' lang='lat' dir='ltr'>entre</span> <span class='ocrx_word' id='word_1_1528' title='bbox 1903 3079 1972 3099; x_wconf 91' lang='lat' dir='ltr'>nous</span> <span class='ocrx_word' id='word_1_1529' title='bbox 1986 3070 2019 3100; x_wconf 90' lang='lat'>&amp;</span> <span class='ocrx_word' id='word_1_1530' title='bbox 2035 3068 2126 3100; x_wconf 86' lang='lat' dir='ltr'>nostre</span> <span class='ocrx_word' id='word_1_1531' title='bbox 2135 3068 2176 3099; x_wconf 93' lang='lat' dir='ltr'>dit</span> <span class='ocrx_word' id='word_1_1532' title='bbox 2190 3070 2303 3100; x_wconf 87' lang='lat' dir='ltr'>Adver-</span> 
     </span>
     <span class='ocr_line' id='line_1_182' title="bbox 1249 3120 1304 3140; baseline -0.018 0"><span class='ocrx_word' id='word_1_1533' title='bbox 1249 3120 1304 3140; x_wconf 80' lang='lat' dir='ltr'>atre</span> 
     </span>
    </p>

    <p class='ocr_par' dir='ltr' id='par_1_54' title="bbox 1237 3132 2307 3493">
     <span class='ocr_line' id='line_1_183' title="bbox 1276 3132 2305 3186; baseline -0.003 -7"><span class='ocrx_word' id='word_1_1534' title='bbox 1276 3132 1521 3185; x_wconf 78' lang='lat' dir='ltr'>Et’d&#39;Ordeigner</span> <span class='ocrx_word' id='word_1_1535' title='bbox 1537 3171 1547 3186; x_wconf 88' lang='lat'>‚</span> <span class='ocrx_word' id='word_1_1536' title='bbox 1563 3147 1694 3178; x_wconf 84' lang='lat' dir='ltr'>Instituer</span> <span class='ocrx_word' id='word_1_1537' title='bbox 1706 3170 1716 3185; x_wconf 90' lang='lat'>,</span> <span class='ocrx_word' id='word_1_1538' title='bbox 1736 3148 1770 3178; x_wconf 91' lang='lat'>&amp;</span> <span class='ocrx_word' id='word_1_1539' title='bbox 1792 3145 1972 3177; x_wconf 84' lang='lat' dir='ltr'>Commettre</span> <span class='ocrx_word' id='word_1_1540' title='bbox 1987 3168 1997 3183; x_wconf 83' lang='lat'>‚</span> <span class='ocrx_word' id='word_1_1541' title='bbox 2022 3153 2069 3183; x_wconf 80' lang='lat' dir='ltr'>par</span> <span class='ocrx_word' id='word_1_1542' title='bbox 2088 3143 2157 3176; x_wconf 84' lang='lat' dir='ltr'>leurs</span> <span class='ocrx_word' id='word_1_1543' title='bbox 2176 3145 2305 3184; x_wconf 85' lang='lat' dir='ltr'>Lettres‚</span> 
     </span>
     <span class='ocr_line' id='line_1_184' title="bbox 1240 3182 2307 3224; baseline -0.002 -8"><span class='ocrx_word' id='word_1_1544' title='bbox 1240 3196 1289 3223; x_wconf 91' lang='lat' dir='ltr'>pur</span> <span class='ocrx_word' id='word_1_1545' title='bbox 1309 3187 1397 3217; x_wconf 88' lang='lat' dir='ltr'>Nous</span> <span class='ocrx_word' id='word_1_1546' title='bbox 1411 3189 1444 3219; x_wconf 92' lang='lat'>&amp;</span> <span class='ocrx_word' id='word_1_1547' title='bbox 1463 3198 1498 3218; x_wconf 88' lang='lat' dir='ltr'>en</span> <span class='ocrx_word' id='word_1_1548' title='bbox 1516 3187 1611 3217; x_wconf 87' lang='lat' dir='ltr'>nostre</span> <span class='ocrx_word' id='word_1_1549' title='bbox 1631 3186 1744 3224; x_wconf 85' lang='lat' dir='ltr'>Noun,</span> <span class='ocrx_word' id='word_1_1550' title='bbox 1762 3187 1880 3216; x_wconf 81' lang='lat' dir='ltr'>certeins</span> <span class='ocrx_word' id='word_1_1551' title='bbox 1895 3184 2050 3221; x_wconf 85' lang='lat' dir='ltr'>Gardeins‚</span> <span class='ocrx_word' id='word_1_1552' title='bbox 2070 3182 2307 3222; x_wconf 72' lang='lat' dir='ltr'>ConservateurS,</span> 
     </span>
     <span class='ocr_line' id='line_1_185' title="bbox 1240 3221 2304 3266; baseline -0.004 -11"><span class='ocrx_word' id='word_1_1553' title='bbox 1240 3226 1273 3254; x_wconf 87' lang='lat'>&amp;</span> <span class='ocrx_word' id='word_1_1554' title='bbox 1284 3225 1371 3264; x_wconf 90' lang='lat' dir='ltr'>Juges</span> <span class='ocrx_word' id='word_1_1555' title='bbox 1383 3226 1500 3266; x_wconf 90' lang='lat' dir='ltr'>d&#39;yceles</span> <span class='ocrx_word' id='word_1_1556' title='bbox 1513 3225 1638 3263; x_wconf 86' lang='lat' dir='ltr'>Treues,</span> <span class='ocrx_word' id='word_1_1557' title='bbox 1658 3235 1704 3262; x_wconf 90' lang='lat' dir='ltr'>par</span> <span class='ocrx_word' id='word_1_1558' title='bbox 1721 3234 1775 3254; x_wconf 82' lang='lat' dir='ltr'>eux</span> <span class='ocrx_word' id='word_1_1559' title='bbox 1790 3224 1855 3254; x_wconf 77' lang='lat' dir='ltr'>ains]</span> <span class='ocrx_word' id='word_1_1560' title='bbox 1871 3223 1980 3253; x_wconf 87' lang='lat' dir='ltr'>Prinsez</span> <span class='ocrx_word' id='word_1_1561' title='bbox 1992 3232 2030 3253; x_wconf 80' lang='lat' dir='ltr'>ou</span> <span class='ocrx_word' id='word_1_1562' title='bbox 2045 3221 2211 3265; x_wconf 38' lang='lat' dir='ltr'>Proroguez·</span> <span class='ocrx_word' id='word_1_1563' title='bbox 2224 3245 2232 3257; x_wconf 81' lang='lat'>,</span> <span class='ocrx_word' id='word_1_1564' title='bbox 2253 3232 2304 3259; x_wconf 77' lang='lat' dir='ltr'>ge-</span> 
     </span>
     <span class='ocr_line' id='line_1_186' title="bbox 1238 3260 2304 3305; baseline -0.003 -12"><span class='ocrx_word' id='word_1_1565' title='bbox 1238 3265 1331 3294; x_wconf 79' lang='lat' dir='ltr'>neralx</span> <span class='ocrx_word' id='word_1_1566' title='bbox 1344 3274 1381 3294; x_wconf 92' lang='lat' dir='ltr'>ou</span> <span class='ocrx_word' id='word_1_1567' title='bbox 1396 3265 1581 3302; x_wconf 88' lang='lat' dir='ltr'>particuliers,</span> <span class='ocrx_word' id='word_1_1568' title='bbox 1598 3274 1632 3294; x_wconf 90' lang='lat' dir='ltr'>en</span> <span class='ocrx_word' id='word_1_1569' title='bbox 1652 3262 1719 3293; x_wconf 89' lang='lat' dir='ltr'>Mer</span> <span class='ocrx_word' id='word_1_1570' title='bbox 1733 3263 1766 3293; x_wconf 76' lang='grc' dir='ltr'>δε</span> <span class='ocrx_word' id='word_1_1571' title='bbox 1779 3272 1815 3292; x_wconf 90' lang='lat' dir='ltr'>en</span> <span class='ocrx_word' id='word_1_1572' title='bbox 1834 3261 1937 3299; x_wconf 87' lang='lat' dir='ltr'>Terre,</span> <span class='ocrx_word' id='word_1_1573' title='bbox 1953 3271 2037 3291; x_wconf 88' lang='lat' dir='ltr'>come</span> <span class='ocrx_word' id='word_1_1574' title='bbox 2051 3260 2092 3305; x_wconf 74' lang='lat' dir='ltr'>dit</span> <span class='ocrx_word' id='word_1_1575' title='bbox 2106 3261 2144 3290; x_wconf 92' lang='lat' dir='ltr'>est</span> <span class='ocrx_word' id='word_1_1576' title='bbox 2162 3282 2170 3297; x_wconf 90' lang='lat'>,</span> <span class='ocrx_word' id='word_1_1577' title='bbox 2190 3260 2254 3290; x_wconf 81' lang='lat' dir='ltr'>tielx</span> <span class='ocrx_word' id='word_1_1578' title='bbox 2270 3262 2304 3293; x_wconf 90' lang='lat'>&amp;</span> 
     </span>
     <span class='ocr_line' id='line_1_187' title="bbox 1238 3299 2302 3342; baseline -0.002 -11"><span class='ocrx_word' id='word_1_1579' title='bbox 1238 3312 1273 3331; x_wconf 91' lang='lat' dir='ltr'>en</span> <span class='ocrx_word' id='word_1_1580' title='bbox 1290 3302 1336 3332; x_wconf 89' lang='lat' dir='ltr'>tiel</span> <span class='ocrx_word' id='word_1_1581' title='bbox 1350 3303 1487 3334; x_wconf 86' lang='lat' dir='ltr'>Nombre</span> <span class='ocrx_word' id='word_1_1582' title='bbox 1507 3312 1593 3332; x_wconf 89' lang='lat' dir='ltr'>corne</span> <span class='ocrx_word' id='word_1_1583' title='bbox 1615 3302 1680 3332; x_wconf 89' lang='lat' dir='ltr'>bien</span> <span class='ocrx_word' id='word_1_1584' title='bbox 1704 3302 1763 3332; x_wconf 91' lang='lat' dir='ltr'>leur</span> <span class='ocrx_word' id='word_1_1585' title='bbox 1786 3300 1921 3330; x_wconf 88' lang='lat' dir='ltr'>semblera</span> <span class='ocrx_word' id='word_1_1586' title='bbox 1935 3323 1944 3337; x_wconf 88' lang='lat'>‚</span> <span class='ocrx_word' id='word_1_1587' title='bbox 1962 3308 2014 3336; x_wconf 85' lang='lat' dir='ltr'>pur</span> <span class='ocrx_word' id='word_1_1588' title='bbox 2035 3299 2058 3328; x_wconf 81' lang='lat' dir='ltr'>la</span> <span class='ocrx_word' id='word_1_1589' title='bbox 2073 3301 2169 3342; x_wconf 66' lang='lat' dir='ltr'>oeurte</span> <span class='ocrx_word' id='word_1_1590' title='bbox 2183 3300 2217 3330; x_wconf 85' lang='lat'>&amp;</span> <span class='ocrx_word' id='word_1_1591' title='bbox 2233 3299 2302 3329; x_wconf 77' lang='lat' dir='ltr'>Par-</span> 
     </span>
     <span class='ocr_line' id='line_1_188' title="bbox 1241 3336 2302 3380; baseline -0.004 -10"><span class='ocrx_word' id='word_1_1592' title='bbox 1241 3351 1376 3371; x_wconf 74' lang='lat' dir='ltr'>manance</span> <span class='ocrx_word' id='word_1_1593' title='bbox 1389 3341 1534 3380; x_wconf 79' lang='lat' dir='ltr'>d&#39;ycelles,</span> <span class='ocrx_word' id='word_1_1594' title='bbox 1551 3341 1584 3371; x_wconf 89' lang='lat'>&amp;</span> <span class='ocrx_word' id='word_1_1595' title='bbox 1599 3350 1650 3378; x_wconf 89' lang='lat' dir='ltr'>pur</span> <span class='ocrx_word' id='word_1_1596' title='bbox 1662 3340 1797 3370; x_wconf 87' lang='lat' dir='ltr'>duement</span> <span class='ocrx_word' id='word_1_1597' title='bbox 1815 3337 2000 3375; x_wconf 82' lang='lat' dir='ltr'>Refourmer‚</span> <span class='ocrx_word' id='word_1_1598' title='bbox 2024 3336 2176 3379; x_wconf 78' lang='lat' dir='ltr'>Corriger‚</span> <span class='ocrx_word' id='word_1_1599' title='bbox 2196 3336 2302 3374; x_wconf 82' lang='lat' dir='ltr'>Repai-</span> 
     </span>
     <span class='ocr_line' id='line_1_189' title="bbox 1239 3376 2303 3417; baseline -0.002 -9"><span class='ocrx_word' id='word_1_1600' title='bbox 1239 3389 1298 3417; x_wconf 80' lang='lat' dir='ltr'>rer,</span> <span class='ocrx_word' id='word_1_1601' title='bbox 1319 3381 1351 3410; x_wconf 63' lang='grc' dir='ltr'>ὅς</span> <span class='ocrx_word' id='word_1_1602' title='bbox 1367 3379 1511 3410; x_wconf 86' lang='lat' dir='ltr'>Amender</span> <span class='ocrx_word' id='word_1_1603' title='bbox 1523 3388 1584 3409; x_wconf 87' lang='lat' dir='ltr'>tout</span> <span class='ocrx_word' id='word_1_1604' title='bbox 1598 3389 1651 3408; x_wconf 86' lang='lat' dir='ltr'>ceo</span> <span class='ocrx_word' id='word_1_1605' title='bbox 1669 3379 1716 3415; x_wconf 87' lang='lat' dir='ltr'>qui</span> <span class='ocrx_word' id='word_1_1606' title='bbox 1728 3386 1826 3408; x_wconf 88' lang='lat' dir='ltr'>contre</span> <span class='ocrx_word' id='word_1_1607' title='bbox 1839 3377 1864 3407; x_wconf 91' lang='lat' dir='ltr'>le</span> <span class='ocrx_word' id='word_1_1608' title='bbox 1879 3376 2026 3414; x_wconf 84' lang='lat' dir='ltr'>Teneure,</span> <span class='ocrx_word' id='word_1_1609' title='bbox 2044 3379 2141 3413; x_wconf 69' lang='lat' dir='ltr'>force,</span> <span class='ocrx_word' id='word_1_1610' title='bbox 2159 3378 2191 3406; x_wconf 64' lang='grc' dir='ltr'>ὃς</span> <span class='ocrx_word' id='word_1_1611' title='bbox 2207 3383 2303 3406; x_wconf 86' lang='lat' dir='ltr'>vertue</span> 
     </span>
     <span class='ocr_line' id='line_1_190' title="bbox 1237 3413 2305 3459; baseline -0.003 -13"><span class='ocrx_word' id='word_1_1612' title='bbox 1237 3417 1272 3446; x_wconf 88' lang='lat' dir='ltr'>de</span> <span class='ocrx_word' id='word_1_1613' title='bbox 1285 3418 1497 3459; x_wconf 85' lang='lat' dir='ltr'>ycellesTreues</span> <span class='ocrx_word' id='word_1_1614' title='bbox 1512 3418 1601 3447; x_wconf 88' lang='lat' dir='ltr'>auroit</span> <span class='ocrx_word' id='word_1_1615' title='bbox 1616 3417 1672 3447; x_wconf 91' lang='lat' dir='ltr'>este</span> <span class='ocrx_word' id='word_1_1616' title='bbox 1688 3416 1734 3447; x_wconf 82' lang='lat' dir='ltr'>fait</span> <span class='ocrx_word' id='word_1_1617' title='bbox 1748 3426 1786 3447; x_wconf 88' lang='lat' dir='ltr'>ou</span> <span class='ocrx_word' id='word_1_1618' title='bbox 1801 3423 1952 3454; x_wconf 80' lang='lat' dir='ltr'>attempte,</span> <span class='ocrx_word' id='word_1_1619' title='bbox 1970 3424 2005 3445; x_wconf 90' lang='lat' dir='ltr'>en</span> <span class='ocrx_word' id='word_1_1620' title='bbox 2023 3414 2089 3444; x_wconf 77' lang='lat' dir='ltr'>Mer</span> <span class='ocrx_word' id='word_1_1621' title='bbox 2104 3423 2142 3444; x_wconf 93' lang='lat' dir='ltr'>ou</span> <span class='ocrx_word' id='word_1_1622' title='bbox 2156 3424 2192 3444; x_wconf 93' lang='lat' dir='ltr'>en</span> <span class='ocrx_word' id='word_1_1623' title='bbox 2199 3413 2305 3457; x_wconf 76' lang='lat' dir='ltr'>Terre,</span> 
     </span>
     <span class='ocr_line' id='line_1_191' title="bbox 1237 3465 1537 3493; baseline 0.007 -8"><span class='ocrx_word' id='word_1_1624' title='bbox 1237 3465 1272 3485; x_wconf 85' lang='lat' dir='ltr'>en</span> <span class='ocrx_word' id='word_1_1625' title='bbox 1291 3466 1398 3486; x_wconf 84' lang='lat' dir='ltr'>aucune</span> <span class='ocrx_word' id='word_1_1626' title='bbox 1414 3467 1537 3493; x_wconf 75' lang='lat' dir='ltr'>marrier,</span> 
     </span>
    </p>

    <p class='ocr_par' dir='ltr' id='par_1_55' title="bbox 1235 3489 2304 3758">
     <span class='ocr_line' id='line_1_192' title="bbox 1272 3489 2304 3532; baseline -0.006 -7"><span class='ocrx_word' id='word_1_1627' title='bbox 1272 3494 1308 3524; x_wconf 86' lang='lat' dir='ltr'>Et</span> <span class='ocrx_word' id='word_1_1628' title='bbox 1330 3494 1530 3532; x_wconf 86' lang='lat' dir='ltr'>Promettons,</span> <span class='ocrx_word' id='word_1_1629' title='bbox 1555 3493 1700 3523; x_wconf 87' lang='lat' dir='ltr'>loialment</span> <span class='ocrx_word' id='word_1_1630' title='bbox 1721 3502 1756 3523; x_wconf 89' lang='lat' dir='ltr'>en</span> <span class='ocrx_word' id='word_1_1631' title='bbox 1778 3492 1855 3523; x_wconf 90' lang='lat' dir='ltr'>bone</span> <span class='ocrx_word' id='word_1_1632' title='bbox 1876 3491 1937 3529; x_wconf 87' lang='lat' dir='ltr'>foi,</span> <span class='ocrx_word' id='word_1_1633' title='bbox 1957 3491 1990 3521; x_wconf 90' lang='lat'>&amp;</span> <span class='ocrx_word' id='word_1_1634' title='bbox 2004 3501 2040 3520; x_wconf 91' lang='lat' dir='ltr'>en</span> <span class='ocrx_word' id='word_1_1635' title='bbox 2055 3489 2153 3521; x_wconf 80' lang='lat' dir='ltr'>Parole</span> <span class='ocrx_word' id='word_1_1636' title='bbox 2169 3490 2206 3520; x_wconf 92' lang='lat' dir='ltr'>du</span> <span class='ocrx_word' id='word_1_1637' title='bbox 2224 3489 2304 3527; x_wconf 62' lang='lat' dir='ltr'>Ros,</span> 
     </span>
     <span class='ocr_line' id='line_1_193' title="bbox 1235 3529 2299 3571; baseline -0.005 -9"><span class='ocrx_word' id='word_1_1638' title='bbox 1235 3534 1314 3562; x_wconf 86' lang='lat' dir='ltr'>avoir</span> <span class='ocrx_word' id='word_1_1639' title='bbox 1329 3534 1446 3564; x_wconf 83' lang='lat' dir='ltr'>&amp;tenir</span> <span class='ocrx_word' id='word_1_1640' title='bbox 1463 3556 1472 3571; x_wconf 80' lang='lat'>,</span> <span class='ocrx_word' id='word_1_1641' title='bbox 1492 3534 1525 3563; x_wconf 89' lang='lat'>&amp;</span> <span class='ocrx_word' id='word_1_1642' title='bbox 1542 3533 1592 3562; x_wconf 86' lang='lat' dir='ltr'>fair</span> <span class='ocrx_word' id='word_1_1643' title='bbox 1611 3533 1696 3568; x_wconf 77' lang='lat' dir='ltr'>tenir,</span> <span class='ocrx_word' id='word_1_1644' title='bbox 1717 3542 1731 3562; x_wconf 92' lang='lat' dir='ltr'>a</span> <span class='ocrx_word' id='word_1_1645' title='bbox 1746 3540 1819 3561; x_wconf 89' lang='lat' dir='ltr'>touts</span> <span class='ocrx_word' id='word_1_1646' title='bbox 1836 3531 1930 3568; x_wconf 88' lang='lat' dir='ltr'>jours,</span> <span class='ocrx_word' id='word_1_1647' title='bbox 1948 3530 2048 3560; x_wconf 80' lang='lat' dir='ltr'>Ferme</span> <span class='ocrx_word' id='word_1_1648' title='bbox 2070 3530 2104 3561; x_wconf 71' lang='grc' dir='ltr'>δί</span> <span class='ocrx_word' id='word_1_1649' title='bbox 2127 3529 2220 3559; x_wconf 82' lang='lat' dir='ltr'>Stable</span> <span class='ocrx_word' id='word_1_1650' title='bbox 2237 3536 2299 3558; x_wconf 90' lang='lat' dir='ltr'>tout</span> 
     </span>
     <span class='ocr_line' id='line_1_194' title="bbox 1235 3565 2295 3610; baseline -0.006 -9"><span class='ocrx_word' id='word_1_1651' title='bbox 1235 3581 1366 3609; x_wconf 89' lang='lat' dir='ltr'>quanque</span> <span class='ocrx_word' id='word_1_1652' title='bbox 1380 3572 1428 3602; x_wconf 86' lang='lat' dir='ltr'>fait</span> <span class='ocrx_word' id='word_1_1653' title='bbox 1444 3572 1510 3602; x_wconf 87' lang='lat' dir='ltr'>serra</span> <span class='ocrx_word' id='word_1_1654' title='bbox 1524 3581 1560 3600; x_wconf 88' lang='lat' dir='ltr'>en</span> <span class='ocrx_word' id='word_1_1655' title='bbox 1575 3570 1666 3599; x_wconf 87' lang='lat' dir='ltr'>nostre</span> <span class='ocrx_word' id='word_1_1656' title='bbox 1682 3569 1776 3599; x_wconf 91' lang='lat' dir='ltr'>Noun</span> <span class='ocrx_word' id='word_1_1657' title='bbox 1787 3580 1836 3607; x_wconf 88' lang='lat' dir='ltr'>par</span> <span class='ocrx_word' id='word_1_1658' title='bbox 1849 3577 1908 3598; x_wconf 86' lang='lat' dir='ltr'>noz</span> <span class='ocrx_word' id='word_1_1659' title='bbox 1921 3569 1982 3599; x_wconf 89' lang='lat' dir='ltr'>ditz</span> <span class='ocrx_word' id='word_1_1660' title='bbox 1997 3567 2214 3610; x_wconf 37' lang='lat' dir='ltr'>Ambaxateurs&#39;,</span> <span class='ocrx_word' id='word_1_1661' title='bbox 2234 3565 2295 3595; x_wconf 87' lang='lat' dir='ltr'>Co-</span> 
     </span>
     <span class='ocr_line' id='line_1_195' title="bbox 1237 3605 2297 3647; baseline -0.008 -7"><span class='ocrx_word' id='word_1_1662' title='bbox 1237 3611 1289 3640; x_wconf 88' lang='lat' dir='ltr'>mis</span> <span class='ocrx_word' id='word_1_1663' title='bbox 1304 3633 1313 3647; x_wconf 89' lang='lat'>‚</span> <span class='ocrx_word' id='word_1_1664' title='bbox 1331 3611 1364 3640; x_wconf 89' lang='lat'>&amp;</span> <span class='ocrx_word' id='word_1_1665' title='bbox 1388 3610 1522 3646; x_wconf 79' lang='lat' dir='ltr'>Deputez</span> <span class='ocrx_word' id='word_1_1666' title='bbox 1540 3608 1736 3639; x_wconf 75' lang='lat' dir='ltr'>desuii‘nomez</span> <span class='ocrx_word' id='word_1_1667' title='bbox 1752 3630 1760 3645; x_wconf 86' lang='lat'>‚</span> <span class='ocrx_word' id='word_1_1668' title='bbox 1779 3606 1921 3638; x_wconf 86' lang='lat' dir='ltr'>ensemble</span> <span class='ocrx_word' id='word_1_1669' title='bbox 1933 3630 1942 3644; x_wconf 82' lang='grc'>,</span> <span class='ocrx_word' id='word_1_1670' title='bbox 1962 3616 2000 3636; x_wconf 93' lang='lat' dir='ltr'>ou</span> <span class='ocrx_word' id='word_1_1671' title='bbox 2023 3616 2073 3643; x_wconf 91' lang='lat' dir='ltr'>par</span> <span class='ocrx_word' id='word_1_1672' title='bbox 2094 3605 2131 3635; x_wconf 90' lang='lat' dir='ltr'>les</span> <span class='ocrx_word' id='word_1_1673' title='bbox 2152 3614 2217 3634; x_wconf 88' lang='lat' dir='ltr'>trois</span> <span class='ocrx_word' id='word_1_1674' title='bbox 2232 3625 2241 3641; x_wconf 85' lang='lat'>‚</span> <span class='ocrx_word' id='word_1_1675' title='bbox 2257 3612 2297 3633; x_wconf 90' lang='lat' dir='ltr'>ou</span> 
     </span>
     <span class='ocr_line' id='line_1_196' title="bbox 1236 3640 2299 3686; baseline -0.008 -8"><span class='ocrx_word' id='word_1_1676' title='bbox 1236 3649 1309 3679; x_wconf 80' lang='lat' dir='ltr'>deux</span> <span class='ocrx_word' id='word_1_1677' title='bbox 1324 3648 1433 3686; x_wconf 68' lang='lat' dir='ltr'>d‘eulx,</span> <span class='ocrx_word' id='word_1_1678' title='bbox 1451 3657 1537 3678; x_wconf 88' lang='lat' dir='ltr'>come</span> <span class='ocrx_word' id='word_1_1679' title='bbox 1552 3648 1593 3677; x_wconf 90' lang='lat' dir='ltr'>dit</span> <span class='ocrx_word' id='word_1_1680' title='bbox 1612 3646 1670 3685; x_wconf 87' lang='lat' dir='ltr'>est,</span> <span class='ocrx_word' id='word_1_1681' title='bbox 1685 3646 1728 3676; x_wconf 86' lang='lat' dir='ltr'>sur</span> <span class='ocrx_word' id='word_1_1682' title='bbox 1748 3655 1836 3676; x_wconf 87' lang='lat' dir='ltr'>toutes</span> <span class='ocrx_word' id='word_1_1683' title='bbox 1851 3645 1885 3675; x_wconf 91' lang='lat'>&amp;</span> <span class='ocrx_word' id='word_1_1684' title='bbox 1902 3645 2040 3676; x_wconf 81' lang='lat' dir='ltr'>chascune</span> <span class='ocrx_word' id='word_1_1685' title='bbox 2058 3644 2106 3674; x_wconf 87' lang='lat' dir='ltr'>des</span> <span class='ocrx_word' id='word_1_1686' title='bbox 2123 3642 2228 3673; x_wconf 84' lang='lat' dir='ltr'>Choses</span> <span class='ocrx_word' id='word_1_1687' title='bbox 2240 3640 2299 3671; x_wconf 90' lang='lat' dir='ltr'>des-</span> 
     </span>
     <span class='ocr_line' id='line_1_197' title="bbox 1236 3687 1345 3717; baseline 0 0"><span class='ocrx_word' id='word_1_1688' title='bbox 1236 3689 1252 3717; x_wconf 93' lang='lat' dir='ltr'>s</span> <span class='ocrx_word' id='word_1_1689' title='bbox 1267 3687 1345 3717; x_wconf 68' lang='lat' dir='ltr'>sdtl&#39;eS</span> 
     </span>
     <span class='ocr_line' id='line_1_198' title="bbox 1248 3699 2300 3758; baseline -0.007 -3"><span class='ocrx_word' id='word_1_1690' title='bbox 1248 3699 1263 3718; x_wconf 69' lang='lat' dir='ltr'>u</span> <span class='ocrx_word' id='word_1_1691' title='bbox 1281 3724 1317 3755; x_wconf 89' lang='lat' dir='ltr'>Et</span> <span class='ocrx_word' id='word_1_1692' title='bbox 1341 3709 1403 3754; x_wconf 75' lang='lat' dir='ltr'>d’en</span> <span class='ocrx_word' id='word_1_1693' title='bbox 1424 3723 1546 3754; x_wconf 90' lang='lat' dir='ltr'>Donner</span> <span class='ocrx_word' id='word_1_1694' title='bbox 1568 3732 1628 3753; x_wconf 84' lang='lat' dir='ltr'>noz</span> <span class='ocrx_word' id='word_1_1695' title='bbox 1651 3723 1758 3753; x_wconf 88' lang='lat' dir='ltr'>Lettres</span> <span class='ocrx_word' id='word_1_1696' title='bbox 1777 3720 1992 3752; x_wconf 77' lang='lat' dir='ltr'>Confirmatoirs</span> <span class='ocrx_word' id='word_1_1697' title='bbox 2005 3742 2017 3758; x_wconf 94' lang='lat'>,</span> <span class='ocrx_word' id='word_1_1698' title='bbox 2041 3719 2126 3749; x_wconf 82' lang='lat' dir='ltr'>sealez</span> <span class='ocrx_word' id='word_1_1699' title='bbox 2146 3717 2183 3747; x_wconf 90' lang='lat' dir='ltr'>de</span> <span class='ocrx_word' id='word_1_1700' title='bbox 2203 3715 2300 3748; x_wconf 90' lang='lat' dir='ltr'>nostre</span> 
     </span>
    </p>
   </div>
   <div class='ocr_carea' id='block_1_21' title="bbox 2330 894 2394 928">
    <p class='ocr_par' dir='ltr' id='par_1_56' title="bbox 2330 894 2394 928">
     <span class='ocr_line' id='line_1_199' title="bbox 2330 894 2394 928; baseline 0 -9"><span class='ocrx_word' id='word_1_1701' title='bbox 2330 894 2394 928; x_wconf 83' lang='lat'>670.</span> 
     </span>
    </p>
   </div>
   <div class='ocr_carea' id='block_1_22' title="bbox 1237 3755 2430 3838">
    <p class='ocr_par' dir='ltr' id='par_1_57' title="bbox 1237 3755 2430 3838">
     <span class='ocr_line' id='line_1_200' title="bbox 1239 3755 2430 3800; baseline -0.004 -8"><span class='ocrx_word' id='word_1_1702' title='bbox 1239 3763 1354 3794; x_wconf 89' lang='lat' dir='ltr'>Graund</span> <span class='ocrx_word' id='word_1_1703' title='bbox 1373 3762 1433 3792; x_wconf 86' lang='lat' dir='ltr'>Seal</span> <span class='ocrx_word' id='word_1_1704' title='bbox 1450 3785 1460 3800; x_wconf 87' lang='lat'>,</span> <span class='ocrx_word' id='word_1_1705' title='bbox 1477 3762 1518 3792; x_wconf 75' lang='lat' dir='ltr'>sur</span> <span class='ocrx_word' id='word_1_1706' title='bbox 1541 3771 1622 3791; x_wconf 81' lang='lat' dir='ltr'>toutz</span> <span class='ocrx_word' id='word_1_1707' title='bbox 1639 3762 1677 3791; x_wconf 86' lang='lat' dir='ltr'>les</span> <span class='ocrx_word' id='word_1_1708' title='bbox 1700 3761 1804 3790; x_wconf 83' lang='lat' dir='ltr'>Pointz</span> <span class='ocrx_word' id='word_1_1709' title='bbox 1819 3761 1851 3791; x_wconf 66' lang='grc' dir='ltr'>ὃς</span> <span class='ocrx_word' id='word_1_1710' title='bbox 1871 3759 1986 3789; x_wconf 83' lang='lat' dir='ltr'>Articles</span> <span class='ocrx_word' id='word_1_1711' title='bbox 2002 3768 2055 3795; x_wconf 89' lang='lat' dir='ltr'>que</span> <span class='ocrx_word' id='word_1_1712' title='bbox 2072 3757 2138 3786; x_wconf 74' lang='lat' dir='ltr'>ainii</span> <span class='ocrx_word' id='word_1_1713' title='bbox 2158 3759 2171 3772; x_wconf 36' lang='grc' dir='ltr'><strong>ᾗ</strong></span> <span class='ocrx_word' id='word_1_1714' title='bbox 2191 3755 2300 3799; x_wconf 84' lang='lat' dir='ltr'>serront</span> <span class='ocrx_word' id='word_1_1715' title='bbox 2319 3757 2430 3789; x_wconf 64' lang='lat' dir='ltr'>“sz</span> 
     </span>
     <span class='ocr_line' id='line_1_201' title="bbox 1237 3793 2397 3838; baseline -0.006 -6"><span class='ocrx_word' id='word_1_1716' title='bbox 1237 3808 1376 3832; x_wconf 76' lang='lat' dir='ltr'>accordez</span> <span class='ocrx_word' id='word_1_1717' title='bbox 1397 3811 1445 3838; x_wconf 87' lang='lat' dir='ltr'>par</span> <span class='ocrx_word' id='word_1_1718' title='bbox 1466 3802 1546 3838; x_wconf 85' lang='lat' dir='ltr'>eulx,</span> <span class='ocrx_word' id='word_1_1719' title='bbox 1564 3801 1595 3831; x_wconf 68' lang='grc' dir='ltr'>ὃς</span> <span class='ocrx_word' id='word_1_1720' title='bbox 1612 3800 1648 3830; x_wconf 91' lang='lat' dir='ltr'>de</span> <span class='ocrx_word' id='word_1_1721' title='bbox 1664 3800 1701 3829; x_wconf 82' lang='lat' dir='ltr'>les</span> <span class='ocrx_word' id='word_1_1722' title='bbox 1719 3799 1769 3829; x_wconf 84' lang='lat' dir='ltr'>fair</span> <span class='ocrx_word' id='word_1_1723' title='bbox 1781 3799 1918 3828; x_wconf 71' lang='lat' dir='ltr'>Executer</span> <span class='ocrx_word' id='word_1_1724' title='bbox 1929 3797 2140 3834; x_wconf 76' lang='lat' dir='ltr'>diligeaument,</span> <span class='ocrx_word' id='word_1_1725' title='bbox 2159 3793 2195 3824; x_wconf 88' lang='lat' dir='ltr'>de</span> <span class='ocrx_word' id='word_1_1726' title='bbox 2210 3793 2299 3825; x_wconf 88' lang='lat' dir='ltr'>Point</span> <span class='ocrx_word' id='word_1_1727' title='bbox 2331 3801 2397 3835; x_wconf 86' lang='lat'>⁶7¹·</span> 
     </span>
    </p>
   </div>
   <div class='ocr_carea' id='block_1_23' title="bbox 1237 3832 2302 4067">
    <p class='ocr_par' dir='ltr' id='par_1_58' title="bbox 1237 3832 2299 4029">
     <span class='ocr_line' id='line_1_202' title="bbox 1237 3832 2298 3876; baseline -0.006 -7"><span class='ocrx_word' id='word_1_1728' title='bbox 1237 3850 1272 3870; x_wconf 92' lang='lat' dir='ltr'>en</span> <span class='ocrx_word' id='word_1_1729' title='bbox 1297 3839 1404 3876; x_wconf 85' lang='lat' dir='ltr'>Point,</span> <span class='ocrx_word' id='word_1_1730' title='bbox 1428 3848 1465 3868; x_wconf 87' lang='lat' dir='ltr'>en</span> <span class='ocrx_word' id='word_1_1731' title='bbox 1489 3848 1546 3869; x_wconf 84' lang='lat' dir='ltr'>tant</span> <span class='ocrx_word' id='word_1_1732' title='bbox 1569 3849 1623 3876; x_wconf 90' lang='lat' dir='ltr'>que</span> <span class='ocrx_word' id='word_1_1733' title='bbox 1647 3848 1683 3868; x_wconf 91' lang='lat' dir='ltr'>en</span> <span class='ocrx_word' id='word_1_1734' title='bbox 1709 3837 1796 3867; x_wconf 84' lang='lat' dir='ltr'>Nous</span> <span class='ocrx_word' id='word_1_1735' title='bbox 1821 3836 1863 3866; x_wconf 87' lang='lat' dir='ltr'>est</span> <span class='ocrx_word' id='word_1_1736' title='bbox 1878 3858 1889 3874; x_wconf 88' lang='lat'>,</span> <span class='ocrx_word' id='word_1_1737' title='bbox 1912 3835 1986 3865; x_wconf 88' lang='lat' dir='ltr'>selon</span> <span class='ocrx_word' id='word_1_1738' title='bbox 2012 3834 2068 3864; x_wconf 89' lang='lat' dir='ltr'>leur</span> <span class='ocrx_word' id='word_1_1739' title='bbox 2093 3832 2186 3862; x_wconf 86' lang='lat' dir='ltr'>forme</span> <span class='ocrx_word' id='word_1_1740' title='bbox 2205 3833 2238 3863; x_wconf 93' lang='lat'>&amp;</span> <span class='ocrx_word' id='word_1_1741' title='bbox 2257 3841 2298 3863; x_wconf 76' lang='lat' dir='ltr'>te-</span> 
     </span>
     <span class='ocr_line' id='line_1_203' title="bbox 1238 3888 2298 3948; baseline -0.007 -2"><span class='ocrx_word' id='word_1_1742' title='bbox 1238 3888 1324 3945; x_wconf 50' lang='lat' dir='ltr'>nur&amp;</span> <span class='ocrx_word' id='word_1_1743' title='bbox 1341 3924 1396 3945; x_wconf 90' lang='lat' dir='ltr'>ceo</span> <span class='ocrx_word' id='word_1_1744' title='bbox 1416 3913 1600 3945; x_wconf 86' lang='lat' dir='ltr'>Promettons</span> <span class='ocrx_word' id='word_1_1745' title='bbox 1619 3915 1661 3945; x_wconf 89' lang='lat' dir='ltr'>sur</span> <span class='ocrx_word' id='word_1_1746' title='bbox 1683 3913 1815 3944; x_wconf 85' lang='lat' dir='ltr'>Caucion</span> <span class='ocrx_word' id='word_1_1747' title='bbox 1840 3912 1872 3942; x_wconf 67' lang='grc' dir='ltr'>ὃ(</span> <span class='ocrx_word' id='word_1_1748' title='bbox 1892 3910 2061 3948; x_wconf 82' lang='lat' dir='ltr'>Obligacion</span> <span class='ocrx_word' id='word_1_1749' title='bbox 2081 3908 2116 3938; x_wconf 87' lang='lat' dir='ltr'>de</span> <span class='ocrx_word' id='word_1_1750' title='bbox 2136 3915 2217 3939; x_wconf 88' lang='lat' dir='ltr'>toutz</span> <span class='ocrx_word' id='word_1_1751' title='bbox 2237 3917 2298 3940; x_wconf 89' lang='lat' dir='ltr'>noz</span> 
     </span>
     <span class='ocr_line' id='line_1_204' title="bbox 1240 3946 2299 3991; baseline -0.007 -6"><span class='ocrx_word' id='word_1_1752' title='bbox 1240 3954 1318 3985; x_wconf 88' lang='lat' dir='ltr'>Biens</span> <span class='ocrx_word' id='word_1_1753' title='bbox 1333 3975 1342 3990; x_wconf 89' lang='lat'>,</span> <span class='ocrx_word' id='word_1_1754' title='bbox 1361 3953 1426 3983; x_wconf 89' lang='lat' dir='ltr'>sanz</span> <span class='ocrx_word' id='word_1_1755' title='bbox 1442 3955 1539 3991; x_wconf 76' lang='lat' dir='ltr'>jamais</span> <span class='ocrx_word' id='word_1_1756' title='bbox 1562 3954 1638 3989; x_wconf 79' lang='lat' dir='ltr'>Fair,</span> <span class='ocrx_word' id='word_1_1757' title='bbox 1658 3952 1729 3982; x_wconf 89' lang='lat' dir='ltr'>Dire</span> <span class='ocrx_word' id='word_1_1758' title='bbox 1744 3974 1753 3989; x_wconf 84' lang='lat'>‚</span> <span class='ocrx_word' id='word_1_1759' title='bbox 1773 3961 1808 3980; x_wconf 90' lang='lat' dir='ltr'>ne</span> <span class='ocrx_word' id='word_1_1760' title='bbox 1827 3949 1963 3986; x_wconf 79' lang='lat' dir='ltr'>Purposer</span> <span class='ocrx_word' id='word_1_1761' title='bbox 1978 3969 1988 3984; x_wconf 90' lang='lat'>,</span> <span class='ocrx_word' id='word_1_1762' title='bbox 2005 3956 2054 3988; x_wconf 82' lang='lat' dir='ltr'>par</span> <span class='ocrx_word' id='word_1_1763' title='bbox 2073 3946 2186 3990; x_wconf 35' lang='lat' dir='ltr'>Nous,</span> <span class='ocrx_word' id='word_1_1764' title='bbox 2196 3957 2231 3977; x_wconf 91' lang='lat' dir='ltr'>ne</span> <span class='ocrx_word' id='word_1_1765' title='bbox 2248 3957 2299 3985; x_wconf 85' lang='lat' dir='ltr'>par</span> 
     </span>
     <span class='ocr_line' id='line_1_205' title="bbox 1239 3985 2218 4029; baseline -0.01 -5"><span class='ocrx_word' id='word_1_1766' title='bbox 1239 4002 1344 4028; x_wconf 62' lang='lat' dir='ltr'>amm,</span> <span class='ocrx_word' id='word_1_1767' title='bbox 1362 4001 1396 4020; x_wconf 86' lang='lat' dir='ltr'>en</span> <span class='ocrx_word' id='word_1_1768' title='bbox 1413 3991 1607 4029; x_wconf 72' lang='lat' dir='ltr'>Juggernent,</span> <span class='ocrx_word' id='word_1_1769' title='bbox 1622 4002 1659 4021; x_wconf 91' lang='lat' dir='ltr'>ou</span> <span class='ocrx_word' id='word_1_1770' title='bbox 1675 3991 1775 4020; x_wconf 86' lang='lat' dir='ltr'>dehors</span> <span class='ocrx_word' id='word_1_1771' title='bbox 1791 4011 1801 4026; x_wconf 85' lang='lat'>‚</span> <span class='ocrx_word' id='word_1_1772' title='bbox 1817 3997 1925 4018; x_wconf 89' lang='lat' dir='ltr'>aucune</span> <span class='ocrx_word' id='word_1_1773' title='bbox 1940 3985 2034 4029; x_wconf 67' lang='lat' dir='ltr'>Chore</span> <span class='ocrx_word' id='word_1_1774' title='bbox 2049 3995 2065 4015; x_wconf 89' lang='lat' dir='ltr'>a</span> <span class='ocrx_word' id='word_1_1775' title='bbox 2080 3993 2218 4015; x_wconf 84' lang='lat' dir='ltr'>contraire</span> 
     </span>
    </p>

    <p class='ocr_par' dir='ltr' id='par_1_59' title="bbox 1278 4023 2302 4067">
     <span class='ocr_line' id='line_1_206' title="bbox 1278 4023 2302 4067; baseline -0.003 -8"><span class='ocrx_word' id='word_1_1776' title='bbox 1278 4030 1322 4059; x_wconf 87' lang='lat' dir='ltr'>En</span> <span class='ocrx_word' id='word_1_1777' title='bbox 1338 4029 1570 4067; x_wconf 83' lang='lat' dir='ltr'>Tesmoignance</span> <span class='ocrx_word' id='word_1_1778' title='bbox 1583 4031 1620 4060; x_wconf 88' lang='lat' dir='ltr'>de</span> <span class='ocrx_word' id='word_1_1779' title='bbox 1636 4040 1690 4060; x_wconf 88' lang='lat' dir='ltr'>ceo</span> <span class='ocrx_word' id='word_1_1780' title='bbox 1702 4027 1789 4057; x_wconf 88' lang='lat' dir='ltr'>Nous</span> <span class='ocrx_word' id='word_1_1781' title='bbox 1809 4034 1896 4057; x_wconf 87' lang='lat' dir='ltr'>avons</span> <span class='ocrx_word' id='word_1_1782' title='bbox 1918 4024 1966 4055; x_wconf 80' lang='lat' dir='ltr'>fait</span> <span class='ocrx_word' id='word_1_1783' title='bbox 1979 4031 2078 4054; x_wconf 78' lang='lat' dir='ltr'>mettre</span> <span class='ocrx_word' id='word_1_1784' title='bbox 2092 4023 2187 4055; x_wconf 82' lang='lat' dir='ltr'>nostre</span> <span class='ocrx_word' id='word_1_1785' title='bbox 2206 4023 2266 4054; x_wconf 87' lang='lat' dir='ltr'>Seal</span> <span class='ocrx_word' id='word_1_1786' title='bbox 2285 4033 2302 4056; x_wconf 75' lang='lat' dir='ltr'>a</span> 
     </span>
    </p>
   </div>
   <div class='ocr_carea' id='block_1_24' title="bbox 1237 4067 1449 4101">
    <p class='ocr_par' dir='ltr' id='par_1_60' title="bbox 1237 4067 1449 4101">
     <span class='ocr_line' id='line_1_207' title="bbox 1237 4067 1449 4101; baseline -0.019 0"><span class='ocrx_word' id='word_1_1787' title='bbox 1237 4078 1285 4101; x_wconf 83' lang='lat' dir='ltr'>ces</span> <span class='ocrx_word' id='word_1_1788' title='bbox 1303 4067 1449 4099; x_wconf 73' lang='lat' dir='ltr'>Preientes.</span> 
     </span>
    </p>
   </div>
   <div class='ocr_carea' id='block_1_25' title="bbox 1721 4098 2296 4133">
    <p class='ocr_par' dir='ltr' id='par_1_61' title="bbox 1721 4098 2296 4133">
     <span class='ocr_line' id='line_1_208' title="bbox 1721 4098 2296 4133; baseline -0.005 0"><span class='ocrx_word' id='word_1_1789' title='bbox 1721 4102 1770 4133; x_wconf 77' lang='lat' dir='ltr'>Aa</span> <span class='ocrx_word' id='word_1_1790' title='bbox 2215 4098 2296 4130; x_wconf 71' lang='lat' dir='ltr'>Don„</span> 
     </span>
    </p>
   </div>
  </div>
 </body>
</html>
