<?xml version="1.0" encoding="UTF-8"?>
<!DOCTYPE html PUBLIC "-//W3C//DTD XHTML 1.0 Transitional//EN"
    "http://www.w3.org/TR/xhtml1/DTD/xhtml1-transitional.dtd">
<html xmlns="http://www.w3.org/1999/xhtml" xml:lang="en" lang="en">
 <head>
  <title>
</title>
<meta http-equiv="Content-Type" content="text/html;charset=utf-8" />
  <meta name='ocr-system' content='tesseract 3.04.00' />
  <meta name='ocr-capabilities' content='ocr_page ocr_carea ocr_par ocr_line ocrx_word'/>
</head>
<body>
  <div class='ocr_page' id='page_1' title='image "./fderaconventione04ryme/fderaconventione04ryme_0784.png"; bbox 0 0 2562 4274; ppageno 0'>
   <div class='ocr_carea' id='block_1_1' title="bbox 30 213 2488 304">
    <p class='ocr_par' dir='ltr' id='par_1_1' title="bbox 30 213 2488 304">
     <span class='ocr_line' id='line_1_1' title="bbox 30 213 2488 268; baseline 0.001 -17"><span class='ocrx_word' id='word_1_1' title='bbox 30 213 159 244; x_wconf 62' lang='lat' dir='ltr'>Anni).</span> <span class='ocrx_word' id='word_1_2' title='bbox 175 231 251 259; x_wconf 81' lang='lat' dir='ltr'>parte</span> <span class='ocrx_word' id='word_1_3' title='bbox 270 219 382 261; x_wconf 76' lang='lat' dir='ltr'>praefati</span> <span class='ocrx_word' id='word_1_4' title='bbox 404 220 596 261; x_wconf 72' lang='lat' dir='ltr'>Confhnguinei</span> <span class='ocrx_word' id='word_1_5' title='bbox 620 222 702 261; x_wconf 79' lang='lat' dir='ltr'>nostri</span> <span class='ocrx_word' id='word_1_6' title='bbox 715 246 725 261; x_wconf 85' lang='lat'>‚</span> <span class='ocrx_word' id='word_1_7' title='bbox 752 233 786 253; x_wconf 92' lang='lat' dir='ltr'>ac</span> <span class='ocrx_word' id='word_1_8' title='bbox 809 232 859 262; x_wconf 86' lang='lat' dir='ltr'>per</span> <span class='ocrx_word' id='word_1_9' title='bbox 880 221 1024 253; x_wconf 80' lang='lat' dir='ltr'>Homines</span> <span class='ocrx_word' id='word_1_10' title='bbox 1047 221 1081 253; x_wconf 62' lang='grc' dir='ltr'>ὃς</span> <span class='ocrx_word' id='word_1_11' title='bbox 1104 219 1238 251; x_wconf 87' lang='lat' dir='ltr'>Subditos</span> <span class='ocrx_word' id='word_1_12' title='bbox 1273 214 1473 263; x_wconf 62' lang='lat' dir='ltr'>Concesserit,</span> <span class='ocrx_word' id='word_1_13' title='bbox 1500 227 1554 256; x_wconf 84' lang='lat' dir='ltr'>pro</span> <span class='ocrx_word' id='word_1_14' title='bbox 1573 218 1600 250; x_wconf 86' lang='lat' dir='ltr'>se</span> <span class='ocrx_word' id='word_1_15' title='bbox 1618 219 1653 250; x_wconf 92' lang='lat'>&amp;</span> <span class='ocrx_word' id='word_1_16' title='bbox 1667 217 1839 250; x_wconf 85' lang='lat' dir='ltr'>Haeredibus</span> <span class='ocrx_word' id='word_1_17' title='bbox 1859 218 1928 263; x_wconf 78' lang='lat' dir='ltr'>suis,</span> <span class='ocrx_word' id='word_1_18' title='bbox 1954 218 2076 264; x_wconf 69' lang='lat' dir='ltr'>Civibus</span> <span class='ocrx_word' id='word_1_19' title='bbox 2091 221 2344 268; x_wconf 29' lang='lat' dir='ltr'>sunnonem-{223</span> <span class='ocrx_word' id='word_1_20' title='bbox 2358 222 2488 256; x_wconf 75' lang='lat' dir='ltr'>Ami.D.·</span> 
     </span>
     <span class='ocr_line' id='line_1_2' title="bbox 61 255 2465 304; baseline 0.001 -12"><span class='ocrx_word' id='word_1_21' title='bbox 61 262 144 292; x_wconf 75' lang='lat'>1429-</span> <span class='ocrx_word' id='word_1_22' title='bbox 173 261 235 292; x_wconf 82' lang='lat' dir='ltr'>suos</span> <span class='ocrx_word' id='word_1_23' title='bbox 252 262 464 299; x_wconf 85' lang='lat' dir='ltr'>quoscumque,</span> <span class='ocrx_word' id='word_1_24' title='bbox 482 271 579 291; x_wconf 80' lang='lat' dir='ltr'>contra</span> <span class='ocrx_word' id='word_1_25' title='bbox 596 261 671 298; x_wconf 90' lang='lat' dir='ltr'>vim,</span> <span class='ocrx_word' id='word_1_26' title='bbox 686 261 812 292; x_wconf 85' lang='lat' dir='ltr'>formam</span> <span class='ocrx_word' id='word_1_27' title='bbox 845 261 879 292; x_wconf 91' lang='lat'>&amp;</span> <span class='ocrx_word' id='word_1_28' title='bbox 894 260 1033 291; x_wconf 65' lang='lat' dir='ltr'>effeetum</span> <span class='ocrx_word' id='word_1_29' title='bbox 1050 260 1239 298; x_wconf 80' lang='lat' dir='ltr'>Treugatum,</span> <span class='ocrx_word' id='word_1_30' title='bbox 1281 255 1361 292; x_wconf 78' lang='lat' dir='ltr'>quod</span> <span class='ocrx_word' id='word_1_31' title='bbox 1383 256 1449 294; x_wconf 71' lang='lat' dir='ltr'>¹Pfi³</span> <span class='ocrx_word' id='word_1_32' title='bbox 1468 255 1502 287; x_wconf 86' lang='lat'>&amp;</span> <span class='ocrx_word' id='word_1_33' title='bbox 1527 266 1628 288; x_wconf 70' lang='lat' dir='ltr'>eorum</span> <span class='ocrx_word' id='word_1_34' title='bbox 1649 257 1846 295; x_wconf 64' lang='lat' dir='ltr'>successores,</span> <span class='ocrx_word' id='word_1_35' title='bbox 1865 257 1953 289; x_wconf 62' lang='lat' dir='ltr'>CWssS</span> <span class='ocrx_word' id='word_1_36' title='bbox 1975 259 2097 297; x_wconf 66' lang='lat' dir='ltr'>01¹³stOE</span> <span class='ocrx_word' id='word_1_37' title='bbox 2120 260 2265 301; x_wconf 67' lang='lat' dir='ltr'>CWHfltlS,</span> <span class='ocrx_word' id='word_1_38' title='bbox 2289 271 2343 292; x_wconf 84' lang='lat' dir='ltr'>lm·</span> <span class='ocrx_word' id='word_1_39' title='bbox 2380 272 2465 304; x_wconf 88' lang='lat'>1429.</span> 
     </span>
    </p>
   </div>
   <div class='ocr_carea' id='block_1_2' title="bbox 31 296 139 320">
    <p class='ocr_par' dir='ltr' id='par_1_2' title="bbox 31 296 139 320">
     <span class='ocr_line' id='line_1_3' title="bbox 31 296 139 320; baseline 0.028 -3"><span class='ocrx_word' id='word_1_40' title='bbox 31 296 94 319; x_wconf 60' lang='lat' dir='ltr'>Heu.</span> <span class='ocrx_word' id='word_1_41' title='bbox 113 296 139 320; x_wconf 78' lang='grc' dir='ltr'>ό.</span> 
     </span>
    </p>
   </div>
   <div class='ocr_carea' id='block_1_3' title="bbox 23 991 98 1066">
    <p class='ocr_par' dir='ltr' id='par_1_3' title="bbox 23 991 98 1066">
     <span class='ocr_line' id='line_1_4' title="bbox 23 991 98 1019; baseline 0 0"><span class='ocrx_word' id='word_1_42' title='bbox 23 991 42 1010; x_wconf 68' lang='grc'><strong>”</strong></span> <span class='ocrx_word' id='word_1_43' title='bbox 63 993 98 1019; x_wconf 67' lang='grc' dir='ltr'>Χ.</span> 
     </span>
     <span class='ocr_line' id='line_1_5' title="bbox 24 1040 89 1066; baseline 0 -9"><span class='ocrx_word' id='word_1_44' title='bbox 24 1040 89 1066; x_wconf 74' lang='lat'><strong>4¹¹·</strong></span> 
     </span>
    </p>
   </div>
   <div class='ocr_carea' id='block_1_4' title="bbox 18 1714 151 2022">
    <p class='ocr_par' dir='ltr' id='par_1_4' title="bbox 18 1714 151 2022">
     <span class='ocr_line' id='line_1_6' title="bbox 18 1714 151 1746; baseline -0.015 0"><span class='ocrx_word' id='word_1_45' title='bbox 18 1714 151 1746; x_wconf 81' lang='lat' dir='ltr'>Ann.D.</span> 
     </span>
     <span class='ocr_line' id='line_1_7' title="bbox 40 1764 125 1793; baseline -0.024 -8"><span class='ocrx_word' id='word_1_46' title='bbox 40 1764 125 1793; x_wconf 82' lang='lat'>1429.</span> 
     </span>
     <span class='ocr_line' id='line_1_8' title="bbox 18 1798 117 1827; baseline 0 -7"><span class='ocrx_word' id='word_1_47' title='bbox 18 1798 70 1821; x_wconf 66' lang='lat' dir='ltr'>Aa.</span> <span class='ocrx_word' id='word_1_48' title='bbox 92 1803 117 1827; x_wconf 88' lang='lat'>7.</span> 
     </span>
     <span class='ocr_line' id='line_1_9' title="bbox 19 1834 98 1860; baseline -0.038 0"><span class='ocrx_word' id='word_1_49' title='bbox 19 1838 56 1860; x_wconf 76' lang='lat' dir='ltr'>H.</span> <span class='ocrx_word' id='word_1_50' title='bbox 73 1834 98 1858; x_wconf 90' lang='lat'>6.</span> 
     </span>
     <span class='ocr_line' id='line_1_10' title="bbox 18 1870 149 1898; baseline 0 0"><span class='ocrx_word' id='word_1_51' title='bbox 18 1876 60 1898; x_wconf 65' lang='lat' dir='ltr'>Ex</span> <span class='ocrx_word' id='word_1_52' title='bbox 82 1870 149 1898; x_wconf 78' lang='lat' dir='ltr'>Bihl.</span> 
     </span>
     <span class='ocr_line' id='line_1_11' title="bbox 18 1914 66 1936; baseline 0 0"><span class='ocrx_word' id='word_1_53' title='bbox 18 1914 66 1936; x_wconf 71' lang='lat' dir='ltr'>Cot</span> 
     </span>
     <span class='ocr_line' id='line_1_12' title="bbox 18 1950 148 1984; baseline -0.008 -10"><span class='ocrx_word' id='word_1_54' title='bbox 18 1950 148 1984; x_wconf 70' lang='lat' dir='ltr'><em>Cleopatra</em></span> 
     </span>
     <span class='ocr_line' id='line_1_13' title="bbox 19 1990 84 2022; baseline -0.015 -8"><span class='ocrx_word' id='word_1_55' title='bbox 19 1990 84 2022; x_wconf 49' lang='lat'>124.</span> 
     </span>
    </p>
   </div>
   <div class='ocr_carea' id='block_1_5' title="bbox 20 2207 152 2430">
    <p class='ocr_par' dir='ltr' id='par_1_5' title="bbox 20 2207 152 2430">
     <span class='ocr_line' id='line_1_14' title="bbox 20 2207 152 2239; baseline -0.008 0"><span class='ocrx_word' id='word_1_56' title='bbox 20 2208 95 2239; x_wconf 77' lang='lat' dir='ltr'>Auri.</span> <span class='ocrx_word' id='word_1_57' title='bbox 112 2207 152 2238; x_wconf 27' lang='lat' dir='ltr'>D*</span> 
     </span>
     <span class='ocr_line' id='line_1_15' title="bbox 41 2255 126 2285; baseline -0.024 -9"><span class='ocrx_word' id='word_1_58' title='bbox 41 2255 126 2285; x_wconf 72' lang='lat'>1429.</span> 
     </span>
     <span class='ocr_line' id='line_1_16' title="bbox 20 2291 117 2319; baseline 0 -6"><span class='ocrx_word' id='word_1_59' title='bbox 20 2291 71 2313; x_wconf 73' lang='lat' dir='ltr'>An.</span> <span class='ocrx_word' id='word_1_60' title='bbox 93 2296 117 2319; x_wconf 87' lang='lat'>7.</span> 
     </span>
     <span class='ocr_line' id='line_1_17' title="bbox 22 2326 110 2351; baseline 0 0"><span class='ocrx_word' id='word_1_61' title='bbox 22 2330 55 2351; x_wconf 77' lang='lat' dir='ltr'>H.</span> <span class='ocrx_word' id='word_1_62' title='bbox 84 2326 110 2351; x_wconf 72' lang='lat'>6.</span> 
     </span>
     <span class='ocr_line' id='line_1_18' title="bbox 21 2367 150 2396; baseline 0.031 -9"><span class='ocrx_word' id='word_1_63' title='bbox 21 2367 105 2390; x_wconf 62' lang='lat' dir='ltr'>Fraus.</span> <span class='ocrx_word' id='word_1_64' title='bbox 125 2373 150 2396; x_wconf 93' lang='lat'>7.</span> 
     </span>
     <span class='ocr_line' id='line_1_19' title="bbox 22 2405 150 2430; baseline 0.016 -3"><span class='ocrx_word' id='word_1_65' title='bbox 22 2405 150 2430; x_wconf 75' lang='lat' dir='ltr'>1{.6,m.(›.</span> 
     </span>
    </p>
   </div>
   <div class='ocr_carea' id='block_1_6' title="bbox 40 3239 165 3272">
    <p class='ocr_par' dir='ltr' id='par_1_6' title="bbox 40 3239 165 3272">
     <span class='ocr_line' id='line_1_20' title="bbox 40 3239 165 3272; baseline -0.024 0"><span class='ocrx_word' id='word_1_66' title='bbox 40 3242 115 3272; x_wconf 89' lang='lat' dir='ltr'>Ann.</span> <span class='ocrx_word' id='word_1_67' title='bbox 125 3239 165 3270; x_wconf 95' lang='lat' dir='ltr'>D.</span> 
     </span>
    </p>
   </div>
   <div class='ocr_carea' id='block_1_7' title="bbox 38 3289 148 3384">
    <p class='ocr_par' dir='ltr' id='par_1_7' title="bbox 38 3289 148 3384">
     <span class='ocr_line' id='line_1_21' title="bbox 63 3289 148 3319; baseline 0.012 -10"><span class='ocrx_word' id='word_1_68' title='bbox 63 3289 148 3319; x_wconf 82' lang='lat'>1429.</span> 
     </span>
     <span class='ocr_line' id='line_1_22' title="bbox 38 3322 131 3353; baseline 0.022 -8"><span class='ocrx_word' id='word_1_69' title='bbox 38 3322 89 3346; x_wconf 81' lang='lat' dir='ltr'>An.</span> <span class='ocrx_word' id='word_1_70' title='bbox 106 3329 131 3353; x_wconf 92' lang='lat'>7.</span> 
     </span>
     <span class='ocr_line' id='line_1_23' title="bbox 39 3359 123 3384; baseline -0.024 0"><span class='ocrx_word' id='word_1_71' title='bbox 39 3361 74 3384; x_wconf 89' lang='lat' dir='ltr'>H.</span> <span class='ocrx_word' id='word_1_72' title='bbox 95 3359 123 3383; x_wconf 84' lang='grc'>6.</span> 
     </span>
    </p>
   </div>
   <div class='ocr_carea' id='block_1_8' title="bbox 40 3397 157 3462">
    <p class='ocr_par' dir='ltr' id='par_1_8' title="bbox 40 3397 157 3462">
     <span class='ocr_line' id='line_1_24' title="bbox 40 3397 150 3430; baseline 0.018 -9"><span class='ocrx_word' id='word_1_73' title='bbox 40 3397 105 3430; x_wconf 67' lang='lat' dir='ltr'>Vafir.</span> <span class='ocrx_word' id='word_1_74' title='bbox 124 3406 150 3430; x_wconf 91' lang='lat'>7.</span> 
     </span>
     <span class='ocr_line' id='line_1_25' title="bbox 42 3436 157 3462; baseline 0 -2"><span class='ocrx_word' id='word_1_75' title='bbox 42 3439 76 3460; x_wconf 82' lang='lat' dir='ltr'>H.</span> <span class='ocrx_word' id='word_1_76' title='bbox 86 3436 157 3462; x_wconf 76' lang='lat' dir='ltr'>6.m.</span> 
     </span>
    </p>
   </div>
   <div class='ocr_carea' id='block_1_9' title="bbox 43 3481 71 3505">
    <p class='ocr_par' dir='ltr' id='par_1_9' title="bbox 43 3481 71 3505">
     <span class='ocr_line' id='line_1_26' title="bbox 43 3481 71 3505; baseline 0 -6"><span class='ocrx_word' id='word_1_77' title='bbox 43 3481 71 3505; x_wconf 83' lang='lat'>4.</span> 
     </span>
    </p>
   </div>
   <div class='ocr_carea' id='block_1_10' title="bbox 46 3842 125 3912">
    <p class='ocr_par' dir='ltr' id='par_1_10' title="bbox 46 3842 125 3912">
     <span class='ocr_line' id='line_1_27' title="bbox 65 3842 125 3867; baseline 0 0"><span class='ocrx_word' id='word_1_78' title='bbox 65 3843 80 3855; x_wconf 78' lang='lat'><strong>·</strong></span> <span class='ocrx_word' id='word_1_79' title='bbox 100 3842 125 3867; x_wconf 73' lang='lat' dir='ltr'>X</span> 
     </span>
     <span class='ocr_line' id='line_1_28' title="bbox 46 3888 110 3912; baseline 0.047 -8"><span class='ocrx_word' id='word_1_80' title='bbox 46 3888 110 3912; x_wconf 69' lang='lat'>412.</span> 
     </span>
    </p>
   </div>
   <div class='ocr_carea' id='block_1_11' title="bbox 178 127 1891 188">
    <p class='ocr_par' dir='ltr' id='par_1_11' title="bbox 178 127 1891 188">
     <span class='ocr_line' id='line_1_29' title="bbox 178 127 1891 188; baseline -0.002 -12"><span class='ocrx_word' id='word_1_81' title='bbox 178 148 253 188; x_wconf 87' lang='lat'>142</span> <span class='ocrx_word' id='word_1_82' title='bbox 641 127 1891 186; x_wconf 82' lang='lat' dir='ltr'>CONVENTIONES‚LITERAE‚</span> 
     </span>
    </p>
   </div>
   <div class='ocr_carea' id='block_1_12' title="bbox 171 284 1240 1411">
    <p class='ocr_par' dir='ltr' id='par_1_12' title="bbox 173 284 1239 375">
     <span class='ocr_line' id='line_1_30' title="bbox 173 284 1239 337; baseline -0.001 -10"><span class='ocrx_word' id='word_1_83' title='bbox 173 301 244 330; x_wconf 79' lang='lat' dir='ltr'>inter</span> <span class='ocrx_word' id='word_1_84' title='bbox 260 299 327 330; x_wconf 76' lang='lat' dir='ltr'>Nos</span> <span class='ocrx_word' id='word_1_85' title='bbox 347 301 380 329; x_wconf 87' lang='lat'>&amp;</span> <span class='ocrx_word' id='word_1_86' title='bbox 398 299 487 336; x_wconf 83' lang='lat' dir='ltr'>[psum</span> <span class='ocrx_word' id='word_1_87' title='bbox 501 299 750 337; x_wconf 85' lang='lat' dir='ltr'>Consanguineum</span> <span class='ocrx_word' id='word_1_88' title='bbox 767 284 898 330; x_wconf 54' lang='lat' dir='ltr'>nostrum</span> <span class='ocrx_word' id='word_1_89' title='bbox 911 300 1060 337; x_wconf 86' lang='lat' dir='ltr'>initarum,</span> <span class='ocrx_word' id='word_1_90' title='bbox 1078 296 1239 329; x_wconf 89' lang='lat' dir='ltr'>concorda-</span> 
     </span>
     <span class='ocr_line' id='line_1_31' title="bbox 173 337 981 375; baseline 0.001 -8"><span class='ocrx_word' id='word_1_91' title='bbox 173 347 282 375; x_wconf 74' lang='lat' dir='ltr'>mrum,</span> <span class='ocrx_word' id='word_1_92' title='bbox 302 339 334 368; x_wconf 71' lang='grc' dir='ltr'>δε</span> <span class='ocrx_word' id='word_1_93' title='bbox 348 338 504 375; x_wconf 59' lang='lat' dir='ltr'>saetarum,</span> <span class='ocrx_word' id='word_1_94' title='bbox 523 346 746 374; x_wconf 83' lang='lat' dir='ltr'>perpetratorum</span> <span class='ocrx_word' id='word_1_95' title='bbox 758 338 804 368; x_wconf 88' lang='lat' dir='ltr'>seu</span> <span class='ocrx_word' id='word_1_96' title='bbox 818 337 981 375; x_wconf 63' lang='lat' dir='ltr'>fastorum,</span> 
     </span>
    </p>

    <p class='ocr_par' dir='ltr' id='par_1_13' title="bbox 177 373 1239 452">
     <span class='ocr_line' id='line_1_32' title="bbox 213 373 1239 415; baseline -0.002 -9"><span class='ocrx_word' id='word_1_97' title='bbox 213 376 271 406; x_wconf 93' lang='lat' dir='ltr'>Pro</span> <span class='ocrx_word' id='word_1_98' title='bbox 292 376 390 406; x_wconf 85' lang='lat' dir='ltr'>Nobis</span> <span class='ocrx_word' id='word_1_99' title='bbox 407 377 439 406; x_wconf 72' lang='grc' dir='ltr'>ὅ(</span> <span class='ocrx_word' id='word_1_100' title='bbox 458 375 594 406; x_wconf 85' lang='lat' dir='ltr'>Nomine</span> <span class='ocrx_word' id='word_1_101' title='bbox 617 375 734 414; x_wconf 84' lang='lat' dir='ltr'>nostro,</span> <span class='ocrx_word' id='word_1_102' title='bbox 752 375 935 415; x_wconf 88' lang='lat' dir='ltr'>Petendum,</span> <span class='ocrx_word' id='word_1_103' title='bbox 954 374 1155 415; x_wconf 80' lang='lat' dir='ltr'>Exigendum,</span> <span class='ocrx_word' id='word_1_104' title='bbox 1172 373 1239 411; x_wconf 88' lang='lat' dir='ltr'>Op—</span> 
     </span>
     <span class='ocr_line' id='line_1_33' title="bbox 177 413 635 452; baseline -0.002 -8"><span class='ocrx_word' id='word_1_105' title='bbox 177 414 339 452; x_wconf 85' lang='lat' dir='ltr'>tinendum,</span> <span class='ocrx_word' id='word_1_106' title='bbox 358 414 391 444; x_wconf 91' lang='lat'>&amp;</span> <span class='ocrx_word' id='word_1_107' title='bbox 409 413 635 452; x_wconf 61' lang='lat' dir='ltr'>Recipiefflum,</span> 
     </span>
    </p>

    <p class='ocr_par' dir='ltr' id='par_1_14' title="bbox 174 450 1240 571">
     <span class='ocr_line' id='line_1_34' title="bbox 212 450 1240 496; baseline -0.002 -14"><span class='ocrx_word' id='word_1_108' title='bbox 212 453 257 482; x_wconf 89' lang='lat' dir='ltr'>Ac</span> <span class='ocrx_word' id='word_1_109' title='bbox 279 452 313 482; x_wconf 89' lang='lat' dir='ltr'>ad</span> <span class='ocrx_word' id='word_1_110' title='bbox 332 450 479 490; x_wconf 83' lang='lat' dir='ltr'>praefatum</span> <span class='ocrx_word' id='word_1_111' title='bbox 504 452 731 491; x_wconf 76' lang='lat' dir='ltr'>Constwguineum</span> <span class='ocrx_word' id='word_1_112' title='bbox 757 452 873 493; x_wconf 70' lang='lat' dir='ltr'>nestrum</span> <span class='ocrx_word' id='word_1_113' title='bbox 885 452 922 484; x_wconf 91' lang='lat' dir='ltr'>de</span> <span class='ocrx_word' id='word_1_114' title='bbox 933 452 1158 496; x_wconf 81' lang='lat' dir='ltr'>quibuscumque</span> <span class='ocrx_word' id='word_1_115' title='bbox 1184 450 1240 495; x_wconf 71' lang='lat' dir='ltr'>Pe-</span> 
     </span>
     <span class='ocr_line' id='line_1_35' title="bbox 176 490 1240 529; baseline -0.002 -9"><span class='ocrx_word' id='word_1_116' title='bbox 176 492 324 520; x_wconf 80' lang='lat' dir='ltr'>cuniarum</span> <span class='ocrx_word' id='word_1_117' title='bbox 353 491 497 527; x_wconf 54' lang='lat' dir='ltr'>Sunumis,</span> <span class='ocrx_word' id='word_1_118' title='bbox 515 491 551 520; x_wconf 90' lang='lat' dir='ltr'>ab</span> <span class='ocrx_word' id='word_1_119' title='bbox 572 493 631 528; x_wconf 85' lang='lat' dir='ltr'>iplo</span> <span class='ocrx_word' id='word_1_120' title='bbox 655 490 790 524; x_wconf 85' lang='lat' dir='ltr'>Nomine</span> <span class='ocrx_word' id='word_1_121' title='bbox 811 491 911 522; x_wconf 90' lang='lat' dir='ltr'>nostro</span> <span class='ocrx_word' id='word_1_122' title='bbox 928 491 1131 529; x_wconf 83' lang='lat' dir='ltr'>Recipiendrs,</span> <span class='ocrx_word' id='word_1_123' title='bbox 1147 490 1240 528; x_wconf 78' lang='lat' dir='ltr'>Que-</span> 
     </span>
     <span class='ocr_line' id='line_1_36' title="bbox 174 528 1221 571; baseline 0 -13"><span class='ocrx_word' id='word_1_124' title='bbox 174 528 290 558; x_wconf 80' lang='lat' dir='ltr'>tandum</span> <span class='ocrx_word' id='word_1_125' title='bbox 302 552 310 565; x_wconf 84' lang='lat'>,</span> <span class='ocrx_word' id='word_1_126' title='bbox 329 530 361 559; x_wconf 89' lang='lat'>&amp;</span> <span class='ocrx_word' id='word_1_127' title='bbox 378 528 483 559; x_wconf 86' lang='lat' dir='ltr'>Literas</span> <span class='ocrx_word' id='word_1_128' title='bbox 499 529 728 567; x_wconf 79' lang='lat' dir='ltr'>Qiictantiarum</span> <span class='ocrx_word' id='word_1_129' title='bbox 744 529 914 560; x_wconf 87' lang='lat' dir='ltr'>sufficientes</span> <span class='ocrx_word' id='word_1_130' title='bbox 929 530 995 559; x_wconf 90' lang='lat' dir='ltr'>inde</span> <span class='ocrx_word' id='word_1_131' title='bbox 1010 529 1202 566; x_wconf 86' lang='lat' dir='ltr'>Faciendum,</span> <span class='ocrx_word' id='word_1_132' title='bbox 1216 566 1221 571; x_wconf 89' lang='lat'>.</span> 
     </span>
    </p>

    <p class='ocr_par' dir='ltr' id='par_1_15' title="bbox 174 565 1237 649">
     <span class='ocr_line' id='line_1_37' title="bbox 212 565 1237 606; baseline -0.001 -10"><span class='ocrx_word' id='word_1_133' title='bbox 212 567 257 597; x_wconf 80' lang='lat' dir='ltr'>Ac</span> <span class='ocrx_word' id='word_1_134' title='bbox 275 566 311 596; x_wconf 93' lang='lat' dir='ltr'>de</span> <span class='ocrx_word' id='word_1_135' title='bbox 329 568 362 598; x_wconf 88' lang='lat'>&amp;</span> <span class='ocrx_word' id='word_1_136' title='bbox 377 567 456 604; x_wconf 87' lang='lat' dir='ltr'>super</span> <span class='ocrx_word' id='word_1_137' title='bbox 473 567 622 597; x_wconf 69' lang='lat' dir='ltr'>Praemissis</span> <span class='ocrx_word' id='word_1_138' title='bbox 635 568 668 598; x_wconf 87' lang='lat'>&amp;</span> <span class='ocrx_word' id='word_1_139' title='bbox 684 577 785 598; x_wconf 91' lang='lat' dir='ltr'>eorum</span> <span class='ocrx_word' id='word_1_140' title='bbox 802 568 930 606; x_wconf 89' lang='lat' dir='ltr'>quolibet</span> <span class='ocrx_word' id='word_1_141' title='bbox 945 565 1237 604; x_wconf 67' lang='lat' dir='ltr'>Tra&amp;andum,Ex1-</span> 
     </span>
     <span class='ocr_line' id='line_1_38' title="bbox 174 604 1182 649; baseline 0.003 -15"><span class='ocrx_word' id='word_1_142' title='bbox 174 604 313 644; x_wconf 79' lang='lat' dir='ltr'>gendum,</span> <span class='ocrx_word' id='word_1_143' title='bbox 332 605 598 644; x_wconf 82' lang='lat' dir='ltr'>Componendum,</span> <span class='ocrx_word' id='word_1_144' title='bbox 617 607 650 636; x_wconf 91' lang='lat'>&amp;</span> <span class='ocrx_word' id='word_1_145' title='bbox 667 606 931 645; x_wconf 87' lang='lat' dir='ltr'>Concordandum,</span> <span class='ocrx_word' id='word_1_146' title='bbox 1178 644 1182 649; x_wconf 25' lang='grc' dir='ltr'>ι</span> 
     </span>
    </p>

    <p class='ocr_par' dir='ltr' id='par_1_16' title="bbox 174 642 1238 804">
     <span class='ocr_line' id='line_1_39' title="bbox 210 642 1237 687; baseline 0.001 -15"><span class='ocrx_word' id='word_1_147' title='bbox 210 643 398 674; x_wconf 82' lang='lat' dir='ltr'>Consimilem</span> <span class='ocrx_word' id='word_1_148' title='bbox 412 643 652 682; x_wconf 85' lang='lat' dir='ltr'>Reparationem,</span> <span class='ocrx_word' id='word_1_149' title='bbox 669 653 703 675; x_wconf 87' lang='lat' dir='ltr'>ex</span> <span class='ocrx_word' id='word_1_150' title='bbox 720 654 795 681; x_wconf 86' lang='lat' dir='ltr'>parte</span> <span class='ocrx_word' id='word_1_151' title='bbox 811 644 925 683; x_wconf 85' lang='lat' dir='ltr'>nostra,</span> <span class='ocrx_word' id='word_1_152' title='bbox 943 654 977 675; x_wconf 93' lang='lat' dir='ltr'>ac</span> <span class='ocrx_word' id='word_1_153' title='bbox 994 654 1047 682; x_wconf 91' lang='lat' dir='ltr'>pro</span> <span class='ocrx_word' id='word_1_154' title='bbox 1063 642 1237 687; x_wconf 79' lang='lat' dir='ltr'>Hominibus</span> 
     </span>
     <span class='ocr_line' id='line_1_40' title="bbox 175 681 1238 721; baseline 0 -10"><span class='ocrx_word' id='word_1_155' title='bbox 175 683 207 712; x_wconf 66' lang='grc' dir='ltr'>ἃ</span> <span class='ocrx_word' id='word_1_156' title='bbox 223 682 346 712; x_wconf 86' lang='lat' dir='ltr'>Subditis</span> <span class='ocrx_word' id='word_1_157' title='bbox 360 681 478 720; x_wconf 73' lang='lat' dir='ltr'>nostris,</span> <span class='ocrx_word' id='word_1_158' title='bbox 498 682 517 712; x_wconf 86' lang='lat' dir='ltr'>si</span> <span class='ocrx_word' id='word_1_159' title='bbox 532 693 586 720; x_wconf 87' lang='lat' dir='ltr'>qua</span> <span class='ocrx_word' id='word_1_160' title='bbox 599 683 628 713; x_wconf 89' lang='lat' dir='ltr'>in</span> <span class='ocrx_word' id='word_1_161' title='bbox 641 692 672 713; x_wconf 87' lang='lat' dir='ltr'>ea</span> <span class='ocrx_word' id='word_1_162' title='bbox 690 692 786 721; x_wconf 89' lang='lat' dir='ltr'>parte,</span> <span class='ocrx_word' id='word_1_163' title='bbox 804 691 850 714; x_wconf 92' lang='lat' dir='ltr'>aut</span> <span class='ocrx_word' id='word_1_164' title='bbox 866 693 914 720; x_wconf 90' lang='lat' dir='ltr'>per</span> <span class='ocrx_word' id='word_1_165' title='bbox 930 693 997 720; x_wconf 70' lang='grc' dir='ltr'>θος,</span> <span class='ocrx_word' id='word_1_166' title='bbox 1015 682 1060 714; x_wconf 90' lang='lat' dir='ltr'>vel</span> <span class='ocrx_word' id='word_1_167' title='bbox 1073 692 1176 714; x_wconf 91' lang='lat' dir='ltr'>eorum</span> <span class='ocrx_word' id='word_1_168' title='bbox 1188 682 1238 711; x_wconf 83' lang='lat' dir='ltr'>ali-</span> 
     </span>
     <span class='ocr_line' id='line_1_41' title="bbox 174 720 1237 760; baseline 0.001 -11"><span class='ocrx_word' id='word_1_169' title='bbox 174 730 259 755; x_wconf 77' lang='lat' dir='ltr'>quem</span> <span class='ocrx_word' id='word_1_170' title='bbox 272 743 280 757; x_wconf 86' lang='lat'>,</span> <span class='ocrx_word' id='word_1_171' title='bbox 299 730 400 751; x_wconf 87' lang='lat' dir='ltr'>contra</span> <span class='ocrx_word' id='word_1_172' title='bbox 417 720 555 751; x_wconf 58' lang='lat' dir='ltr'>efficium</span> <span class='ocrx_word' id='word_1_173' title='bbox 575 721 716 752; x_wconf 65' lang='lat' dir='ltr'>dictarum</span> <span class='ocrx_word' id='word_1_174' title='bbox 738 721 918 759; x_wconf 89' lang='lat' dir='ltr'>Treugarum</span> <span class='ocrx_word' id='word_1_175' title='bbox 940 730 1093 760; x_wconf 87' lang='lat' dir='ltr'>perpetrata</span> <span class='ocrx_word' id='word_1_176' title='bbox 1116 721 1237 758; x_wconf 87' lang='lat' dir='ltr'>fuerint,</span> 
     </span>
     <span class='ocr_line' id='line_1_42' title="bbox 176 758 1170 804; baseline 0.005 -17"><span class='ocrx_word' id='word_1_177' title='bbox 176 758 370 789; x_wconf 77' lang='lat' dir='ltr'>offerendum</span> <span class='ocrx_word' id='word_1_178' title='bbox 385 761 418 791; x_wconf 77' lang='grc' dir='ltr'>δε</span> <span class='ocrx_word' id='word_1_179' title='bbox 433 759 493 790; x_wconf 80' lang='lat' dir='ltr'>fieri</span> <span class='ocrx_word' id='word_1_180' title='bbox 513 758 687 790; x_wconf 79' lang='lat' dir='ltr'>Faciendum</span> <span class='ocrx_word' id='word_1_181' title='bbox 698 783 708 797; x_wconf 88' lang='lat'>,</span> <span class='ocrx_word' id='word_1_182' title='bbox 1166 798 1170 804; x_wconf 39' lang='grc' dir='ltr'>Ι</span> 
     </span>
    </p>

    <p class='ocr_par' dir='ltr' id='par_1_17' title="bbox 171 797 1238 1211">
     <span class='ocr_line' id='line_1_43' title="bbox 210 797 1238 837; baseline 0 -10"><span class='ocrx_word' id='word_1_183' title='bbox 210 797 341 828; x_wconf 84' lang='lat' dir='ltr'>Necnon</span> <span class='ocrx_word' id='word_1_184' title='bbox 365 798 398 827; x_wconf 88' lang='lat' dir='ltr'>ad</span> <span class='ocrx_word' id='word_1_185' title='bbox 422 798 567 836; x_wconf 68' lang='lat' dir='ltr'>praedisstas</span> <span class='ocrx_word' id='word_1_186' title='bbox 593 799 737 837; x_wconf 60' lang='lat' dir='ltr'>Tramas,</span> <span class='ocrx_word' id='word_1_187' title='bbox 754 797 788 828; x_wconf 86' lang='lat' dir='ltr'>ad</span> <span class='ocrx_word' id='word_1_188' title='bbox 814 798 989 829; x_wconf 88' lang='lat' dir='ltr'>Terminum</span> <span class='ocrx_word' id='word_1_189' title='bbox 1005 798 1144 837; x_wconf 79' lang='lat' dir='ltr'>aliquem,</span> <span class='ocrx_word' id='word_1_190' title='bbox 1160 805 1238 837; x_wconf 76' lang='lat' dir='ltr'>Juxta</span> 
     </span>
     <span class='ocr_line' id='line_1_44' title="bbox 171 824 1237 875; baseline 0.001 -11"><span class='ocrx_word' id='word_1_191' title='bbox 171 834 318 866; x_wconf 61' lang='lat' dir='ltr'>dietorum</span> <span class='ocrx_word' id='word_1_192' title='bbox 335 835 605 867; x_wconf 70' lang='lat' dir='ltr'>Commiffariorum</span> <span class='ocrx_word' id='word_1_193' title='bbox 626 824 790 867; x_wconf 54' lang='lat' dir='ltr'>nosssrorum</span> <span class='ocrx_word' id='word_1_194' title='bbox 805 837 1022 875; x_wconf 78' lang='lat' dir='ltr'>discretionem,</span> <span class='ocrx_word' id='word_1_195' title='bbox 1039 847 1072 868; x_wconf 91' lang='lat' dir='ltr'>ac</span> <span class='ocrx_word' id='word_1_196' title='bbox 1095 846 1177 874; x_wconf 87' lang='lat' dir='ltr'>prout</span> <span class='ocrx_word' id='word_1_197' title='bbox 1198 837 1237 865; x_wconf 87' lang='lat' dir='ltr'>eis</span> 
     </span>
     <span class='ocr_line' id='line_1_45' title="bbox 172 874 1236 914; baseline 0 -10"><span class='ocrx_word' id='word_1_198' title='bbox 172 874 239 904; x_wconf 89' lang='lat' dir='ltr'>utile</span> <span class='ocrx_word' id='word_1_199' title='bbox 253 875 285 905; x_wconf 86' lang='lat'>&amp;</span> <span class='ocrx_word' id='word_1_200' title='bbox 301 875 449 913; x_wconf 74' lang='lat' dir='ltr'>expediens</span> <span class='ocrx_word' id='word_1_201' title='bbox 465 876 526 905; x_wconf 78' lang='lat' dir='ltr'>fore</span> <span class='ocrx_word' id='word_1_202' title='bbox 543 876 699 912; x_wconf 84' lang='lat' dir='ltr'>videbitur,</span> <span class='ocrx_word' id='word_1_203' title='bbox 719 874 984 914; x_wconf 84' lang='lat' dir='ltr'>Concordandum,</span> <span class='ocrx_word' id='word_1_204' title='bbox 1003 876 1236 914; x_wconf 84' lang='lat' dir='ltr'>Prorogandum,</span> 
     </span>
     <span class='ocr_line' id='line_1_46' title="bbox 174 912 1236 957; baseline 0.001 -16"><span class='ocrx_word' id='word_1_205' title='bbox 174 912 219 942; x_wconf 87' lang='lat' dir='ltr'>seu</span> <span class='ocrx_word' id='word_1_206' title='bbox 233 913 296 943; x_wconf 86' lang='lat' dir='ltr'>alias</span> <span class='ocrx_word' id='word_1_207' title='bbox 311 915 456 953; x_wconf 87' lang='lat' dir='ltr'>Treugas,</span> <span class='ocrx_word' id='word_1_208' title='bbox 475 914 619 944; x_wconf 81' lang='lat' dir='ltr'>Prioribus</span> <span class='ocrx_word' id='word_1_209' title='bbox 634 914 794 951; x_wconf 59' lang='lat' dir='ltr'>supradietis</span> <span class='ocrx_word' id='word_1_210' title='bbox 810 914 908 944; x_wconf 74' lang='lat' dir='ltr'>ssmiles</span> <span class='ocrx_word' id='word_1_211' title='bbox 923 915 967 944; x_wconf 84' lang='lat' dir='ltr'>seu</span> <span class='ocrx_word' id='word_1_212' title='bbox 983 914 1142 951; x_wconf 76' lang='lat' dir='ltr'>diffiniiles,</span> <span class='ocrx_word' id='word_1_213' title='bbox 1164 916 1236 957; x_wconf 74' lang='lat' dir='ltr'>inter</span> 
     </span>
     <span class='ocr_line' id='line_1_47' title="bbox 172 951 1236 992; baseline 0.002 -12"><span class='ocrx_word' id='word_1_214' title='bbox 172 953 232 980; x_wconf 79' lang='lat' dir='ltr'>Nos</span> <span class='ocrx_word' id='word_1_215' title='bbox 254 951 291 986; x_wconf 53' lang='grc' dir='ltr'>ὠν</span> <span class='ocrx_word' id='word_1_216' title='bbox 331 953 460 992; x_wconf 74' lang='lat' dir='ltr'>raesarum</span> <span class='ocrx_word' id='word_1_217' title='bbox 481 952 708 990; x_wconf 71' lang='lat' dir='ltr'>Consiznguineum</span> <span class='ocrx_word' id='word_1_218' title='bbox 730 952 866 991; x_wconf 82' lang='lat' dir='ltr'>nostrum,</span> <span class='ocrx_word' id='word_1_219' title='bbox 891 963 946 990; x_wconf 90' lang='lat' dir='ltr'>pro</span> <span class='ocrx_word' id='word_1_220' title='bbox 968 952 1087 990; x_wconf 89' lang='lat' dir='ltr'>Nobis,</span> <span class='ocrx_word' id='word_1_221' title='bbox 1107 952 1236 992; x_wconf 67' lang='lat' dir='ltr'>Regius,</span> 
     </span>
     <span class='ocr_line' id='line_1_48' title="bbox 173 989 1235 1031; baseline 0.001 -12"><span class='ocrx_word' id='word_1_222' title='bbox 173 989 287 1027; x_wconf 86' lang='lat' dir='ltr'>Terris,</span> <span class='ocrx_word' id='word_1_223' title='bbox 340 993 468 1029; x_wconf 85' lang='lat' dir='ltr'>ominiis,</span> <span class='ocrx_word' id='word_1_224' title='bbox 489 991 508 1010; x_wconf 75' lang='lat'>²¹²</span> <span class='ocrx_word' id='word_1_225' title='bbox 529 991 563 1020; x_wconf 86' lang='lat'>&amp;</span> <span class='ocrx_word' id='word_1_226' title='bbox 587 990 709 1020; x_wconf 83' lang='lat' dir='ltr'>Subditis</span> <span class='ocrx_word' id='word_1_227' title='bbox 729 990 849 1029; x_wconf 81' lang='lat' dir='ltr'>nostris,</span> <span class='ocrx_word' id='word_1_228' title='bbox 868 991 901 1021; x_wconf 69' lang='grc' dir='ltr'>ὃ(</span> <span class='ocrx_word' id='word_1_229' title='bbox 923 991 1064 1028; x_wconf 84' lang='lat' dir='ltr'>utriusque</span> <span class='ocrx_word' id='word_1_230' title='bbox 1084 990 1235 1031; x_wconf 67' lang='lat' dir='ltr'>nostrum²</span> 
     </span>
     <span class='ocr_line' id='line_1_49' title="bbox 173 1028 1235 1068; baseline 0.001 -10"><span class='ocrx_word' id='word_1_231' title='bbox 173 1028 223 1058; x_wconf 89' lang='lat' dir='ltr'>sub</span> <span class='ocrx_word' id='word_1_232' title='bbox 244 1028 363 1066; x_wconf 73' lang='lat' dir='ltr'>Medis,</span> <span class='ocrx_word' id='word_1_233' title='bbox 384 1029 513 1066; x_wconf 79' lang='lat' dir='ltr'>FormiS,</span> <span class='ocrx_word' id='word_1_234' title='bbox 537 1030 570 1059; x_wconf 74' lang='grc' dir='ltr'>δε</span> <span class='ocrx_word' id='word_1_235' title='bbox 589 1029 832 1066; x_wconf 75' lang='lat' dir='ltr'>ConditionibuS,</span> <span class='ocrx_word' id='word_1_236' title='bbox 852 1029 885 1060; x_wconf 76' lang='grc' dir='ltr'>δε</span> <span class='ocrx_word' id='word_1_237' title='bbox 903 1031 936 1059; x_wconf 90' lang='lat' dir='ltr'>ad</span> <span class='ocrx_word' id='word_1_238' title='bbox 956 1029 1107 1068; x_wconf 84' lang='lat' dir='ltr'>Tempus,</span> <span class='ocrx_word' id='word_1_239' title='bbox 1123 1030 1158 1059; x_wconf 90' lang='lat' dir='ltr'>de</span> <span class='ocrx_word' id='word_1_240' title='bbox 1172 1031 1235 1068; x_wconf 87' lang='lat' dir='ltr'>qui-</span> 
     </span>
     <span class='ocr_line' id='line_1_50' title="bbox 173 1067 1236 1107; baseline 0.001 -10"><span class='ocrx_word' id='word_1_241' title='bbox 173 1067 224 1097; x_wconf 87' lang='lat' dir='ltr'>bus</span> <span class='ocrx_word' id='word_1_242' title='bbox 244 1068 314 1097; x_wconf 83' lang='lat' dir='ltr'>inter</span> <span class='ocrx_word' id='word_1_243' title='bbox 331 1068 441 1097; x_wconf 61' lang='lat' dir='ltr'>dietum</span> <span class='ocrx_word' id='word_1_244' title='bbox 464 1067 715 1105; x_wconf 79' lang='lat' dir='ltr'>consanguineum</span> <span class='ocrx_word' id='word_1_245' title='bbox 735 1067 881 1104; x_wconf 88' lang='lat' dir='ltr'>nostrum,</span> <span class='ocrx_word' id='word_1_246' title='bbox 899 1068 990 1102; x_wconf 80' lang='lat' dir='ltr'>ejusve</span> <span class='ocrx_word' id='word_1_247' title='bbox 1006 1067 1236 1107; x_wconf 82' lang='lat' dir='ltr'>Commissarros,</span> 
     </span>
     <span class='ocr_line' id='line_1_51' title="bbox 171 1105 1235 1146; baseline 0.001 -10"><span class='ocrx_word' id='word_1_248' title='bbox 171 1116 205 1136; x_wconf 90' lang='lat' dir='ltr'>ac</span> <span class='ocrx_word' id='word_1_249' title='bbox 226 1106 354 1142; x_wconf 55' lang='grc' dir='ltr'>ρι’-κῆπος</span> <span class='ocrx_word' id='word_1_250' title='bbox 373 1105 590 1135; x_wconf 67' lang='lat' dir='ltr'>Commilliirios</span> <span class='ocrx_word' id='word_1_251' title='bbox 606 1106 717 1135; x_wconf 85' lang='lat' dir='ltr'>nostros</span> <span class='ocrx_word' id='word_1_252' title='bbox 731 1129 739 1144; x_wconf 87' lang='lat'>,</span> <span class='ocrx_word' id='word_1_253' title='bbox 768 1107 917 1136; x_wconf 86' lang='lat' dir='ltr'>conveniri</span> <span class='ocrx_word' id='word_1_254' title='bbox 936 1107 968 1137; x_wconf 89' lang='lat'>&amp;</span> <span class='ocrx_word' id='word_1_255' title='bbox 988 1106 1157 1137; x_wconf 89' lang='lat' dir='ltr'>concordari</span> <span class='ocrx_word' id='word_1_256' title='bbox 1182 1117 1235 1146; x_wconf 90' lang='lat' dir='ltr'>po-</span> 
     </span>
     <span class='ocr_line' id='line_1_52' title="bbox 173 1143 1236 1211; baseline 0.004 -38"><span class='ocrx_word' id='word_1_257' title='bbox 173 1145 251 1211; x_wconf 55' lang='grc' dir='ltr'>ἒςτῐῑ,</span> <span class='ocrx_word' id='word_1_258' title='bbox 272 1143 448 1183; x_wconf 74' lang='lat' dir='ltr'>ineundum,</span> <span class='ocrx_word' id='word_1_259' title='bbox 466 1144 679 1182; x_wconf 67' lang='lat' dir='ltr'>Traecandum‚</span> <span class='ocrx_word' id='word_1_260' title='bbox 697 1143 964 1183; x_wconf 83' lang='lat' dir='ltr'>Concordandum,</span> <span class='ocrx_word' id='word_1_261' title='bbox 994 1147 1028 1177; x_wconf 89' lang='lat'>&amp;</span> <span class='ocrx_word' id='word_1_262' title='bbox 1047 1144 1236 1177; x_wconf 89' lang='lat' dir='ltr'>Concluden-</span> 
     </span>
    </p>

    <p class='ocr_par' dir='ltr' id='par_1_18' title="bbox 194 1192 241 1211">
     <span class='ocr_line' id='line_1_53' title="bbox 194 1192 241 1211; baseline 0 0"><span class='ocrx_word' id='word_1_263' title='bbox 194 1192 241 1211; x_wconf 84' lang='lat' dir='ltr'>um</span> 
     </span>
    </p>

    <p class='ocr_par' dir='ltr' id='par_1_19' title="bbox 171 1205 1235 1373">
     <span class='ocr_line' id='line_1_54' title="bbox 212 1205 1235 1262; baseline 0.005 -13"><span class='ocrx_word' id='word_1_264' title='bbox 212 1205 366 1250; x_wconf 56' lang='lat' dir='ltr'>Ac³omnia</span> <span class='ocrx_word' id='word_1_265' title='bbox 381 1221 430 1251; x_wconf 87' lang='lat' dir='ltr'>alia</span> <span class='ocrx_word' id='word_1_266' title='bbox 445 1221 477 1251; x_wconf 87' lang='lat'>&amp;</span> <span class='ocrx_word' id='word_1_267' title='bbox 495 1221 615 1259; x_wconf 81' lang='lat' dir='ltr'>lingula,</span> <span class='ocrx_word' id='word_1_268' title='bbox 631 1222 660 1251; x_wconf 94' lang='lat' dir='ltr'>in</span> <span class='ocrx_word' id='word_1_269' title='bbox 675 1220 827 1251; x_wconf 76' lang='lat' dir='ltr'>Praemiffis</span> <span class='ocrx_word' id='word_1_270' title='bbox 842 1221 989 1253; x_wconf 77' lang='lat' dir='ltr'>neceffaria</span> <span class='ocrx_word' id='word_1_271' title='bbox 1005 1223 1050 1254; x_wconf 90' lang='lat' dir='ltr'>seu</span> <span class='ocrx_word' id='word_1_272' title='bbox 1071 1232 1214 1261; x_wconf 88' lang='lat' dir='ltr'>oportuna</span> <span class='ocrx_word' id='word_1_273' title='bbox 1225 1247 1235 1262; x_wconf 93' lang='lat'>,</span> 
     </span>
     <span class='ocr_line' id='line_1_55' title="bbox 174 1258 1234 1301; baseline 0.004 -12"><span class='ocrx_word' id='word_1_274' title='bbox 174 1258 344 1289; x_wconf 63' lang='lat' dir='ltr'>Faciendum</span> <span class='ocrx_word' id='word_1_275' title='bbox 365 1261 397 1290; x_wconf 75' lang='grc' dir='ltr'>δε</span> <span class='ocrx_word' id='word_1_276' title='bbox 420 1258 652 1297; x_wconf 80' lang='lat' dir='ltr'>Expediendum,</span> <span class='ocrx_word' id='word_1_277' title='bbox 670 1270 703 1291; x_wconf 80' lang='lat' dir='ltr'>ac</span> <span class='ocrx_word' id='word_1_278' title='bbox 728 1261 756 1289; x_wconf 90' lang='lat' dir='ltr'>in</span> <span class='ocrx_word' id='word_1_279' title='bbox 774 1260 835 1298; x_wconf 80' lang='lat' dir='ltr'>ipsis</span> <span class='ocrx_word' id='word_1_280' title='bbox 851 1262 885 1292; x_wconf 65' lang='grc' dir='ltr'>ὃς</span> <span class='ocrx_word' id='word_1_281' title='bbox 902 1271 1005 1291; x_wconf 90' lang='lat' dir='ltr'>eorum</span> <span class='ocrx_word' id='word_1_282' title='bbox 1019 1262 1148 1301; x_wconf 77' lang='lat' dir='ltr'>singulis,</span> <span class='ocrx_word' id='word_1_283' title='bbox 1164 1273 1234 1293; x_wconf 89' lang='lat' dir='ltr'>cum</span> 
     </span>
     <span class='ocr_line' id='line_1_56' title="bbox 171 1297 1234 1340; baseline 0.006 -13"><span class='ocrx_word' id='word_1_284' title='bbox 171 1298 222 1327; x_wconf 75' lang='lat' dir='ltr'>suis</span> <span class='ocrx_word' id='word_1_285' title='bbox 251 1298 381 1328; x_wconf 84' lang='lat' dir='ltr'>univcrlis</span> <span class='ocrx_word' id='word_1_286' title='bbox 402 1297 594 1330; x_wconf 85' lang='lat' dir='ltr'>Incidentibus</span> <span class='ocrx_word' id='word_1_287' title='bbox 609 1321 618 1336; x_wconf 89' lang='lat'>,</span> <span class='ocrx_word' id='word_1_288' title='bbox 646 1299 886 1337; x_wconf 85' lang='lat' dir='ltr'>Emergentibus,</span> <span class='ocrx_word' id='word_1_289' title='bbox 914 1299 1148 1338; x_wconf 86' lang='lat' dir='ltr'>Dependentibus</span> <span class='ocrx_word' id='word_1_290' title='bbox 1162 1324 1172 1340; x_wconf 82' lang='lat'>,</span> <span class='ocrx_word' id='word_1_291' title='bbox 1200 1302 1234 1333; x_wconf 66' lang='grc' dir='ltr'>ὅς</span> 
     </span>
     <span class='ocr_line' id='line_1_57' title="bbox 173 1334 897 1373; baseline 0.004 -8"><span class='ocrx_word' id='word_1_292' title='bbox 173 1334 337 1373; x_wconf 76' lang='lat' dir='ltr'>connexis,</span> <span class='ocrx_word' id='word_1_293' title='bbox 358 1335 577 1368; x_wconf 88' lang='lat' dir='ltr'>Procedendum</span> <span class='ocrx_word' id='word_1_294' title='bbox 592 1338 625 1368; x_wconf 72' lang='grc' dir='ltr'>δε</span> <span class='ocrx_word' id='word_1_295' title='bbox 644 1336 897 1368; x_wconf 88' lang='lat' dir='ltr'>Concludendum.</span> 
     </span>
    </p>

    <p class='ocr_par' dir='ltr' id='par_1_20' title="bbox 212 1373 433 1411">
     <span class='ocr_line' id='line_1_58' title="bbox 212 1373 433 1411; baseline 0.014 -9"><span class='ocrx_word' id='word_1_296' title='bbox 212 1373 243 1403; x_wconf 85' lang='lat' dir='ltr'>In</span> <span class='ocrx_word' id='word_1_297' title='bbox 259 1376 335 1410; x_wconf 75' lang='lat' dir='ltr'>cujus</span> <span class='ocrx_word' id='word_1_298' title='bbox 346 1397 355 1411; x_wconf 91' lang='lat'>,</span> <span class='ocrx_word' id='word_1_299' title='bbox 373 1375 433 1405; x_wconf 65' lang='grc' dir='ltr'>ἃς.</span> 
     </span>
    </p>
   </div>
   <div class='ocr_carea' id='block_1_13' title="bbox 207 1412 1100 1532">
    <p class='ocr_par' dir='ltr' id='par_1_21' title="bbox 207 1412 1100 1532">
     <span class='ocr_line' id='line_1_59' title="bbox 207 1412 1073 1453; baseline 0.006 -11"><span class='ocrx_word' id='word_1_300' title='bbox 207 1412 293 1444; x_wconf 79' lang='lat' dir='ltr'>Teste</span> <span class='ocrx_word' id='word_1_301' title='bbox 314 1413 395 1452; x_wconf 85' lang='lat' dir='ltr'>Rege</span> <span class='ocrx_word' id='word_1_302' title='bbox 413 1412 486 1452; x_wconf 88' lang='lat' dir='ltr'>apud</span> <span class='ocrx_word' id='word_1_303' title='bbox 504 1413 776 1453; x_wconf 80' lang='lat' dir='ltr'>Wstmonasterium,</span> <span class='ocrx_word' id='word_1_304' title='bbox 791 1423 828 1445; x_wconf 88' lang='lat' dir='ltr'>xv</span> <span class='ocrx_word' id='word_1_305' title='bbox 845 1414 904 1445; x_wconf 93' lang='lat' dir='ltr'>Die</span> <span class='ocrx_word' id='word_1_306' title='bbox 922 1415 1073 1447; x_wconf 88' lang='lat' dir='ltr'>Februarii.</span> 
     </span>
     <span class='ocr_line' id='line_1_60' title="bbox 644 1492 1100 1532; baseline 0.007 -11"><span class='ocrx_word' id='word_1_307' title='bbox 644 1493 698 1521; x_wconf 82' lang='lat' dir='ltr'>Pcr</span> <span class='ocrx_word' id='word_1_308' title='bbox 714 1493 806 1522; x_wconf 83' lang='lat' dir='ltr'>Breve</span> <span class='ocrx_word' id='word_1_309' title='bbox 819 1492 852 1522; x_wconf 86' lang='lat' dir='ltr'>de</span> <span class='ocrx_word' id='word_1_310' title='bbox 867 1493 986 1523; x_wconf 85' lang='lat' dir='ltr'>Privato</span> <span class='ocrx_word' id='word_1_311' title='bbox 999 1493 1100 1532; x_wconf 79' lang='lat' dir='ltr'>sigillo.</span> 
     </span>
    </p>
   </div>
   <div class='ocr_carea' id='block_1_14' title="bbox 376 1630 1023 1678">
    <p class='ocr_par' dir='ltr' id='par_1_22' title="bbox 376 1630 1023 1678">
     <span class='ocr_line' id='line_1_61' title="bbox 376 1630 1023 1678; baseline 0.008 -17"><span class='ocrx_word' id='word_1_312' title='bbox 376 1632 433 1662; x_wconf 80' lang='lat' dir='ltr'>Pro</span> <span class='ocrx_word' id='word_1_313' title='bbox 452 1630 607 1664; x_wconf 52' lang='lat' dir='ltr'>Girra&#39;iimo</span> <span class='ocrx_word' id='word_1_314' title='bbox 627 1634 761 1678; x_wconf 81' lang='lat' dir='ltr'>Corporis</span> <span class='ocrx_word' id='word_1_315' title='bbox 783 1634 868 1678; x_wconf 80' lang='lat' dir='ltr'>Regis</span> <span class='ocrx_word' id='word_1_316' title='bbox 886 1630 1023 1675; x_wconf 78' lang='lat' dir='ltr'>Castellae.</span> 
     </span>
    </p>
   </div>
   <div class='ocr_carea' id='block_1_15' title="bbox 167 1714 1234 2027">
    <p class='ocr_par' dir='ltr' id='par_1_23' title="bbox 167 1714 1234 2027">
     <span class='ocr_line' id='line_1_62' title="bbox 172 1714 1232 1787; baseline 0.005 -43"><span class='ocrx_word' id='word_1_317' title='bbox 172 1714 467 1787; x_wconf 27' lang='lat' dir='ltr'>DEcimolquinto</span> <span class='ocrx_word' id='word_1_318' title='bbox 486 1715 545 1746; x_wconf 92' lang='lat' dir='ltr'>Die</span> <span class='ocrx_word' id='word_1_319' title='bbox 560 1716 718 1755; x_wconf 84' lang='lat' dir='ltr'>Februarii,</span> <span class='ocrx_word' id='word_1_320' title='bbox 738 1717 824 1749; x_wconf 91' lang='lat' dir='ltr'>Anno</span> <span class='ocrx_word' id='word_1_321' title='bbox 837 1717 975 1758; x_wconf 84' lang='lat' dir='ltr'>septimo,</span> <span class='ocrx_word' id='word_1_322' title='bbox 994 1718 1066 1758; x_wconf 89' lang='lat' dir='ltr'>apud</span> <span class='ocrx_word' id='word_1_323' title='bbox 1079 1718 1232 1750; x_wconf 86' lang='lat' dir='ltr'>Westmo-</span> 
     </span>
     <span class='ocr_line' id='line_1_63' title="bbox 263 1753 1231 1795; baseline 0.008 -14"><span class='ocrx_word' id='word_1_324' title='bbox 263 1753 428 1791; x_wconf 80' lang='lat' dir='ltr'>nasterrum,</span> <span class='ocrx_word' id='word_1_325' title='bbox 447 1754 655 1786; x_wconf 72' lang='lat' dir='ltr'>concordatum</span> <span class='ocrx_word' id='word_1_326' title='bbox 680 1757 731 1786; x_wconf 86' lang='lat' dir='ltr'>fuit</span> <span class='ocrx_word' id='word_1_327' title='bbox 747 1757 826 1795; x_wconf 83' lang='lat' dir='ltr'>quod</span> <span class='ocrx_word' id='word_1_328' title='bbox 843 1757 889 1788; x_wconf 84' lang='lat' dir='ltr'>fiat</span> <span class='ocrx_word' id='word_1_329' title='bbox 901 1758 1085 1789; x_wconf 88' lang='lat' dir='ltr'>Warrantum</span> <span class='ocrx_word' id='word_1_330' title='bbox 1105 1758 1231 1789; x_wconf 82' lang='lat' dir='ltr'>Thesau-</span> 
     </span>
     <span class='ocr_line' id='line_1_64' title="bbox 171 1791 1232 1837; baseline 0.007 -19"><span class='ocrx_word' id='word_1_331' title='bbox 171 1791 242 1819; x_wconf 78' lang='lat' dir='ltr'>rario</span> <span class='ocrx_word' id='word_1_332' title='bbox 257 1792 289 1821; x_wconf 71' lang='grc' dir='ltr'>δε</span> <span class='ocrx_word' id='word_1_333' title='bbox 306 1791 473 1822; x_wconf 81' lang='lat' dir='ltr'>Camerariis</span> <span class='ocrx_word' id='word_1_334' title='bbox 488 1794 523 1823; x_wconf 89' lang='lat' dir='ltr'>de</span> <span class='ocrx_word' id='word_1_335' title='bbox 551 1795 720 1833; x_wconf 83' lang='lat' dir='ltr'>Scaccario,</span> <span class='ocrx_word' id='word_1_336' title='bbox 741 1806 793 1832; x_wconf 82' lang='lat' dir='ltr'>pro</span> <span class='ocrx_word' id='word_1_337' title='bbox 812 1796 993 1827; x_wconf 88' lang='lat' dir='ltr'>deliberando</span> <span class='ocrx_word' id='word_1_338' title='bbox 1014 1796 1150 1837; x_wconf 77' lang='lat' dir='ltr'>Sampfimi</span> <span class='ocrx_word' id='word_1_339' title='bbox 1176 1800 1232 1826; x_wconf 81' lang='lat' dir='ltr'>Es-</span> 
     </span>
     <span class='ocr_line' id='line_1_65' title="bbox 168 1829 1232 1874; baseline 0.009 -18"><span class='ocrx_word' id='word_1_340' title='bbox 168 1839 248 1868; x_wconf 76' lang='lat' dir='ltr'>quer,</span> <span class='ocrx_word' id='word_1_341' title='bbox 268 1829 389 1860; x_wconf 85' lang='lat' dir='ltr'>Custodi</span> <span class='ocrx_word' id='word_1_342' title='bbox 409 1832 442 1861; x_wconf 64' lang='grc' dir='ltr'>ὃς</span> <span class='ocrx_word' id='word_1_343' title='bbox 458 1831 604 1863; x_wconf 83' lang='lat' dir='ltr'>Gardiano</span> <span class='ocrx_word' id='word_1_344' title='bbox 620 1832 761 1871; x_wconf 86' lang='lat' dir='ltr'>Corporis</span> <span class='ocrx_word' id='word_1_345' title='bbox 776 1837 853 1873; x_wconf 80' lang='lat' dir='ltr'>Regis</span> <span class='ocrx_word' id='word_1_346' title='bbox 872 1834 1011 1874; x_wconf 86' lang='lat' dir='ltr'>Castellae‚</span> <span class='ocrx_word' id='word_1_347' title='bbox 1030 1838 1078 1874; x_wconf 92' lang='lat' dir='ltr'>qui</span> <span class='ocrx_word' id='word_1_348' title='bbox 1092 1836 1142 1866; x_wconf 86' lang='lat' dir='ltr'>sub</span> <span class='ocrx_word' id='word_1_349' title='bbox 1158 1836 1232 1866; x_wconf 87' lang='lat' dir='ltr'>lalvo</span> 
     </span>
     <span class='ocr_line' id='line_1_66' title="bbox 169 1867 1233 1912; baseline 0.008 -16"><span class='ocrx_word' id='word_1_350' title='bbox 169 1867 326 1898; x_wconf 68' lang='lat' dir='ltr'>Conductu</span> <span class='ocrx_word' id='word_1_351' title='bbox 343 1869 432 1906; x_wconf 83' lang='lat' dir='ltr'>Regis</span> <span class='ocrx_word' id='word_1_352' title='bbox 445 1874 524 1901; x_wconf 90' lang='lat' dir='ltr'>venit</span> <span class='ocrx_word' id='word_1_353' title='bbox 543 1872 572 1901; x_wconf 91' lang='lat' dir='ltr'>in</span> <span class='ocrx_word' id='word_1_354' title='bbox 588 1872 744 1910; x_wconf 85' lang='lat' dir='ltr'>Angliam,</span> <span class='ocrx_word' id='word_1_355' title='bbox 760 1883 811 1909; x_wconf 86' lang='lat' dir='ltr'>pro</span> <span class='ocrx_word' id='word_1_356' title='bbox 829 1875 912 1904; x_wconf 78' lang='lat' dir='ltr'>certis</span> <span class='ocrx_word' id='word_1_357' title='bbox 931 1872 1076 1912; x_wconf 87' lang='lat' dir='ltr'>Materiis,</span> <span class='ocrx_word' id='word_1_358' title='bbox 1093 1873 1233 1905; x_wconf 88' lang='lat' dir='ltr'>Renova-</span> 
     </span>
     <span class='ocr_line' id='line_1_67' title="bbox 169 1907 1234 1951; baseline 0.008 -16"><span class='ocrx_word' id='word_1_359' title='bbox 169 1907 275 1936; x_wconf 86' lang='lat' dir='ltr'>tionem</span> <span class='ocrx_word' id='word_1_360' title='bbox 292 1907 504 1945; x_wconf 85' lang='lat' dir='ltr'>Alligantiarum</span> <span class='ocrx_word' id='word_1_361' title='bbox 522 1911 554 1940; x_wconf 64' lang='grc' dir='ltr'>ἃ</span> <span class='ocrx_word' id='word_1_362' title='bbox 572 1908 862 1941; x_wconf 87' lang='lat' dir='ltr'>Confoederationum</span> <span class='ocrx_word' id='word_1_363' title='bbox 876 1913 1072 1951; x_wconf 87' lang='lat' dir='ltr'>antiquarum,</span> <span class='ocrx_word' id='word_1_364' title='bbox 1092 1915 1162 1942; x_wconf 89' lang='lat' dir='ltr'>inter</span> <span class='ocrx_word' id='word_1_365' title='bbox 1174 1913 1234 1942; x_wconf 88' lang='lat' dir='ltr'>Re-</span> 
     </span>
     <span class='ocr_line' id='line_1_68' title="bbox 169 1945 1233 1987; baseline 0.008 -14"><span class='ocrx_word' id='word_1_366' title='bbox 169 1954 235 1982; x_wconf 83' lang='lat' dir='ltr'>gem</span> <span class='ocrx_word' id='word_1_367' title='bbox 257 1946 289 1975; x_wconf 68' lang='grc' dir='ltr'>ὃς</span> <span class='ocrx_word' id='word_1_368' title='bbox 312 1945 534 1977; x_wconf 82' lang='lat' dir='ltr'>Praedecessores</span> <span class='ocrx_word' id='word_1_369' title='bbox 555 1948 677 1985; x_wconf 90' lang='lat' dir='ltr'>ejusdem</span> <span class='ocrx_word' id='word_1_370' title='bbox 695 1949 784 1987; x_wconf 86' lang='lat' dir='ltr'>Regis</span> <span class='ocrx_word' id='word_1_371' title='bbox 804 1949 935 1981; x_wconf 85' lang='lat' dir='ltr'>Castellae</span> <span class='ocrx_word' id='word_1_372' title='bbox 950 1951 1087 1982; x_wconf 53' lang='lat' dir='ltr'>facffarum</span> <span class='ocrx_word' id='word_1_373' title='bbox 1107 1953 1140 1983; x_wconf 91' lang='lat'>&amp;</span> <span class='ocrx_word' id='word_1_374' title='bbox 1161 1961 1233 1982; x_wconf 90' lang='lat' dir='ltr'>con-</span> 
     </span>
     <span class='ocr_line' id='line_1_69' title="bbox 167 1983 995 2027; baseline 0.008 -14"><span class='ocrx_word' id='word_1_375' title='bbox 167 1983 320 2022; x_wconf 83' lang='lat' dir='ltr'>clusarum,</span> <span class='ocrx_word' id='word_1_376' title='bbox 339 1986 596 2025; x_wconf 81' lang='lat' dir='ltr'>concernentibus,</span> <span class='ocrx_word' id='word_1_377' title='bbox 613 1996 648 2017; x_wconf 85' lang='lat' dir='ltr'>xx</span> <span class='ocrx_word' id='word_1_378' title='bbox 656 1987 684 2018; x_wconf 79' lang='lat' dir='ltr'>li.</span> <span class='ocrx_word' id='word_1_379' title='bbox 701 1997 751 2026; x_wconf 91' lang='lat' dir='ltr'>per</span> <span class='ocrx_word' id='word_1_380' title='bbox 770 1989 846 2019; x_wconf 87' lang='lat' dir='ltr'>viam</span> <span class='ocrx_word' id='word_1_381' title='bbox 861 1988 995 2027; x_wconf 87' lang='lat' dir='ltr'>Regardi.</span> 
     </span>
    </p>
   </div>
   <div class='ocr_carea' id='block_1_16' title="bbox 169 2067 1222 2082">
    <p class='ocr_par' dir='ltr' id='par_1_24' title="bbox 169 2067 1222 2082">
     <span class='ocr_line' id='line_1_70' title="bbox 169 2067 1222 2082; baseline 0 2192"><span class='ocrx_word' id='word_1_382' title='bbox 169 2067 1222 2082; x_wconf 95' lang='lat' dir='ltr'> </span> 
     </span>
    </p>
   </div>
   <div class='ocr_carea' id='block_1_17' title="bbox 399 2123 1006 2175">
    <p class='ocr_par' dir='ltr' id='par_1_25' title="bbox 399 2123 1006 2175">
     <span class='ocr_line' id='line_1_71' title="bbox 399 2123 1006 2175; baseline 0.005 -17"><span class='ocrx_word' id='word_1_383' title='bbox 399 2127 458 2158; x_wconf 93' lang='lat' dir='ltr'>Pro</span> <span class='ocrx_word' id='word_1_384' title='bbox 477 2123 747 2169; x_wconf 70' lang='lat' dir='ltr'>Ambqffiatoribus</span> <span class='ocrx_word' id='word_1_385' title='bbox 768 2128 856 2175; x_wconf 83' lang='lat' dir='ltr'>Regis</span> <span class='ocrx_word' id='word_1_386' title='bbox 871 2125 1006 2171; x_wconf 73' lang='lat' dir='ltr'>Castellae.</span> 
     </span>
    </p>
   </div>
   <div class='ocr_carea' id='block_1_18' title="bbox 168 2209 1237 2412">
    <p class='ocr_par' dir='ltr' id='par_1_26' title="bbox 170 2209 1234 2268">
     <span class='ocr_line' id='line_1_72' title="bbox 170 2209 1234 2268; baseline 0.006 -28"><span class='ocrx_word' id='word_1_387' title='bbox 170 2209 283 2268; x_wconf 79' lang='lat' dir='ltr'>REX</span> <span class='ocrx_word' id='word_1_388' title='bbox 294 2234 303 2249; x_wconf 90' lang='lat'>,</span> <span class='ocrx_word' id='word_1_389' title='bbox 321 2220 370 2248; x_wconf 90' lang='lat' dir='ltr'>per</span> <span class='ocrx_word' id='word_1_390' title='bbox 395 2210 500 2243; x_wconf 80' lang='lat' dir='ltr'>Literas</span> <span class='ocrx_word' id='word_1_391' title='bbox 526 2211 582 2243; x_wconf 86' lang='lat' dir='ltr'>suas</span> <span class='ocrx_word' id='word_1_392' title='bbox 606 2213 756 2253; x_wconf 87' lang='lat' dir='ltr'>Patentes,</span> <span class='ocrx_word' id='word_1_393' title='bbox 772 2213 859 2253; x_wconf 89' lang='lat' dir='ltr'>usque</span> <span class='ocrx_word' id='word_1_394' title='bbox 873 2213 988 2245; x_wconf 88' lang='lat' dir='ltr'>Festum</span> <span class='ocrx_word' id='word_1_395' title='bbox 1003 2214 1149 2246; x_wconf 91' lang='lat' dir='ltr'>Omnium</span> <span class='ocrx_word' id='word_1_396' title='bbox 1164 2215 1234 2247; x_wconf 90' lang='lat' dir='ltr'>San-</span> 
     </span>
    </p>

    <p class='ocr_par' dir='ltr' id='par_1_27' title="bbox 168 2251 1237 2412">
     <span class='ocr_line' id='line_1_73' title="bbox 243 2251 1235 2291; baseline 0.006 -12"><span class='ocrx_word' id='word_1_397' title='bbox 243 2251 358 2280; x_wconf 66' lang='lat' dir='ltr'>ctorum</span> <span class='ocrx_word' id='word_1_398' title='bbox 381 2252 516 2287; x_wconf 79' lang='lat' dir='ltr'>proximo</span> <span class='ocrx_word' id='word_1_399' title='bbox 532 2251 659 2282; x_wconf 90' lang='lat' dir='ltr'>futurum</span> <span class='ocrx_word' id='word_1_400' title='bbox 676 2253 830 2290; x_wconf 86' lang='lat' dir='ltr'>duraturas,</span> <span class='ocrx_word' id='word_1_401' title='bbox 854 2253 971 2291; x_wconf 86' lang='lat' dir='ltr'>suscepit</span> <span class='ocrx_word' id='word_1_402' title='bbox 984 2254 1012 2283; x_wconf 93' lang='lat' dir='ltr'>in</span> <span class='ocrx_word' id='word_1_403' title='bbox 1027 2253 1133 2284; x_wconf 90' lang='lat' dir='ltr'>salvum</span> <span class='ocrx_word' id='word_1_404' title='bbox 1147 2255 1180 2286; x_wconf 68' lang='grc' dir='ltr'>ὃς</span> <span class='ocrx_word' id='word_1_405' title='bbox 1196 2255 1235 2285; x_wconf 89' lang='lat' dir='ltr'>se-</span> 
     </span>
     <span class='ocr_line' id='line_1_74' title="bbox 170 2288 1234 2331; baseline 0.006 -14"><span class='ocrx_word' id='word_1_406' title='bbox 170 2298 271 2318; x_wconf 85' lang='lat' dir='ltr'>curum</span> <span class='ocrx_word' id='word_1_407' title='bbox 295 2288 485 2319; x_wconf 66' lang='lat' dir='ltr'>Conductum</span> <span class='ocrx_word' id='word_1_408' title='bbox 508 2289 604 2328; x_wconf 90' lang='lat' dir='ltr'>suum,</span> <span class='ocrx_word' id='word_1_409' title='bbox 633 2301 666 2321; x_wconf 89' lang='lat' dir='ltr'>ac</span> <span class='ocrx_word' id='word_1_410' title='bbox 690 2292 718 2320; x_wconf 93' lang='lat' dir='ltr'>in</span> <span class='ocrx_word' id='word_1_411' title='bbox 743 2290 977 2330; x_wconf 72' lang='lat' dir='ltr'>Proteffionem,</span> <span class='ocrx_word' id='word_1_412' title='bbox 994 2292 1184 2331; x_wconf 90' lang='lat' dir='ltr'>Tuitionem,</span> <span class='ocrx_word' id='word_1_413' title='bbox 1201 2294 1234 2324; x_wconf 86' lang='lat'>&amp;</span> 
     </span>
     <span class='ocr_line' id='line_1_75' title="bbox 171 2325 1237 2369; baseline 0.006 -14"><span class='ocrx_word' id='word_1_414' title='bbox 171 2325 375 2358; x_wconf 73' lang='lat' dir='ltr'>Defensionem</span> <span class='ocrx_word' id='word_1_415' title='bbox 397 2327 455 2357; x_wconf 82' lang='lat' dir='ltr'>suas</span> <span class='ocrx_word' id='word_1_416' title='bbox 478 2328 624 2366; x_wconf 81' lang='lat' dir='ltr'>speciales,</span> <span class='ocrx_word' id='word_1_417' title='bbox 650 2329 782 2369; x_wconf 83' lang='lat' dir='ltr'>quendam</span> <span class='ocrx_word' id='word_1_418' title='bbox 808 2331 980 2369; x_wconf 57' lang='lat' dir='ltr'>Epycopum,</span> <span class='ocrx_word' id='word_1_419' title='bbox 1005 2331 1137 2369; x_wconf 82' lang='lat' dir='ltr'>quendam</span> <span class='ocrx_word' id='word_1_420' title='bbox 1156 2331 1237 2361; x_wconf 83' lang='lat' dir='ltr'>Milt-</span> 
     </span>
     <span class='ocr_line' id='line_1_76' title="bbox 168 2366 1234 2412; baseline 0.007 -19"><span class='ocrx_word' id='word_1_421' title='bbox 168 2373 220 2394; x_wconf 61' lang='grc' dir='ltr'>νοω</span> <span class='ocrx_word' id='word_1_422' title='bbox 232 2389 239 2403; x_wconf 85' lang='lat'>,</span> <span class='ocrx_word' id='word_1_423' title='bbox 259 2366 392 2406; x_wconf 75' lang='lat' dir='ltr'>quendam</span> <span class='ocrx_word' id='word_1_424' title='bbox 413 2368 573 2404; x_wconf 66' lang='lat' dir='ltr'>Dollorem,</span> <span class='ocrx_word' id='word_1_425' title='bbox 591 2368 624 2398; x_wconf 72' lang='grc' dir='ltr'>δε</span> <span class='ocrx_word' id='word_1_426' title='bbox 643 2369 775 2412; x_wconf 61' lang='lat' dir='ltr'>quendam</span> <span class='ocrx_word' id='word_1_427' title='bbox 797 2372 990 2406; x_wconf 80' lang='lat' dir='ltr'>Secretarium‚</span> <span class='ocrx_word' id='word_1_428' title='bbox 1015 2369 1048 2399; x_wconf 79' lang='lat' dir='ltr'>de</span> <span class='ocrx_word' id='word_1_429' title='bbox 1069 2372 1157 2408; x_wconf 83' lang='lat' dir='ltr'>Regno</span> <span class='ocrx_word' id='word_1_430' title='bbox 1180 2374 1234 2400; x_wconf 85' lang='lat' dir='ltr'>Ca-</span> 
     </span>
    </p>
   </div>
   <div class='ocr_carea' id='block_1_19' title="bbox 166 2404 1234 2448">
    <p class='ocr_par' dir='ltr' id='par_1_28' title="bbox 166 2404 1234 2448">
     <span class='ocr_line' id='line_1_77' title="bbox 166 2404 1234 2448; baseline 0.006 -15"><span class='ocrx_word' id='word_1_431' title='bbox 166 2404 266 2442; x_wconf 40' lang='lat' dir='ltr'>(ltvllae,</span> <span class='ocrx_word' id='word_1_432' title='bbox 284 2404 516 2443; x_wconf 80' lang='lat' dir='ltr'>Ambaffiatorcs,</span> <span class='ocrx_word' id='word_1_433' title='bbox 534 2405 667 2436; x_wconf 81' lang='lat' dir='ltr'>carissimi</span> <span class='ocrx_word' id='word_1_434' title='bbox 682 2407 782 2437; x_wconf 82' lang='lat' dir='ltr'>Fratris</span> <span class='ocrx_word' id='word_1_435' title='bbox 796 2407 902 2445; x_wconf 83' lang='lat' dir='ltr'>Regis,</span> <span class='ocrx_word' id='word_1_436' title='bbox 921 2410 998 2445; x_wconf 81' lang='lat' dir='ltr'>Regis</span> <span class='ocrx_word' id='word_1_437' title='bbox 1009 2407 1146 2448; x_wconf 76' lang='lat' dir='ltr'>Castellae,</span> <span class='ocrx_word' id='word_1_438' title='bbox 1165 2419 1234 2440; x_wconf 90' lang='lat' dir='ltr'>cum</span> 
     </span>
    </p>
   </div>
   <div class='ocr_carea' id='block_1_20' title="bbox 171 2442 1237 2901">
    <p class='ocr_par' dir='ltr' id='par_1_29' title="bbox 171 2442 1236 2702">
     <span class='ocr_line' id='line_1_78' title="bbox 172 2442 1236 2489; baseline 0.006 -17"><span class='ocrx_word' id='word_1_439' title='bbox 172 2443 363 2482; x_wconf 79' lang='lat' dir='ltr'>Quadraginta</span> <span class='ocrx_word' id='word_1_440' title='bbox 392 2442 517 2474; x_wconf 83' lang='lat' dir='ltr'>Personis</span> <span class='ocrx_word' id='word_1_441' title='bbox 541 2445 570 2474; x_wconf 89' lang='lat' dir='ltr'>in</span> <span class='ocrx_word' id='word_1_442' title='bbox 594 2443 746 2476; x_wconf 67' lang='lat' dir='ltr'>Comitiva</span> <span class='ocrx_word' id='word_1_443' title='bbox 770 2445 816 2476; x_wconf 72' lang='lat' dir='ltr'>sua</span> <span class='ocrx_word' id='word_1_444' title='bbox 831 2468 840 2483; x_wconf 88' lang='lat'>,</span> <span class='ocrx_word' id='word_1_445' title='bbox 875 2446 908 2476; x_wconf 70' lang='grc' dir='ltr'>ὃ(</span> <span class='ocrx_word' id='word_1_446' title='bbox 930 2450 993 2476; x_wconf 82' lang='lat' dir='ltr'>Sam</span> <span class='ocrx_word' id='word_1_447' title='bbox 1009 2445 1097 2483; x_wconf 76' lang='lat' dir='ltr'>limem</span> <span class='ocrx_word' id='word_1_448' title='bbox 1121 2447 1236 2489; x_wconf 79' lang='lat' dir='ltr'>Esquier</span> 
     </span>
     <span class='ocr_line' id='line_1_79' title="bbox 171 2481 1236 2522; baseline 0.007 -12"><span class='ocrx_word' id='word_1_449' title='bbox 171 2481 332 2512; x_wconf 84' lang='lat' dir='ltr'>Custodem</span> <span class='ocrx_word' id='word_1_450' title='bbox 353 2481 492 2519; x_wconf 76' lang='lat' dir='ltr'>Corporis</span> <span class='ocrx_word' id='word_1_451' title='bbox 511 2483 634 2520; x_wconf 84' lang='lat' dir='ltr'>ejusdem</span> <span class='ocrx_word' id='word_1_452' title='bbox 657 2483 762 2522; x_wconf 77' lang='lat' dir='ltr'>Regis,</span> <span class='ocrx_word' id='word_1_453' title='bbox 781 2493 850 2515; x_wconf 90' lang='lat' dir='ltr'>cum</span> <span class='ocrx_word' id='word_1_454' title='bbox 873 2484 955 2515; x_wconf 64' lang='lat' dir='ltr'>octo</span> <span class='ocrx_word' id='word_1_455' title='bbox 1005 2485 1107 2516; x_wconf 83' lang='lat' dir='ltr'>erfonis</span> <span class='ocrx_word' id='word_1_456' title='bbox 1127 2488 1154 2515; x_wconf 93' lang='lat' dir='ltr'>in</span> <span class='ocrx_word' id='word_1_457' title='bbox 1174 2487 1236 2517; x_wconf 84' lang='lat' dir='ltr'>Co—</span> 
     </span>
     <span class='ocr_line' id='line_1_80' title="bbox 173 2520 1235 2562; baseline 0.008 -14"><span class='ocrx_word' id='word_1_458' title='bbox 173 2520 271 2550; x_wconf 58' lang='lat' dir='ltr'>mitivai</span> <span class='ocrx_word' id='word_1_459' title='bbox 293 2520 357 2558; x_wconf 73' lang='lat' dir='ltr'>sua,</span> <span class='ocrx_word' id='word_1_460' title='bbox 375 2521 401 2549; x_wconf 92' lang='lat' dir='ltr'>in</span> <span class='ocrx_word' id='word_1_461' title='bbox 424 2520 561 2559; x_wconf 83' lang='lat' dir='ltr'>Regnum</span> <span class='ocrx_word' id='word_1_462' title='bbox 586 2521 674 2560; x_wconf 82' lang='lat' dir='ltr'>Regis</span> <span class='ocrx_word' id='word_1_463' title='bbox 695 2522 824 2561; x_wconf 79' lang='lat' dir='ltr'>Angliae,</span> <span class='ocrx_word' id='word_1_464' title='bbox 842 2532 912 2553; x_wconf 92' lang='lat' dir='ltr'>cum</span> <span class='ocrx_word' id='word_1_465' title='bbox 932 2523 1039 2561; x_wconf 86' lang='lat' dir='ltr'>Bonis,</span> <span class='ocrx_word' id='word_1_466' title='bbox 1062 2523 1150 2562; x_wconf 87' lang='lat' dir='ltr'>Equis</span> <span class='ocrx_word' id='word_1_467' title='bbox 1168 2549 1178 2562; x_wconf 83' lang='lat'>,</span> <span class='ocrx_word' id='word_1_468' title='bbox 1201 2527 1235 2557; x_wconf 79' lang='grc' dir='ltr'>δε</span> 
     </span>
     <span class='ocr_line' id='line_1_81' title="bbox 171 2556 1236 2603; baseline 0.006 -16"><span class='ocrx_word' id='word_1_469' title='bbox 171 2556 314 2587; x_wconf 80' lang='lat' dir='ltr'>Hernesiis</span> <span class='ocrx_word' id='word_1_470' title='bbox 328 2559 378 2588; x_wconf 87' lang='lat' dir='ltr'>suis</span> <span class='ocrx_word' id='word_1_471' title='bbox 396 2559 637 2598; x_wconf 82' lang='lat' dir='ltr'>quibuscumque,</span> <span class='ocrx_word' id='word_1_472' title='bbox 655 2562 714 2591; x_wconf 76' lang='lat' dir='ltr'>tam</span> <span class='ocrx_word' id='word_1_473' title='bbox 729 2571 778 2598; x_wconf 88' lang='lat' dir='ltr'>per</span> <span class='ocrx_word' id='word_1_474' title='bbox 798 2562 935 2598; x_wconf 78' lang='lat' dir='ltr'>Terram,</span> <span class='ocrx_word' id='word_1_475' title='bbox 954 2563 1039 2598; x_wconf 71' lang='lat' dir='ltr'>quam</span> <span class='ocrx_word' id='word_1_476' title='bbox 1062 2572 1109 2599; x_wconf 91' lang='lat' dir='ltr'>per</span> <span class='ocrx_word' id='word_1_477' title='bbox 1134 2563 1236 2603; x_wconf 83' lang='lat' dir='ltr'>Mare,</span> 
     </span>
     <span class='ocr_line' id='line_1_82' title="bbox 173 2596 1236 2638; baseline 0.009 -15"><span class='ocrx_word' id='word_1_478' title='bbox 173 2597 331 2634; x_wconf 84' lang='lat' dir='ltr'>veniendo,</span> <span class='ocrx_word' id='word_1_479' title='bbox 350 2596 456 2626; x_wconf 87' lang='lat' dir='ltr'>ibidem</span> <span class='ocrx_word' id='word_1_480' title='bbox 480 2598 638 2636; x_wconf 82' lang='lat' dir='ltr'>morando,</span> <span class='ocrx_word' id='word_1_481' title='bbox 656 2599 874 2638; x_wconf 84' lang='lat' dir='ltr'>conversando,</span> <span class='ocrx_word' id='word_1_482' title='bbox 892 2600 926 2631; x_wconf 72' lang='grc' dir='ltr'>δε</span> <span class='ocrx_word' id='word_1_483' title='bbox 947 2600 1048 2631; x_wconf 77' lang='lat' dir='ltr'>exinde</span> <span class='ocrx_word' id='word_1_484' title='bbox 1071 2602 1162 2632; x_wconf 87' lang='lat' dir='ltr'>versus</span> <span class='ocrx_word' id='word_1_485' title='bbox 1183 2603 1236 2633; x_wconf 79' lang='lat' dir='ltr'>Pa-</span> 
     </span>
     <span class='ocr_line' id='line_1_83' title="bbox 174 2633 1234 2702; baseline 0.009 -40"><span class='ocrx_word' id='word_1_486' title='bbox 174 2635 255 2702; x_wconf 37' lang='lat' dir='ltr'>{Riam</span> <span class='ocrx_word' id='word_1_487' title='bbox 277 2633 352 2701; x_wconf 42' lang='lat' dir='ltr'>suani]</span> <span class='ocrx_word' id='word_1_488' title='bbox 376 2636 517 2701; x_wconf 56' lang='lat' dir='ltr'>prgpriam</span> <span class='ocrx_word' id='word_1_489' title='bbox 534 2659 544 2673; x_wconf 83' lang='lat'>,</span> <span class='ocrx_word' id='word_1_490' title='bbox 571 2637 672 2675; x_wconf 85' lang='lat' dir='ltr'>absque</span> <span class='ocrx_word' id='word_1_491' title='bbox 694 2639 903 2676; x_wconf 82' lang='lat' dir='ltr'>perturbatione</span> <span class='ocrx_word' id='word_1_492' title='bbox 923 2637 1013 2676; x_wconf 81' lang='lat' dir='ltr'>Regis</span> <span class='ocrx_word' id='word_1_493' title='bbox 1027 2661 1036 2676; x_wconf 88' lang='lat'>,</span> <span class='ocrx_word' id='word_1_494' title='bbox 1060 2639 1105 2670; x_wconf 90' lang='lat' dir='ltr'>seu</span> <span class='ocrx_word' id='word_1_495' title='bbox 1130 2639 1234 2679; x_wconf 87' lang='lat' dir='ltr'>Populi</span> 
     </span>
     <span class='ocr_line' id='line_1_84' title="bbox 242 2682 459 2701; baseline 0 0"><span class='ocrx_word' id='word_1_496' title='bbox 242 2682 263 2701; x_wconf 82' lang='lat' dir='ltr'>rs</span> <span class='ocrx_word' id='word_1_497' title='bbox 298 2682 328 2701; x_wconf 81' lang='lat' dir='ltr'>re</span> <span class='ocrx_word' id='word_1_498' title='bbox 349 2682 402 2701; x_wconf 88' lang='lat' dir='ltr'>eun</span> <span class='ocrx_word' id='word_1_499' title='bbox 424 2682 459 2701; x_wconf 92' lang='lat' dir='ltr'>o·</span> 
     </span>
    </p>

    <p class='ocr_par' dir='ltr' id='par_1_30' title="bbox 174 2681 1237 2790">
     <span class='ocr_line' id='line_1_85' title="bbox 206 2681 1237 2757; baseline 0.01 -18"><span class='ocrx_word' id='word_1_500' title='bbox 206 2681 328 2740; x_wconf 63' lang='lat' dir='ltr'>ePgroirilo</span> <span class='ocrx_word' id='word_1_501' title='bbox 345 2696 548 2748; x_wconf 74' lang='lat' dir='ltr'>semper&#39;quod</span> <span class='ocrx_word' id='word_1_502' title='bbox 566 2711 614 2749; x_wconf 84' lang='lat' dir='ltr'>ipsi</span> <span class='ocrx_word' id='word_1_503' title='bbox 630 2713 705 2742; x_wconf 78' lang='lat' dir='ltr'>bene</span> <span class='ocrx_word' id='word_1_504' title='bbox 721 2715 754 2745; x_wconf 84' lang='lat'>&amp;</span> <span class='ocrx_word' id='word_1_505' title='bbox 770 2713 890 2745; x_wconf 75' lang='lat' dir='ltr'>honeste</span> <span class='ocrx_word' id='word_1_506' title='bbox 903 2714 930 2744; x_wconf 87' lang='lat' dir='ltr'>se</span> <span class='ocrx_word' id='word_1_507' title='bbox 944 2715 1064 2747; x_wconf 82' lang='lat' dir='ltr'>habeant</span> <span class='ocrx_word' id='word_1_508' title='bbox 1086 2716 1120 2747; x_wconf 68' lang='grc' dir='ltr'>ὃ(</span> <span class='ocrx_word' id='word_1_509' title='bbox 1141 2726 1237 2757; x_wconf 87' lang='lat' dir='ltr'>gerant</span> 
     </span>
     <span class='ocr_line' id='line_1_86' title="bbox 174 2748 870 2790; baseline 0.006 -12"><span class='ocrx_word' id='word_1_510' title='bbox 174 2757 236 2787; x_wconf 75' lang='lat' dir='ltr'>erga</span> <span class='ocrx_word' id='word_1_511' title='bbox 254 2748 363 2788; x_wconf 81' lang='lat' dir='ltr'>Regem</span> <span class='ocrx_word' id='word_1_512' title='bbox 377 2749 410 2779; x_wconf 73' lang='grc' dir='ltr'>δε</span> <span class='ocrx_word' id='word_1_513' title='bbox 427 2748 570 2786; x_wconf 89' lang='lat' dir='ltr'>Populum</span> <span class='ocrx_word' id='word_1_514' title='bbox 588 2750 667 2780; x_wconf 88' lang='lat' dir='ltr'>suum</span> <span class='ocrx_word' id='word_1_515' title='bbox 686 2753 870 2790; x_wconf 59' lang='lat' dir='ltr'>praeditfmm,</span> 
     </span>
    </p>

    <p class='ocr_par' dir='ltr' id='par_1_31' title="bbox 175 2787 1237 2901">
     <span class='ocr_line' id='line_1_87' title="bbox 214 2787 1237 2829; baseline 0.007 -13"><span class='ocrx_word' id='word_1_516' title='bbox 214 2787 248 2816; x_wconf 76' lang='lat' dir='ltr'>Et</span> <span class='ocrx_word' id='word_1_517' title='bbox 266 2790 431 2826; x_wconf 80' lang='lat' dir='ltr'>quicquam,</span> <span class='ocrx_word' id='word_1_518' title='bbox 446 2787 523 2824; x_wconf 89' lang='lat' dir='ltr'>quod</span> <span class='ocrx_word' id='word_1_519' title='bbox 540 2789 568 2817; x_wconf 85' lang='lat' dir='ltr'>in</span> <span class='ocrx_word' id='word_1_520' title='bbox 583 2788 671 2827; x_wconf 77' lang='lat' dir='ltr'>Regis</span> <span class='ocrx_word' id='word_1_521' title='bbox 685 2790 729 2820; x_wconf 92' lang='lat' dir='ltr'>seu</span> <span class='ocrx_word' id='word_1_522' title='bbox 746 2789 851 2828; x_wconf 86' lang='lat' dir='ltr'>Populi</span> <span class='ocrx_word' id='word_1_523' title='bbox 868 2789 954 2829; x_wconf 79' lang='lat' dir='ltr'>Regis</span> <span class='ocrx_word' id='word_1_524' title='bbox 970 2791 1174 2828; x_wconf 80' lang='lat' dir='ltr'>Praejudicium</span> <span class='ocrx_word' id='word_1_525' title='bbox 1190 2794 1237 2824; x_wconf 91' lang='lat' dir='ltr'>vel</span> 
     </span>
     <span class='ocr_line' id='line_1_88' title="bbox 176 2824 1237 2893; baseline 0.008 -40"><span class='ocrx_word' id='word_1_526' title='bbox 176 2824 458 2893; x_wconf 53' lang='lat' dir='ltr'>Danipnumdcedere</span> <span class='ocrx_word' id='word_1_527' title='bbox 482 2826 587 2864; x_wconf 74' lang='lat' dir='ltr'>valeat,</span> <span class='ocrx_word' id='word_1_528' title='bbox 607 2837 666 2857; x_wconf 88' lang='lat' dir='ltr'>nou</span> <span class='ocrx_word' id='word_1_529' title='bbox 687 2836 872 2866; x_wconf 86' lang='lat' dir='ltr'>attemptent,</span> <span class='ocrx_word' id='word_1_530' title='bbox 890 2830 935 2860; x_wconf 91' lang='lat' dir='ltr'>vel</span> <span class='ocrx_word' id='word_1_531' title='bbox 960 2832 1114 2870; x_wconf 83' lang='lat' dir='ltr'>attemptari</span> <span class='ocrx_word' id='word_1_532' title='bbox 1135 2831 1237 2862; x_wconf 88' lang='lat' dir='ltr'>faciant</span> 
     </span>
     <span class='ocr_line' id='line_1_89' title="bbox 175 2873 379 2901; baseline 0.01 -9"><span class='ocrx_word' id='word_1_533' title='bbox 175 2873 276 2901; x_wconf 70' lang='lat' dir='ltr'>quovts</span> <span class='ocrx_word' id='word_1_534' title='bbox 291 2875 339 2893; x_wconf 85' lang='lat' dir='ltr'>mo</span> <span class='ocrx_word' id='word_1_535' title='bbox 360 2876 379 2894; x_wconf 95' lang='lat' dir='ltr'>O</span> 
     </span>
    </p>
   </div>
   <div class='ocr_carea' id='block_1_21' title="bbox 175 2888 1236 2972">
    <p class='ocr_par' dir='ltr' id='par_1_32' title="bbox 175 2888 1236 2972">
     <span class='ocr_line' id='line_1_90' title="bbox 175 2888 1236 2972; baseline 0.008 -41"><span class='ocrx_word' id='word_1_536' title='bbox 175 2941 195 2972; x_wconf 76' lang='lat' dir='ltr'>b</span> <span class='ocrx_word' id='word_1_537' title='bbox 219 2902 308 2945; x_wconf 71' lang='lat' dir='ltr'>Teste</span> <span class='ocrx_word' id='word_1_538' title='bbox 332 2888 416 2941; x_wconf 77' lang='lat' dir='ltr'>ch&#39;e</span> <span class='ocrx_word' id='word_1_539' title='bbox 438 2903 510 2943; x_wconf 83' lang='lat' dir='ltr'>apud</span> <span class='ocrx_word' id='word_1_540' title='bbox 535 2903 791 2944; x_wconf 78' lang='lat' dir='ltr'>Westmonasterium</span> <span class='ocrx_word' id='word_1_541' title='bbox 805 2929 816 2945; x_wconf 82' lang='lat'>,</span> <span class='ocrx_word' id='word_1_542' title='bbox 844 2905 972 2937; x_wconf 81' lang='lat' dir='ltr'>Decimo</span> <span class='ocrx_word' id='word_1_543' title='bbox 998 2907 1075 2938; x_wconf 86' lang='lat' dir='ltr'>sexto</span> <span class='ocrx_word' id='word_1_544' title='bbox 1102 2906 1161 2939; x_wconf 92' lang='lat' dir='ltr'>Die</span> <span class='ocrx_word' id='word_1_545' title='bbox 1182 2908 1236 2939; x_wconf 86' lang='lat' dir='ltr'>Fe-</span> 
     </span>
     <span class='ocr_line' id='line_1_91' title="bbox 198 2951 285 2972; baseline 0 -1"><span class='ocrx_word' id='word_1_546' title='bbox 198 2951 285 2972; x_wconf 80' lang='lat' dir='ltr'>ruam.</span> 
     </span>
    </p>
   </div>
   <div class='ocr_carea' id='block_1_22' title="bbox 620 3023 1078 3061">
    <p class='ocr_par' dir='ltr' id='par_1_33' title="bbox 620 3023 1078 3061">
     <span class='ocr_line' id='line_1_92' title="bbox 620 3023 1078 3061; baseline 0.004 -10"><span class='ocrx_word' id='word_1_547' title='bbox 620 3024 673 3051; x_wconf 71' lang='lat' dir='ltr'>Per</span> <span class='ocrx_word' id='word_1_548' title='bbox 691 3025 782 3052; x_wconf 81' lang='lat' dir='ltr'>Breve</span> <span class='ocrx_word' id='word_1_549' title='bbox 796 3023 828 3052; x_wconf 84' lang='lat' dir='ltr'>de</span> <span class='ocrx_word' id='word_1_550' title='bbox 844 3025 962 3054; x_wconf 86' lang='lat' dir='ltr'>Privato</span> <span class='ocrx_word' id='word_1_551' title='bbox 979 3023 1078 3061; x_wconf 73' lang='lat' dir='ltr'>Sigillo,</span> 
     </span>
    </p>
   </div>
   <div class='ocr_carea' id='block_1_23' title="bbox 335 3143 1079 3189">
    <p class='ocr_par' dir='ltr' id='par_1_34' title="bbox 335 3143 1079 3189">
     <span class='ocr_line' id='line_1_93' title="bbox 335 3143 1079 3189; baseline 0.005 -13"><span class='ocrx_word' id='word_1_552' title='bbox 335 3146 392 3176; x_wconf 90' lang='lat' dir='ltr'>Pro</span> <span class='ocrx_word' id='word_1_553' title='bbox 413 3145 538 3189; x_wconf 46' lang='lat' dir='ltr'>[Majore</span> <span class='ocrx_word' id='word_1_554' title='bbox 554 3148 591 3183; x_wconf 53' lang='grc' dir='ltr'>(ῤ’</span> <span class='ocrx_word' id='word_1_555' title='bbox 614 3143 738 3178; x_wconf 75' lang='lat' dir='ltr'>Civibus</span> <span class='ocrx_word' id='word_1_556' title='bbox 757 3148 902 3180; x_wconf 72' lang='lat' dir='ltr'>Civitatis</span> <span class='ocrx_word' id='word_1_557' title='bbox 918 3146 1079 3180; x_wconf 82' lang='lat' dir='ltr'>Londoniae.</span> 
     </span>
    </p>
   </div>
   <div class='ocr_carea' id='block_1_24' title="bbox 185 3231 1245 4078">
    <p class='ocr_par' dir='ltr' id='par_1_35' title="bbox 186 3231 1240 3342">
     <span class='ocr_line' id='line_1_94' title="bbox 186 3231 1240 3285; baseline 0.008 -25"><span class='ocrx_word' id='word_1_558' title='bbox 186 3231 301 3285; x_wconf 77' lang='lat' dir='ltr'>REX</span> <span class='ocrx_word' id='word_1_559' title='bbox 318 3231 442 3270; x_wconf 70' lang='lat' dir='ltr'>Mnjori,</span> <span class='ocrx_word' id='word_1_560' title='bbox 459 3234 492 3263; x_wconf 88' lang='lat'>&amp;</span> <span class='ocrx_word' id='word_1_561' title='bbox 506 3233 626 3272; x_wconf 86' lang='lat' dir='ltr'>Juratis,</span> <span class='ocrx_word' id='word_1_562' title='bbox 642 3243 676 3264; x_wconf 90' lang='lat' dir='ltr'>ac</span> <span class='ocrx_word' id='word_1_563' title='bbox 690 3237 820 3267; x_wconf 85' lang='lat' dir='ltr'>universis</span> <span class='ocrx_word' id='word_1_564' title='bbox 835 3239 869 3269; x_wconf 91' lang='lat'>&amp;</span> <span class='ocrx_word' id='word_1_565' title='bbox 894 3237 1003 3275; x_wconf 80' lang='lat' dir='ltr'>fingulis</span> <span class='ocrx_word' id='word_1_566' title='bbox 1027 3237 1240 3268; x_wconf 83' lang='lat' dir='ltr'>Habitatoribus</span> 
     </span>
     <span class='ocr_line' id='line_1_95' title="bbox 207 3269 1240 3314; baseline 0.008 -16"><span class='ocrx_word' id='word_1_567' title='bbox 207 3306 212 3310; x_wconf 35' lang='grc'><em>.</em></span> <span class='ocrx_word' id='word_1_568' title='bbox 261 3269 390 3300; x_wconf 80' lang='lat' dir='ltr'>Civitatis</span> <span class='ocrx_word' id='word_1_569' title='bbox 415 3271 519 3301; x_wconf 80' lang='lat' dir='ltr'>nostrae</span> <span class='ocrx_word' id='word_1_570' title='bbox 544 3271 675 3311; x_wconf 83' lang='lat' dir='ltr'>Baionae,</span> <span class='ocrx_word' id='word_1_571' title='bbox 691 3274 761 3304; x_wconf 88' lang='lat' dir='ltr'>infra</span> <span class='ocrx_word' id='word_1_572' title='bbox 783 3275 930 3306; x_wconf 89' lang='lat' dir='ltr'>Ducatum</span> <span class='ocrx_word' id='word_1_573' title='bbox 955 3276 1084 3306; x_wconf 88' lang='lat' dir='ltr'>nostrum</span> <span class='ocrx_word' id='word_1_574' title='bbox 1101 3278 1240 3314; x_wconf 83' lang='lat' dir='ltr'>Aquitan-</span> 
     </span>
     <span class='ocr_line' id='line_1_96' title="bbox 186 3308 408 3342; baseline 0.023 -8"><span class='ocrx_word' id='word_1_575' title='bbox 186 3315 240 3334; x_wconf 73' lang='lat' dir='ltr'>niae</span> <span class='ocrx_word' id='word_1_576' title='bbox 251 3329 259 3342; x_wconf 89' lang='lat'>,</span> <span class='ocrx_word' id='word_1_577' title='bbox 277 3308 408 3339; x_wconf 83' lang='lat' dir='ltr'>Salutem.</span> 
     </span>
    </p>

    <p class='ocr_par' dir='ltr' id='par_1_36' title="bbox 203 3344 1241 3429">
     <span class='ocr_line' id='line_1_97' title="bbox 223 3344 1241 3389; baseline 0.008 -15"><span class='ocrx_word' id='word_1_578' title='bbox 223 3344 303 3374; x_wconf 74' lang='lat' dir='ltr'>Cum</span> <span class='ocrx_word' id='word_1_579' title='bbox 326 3346 472 3377; x_wconf 73' lang='lat' dir='ltr'>Dominus</span> <span class='ocrx_word' id='word_1_580' title='bbox 494 3347 652 3386; x_wconf 79' lang='lat' dir='ltr'>Johannes,</span> <span class='ocrx_word' id='word_1_581' title='bbox 672 3351 817 3387; x_wconf 84' lang='lat' dir='ltr'>quondam</span> <span class='ocrx_word' id='word_1_582' title='bbox 838 3355 899 3382; x_wconf 76' lang='lat' dir='ltr'>Rex</span> <span class='ocrx_word' id='word_1_583' title='bbox 924 3351 1037 3389; x_wconf 78' lang='lat' dir='ltr'>Angliae</span> <span class='ocrx_word' id='word_1_584' title='bbox 1050 3353 1085 3383; x_wconf 91' lang='lat'>&amp;</span> <span class='ocrx_word' id='word_1_585' title='bbox 1098 3355 1167 3382; x_wconf 82' lang='lat' dir='ltr'>Dux</span> <span class='ocrx_word' id='word_1_586' title='bbox 1193 3356 1241 3382; x_wconf 91' lang='grc' dir='ltr'>Α-</span> 
     </span>
     <span class='ocr_line' id='line_1_98' title="bbox 203 3384 1241 3429; baseline 0.007 -17"><span class='ocrx_word' id='word_1_587' title='bbox 203 3387 333 3413; x_wconf 73' lang='lat' dir='ltr'>uitannsae</span> <span class='ocrx_word' id='word_1_588' title='bbox 344 3407 352 3421; x_wconf 93' lang='lat'>,</span> <span class='ocrx_word' id='word_1_589' title='bbox 372 3384 538 3424; x_wconf 79' lang='lat' dir='ltr'>progenitor</span> <span class='ocrx_word' id='word_1_590' title='bbox 553 3387 663 3423; x_wconf 82' lang='lat' dir='ltr'>noster,</span> <span class='ocrx_word' id='word_1_591' title='bbox 682 3388 810 3419; x_wconf 89' lang='lat' dir='ltr'>Decimo</span> <span class='ocrx_word' id='word_1_592' title='bbox 825 3391 955 3428; x_wconf 89' lang='lat' dir='ltr'>Septimo</span> <span class='ocrx_word' id='word_1_593' title='bbox 972 3391 1030 3420; x_wconf 92' lang='lat' dir='ltr'>Die</span> <span class='ocrx_word' id='word_1_594' title='bbox 1041 3390 1118 3429; x_wconf 90' lang='lat' dir='ltr'>Junii</span> <span class='ocrx_word' id='word_1_595' title='bbox 1128 3413 1137 3428; x_wconf 95' lang='lat'>,</span> <span class='ocrx_word' id='word_1_596' title='bbox 1153 3390 1241 3420; x_wconf 85' lang='lat' dir='ltr'>Anno</span> 
     </span>
    </p>

    <p class='ocr_par' dir='ltr' id='par_1_37' title="bbox 187 3422 1242 3605">
     <span class='ocr_line' id='line_1_99' title="bbox 221 3422 1241 3466; baseline 0.008 -16"><span class='ocrx_word' id='word_1_597' title='bbox 221 3424 283 3459; x_wconf 81' lang='lat' dir='ltr'>egni</span> <span class='ocrx_word' id='word_1_598' title='bbox 297 3423 334 3452; x_wconf 90' lang='lat' dir='ltr'>sui</span> <span class='ocrx_word' id='word_1_599' title='bbox 354 3422 451 3452; x_wconf 91' lang='lat' dir='ltr'>Primo</span> <span class='ocrx_word' id='word_1_600' title='bbox 462 3447 471 3461; x_wconf 86' lang='lat'>,</span> <span class='ocrx_word' id='word_1_601' title='bbox 486 3435 534 3462; x_wconf 81' lang='lat' dir='ltr'>per</span> <span class='ocrx_word' id='word_1_602' title='bbox 549 3424 664 3455; x_wconf 86' lang='lat' dir='ltr'>Cartam</span> <span class='ocrx_word' id='word_1_603' title='bbox 688 3427 782 3465; x_wconf 90' lang='lat' dir='ltr'>suam,</span> <span class='ocrx_word' id='word_1_604' title='bbox 796 3429 866 3458; x_wconf 90' lang='lat' dir='ltr'>inter</span> <span class='ocrx_word' id='word_1_605' title='bbox 886 3428 953 3466; x_wconf 84' lang='lat' dir='ltr'>alia,</span> <span class='ocrx_word' id='word_1_606' title='bbox 971 3429 1141 3460; x_wconf 74' lang='lat' dir='ltr'>concess‘erit</span> <span class='ocrx_word' id='word_1_607' title='bbox 1161 3428 1241 3465; x_wconf 82' lang='lat' dir='ltr'>quod</span> 
     </span>
     <span class='ocr_line' id='line_1_100' title="bbox 189 3461 1242 3505; baseline 0.007 -16"><span class='ocrx_word' id='word_1_608' title='bbox 189 3470 288 3490; x_wconf 90' lang='lat' dir='ltr'>omnes</span> <span class='ocrx_word' id='word_1_609' title='bbox 304 3461 390 3491; x_wconf 89' lang='lat' dir='ltr'>Cives</span> <span class='ocrx_word' id='word_1_610' title='bbox 407 3462 565 3492; x_wconf 74' lang='lat' dir='ltr'>Londonite</span> <span class='ocrx_word' id='word_1_611' title='bbox 588 3465 686 3502; x_wconf 87' lang='lat' dir='ltr'>Quieti</span> <span class='ocrx_word' id='word_1_612' title='bbox 704 3465 756 3495; x_wconf 88' lang='lat' dir='ltr'>sint</span> <span class='ocrx_word' id='word_1_613' title='bbox 775 3466 810 3495; x_wconf 93' lang='lat' dir='ltr'>de</span> <span class='ocrx_word' id='word_1_614' title='bbox 828 3466 1019 3504; x_wconf 85' lang='lat' dir='ltr'>Theoloneo,</span> <span class='ocrx_word' id='word_1_615' title='bbox 1035 3469 1068 3498; x_wconf 89' lang='lat'>&amp;</span> <span class='ocrx_word' id='word_1_616' title='bbox 1092 3467 1242 3505; x_wconf 85' lang='lat' dir='ltr'>Lestagio,</span> 
     </span>
     <span class='ocr_line' id='line_1_101' title="bbox 190 3498 1240 3544; baseline 0.006 -15"><span class='ocrx_word' id='word_1_617' title='bbox 190 3500 221 3529; x_wconf 88' lang='lat'>&amp;</span> <span class='ocrx_word' id='word_1_618' title='bbox 239 3501 320 3528; x_wconf 87' lang='lat' dir='ltr'>omni</span> <span class='ocrx_word' id='word_1_619' title='bbox 334 3499 385 3529; x_wconf 71' lang='lat' dir='ltr'>alia</span> <span class='ocrx_word' id='word_1_620' title='bbox 400 3498 626 3539; x_wconf 76' lang='lat' dir='ltr'>consuetudine,</span> <span class='ocrx_word' id='word_1_621' title='bbox 646 3512 695 3538; x_wconf 88' lang='lat' dir='ltr'>per</span> <span class='ocrx_word' id='word_1_622' title='bbox 710 3514 809 3533; x_wconf 87' lang='lat' dir='ltr'>omnes</span> <span class='ocrx_word' id='word_1_623' title='bbox 825 3504 928 3534; x_wconf 86' lang='lat' dir='ltr'>Terras</span> <span class='ocrx_word' id='word_1_624' title='bbox 943 3505 1022 3544; x_wconf 84' lang='lat' dir='ltr'>ipsius</span> <span class='ocrx_word' id='word_1_625' title='bbox 1047 3505 1240 3541; x_wconf 87' lang='lat' dir='ltr'>Progenitoris</span> 
     </span>
     <span class='ocr_line' id='line_1_102' title="bbox 187 3536 1242 3578; baseline 0.008 -13"><span class='ocrx_word' id='word_1_626' title='bbox 187 3536 296 3576; x_wconf 87' lang='lat' dir='ltr'>nostri,</span> <span class='ocrx_word' id='word_1_627' title='bbox 314 3539 396 3575; x_wconf 87' lang='lat' dir='ltr'>citra,</span> <span class='ocrx_word' id='word_1_628' title='bbox 415 3537 516 3577; x_wconf 84' lang='lat' dir='ltr'>Mare,</span> <span class='ocrx_word' id='word_1_629' title='bbox 533 3541 566 3570; x_wconf 92' lang='lat'><strong>&amp;</strong></span> <span class='ocrx_word' id='word_1_630' title='bbox 582 3541 726 3578; x_wconf 87' lang='lat' dir='ltr'>ultra,per</span> <span class='ocrx_word' id='word_1_631' title='bbox 743 3542 845 3573; x_wconf 89' lang='lat' dir='ltr'>Portus</span> <span class='ocrx_word' id='word_1_632' title='bbox 859 3542 948 3573; x_wconf 87' lang='lat' dir='ltr'>Maris</span> <span class='ocrx_word' id='word_1_633' title='bbox 963 3543 1032 3574; x_wconf 82' lang='lat' dir='ltr'>citra</span> <span class='ocrx_word' id='word_1_634' title='bbox 1048 3543 1132 3573; x_wconf 88' lang='lat' dir='ltr'>Mare</span> <span class='ocrx_word' id='word_1_635' title='bbox 1152 3544 1185 3575; x_wconf 73' lang='grc' dir='ltr'>δε</span> <span class='ocrx_word' id='word_1_636' title='bbox 1201 3543 1242 3573; x_wconf 86' lang='lat' dir='ltr'>ul-</span> 
     </span>
     <span class='ocr_line' id='line_1_103' title="bbox 187 3583 227 3605; baseline 0.025 -1"><span class='ocrx_word' id='word_1_637' title='bbox 187 3583 227 3605; x_wconf 83' lang='lat' dir='ltr'>tra</span> 
     </span>
    </p>

    <p class='ocr_par' dir='ltr' id='par_1_38' title="bbox 185 3598 1243 3804">
     <span class='ocr_line' id='line_1_104' title="bbox 224 3598 1243 3658; baseline 0.008 -16"><span class='ocrx_word' id='word_1_638' title='bbox 224 3598 276 3651; x_wconf 48' lang='lat' dir='ltr'>Iit,</span> <span class='ocrx_word' id='word_1_639' title='bbox 298 3613 315 3643; x_wconf 84' lang='lat' dir='ltr'>si</span> <span class='ocrx_word' id='word_1_640' title='bbox 333 3615 393 3652; x_wconf 78' lang='lat' dir='ltr'>quis</span> <span class='ocrx_word' id='word_1_641' title='bbox 407 3616 434 3643; x_wconf 86' lang='lat' dir='ltr'>in</span> <span class='ocrx_word' id='word_1_642' title='bbox 448 3615 537 3653; x_wconf 86' lang='lat' dir='ltr'>aliqua</span> <span class='ocrx_word' id='word_1_643' title='bbox 551 3616 704 3647; x_wconf 84' lang='lat' dir='ltr'>Terrarum</span> <span class='ocrx_word' id='word_1_644' title='bbox 720 3618 828 3648; x_wconf 87' lang='lat' dir='ltr'>suarum</span> <span class='ocrx_word' id='word_1_645' title='bbox 846 3620 915 3649; x_wconf 85' lang='lat' dir='ltr'>citra</span> <span class='ocrx_word' id='word_1_646' title='bbox 935 3618 1017 3650; x_wconf 86' lang='lat' dir='ltr'>Mare</span> <span class='ocrx_word' id='word_1_647' title='bbox 1031 3620 1076 3650; x_wconf 89' lang='lat' dir='ltr'>vel</span> <span class='ocrx_word' id='word_1_648' title='bbox 1089 3620 1177 3658; x_wconf 85' lang='lat' dir='ltr'>ultra,</span> <span class='ocrx_word' id='word_1_649' title='bbox 1187 3619 1243 3651; x_wconf 86' lang='lat' dir='ltr'>five</span> 
     </span>
     <span class='ocr_line' id='line_1_105' title="bbox 186 3651 1240 3696; baseline 0.007 -15"><span class='ocrx_word' id='word_1_650' title='bbox 186 3652 215 3681; x_wconf 90' lang='lat' dir='ltr'>in</span> <span class='ocrx_word' id='word_1_651' title='bbox 232 3651 373 3682; x_wconf 81' lang='lat' dir='ltr'>Portubus</span> <span class='ocrx_word' id='word_1_652' title='bbox 387 3653 475 3682; x_wconf 82' lang='lat' dir='ltr'>Maris</span> <span class='ocrx_word' id='word_1_653' title='bbox 490 3654 557 3682; x_wconf 82' lang='lat' dir='ltr'>citra</span> <span class='ocrx_word' id='word_1_654' title='bbox 571 3653 653 3684; x_wconf 82' lang='lat' dir='ltr'>Mare</span> <span class='ocrx_word' id='word_1_655' title='bbox 666 3656 709 3685; x_wconf 88' lang='lat' dir='ltr'>vel</span> <span class='ocrx_word' id='word_1_656' title='bbox 728 3666 785 3686; x_wconf 86' lang='lat' dir='ltr'>utra</span> <span class='ocrx_word' id='word_1_657' title='bbox 796 3679 804 3694; x_wconf 82' lang='lat'>,</span> <span class='ocrx_word' id='word_1_658' title='bbox 822 3657 1028 3688; x_wconf 87' lang='lat' dir='ltr'>Theoloneum</span> <span class='ocrx_word' id='word_1_659' title='bbox 1052 3658 1095 3689; x_wconf 93' lang='lat' dir='ltr'>vel</span> <span class='ocrx_word' id='word_1_660' title='bbox 1120 3659 1240 3696; x_wconf 83' lang='lat' dir='ltr'>aliquam</span> 
     </span>
     <span class='ocr_line' id='line_1_106' title="bbox 185 3689 1242 3735; baseline 0.008 -16"><span class='ocrx_word' id='word_1_661' title='bbox 185 3690 264 3719; x_wconf 81' lang='lat' dir='ltr'>aliam</span> <span class='ocrx_word' id='word_1_662' title='bbox 281 3689 523 3721; x_wconf 85' lang='lat' dir='ltr'>Consuetudinem</span> <span class='ocrx_word' id='word_1_663' title='bbox 535 3693 571 3721; x_wconf 86' lang='lat' dir='ltr'>ab</span> <span class='ocrx_word' id='word_1_664' title='bbox 585 3691 757 3723; x_wconf 78' lang='lat' dir='ltr'>Hominibus</span> <span class='ocrx_word' id='word_1_665' title='bbox 775 3695 935 3724; x_wconf 79' lang='lat' dir='ltr'>Londonioe</span> <span class='ocrx_word' id='word_1_666' title='bbox 948 3706 1059 3733; x_wconf 89' lang='lat' dir='ltr'>caperet</span> <span class='ocrx_word' id='word_1_667' title='bbox 1069 3720 1078 3735; x_wconf 89' lang='lat'>‚</span> <span class='ocrx_word' id='word_1_668' title='bbox 1089 3696 1242 3735; x_wconf 85' lang='lat' dir='ltr'>postquam</span> 
     </span>
     <span class='ocr_line' id='line_1_107' title="bbox 186 3728 1242 3772; baseline 0.009 -17"><span class='ocrx_word' id='word_1_669' title='bbox 186 3729 241 3763; x_wconf 78' lang='lat' dir='ltr'>ipse</span> <span class='ocrx_word' id='word_1_670' title='bbox 260 3739 274 3758; x_wconf 83' lang='lat' dir='ltr'>a</span> <span class='ocrx_word' id='word_1_671' title='bbox 290 3729 367 3758; x_wconf 68' lang='lat' dir='ltr'>reeto</span> <span class='ocrx_word' id='word_1_672' title='bbox 382 3728 528 3767; x_wconf 70' lang='lat' dir='ltr'>deficeret,</span> <span class='ocrx_word' id='word_1_673' title='bbox 549 3729 737 3761; x_wconf 87' lang='lat' dir='ltr'>Vicecomites</span> <span class='ocrx_word' id='word_1_674' title='bbox 754 3732 913 3763; x_wconf 85' lang='lat' dir='ltr'>Londoniae</span> <span class='ocrx_word' id='word_1_675' title='bbox 926 3734 1068 3765; x_wconf 88' lang='lat' dir='ltr'>Namium</span> <span class='ocrx_word' id='word_1_676' title='bbox 1087 3735 1152 3765; x_wconf 91' lang='lat' dir='ltr'>inde</span> <span class='ocrx_word' id='word_1_677' title='bbox 1169 3735 1242 3772; x_wconf 89' lang='lat' dir='ltr'>apud</span> 
     </span>
     <span class='ocr_line' id='line_1_108' title="bbox 189 3765 531 3804; baseline 0.006 -9"><span class='ocrx_word' id='word_1_678' title='bbox 189 3765 370 3796; x_wconf 85' lang='lat' dir='ltr'>Londoniam</span> <span class='ocrx_word' id='word_1_679' title='bbox 384 3777 514 3804; x_wconf 76' lang='lat' dir='ltr'>caperent</span> <span class='ocrx_word' id='word_1_680' title='bbox 523 3792 531 3804; x_wconf 71' lang='grc'>,</span> 
     </span>
    </p>

    <p class='ocr_par' dir='ltr' id='par_1_39' title="bbox 190 3804 1242 3922">
     <span class='ocr_line' id='line_1_109' title="bbox 226 3804 1240 3848; baseline 0.008 -15"><span class='ocrx_word' id='word_1_681' title='bbox 226 3804 259 3833; x_wconf 83' lang='lat' dir='ltr'>Et</span> <span class='ocrx_word' id='word_1_682' title='bbox 285 3806 362 3842; x_wconf 74' lang='lat' dir='ltr'>quod</span> <span class='ocrx_word' id='word_1_683' title='bbox 387 3807 471 3846; x_wconf 72' lang='lat' dir='ltr'>iidem</span> <span class='ocrx_word' id='word_1_684' title='bbox 494 3805 581 3836; x_wconf 74' lang='lat' dir='ltr'>Cives</span> <span class='ocrx_word' id='word_1_685' title='bbox 600 3806 758 3838; x_wconf 83' lang='lat' dir='ltr'>Londoniae</span> <span class='ocrx_word' id='word_1_686' title='bbox 775 3831 784 3844; x_wconf 79' lang='lat'>‚</span> <span class='ocrx_word' id='word_1_687' title='bbox 808 3810 841 3839; x_wconf 60' lang='grc' dir='ltr'>ὃς</span> <span class='ocrx_word' id='word_1_688' title='bbox 865 3808 1000 3839; x_wconf 66' lang='lat' dir='ltr'>Haeredes</span> <span class='ocrx_word' id='word_1_689' title='bbox 1025 3820 1125 3841; x_wconf 85' lang='lat' dir='ltr'>eorum</span> <span class='ocrx_word' id='word_1_690' title='bbox 1141 3833 1151 3848; x_wconf 92' lang='lat'>,</span> <span class='ocrx_word' id='word_1_691' title='bbox 1177 3811 1240 3841; x_wconf 84' lang='lat' dir='ltr'>haec</span> 
     </span>
     <span class='ocr_line' id='line_1_110' title="bbox 190 3844 1242 3883; baseline 0.01 -14"><span class='ocrx_word' id='word_1_692' title='bbox 190 3844 283 3871; x_wconf 71' lang='lat' dir='ltr'>omnia</span> <span class='ocrx_word' id='word_1_693' title='bbox 299 3844 427 3875; x_wconf 65' lang='lat' dir='ltr'>praedit‘ta</span> <span class='ocrx_word' id='word_1_694' title='bbox 445 3844 614 3874; x_wconf 61' lang='lat' dir='ltr'>haereditarie</span> <span class='ocrx_word' id='word_1_695' title='bbox 631 3847 664 3876; x_wconf 66' lang='grc' dir='ltr'>ὃς</span> <span class='ocrx_word' id='word_1_696' title='bbox 687 3847 795 3883; x_wconf 76' lang='lat' dir='ltr'>integre</span> <span class='ocrx_word' id='word_1_697' title='bbox 815 3847 948 3877; x_wconf 84' lang='lat' dir='ltr'>haberent</span> <span class='ocrx_word' id='word_1_698' title='bbox 968 3850 1000 3877; x_wconf 88' lang='lat'>&amp;</span> <span class='ocrx_word' id='word_1_699' title='bbox 1017 3850 1034 3867; x_wconf 69' lang='lat'>*⁹</span> <span class='ocrx_word' id='word_1_700' title='bbox 1060 3858 1186 3879; x_wconf 86' lang='lat' dir='ltr'>tenerent</span> <span class='ocrx_word' id='word_1_701' title='bbox 1205 3849 1242 3879; x_wconf 90' lang='lat' dir='ltr'>de</span> 
     </span>
     <span class='ocr_line' id='line_1_111' title="bbox 191 3879 916 3922; baseline 0.011 -16"><span class='ocrx_word' id='word_1_702' title='bbox 191 3879 268 3907; x_wconf 62' lang='lat' dir='ltr'>disto</span> <span class='ocrx_word' id='word_1_703' title='bbox 287 3879 468 3915; x_wconf 61' lang='lat' dir='ltr'>progenitore</span> <span class='ocrx_word' id='word_1_704' title='bbox 484 3881 599 3920; x_wconf 86' lang='lat' dir='ltr'>nostr0,</span> <span class='ocrx_word' id='word_1_705' title='bbox 619 3885 652 3914; x_wconf 89' lang='lat'>&amp;</span> <span class='ocrx_word' id='word_1_706' title='bbox 666 3883 835 3914; x_wconf 86' lang='lat' dir='ltr'>Haeredibus</span> <span class='ocrx_word' id='word_1_707' title='bbox 849 3884 916 3922; x_wconf 80' lang='lat' dir='ltr'>suis,</span> 
     </span>
    </p>

    <p class='ocr_par' dir='ltr' id='par_1_40' title="bbox 188 3917 1245 4078">
     <span class='ocr_line' id='line_1_112' title="bbox 230 3917 1242 3964; baseline 0.011 -19"><span class='ocrx_word' id='word_1_708' title='bbox 230 3917 272 3946; x_wconf 68' lang='lat' dir='ltr'>Ac</span> <span class='ocrx_word' id='word_1_709' title='bbox 290 3919 474 3952; x_wconf 64' lang='lat' dir='ltr'>postmodum</span> <span class='ocrx_word' id='word_1_710' title='bbox 491 3920 634 3951; x_wconf 82' lang='lat' dir='ltr'>Dominus</span> <span class='ocrx_word' id='word_1_711' title='bbox 650 3925 794 3958; x_wconf 75' lang='lat' dir='ltr'>Henricur,</span> <span class='ocrx_word' id='word_1_712' title='bbox 816 3925 961 3960; x_wconf 83' lang='lat' dir='ltr'>quondam</span> <span class='ocrx_word' id='word_1_713' title='bbox 974 3927 1034 3953; x_wconf 86' lang='lat' dir='ltr'>Rex</span> <span class='ocrx_word' id='word_1_714' title='bbox 1054 3925 1183 3964; x_wconf 82' lang='lat' dir='ltr'>Angliae,</span> <span class='ocrx_word' id='word_1_715' title='bbox 1203 3925 1242 3961; x_wconf 65' lang='grc' dir='ltr'>ὠ·</span> 
     </span>
     <span class='ocr_line' id='line_1_113' title="bbox 192 3956 1243 4001; baseline 0.01 -19"><span class='ocrx_word' id='word_1_716' title='bbox 192 3956 258 3982; x_wconf 71' lang='lat' dir='ltr'>Dux</span> <span class='ocrx_word' id='word_1_717' title='bbox 272 3957 449 3997; x_wconf 52' lang='lat' dir='ltr'>N‹rr7¹,*121.*r,rsa*</span> <span class='ocrx_word' id='word_1_718' title='bbox 464 3956 501 3990; x_wconf 47' lang='lat'>(⁴3⁴</span> <span class='ocrx_word' id='word_1_719' title='bbox 520 3963 701 3998; x_wconf 74' lang='lat' dir='ltr'>Aquitanniae</span> <span class='ocrx_word' id='word_1_720' title='bbox 710 3983 720 3998; x_wconf 81' lang='lat'>,</span> <span class='ocrx_word' id='word_1_721' title='bbox 740 3961 823 3990; x_wconf 82' lang='lat' dir='ltr'>Filius</span> <span class='ocrx_word' id='word_1_722' title='bbox 840 3961 909 3989; x_wconf 53' lang='lat' dir='ltr'>dieti</span> <span class='ocrx_word' id='word_1_723' title='bbox 925 3971 1013 3998; x_wconf 85' lang='lat' dir='ltr'>nuper</span> <span class='ocrx_word' id='word_1_724' title='bbox 1029 3966 1105 3999; x_wconf 67' lang='lat' dir='ltr'>Regu</span> <span class='ocrx_word' id='word_1_725' title='bbox 1130 3963 1243 4001; x_wconf 84' lang='lat' dir='ltr'>Johan—</span> 
     </span>
     <span class='ocr_line' id='line_1_114' title="bbox 189 3994 1244 4040; baseline 0.01 -19"><span class='ocrx_word' id='word_1_726' title='bbox 189 3994 228 4021; x_wconf 69' lang='lat' dir='ltr'>ais</span> <span class='ocrx_word' id='word_1_727' title='bbox 240 4016 246 4029; x_wconf 83' lang='lat'><strong><em>‚</em></strong></span> <span class='ocrx_word' id='word_1_728' title='bbox 262 3994 381 4035; x_wconf 74' lang='lat' dir='ltr'>limiliter</span> <span class='ocrx_word' id='word_1_729' title='bbox 398 3996 561 4032; x_wconf 65' lang='lat' dir='ltr'>Progenitor</span> <span class='ocrx_word' id='word_1_730' title='bbox 576 3997 668 4027; x_wconf 85' lang='lat' dir='ltr'>noster</span> <span class='ocrx_word' id='word_1_731' title='bbox 678 4022 687 4035; x_wconf 84' lang='lat'>,</span> <span class='ocrx_word' id='word_1_732' title='bbox 705 3999 831 4028; x_wconf 88' lang='lat' dir='ltr'>Decimo</span> <span class='ocrx_word' id='word_1_733' title='bbox 845 3999 965 4035; x_wconf 85' lang='lat' dir='ltr'>septimo</span> <span class='ocrx_word' id='word_1_734' title='bbox 980 3999 1038 4029; x_wconf 86' lang='lat' dir='ltr'>Die</span> <span class='ocrx_word' id='word_1_735' title='bbox 1052 4002 1152 4038; x_wconf 82' lang='lat' dir='ltr'>Aprilis</span> <span class='ocrx_word' id='word_1_736' title='bbox 1163 4026 1171 4040; x_wconf 83' lang='lat'>‚</span> <span class='ocrx_word' id='word_1_737' title='bbox 1183 4004 1244 4032; x_wconf 87' lang='lat' dir='ltr'>An-</span> 
     </span>
     <span class='ocr_line' id='line_1_115' title="bbox 188 4030 1245 4078; baseline 0.012 -19"><span class='ocrx_word' id='word_1_738' title='bbox 188 4039 226 4060; x_wconf 86' lang='lat' dir='ltr'>no</span> <span class='ocrx_word' id='word_1_739' title='bbox 253 4030 348 4070; x_wconf 77' lang='lat' dir='ltr'>Regni</span> <span class='ocrx_word' id='word_1_740' title='bbox 371 4033 410 4063; x_wconf 88' lang='lat' dir='ltr'>sui</span> <span class='ocrx_word' id='word_1_741' title='bbox 433 4032 576 4064; x_wconf 81' lang='lat' dir='ltr'>Viceiimo</span> <span class='ocrx_word' id='word_1_742' title='bbox 604 4035 739 4075; x_wconf 83' lang='lat' dir='ltr'>septimo,</span> <span class='ocrx_word' id='word_1_743' title='bbox 758 4047 806 4075; x_wconf 83' lang='lat' dir='ltr'>per</span> <span class='ocrx_word' id='word_1_744' title='bbox 829 4036 944 4070; x_wconf 79' lang='lat' dir='ltr'>Cartam</span> <span class='ocrx_word' id='word_1_745' title='bbox 967 4037 1060 4077; x_wconf 85' lang='lat' dir='ltr'>suam,</span> <span class='ocrx_word' id='word_1_746' title='bbox 1078 4041 1148 4071; x_wconf 82' lang='lat' dir='ltr'>inter</span> <span class='ocrx_word' id='word_1_747' title='bbox 1175 4041 1245 4078; x_wconf 85' lang='lat' dir='ltr'>alia,</span> 
     </span>
    </p>
   </div>
   <div class='ocr_carea' id='block_1_25' title="bbox 1278 294 2468 339">
    <p class='ocr_par' dir='ltr' id='par_1_41' title="bbox 1278 294 2468 339">
     <span class='ocr_line' id='line_1_116' title="bbox 1278 294 2468 339; baseline 0.008 -17"><span class='ocrx_word' id='word_1_748' title='bbox 1278 295 1464 332; x_wconf 81' lang='lat' dir='ltr'>perpetuum,</span> <span class='ocrx_word' id='word_1_749' title='bbox 1491 294 1581 326; x_wconf 83' lang='lat' dir='ltr'>effent</span> <span class='ocrx_word' id='word_1_750' title='bbox 1600 296 1701 334; x_wconf 87' lang='lat' dir='ltr'>Quieti</span> <span class='ocrx_word' id='word_1_751' title='bbox 1721 297 1759 327; x_wconf 89' lang='lat' dir='ltr'>de</span> <span class='ocrx_word' id='word_1_752' title='bbox 1781 295 1924 334; x_wconf 87' lang='lat' dir='ltr'>Pavagio,</span> <span class='ocrx_word' id='word_1_753' title='bbox 1949 296 2028 329; x_wconf 88' lang='lat' dir='ltr'>Pont</span> <span class='ocrx_word' id='word_1_754' title='bbox 2063 300 2112 338; x_wconf 90' lang='lat' dir='ltr'>io,</span> <span class='ocrx_word' id='word_1_755' title='bbox 2130 302 2164 332; x_wconf 92' lang='lat'>&amp;</span> <span class='ocrx_word' id='word_1_756' title='bbox 2187 299 2346 339; x_wconf 88' lang='lat' dir='ltr'>Muragio,</span> <span class='ocrx_word' id='word_1_757' title='bbox 2358 305 2424 332; x_wconf 77' lang='lat' dir='ltr'>Heu.</span> <span class='ocrx_word' id='word_1_758' title='bbox 2439 303 2468 337; x_wconf 85' lang='lat'>6,</span> 
     </span>
    </p>
   </div>
   <div class='ocr_carea' id='block_1_26' title="bbox 1268 332 2346 2682">
    <p class='ocr_par' dir='ltr' id='par_1_42' title="bbox 1276 332 2328 377">
     <span class='ocr_line' id='line_1_117' title="bbox 1276 332 2328 377; baseline 0.007 -16"><span class='ocrx_word' id='word_1_759' title='bbox 1276 340 1327 369; x_wconf 88' lang='lat' dir='ltr'>per</span> <span class='ocrx_word' id='word_1_760' title='bbox 1345 341 1439 362; x_wconf 88' lang='lat' dir='ltr'>totum</span> <span class='ocrx_word' id='word_1_761' title='bbox 1455 332 1595 370; x_wconf 83' lang='lat' dir='ltr'>Regnum</span> <span class='ocrx_word' id='word_1_762' title='bbox 1610 334 1688 365; x_wconf 89' lang='lat' dir='ltr'>suum</span> <span class='ocrx_word' id='word_1_763' title='bbox 1703 336 1737 366; x_wconf 91' lang='lat'>&amp;</span> <span class='ocrx_word' id='word_1_764' title='bbox 1752 343 1846 365; x_wconf 90' lang='lat' dir='ltr'>totam</span> <span class='ocrx_word' id='word_1_765' title='bbox 1857 335 1981 366; x_wconf 90' lang='lat' dir='ltr'>Terram</span> <span class='ocrx_word' id='word_1_766' title='bbox 1994 336 2028 367; x_wconf 91' lang='lat'>&amp;</span> <span class='ocrx_word' id='word_1_767' title='bbox 2069 338 2219 370; x_wconf 88' lang='lat' dir='ltr'>otestatem</span> <span class='ocrx_word' id='word_1_768' title='bbox 2234 339 2328 377; x_wconf 86' lang='lat' dir='ltr'>suam,</span> 
     </span>
    </p>

    <p class='ocr_par' dir='ltr' id='par_1_43' title="bbox 1277 369 2343 447">
     <span class='ocr_line' id='line_1_118' title="bbox 1314 369 2343 414; baseline 0.008 -14"><span class='ocrx_word' id='word_1_769' title='bbox 1314 369 1402 401; x_wconf 89' lang='lat' dir='ltr'>Prout</span> <span class='ocrx_word' id='word_1_770' title='bbox 1418 372 1448 401; x_wconf 90' lang='lat' dir='ltr'>in</span> <span class='ocrx_word' id='word_1_771' title='bbox 1464 370 1556 402; x_wconf 89' lang='lat' dir='ltr'>Cartis</span> <span class='ocrx_word' id='word_1_772' title='bbox 1567 372 1723 412; x_wconf 64' lang='lat' dir='ltr'>praedietis,</span> <span class='ocrx_word' id='word_1_773' title='bbox 1744 383 1811 412; x_wconf 91' lang='lat' dir='ltr'>quas</span> <span class='ocrx_word' id='word_1_774' title='bbox 1825 372 2082 414; x_wconf 82' lang='lat' dir='ltr'>confirmaverimus</span> <span class='ocrx_word' id='word_1_775' title='bbox 2093 399 2103 414; x_wconf 92' lang='lat'>,</span> <span class='ocrx_word' id='word_1_776' title='bbox 2120 377 2230 414; x_wconf 77' lang='lat' dir='ltr'>plenius</span> <span class='ocrx_word' id='word_1_777' title='bbox 2246 379 2343 409; x_wconf 89' lang='lat' dir='ltr'>conti-</span> 
     </span>
     <span class='ocr_line' id='line_1_119' title="bbox 1277 416 1374 447; baseline 0 -9"><span class='ocrx_word' id='word_1_778' title='bbox 1277 416 1374 447; x_wconf 87' lang='lat' dir='ltr'>netur,</span> 
     </span>
    </p>

    <p class='ocr_par' dir='ltr' id='par_1_44' title="bbox 1275 446 2343 564">
     <span class='ocr_line' id='line_1_120' title="bbox 1310 446 2342 491; baseline 0.01 -15"><span class='ocrx_word' id='word_1_779' title='bbox 1310 446 1376 484; x_wconf 76' lang='lat' dir='ltr'>Jatn</span> <span class='ocrx_word' id='word_1_780' title='bbox 1398 458 1450 486; x_wconf 94' lang='lat' dir='ltr'>ue,</span> <span class='ocrx_word' id='word_1_781' title='bbox 1467 457 1502 479; x_wconf 88' lang='lat' dir='ltr'>ex</span> <span class='ocrx_word' id='word_1_782' title='bbox 1517 453 1610 487; x_wconf 82' lang='lat' dir='ltr'>parte,</span> <span class='ocrx_word' id='word_1_783' title='bbox 1624 448 1796 480; x_wconf 61' lang='lat' dir='ltr'>dilectorum</span> <span class='ocrx_word' id='word_1_784' title='bbox 1811 451 1913 488; x_wconf 80' lang='lat' dir='ltr'>nobis,</span> <span class='ocrx_word' id='word_1_785' title='bbox 1932 461 2010 483; x_wconf 92' lang='lat' dir='ltr'>nunc</span> <span class='ocrx_word' id='word_1_786' title='bbox 2025 449 2144 491; x_wconf 89' lang='lat' dir='ltr'>Majoris</span> <span class='ocrx_word' id='word_1_787' title='bbox 2163 454 2198 486; x_wconf 72' lang='grc' dir='ltr'>δε</span> <span class='ocrx_word' id='word_1_788' title='bbox 2221 453 2342 486; x_wconf 89' lang='lat' dir='ltr'>Civium</span> 
     </span>
     <span class='ocr_line' id='line_1_121' title="bbox 1275 484 2343 533; baseline 0.009 -18"><span class='ocrx_word' id='word_1_789' title='bbox 1275 484 1363 516; x_wconf 67' lang='lat' dir='ltr'>dictae</span> <span class='ocrx_word' id='word_1_790' title='bbox 1408 487 1510 517; x_wconf 85' lang='lat' dir='ltr'>ivitatis</span> <span class='ocrx_word' id='word_1_791' title='bbox 1526 487 1632 517; x_wconf 79' lang='lat' dir='ltr'>nostrae</span> <span class='ocrx_word' id='word_1_792' title='bbox 1648 487 1826 526; x_wconf 87' lang='lat' dir='ltr'>Londoniae,</span> <span class='ocrx_word' id='word_1_793' title='bbox 1842 489 1960 529; x_wconf 90' lang='lat' dir='ltr'>Nobis,</span> <span class='ocrx_word' id='word_1_794' title='bbox 1977 492 2098 530; x_wconf 84' lang='lat' dir='ltr'>graviter</span> <span class='ocrx_word' id='word_1_795' title='bbox 2120 493 2343 533; x_wconf 85' lang='lat' dir='ltr'>conquerendo,</span> 
     </span>
     <span class='ocr_line' id='line_1_122' title="bbox 1277 523 1630 564; baseline 0.008 -11"><span class='ocrx_word' id='word_1_796' title='bbox 1277 523 1469 555; x_wconf 87' lang='lat' dir='ltr'>monstratum</span> <span class='ocrx_word' id='word_1_797' title='bbox 1485 526 1516 556; x_wconf 85' lang='lat' dir='ltr'>fit</span> <span class='ocrx_word' id='word_1_798' title='bbox 1532 526 1630 564; x_wconf 78' lang='lat' dir='ltr'>quod,</span> 
     </span>
    </p>

    <p class='ocr_par' dir='ltr' id='par_1_45' title="bbox 1273 563 2344 910">
     <span class='ocr_line' id='line_1_123' title="bbox 1316 563 2343 608; baseline 0.01 -16"><span class='ocrx_word' id='word_1_799' title='bbox 1316 563 1396 593; x_wconf 90' lang='lat' dir='ltr'>Licet</span> <span class='ocrx_word' id='word_1_800' title='bbox 1411 564 1480 601; x_wconf 73' lang='lat' dir='ltr'>ipsi,</span> <span class='ocrx_word' id='word_1_801' title='bbox 1498 574 1531 594; x_wconf 88' lang='lat' dir='ltr'>ac</span> <span class='ocrx_word' id='word_1_802' title='bbox 1550 563 1788 603; x_wconf 85' lang='lat' dir='ltr'>Praedeceffores,</span> <span class='ocrx_word' id='word_1_803' title='bbox 1805 566 1840 597; x_wconf 88' lang='lat'>&amp;</span> <span class='ocrx_word' id='word_1_804' title='bbox 1862 566 2060 600; x_wconf 87' lang='lat' dir='ltr'>Antecessores</span> <span class='ocrx_word' id='word_1_805' title='bbox 2083 569 2140 608; x_wconf 88' lang='lat' dir='ltr'>sui,</span> <span class='ocrx_word' id='word_1_806' title='bbox 2157 570 2187 600; x_wconf 89' lang='lat' dir='ltr'>in</span> <span class='ocrx_word' id='word_1_807' title='bbox 2207 570 2343 602; x_wconf 77' lang='lat' dir='ltr'>omnibus</span> 
     </span>
     <span class='ocr_line' id='line_1_124' title="bbox 1275 601 2344 647; baseline 0.01 -17"><span class='ocrx_word' id='word_1_808' title='bbox 1275 601 1309 632; x_wconf 91' lang='lat'>&amp;</span> <span class='ocrx_word' id='word_1_809' title='bbox 1333 601 1443 641; x_wconf 77' lang='lat' dir='ltr'>singulis</span> <span class='ocrx_word' id='word_1_810' title='bbox 1465 602 1561 641; x_wconf 87' lang='lat' dir='ltr'>Villis,</span> <span class='ocrx_word' id='word_1_811' title='bbox 1580 602 1739 641; x_wconf 82' lang='lat' dir='ltr'>Portubus,</span> <span class='ocrx_word' id='word_1_812' title='bbox 1758 603 1862 642; x_wconf 81' lang='lat' dir='ltr'>Locis,</span> <span class='ocrx_word' id='word_1_813' title='bbox 1877 606 1993 645; x_wconf 88' lang='lat' dir='ltr'>Terris,</span> <span class='ocrx_word' id='word_1_814' title='bbox 2014 608 2048 639; x_wconf 87' lang='lat'>&amp;</span> <span class='ocrx_word' id='word_1_815' title='bbox 2069 607 2217 639; x_wconf 90' lang='lat' dir='ltr'>Dominiis</span> <span class='ocrx_word' id='word_1_816' title='bbox 2239 608 2344 647; x_wconf 84' lang='lat' dir='ltr'>praedi-</span> 
     </span>
     <span class='ocr_line' id='line_1_125' title="bbox 1275 640 2343 686; baseline 0.01 -18"><span class='ocrx_word' id='word_1_817' title='bbox 1275 640 1348 677; x_wconf 69' lang='lat' dir='ltr'>etis,</span> <span class='ocrx_word' id='word_1_818' title='bbox 1366 642 1434 670; x_wconf 88' lang='lat' dir='ltr'>citra</span> <span class='ocrx_word' id='word_1_819' title='bbox 1458 640 1542 672; x_wconf 86' lang='lat' dir='ltr'>Mare</span> <span class='ocrx_word' id='word_1_820' title='bbox 1561 642 1594 672; x_wconf 69' lang='grc' dir='ltr'>ὃς</span> <span class='ocrx_word' id='word_1_821' title='bbox 1618 642 1705 679; x_wconf 81' lang='lat' dir='ltr'>ultra,</span> <span class='ocrx_word' id='word_1_822' title='bbox 1723 643 1782 672; x_wconf 77' lang='lat' dir='ltr'>tam</span> <span class='ocrx_word' id='word_1_823' title='bbox 1808 643 1879 673; x_wconf 81' lang='lat' dir='ltr'>infra</span> <span class='ocrx_word' id='word_1_824' title='bbox 1898 643 2047 676; x_wconf 89' lang='lat' dir='ltr'>Ducatum</span> <span class='ocrx_word' id='word_1_825' title='bbox 2070 646 2200 678; x_wconf 89' lang='lat' dir='ltr'>nostrum</span> <span class='ocrx_word' id='word_1_826' title='bbox 2223 647 2343 686; x_wconf 76' lang='lat' dir='ltr'>Aquita-</span> 
     </span>
     <span class='ocr_line' id='line_1_126' title="bbox 1275 679 2341 725; baseline 0.008 -18"><span class='ocrx_word' id='word_1_827' title='bbox 1275 679 1348 715; x_wconf 84' lang='lat' dir='ltr'>niae,</span> <span class='ocrx_word' id='word_1_828' title='bbox 1366 680 1453 716; x_wconf 73' lang='lat' dir='ltr'>quarn</span> <span class='ocrx_word' id='word_1_829' title='bbox 1477 680 1562 717; x_wconf 85' lang='lat' dir='ltr'>alibi,</span> <span class='ocrx_word' id='word_1_830' title='bbox 1580 680 1616 710; x_wconf 91' lang='lat' dir='ltr'>de</span> <span class='ocrx_word' id='word_1_831' title='bbox 1638 680 1823 719; x_wconf 85' lang='lat' dir='ltr'>Theolonio,</span> <span class='ocrx_word' id='word_1_832' title='bbox 1842 680 1989 721; x_wconf 80' lang='lat' dir='ltr'>Lestagio,</span> <span class='ocrx_word' id='word_1_833' title='bbox 2006 682 2138 723; x_wconf 85' lang='lat' dir='ltr'>Pavagio</span> <span class='ocrx_word' id='word_1_834' title='bbox 2149 709 2159 725; x_wconf 87' lang='lat'>,</span> <span class='ocrx_word' id='word_1_835' title='bbox 2177 686 2341 725; x_wconf 82' lang='lat' dir='ltr'>Pontagio‚</span> 
     </span>
     <span class='ocr_line' id='line_1_127' title="bbox 1276 714 2342 760; baseline 0.011 -15"><span class='ocrx_word' id='word_1_836' title='bbox 1276 714 1431 755; x_wconf 83' lang='lat' dir='ltr'>Muragio,</span> <span class='ocrx_word' id='word_1_837' title='bbox 1449 718 1481 748; x_wconf 74' lang='grc' dir='ltr'>δε</span> <span class='ocrx_word' id='word_1_838' title='bbox 1496 719 1577 748; x_wconf 89' lang='lat' dir='ltr'>omni</span> <span class='ocrx_word' id='word_1_839' title='bbox 1603 719 1652 748; x_wconf 86' lang='lat' dir='ltr'>alia</span> <span class='ocrx_word' id='word_1_840' title='bbox 1674 719 1892 758; x_wconf 91' lang='lat' dir='ltr'>consuetudine,</span> <span class='ocrx_word' id='word_1_841' title='bbox 1911 730 2100 760; x_wconf 88' lang='lat' dir='ltr'>quocumque</span> <span class='ocrx_word' id='word_1_842' title='bbox 2121 726 2242 755; x_wconf 87' lang='lat' dir='ltr'>nomine</span> <span class='ocrx_word' id='word_1_843' title='bbox 2265 734 2342 756; x_wconf 87' lang='lat' dir='ltr'>nun-</span> 
     </span>
     <span class='ocr_line' id='line_1_128' title="bbox 1274 756 2341 802; baseline 0.01 -18"><span class='ocrx_word' id='word_1_844' title='bbox 1274 764 1429 793; x_wconf 87' lang='lat' dir='ltr'>cupentur,</span> <span class='ocrx_word' id='word_1_845' title='bbox 1448 765 1501 793; x_wconf 88' lang='lat' dir='ltr'>pro</span> <span class='ocrx_word' id='word_1_846' title='bbox 1517 756 1618 794; x_wconf 83' lang='lat' dir='ltr'>Bonis,</span> <span class='ocrx_word' id='word_1_847' title='bbox 1640 757 1753 795; x_wconf 82' lang='lat' dir='ltr'>Rebus,</span> <span class='ocrx_word' id='word_1_848' title='bbox 1772 758 1805 788; x_wconf 91' lang='lat'>&amp;</span> <span class='ocrx_word' id='word_1_849' title='bbox 1825 757 2009 789; x_wconf 87' lang='lat' dir='ltr'>Mercandilis</span> <span class='ocrx_word' id='word_1_850' title='bbox 2027 760 2080 791; x_wconf 90' lang='lat' dir='ltr'>suis</span> <span class='ocrx_word' id='word_1_851' title='bbox 2099 763 2341 802; x_wconf 81' lang='lat' dir='ltr'>quibuscumque,</span> 
     </span>
     <span class='ocr_line' id='line_1_129' title="bbox 1273 794 2341 838; baseline 0.009 -15"><span class='ocrx_word' id='word_1_852' title='bbox 1273 803 1289 822; x_wconf 90' lang='lat' dir='ltr'>a</span> <span class='ocrx_word' id='word_1_853' title='bbox 1307 803 1437 833; x_wconf 87' lang='lat' dir='ltr'>tempore</span> <span class='ocrx_word' id='word_1_854' title='bbox 1452 794 1653 825; x_wconf 68' lang='lat' dir='ltr'>Confeffionis</span> <span class='ocrx_word' id='word_1_855' title='bbox 1669 795 1820 826; x_wconf 90' lang='lat' dir='ltr'>Cartarum</span> <span class='ocrx_word' id='word_1_856' title='bbox 1839 797 2054 837; x_wconf 66' lang='lat' dir='ltr'>praedidtarum,</span> <span class='ocrx_word' id='word_1_857' title='bbox 2072 798 2180 838; x_wconf 83' lang='lat' dir='ltr'>semper</span> <span class='ocrx_word' id='word_1_858' title='bbox 2203 802 2341 832; x_wconf 67' lang='lat' dir='ltr'>haetenus</span> 
     </span>
     <span class='ocr_line' id='line_1_130' title="bbox 1275 831 2341 872; baseline 0.01 -11"><span class='ocrx_word' id='word_1_859' title='bbox 1275 831 1377 871; x_wconf 78' lang='lat' dir='ltr'>Qiieti</span> <span class='ocrx_word' id='word_1_860' title='bbox 1393 833 1512 869; x_wconf 71' lang='lat' dir='ltr'>fuerint,</span> <span class='ocrx_word' id='word_1_861' title='bbox 1527 835 1605 872; x_wconf 79' lang='lat' dir='ltr'>juxta</span> <span class='ocrx_word' id='word_1_862' title='bbox 1621 834 1744 865; x_wconf 86' lang='lat' dir='ltr'>formam</span> <span class='ocrx_word' id='word_1_863' title='bbox 1763 835 1797 866; x_wconf 90' lang='lat'>&amp;</span> <span class='ocrx_word' id='word_1_864' title='bbox 1816 834 1954 866; x_wconf 67' lang='lat' dir='ltr'>effectum</span> <span class='ocrx_word' id='word_1_865' title='bbox 1967 835 2195 870; x_wconf 87' lang='lat' dir='ltr'>Conceffionum</span> <span class='ocrx_word' id='word_1_866' title='bbox 2208 840 2242 870; x_wconf 91' lang='lat'>&amp;</span> <span class='ocrx_word' id='word_1_867' title='bbox 2256 839 2341 871; x_wconf 86' lang='lat' dir='ltr'>Con-</span> 
     </span>
     <span class='ocr_line' id='line_1_131' title="bbox 1274 868 1796 910; baseline 0.01 -11"><span class='ocrx_word' id='word_1_868' title='bbox 1274 868 1441 901; x_wconf 85' lang='lat' dir='ltr'>firmationis</span> <span class='ocrx_word' id='word_1_869' title='bbox 1457 872 1563 903; x_wconf 82' lang='lat' dir='ltr'>nostrae</span> <span class='ocrx_word' id='word_1_870' title='bbox 1581 873 1796 910; x_wconf 56' lang='lat' dir='ltr'>praedffitarum,</span> 
     </span>
    </p>

    <p class='ocr_par' dir='ltr' id='par_1_46' title="bbox 1268 909 2342 1288">
     <span class='ocr_line' id='line_1_132' title="bbox 1312 909 2342 955; baseline 0.009 -16"><span class='ocrx_word' id='word_1_871' title='bbox 1312 909 1372 939; x_wconf 89' lang='lat' dir='ltr'>Vos</span> <span class='ocrx_word' id='word_1_872' title='bbox 1395 919 1510 950; x_wconf 89' lang='lat' dir='ltr'>tamen,</span> <span class='ocrx_word' id='word_1_873' title='bbox 1534 911 1567 941; x_wconf 91' lang='lat' dir='ltr'>ad</span> <span class='ocrx_word' id='word_1_874' title='bbox 1592 910 1733 942; x_wconf 79' lang='lat' dir='ltr'>Praemiffa</span> <span class='ocrx_word' id='word_1_875' title='bbox 1752 910 2017 944; x_wconf 75' lang='lat' dir='ltr'>considerationem</span> <span class='ocrx_word' id='word_1_876' title='bbox 2041 924 2103 946; x_wconf 90' lang='lat' dir='ltr'>non</span> <span class='ocrx_word' id='word_1_877' title='bbox 2126 914 2279 955; x_wconf 74' lang='lat' dir='ltr'>habentes,</span> <span class='ocrx_word' id='word_1_878' title='bbox 2303 915 2342 948; x_wconf 84' lang='lat' dir='ltr'>de</span> 
     </span>
     <span class='ocr_line' id='line_1_133' title="bbox 1272 946 2342 990; baseline 0.007 -13"><span class='ocrx_word' id='word_1_879' title='bbox 1272 946 1356 978; x_wconf 67' lang='lat' dir='ltr'>dictis</span> <span class='ocrx_word' id='word_1_880' title='bbox 1369 947 1489 979; x_wconf 86' lang='lat' dir='ltr'>Civibus</span> <span class='ocrx_word' id='word_1_881' title='bbox 1504 949 1603 980; x_wconf 89' lang='lat' dir='ltr'>nostris</span> <span class='ocrx_word' id='word_1_882' title='bbox 1627 950 1802 987; x_wconf 80' lang='lat' dir='ltr'>Londoniae,</span> <span class='ocrx_word' id='word_1_883' title='bbox 1821 961 1907 989; x_wconf 90' lang='lat' dir='ltr'>penes</span> <span class='ocrx_word' id='word_1_884' title='bbox 1922 951 2088 990; x_wconf 71' lang='lat' dir='ltr'>praedistam</span> <span class='ocrx_word' id='word_1_885' title='bbox 2116 952 2275 985; x_wconf 84' lang='lat' dir='ltr'>Civitatem</span> <span class='ocrx_word' id='word_1_886' title='bbox 2287 952 2342 985; x_wconf 82' lang='lat' dir='ltr'>Ba-</span> 
     </span>
     <span class='ocr_line' id='line_1_134' title="bbox 1268 986 2341 1031; baseline 0.008 -17"><span class='ocrx_word' id='word_1_887' title='bbox 1268 986 1346 1022; x_wconf 80' lang='lat' dir='ltr'>jonae</span> <span class='ocrx_word' id='word_1_888' title='bbox 1356 1009 1366 1024; x_wconf 91' lang='lat'>,</span> <span class='ocrx_word' id='word_1_889' title='bbox 1384 987 1467 1018; x_wconf 69' lang='lat' dir='ltr'>causa</span> <span class='ocrx_word' id='word_1_890' title='bbox 1483 987 1727 1027; x_wconf 88' lang='lat' dir='ltr'>Mercandisandi,</span> <span class='ocrx_word' id='word_1_891' title='bbox 1743 990 1829 1019; x_wconf 90' lang='lat' dir='ltr'>indies</span> <span class='ocrx_word' id='word_1_892' title='bbox 1845 990 2055 1022; x_wconf 88' lang='lat' dir='ltr'>confluentibus</span> <span class='ocrx_word' id='word_1_893' title='bbox 2092 992 2234 1031; x_wconf 85' lang='lat' dir='ltr'>quandam</span> <span class='ocrx_word' id='word_1_894' title='bbox 2255 990 2341 1023; x_wconf 87' lang='lat' dir='ltr'>Con-</span> 
     </span>
     <span class='ocr_line' id='line_1_135' title="bbox 1272 1022 2341 1068; baseline 0.007 -14"><span class='ocrx_word' id='word_1_895' title='bbox 1272 1022 1445 1056; x_wconf 87' lang='lat' dir='ltr'>suetudinem</span> <span class='ocrx_word' id='word_1_896' title='bbox 1463 1025 1519 1056; x_wconf 78' lang='lat' dir='ltr'>sive</span> <span class='ocrx_word' id='word_1_897' title='bbox 1539 1026 1760 1067; x_wconf 87' lang='lat' dir='ltr'>Theoloneum,</span> <span class='ocrx_word' id='word_1_898' title='bbox 1779 1037 1829 1066; x_wconf 88' lang='lat' dir='ltr'>per</span> <span class='ocrx_word' id='word_1_899' title='bbox 1848 1027 1970 1059; x_wconf 89' lang='lat' dir='ltr'>Nomen</span> <span class='ocrx_word' id='word_1_900' title='bbox 1992 1029 2052 1060; x_wconf 84' lang='lat' dir='ltr'>Aff</span> <span class='ocrx_word' id='word_1_901' title='bbox 2065 1039 2090 1061; x_wconf 82' lang='lat' dir='ltr'>ae</span> <span class='ocrx_word' id='word_1_902' title='bbox 2122 1031 2256 1068; x_wconf 90' lang='lat' dir='ltr'>Quatuor</span> <span class='ocrx_word' id='word_1_903' title='bbox 2276 1030 2341 1062; x_wconf 86' lang='lat' dir='ltr'>De·</span> 
     </span>
     <span class='ocr_line' id='line_1_136' title="bbox 1272 1064 2342 1109; baseline 0.009 -18"><span class='ocrx_word' id='word_1_904' title='bbox 1272 1064 1416 1094; x_wconf 81' lang='lat' dir='ltr'>uariorum</span> <span class='ocrx_word' id='word_1_905' title='bbox 1441 1064 1476 1094; x_wconf 88' lang='lat' dir='ltr'>de</span> <span class='ocrx_word' id='word_1_906' title='bbox 1498 1064 1602 1103; x_wconf 86' lang='lat' dir='ltr'>Libra,</span> <span class='ocrx_word' id='word_1_907' title='bbox 1624 1065 1773 1104; x_wconf 87' lang='lat' dir='ltr'>videlicet,</span> <span class='ocrx_word' id='word_1_908' title='bbox 1798 1076 1887 1097; x_wconf 94' lang='lat' dir='ltr'>unum</span> <span class='ocrx_word' id='word_1_909' title='bbox 1907 1067 2103 1106; x_wconf 79' lang='lat' dir='ltr'>Quadrantem</span> <span class='ocrx_word' id='word_1_910' title='bbox 2125 1069 2265 1109; x_wconf 88' lang='lat' dir='ltr'>Argenti,</span> <span class='ocrx_word' id='word_1_911' title='bbox 2290 1070 2342 1109; x_wconf 83' lang='lat' dir='ltr'>qui</span> 
     </span>
     <span class='ocr_line' id='line_1_137' title="bbox 1272 1100 2341 1143; baseline 0.008 -13"><span class='ocrx_word' id='word_1_912' title='bbox 1272 1100 1314 1130; x_wconf 88' lang='lat' dir='ltr'>est</span> <span class='ocrx_word' id='word_1_913' title='bbox 1333 1102 1440 1142; x_wconf 83' lang='lat' dir='ltr'>Quatra</span> <span class='ocrx_word' id='word_1_914' title='bbox 1457 1113 1516 1140; x_wconf 85' lang='lat' dir='ltr'>pars</span> <span class='ocrx_word' id='word_1_915' title='bbox 1534 1105 1614 1134; x_wconf 91' lang='lat' dir='ltr'>unius</span> <span class='ocrx_word' id='word_1_916' title='bbox 1635 1103 1754 1135; x_wconf 86' lang='lat' dir='ltr'>Denarii</span> <span class='ocrx_word' id='word_1_917' title='bbox 1779 1103 1912 1136; x_wconf 87' lang='lat' dir='ltr'>Monetae</span> <span class='ocrx_word' id='word_1_918' title='bbox 1931 1106 2101 1143; x_wconf 86' lang='lat' dir='ltr'>Anglicanae</span> <span class='ocrx_word' id='word_1_919' title='bbox 2127 1116 2237 1139; x_wconf 88' lang='lat' dir='ltr'>vocatae</span> <span class='ocrx_word' id='word_1_920' title='bbox 2262 1107 2341 1139; x_wconf 88' lang='lat' dir='ltr'>Ster-</span> 
     </span>
     <span class='ocr_line' id='line_1_138' title="bbox 1271 1139 2341 1216; baseline 0.008 -46"><span class='ocrx_word' id='word_1_921' title='bbox 1271 1139 1383 1179; x_wconf 76' lang='lat' dir='ltr'>lingum</span> <span class='ocrx_word' id='word_1_922' title='bbox 1400 1165 1409 1180; x_wconf 88' lang='lat'>,</span> <span class='ocrx_word' id='word_1_923' title='bbox 1439 1141 1635 1179; x_wconf 90' lang='lat' dir='ltr'>computando</span> <span class='ocrx_word' id='word_1_924' title='bbox 1660 1142 1769 1183; x_wconf 89' lang='lat' dir='ltr'>Viginti</span> <span class='ocrx_word' id='word_1_925' title='bbox 1791 1143 1932 1174; x_wconf 88' lang='lat' dir='ltr'>Denarios</span> <span class='ocrx_word' id='word_1_926' title='bbox 1950 1143 2082 1176; x_wconf 85' lang='lat' dir='ltr'>Monetae</span> <span class='ocrx_word' id='word_1_927' title='bbox 2101 1145 2208 1176; x_wconf 85' lang='lat' dir='ltr'>nostrae</span> <span class='ocrx_word' id='word_1_928' title='bbox 2228 1146 2341 1216; x_wconf 49' lang='lat' dir='ltr'>⁴⁴¹2?ae</span> 
     </span>
     <span class='ocr_line' id='line_1_139' title="bbox 1273 1179 2339 1222; baseline 0.008 -13"><span class='ocrx_word' id='word_1_929' title='bbox 1273 1187 1326 1217; x_wconf 90' lang='lat' dir='ltr'>pro</span> <span class='ocrx_word' id='word_1_930' title='bbox 1348 1179 1452 1218; x_wconf 87' lang='lat' dir='ltr'>Libra,</span> <span class='ocrx_word' id='word_1_931' title='bbox 1470 1181 1506 1211; x_wconf 91' lang='lat' dir='ltr'>de</span> <span class='ocrx_word' id='word_1_932' title='bbox 1528 1181 1761 1221; x_wconf 73' lang='lat' dir='ltr'>quibuscumquae</span> <span class='ocrx_word' id='word_1_933' title='bbox 1787 1181 1992 1222; x_wconf 85' lang='lat' dir='ltr'>Mercandisis,</span> <span class='ocrx_word' id='word_1_934' title='bbox 2007 1193 2056 1222; x_wconf 89' lang='lat' dir='ltr'>per</span> <span class='ocrx_word' id='word_1_935' title='bbox 2079 1183 2152 1222; x_wconf 89' lang='lat' dir='ltr'>ipsos</span> <span class='ocrx_word' id='word_1_936' title='bbox 2175 1185 2209 1215; x_wconf 88' lang='lat' dir='ltr'>ad</span> <span class='ocrx_word' id='word_1_937' title='bbox 2231 1185 2260 1216; x_wconf 90' lang='lat' dir='ltr'>di</span> <span class='ocrx_word' id='word_1_938' title='bbox 2290 1195 2339 1217; x_wconf 85' lang='lat' dir='ltr'>am</span> 
     </span>
     <span class='ocr_line' id='line_1_140' title="bbox 1273 1217 2340 1288; baseline 0.007 -39"><span class='ocrx_word' id='word_1_939' title='bbox 1273 1217 1428 1288; x_wconf 58' lang='lat' dir='ltr'>givitatem</span> <span class='ocrx_word' id='word_1_940' title='bbox 1447 1218 1560 1250; x_wconf 88' lang='lat' dir='ltr'>Baionae</span> <span class='ocrx_word' id='word_1_941' title='bbox 1577 1220 1637 1258; x_wconf 87' lang='lat' dir='ltr'>jam</span> <span class='ocrx_word' id='word_1_942' title='bbox 1658 1222 1771 1252; x_wconf 83' lang='lat' dir='ltr'>noviter</span> <span class='ocrx_word' id='word_1_943' title='bbox 1792 1220 1948 1261; x_wconf 76' lang='lat' dir='ltr'>AdduCtis,</span> <span class='ocrx_word' id='word_1_944' title='bbox 1965 1222 1998 1253; x_wconf 91' lang='lat'>&amp;</span> <span class='ocrx_word' id='word_1_945' title='bbox 2022 1230 2098 1254; x_wconf 87' lang='lat' dir='ltr'>extra</span> <span class='ocrx_word' id='word_1_946' title='bbox 2117 1223 2238 1255; x_wconf 88' lang='lat' dir='ltr'>eandem</span> <span class='ocrx_word' id='word_1_947' title='bbox 2258 1223 2340 1256; x_wconf 91' lang='lat' dir='ltr'>Edu-</span> 
     </span>
    </p>

    <p class='ocr_par' dir='ltr' id='par_1_47' title="bbox 1305 1266 1345 1294">
     <span class='ocr_line' id='line_1_141' title="bbox 1305 1266 1345 1294; baseline 0 -9"><span class='ocrx_word' id='word_1_948' title='bbox 1305 1266 1345 1294; x_wconf 78' lang='lat' dir='ltr'>is,</span> 
     </span>
    </p>

    <p class='ocr_par' dir='ltr' id='par_1_48' title="bbox 1270 1294 2340 1489">
     <span class='ocr_line' id='line_1_142' title="bbox 1308 1294 2337 1340; baseline 0.008 -15"><span class='ocrx_word' id='word_1_949' title='bbox 1308 1294 1418 1326; x_wconf 88' lang='lat' dir='ltr'>Colore</span> <span class='ocrx_word' id='word_1_950' title='bbox 1434 1304 1572 1327; x_wconf 86' lang='lat' dir='ltr'>certarum</span> <span class='ocrx_word' id='word_1_951' title='bbox 1592 1297 1749 1328; x_wconf 89' lang='lat' dir='ltr'>Literarum</span> <span class='ocrx_word' id='word_1_952' title='bbox 1774 1298 1934 1330; x_wconf 88' lang='lat' dir='ltr'>nostrarum</span> <span class='ocrx_word' id='word_1_953' title='bbox 1958 1299 2137 1339; x_wconf 72' lang='lat' dir='ltr'>Fatendum,</span> <span class='ocrx_word' id='word_1_954' title='bbox 2154 1311 2220 1340; x_wconf 89' lang='lat' dir='ltr'>quas</span> <span class='ocrx_word' id='word_1_955' title='bbox 2245 1311 2337 1340; x_wconf 86' lang='lat' dir='ltr'>nuper</span> 
     </span>
     <span class='ocr_line' id='line_1_143' title="bbox 1272 1334 2337 1380; baseline 0.008 -17"><span class='ocrx_word' id='word_1_956' title='bbox 1272 1334 1404 1364; x_wconf 81' lang='lat' dir='ltr'>univerlis</span> <span class='ocrx_word' id='word_1_957' title='bbox 1424 1335 1457 1365; x_wconf 72' lang='grc' dir='ltr'>δε</span> <span class='ocrx_word' id='word_1_958' title='bbox 1476 1336 1589 1373; x_wconf 82' lang='lat' dir='ltr'>fingulis</span> <span class='ocrx_word' id='word_1_959' title='bbox 1604 1336 1818 1368; x_wconf 85' lang='lat' dir='ltr'>Habitatoribus</span> <span class='ocrx_word' id='word_1_960' title='bbox 1833 1337 1918 1369; x_wconf 64' lang='lat' dir='ltr'>dietae</span> <span class='ocrx_word' id='word_1_961' title='bbox 1934 1338 2064 1371; x_wconf 87' lang='lat' dir='ltr'>Civitatis</span> <span class='ocrx_word' id='word_1_962' title='bbox 2079 1341 2183 1371; x_wconf 88' lang='lat' dir='ltr'>nostrae</span> <span class='ocrx_word' id='word_1_963' title='bbox 2201 1339 2337 1380; x_wconf 86' lang='lat' dir='ltr'>Baionae,</span> 
     </span>
     <span class='ocr_line' id='line_1_144' title="bbox 1272 1373 2336 1416; baseline 0.008 -14"><span class='ocrx_word' id='word_1_964' title='bbox 1272 1373 1406 1410; x_wconf 80' lang='lat' dir='ltr'>quamdiu</span> <span class='ocrx_word' id='word_1_965' title='bbox 1423 1374 1504 1404; x_wconf 88' lang='lat' dir='ltr'>nobis</span> <span class='ocrx_word' id='word_1_966' title='bbox 1521 1374 1671 1413; x_wconf 85' lang='lat' dir='ltr'>placuerit,</span> <span class='ocrx_word' id='word_1_967' title='bbox 1690 1374 1894 1407; x_wconf 84' lang='lat' dir='ltr'>Conceffimus</span> <span class='ocrx_word' id='word_1_968' title='bbox 1929 1377 2141 1416; x_wconf 88' lang='lat' dir='ltr'>duraturarum,</span> <span class='ocrx_word' id='word_1_969' title='bbox 2158 1388 2191 1410; x_wconf 88' lang='lat' dir='ltr'>ac</span> <span class='ocrx_word' id='word_1_970' title='bbox 2216 1379 2336 1411; x_wconf 82' lang='lat' dir='ltr'>diversa-</span> 
     </span>
     <span class='ocr_line' id='line_1_145' title="bbox 1272 1399 2340 1456; baseline 0.007 -16"><span class='ocrx_word' id='word_1_971' title='bbox 1272 1421 1334 1454; x_wconf 85' lang='lat' dir='ltr'>rum</span> <span class='ocrx_word' id='word_1_972' title='bbox 1353 1411 1593 1452; x_wconf 82' lang='lat' dir='ltr'>Ordinationum,</span> <span class='ocrx_word' id='word_1_973' title='bbox 1613 1423 1647 1444; x_wconf 88' lang='lat' dir='ltr'>ex</span> <span class='ocrx_word' id='word_1_974' title='bbox 1664 1413 1842 1446; x_wconf 68' lang='lat' dir='ltr'>Auetoritate</span> <span class='ocrx_word' id='word_1_975' title='bbox 1856 1399 1947 1447; x_wconf 60' lang='lat' dir='ltr'>vestra</span> <span class='ocrx_word' id='word_1_976' title='bbox 1962 1418 2075 1456; x_wconf 86' lang='lat' dir='ltr'>propria</span> <span class='ocrx_word' id='word_1_977' title='bbox 2089 1417 2228 1450; x_wconf 63' lang='lat' dir='ltr'>factarum</span> <span class='ocrx_word' id='word_1_978' title='bbox 2243 1427 2274 1450; x_wconf 90' lang='lat' dir='ltr'>ut</span> <span class='ocrx_word' id='word_1_979' title='bbox 2296 1417 2340 1448; x_wconf 86' lang='lat' dir='ltr'>di-</span> 
     </span>
     <span class='ocr_line' id='line_1_146' title="bbox 1270 1459 1365 1489; baseline 0 -9"><span class='ocrx_word' id='word_1_980' title='bbox 1270 1459 1365 1489; x_wconf 80' lang='lat' dir='ltr'>citur;</span> 
     </span>
    </p>

    <p class='ocr_par' dir='ltr' id='par_1_49' title="bbox 1269 1488 2341 1647">
     <span class='ocr_line' id='line_1_147' title="bbox 1305 1488 2340 1533; baseline 0.006 -14"><span class='ocrx_word' id='word_1_981' title='bbox 1305 1488 1422 1529; x_wconf 79' lang='lat' dir='ltr'>Exigitis</span> <span class='ocrx_word' id='word_1_982' title='bbox 1434 1490 1467 1522; x_wconf 64' lang='grc' dir='ltr'>ὃς</span> <span class='ocrx_word' id='word_1_983' title='bbox 1483 1490 1606 1531; x_wconf 83' lang='lat' dir='ltr'>Capitis,</span> <span class='ocrx_word' id='word_1_984' title='bbox 1619 1503 1653 1525; x_wconf 78' lang='lat' dir='ltr'>ac</span> <span class='ocrx_word' id='word_1_985' title='bbox 1668 1492 1790 1532; x_wconf 85' lang='lat' dir='ltr'>Exigere</span> <span class='ocrx_word' id='word_1_986' title='bbox 1806 1492 1840 1525; x_wconf 75' lang='grc' dir='ltr'>δε</span> <span class='ocrx_word' id='word_1_987' title='bbox 1856 1492 1900 1524; x_wconf 87' lang='lat' dir='ltr'>Ca</span> <span class='ocrx_word' id='word_1_988' title='bbox 1921 1502 1966 1525; x_wconf 89' lang='lat' dir='ltr'>ere</span> <span class='ocrx_word' id='word_1_989' title='bbox 1979 1494 2124 1527; x_wconf 87' lang='lat' dir='ltr'>intenditis</span> <span class='ocrx_word' id='word_1_990' title='bbox 2134 1518 2144 1533; x_wconf 91' lang='lat'>,</span> <span class='ocrx_word' id='word_1_991' title='bbox 2165 1494 2294 1526; x_wconf 77' lang='lat' dir='ltr'>indebite</span> <span class='ocrx_word' id='word_1_992' title='bbox 2304 1494 2340 1526; x_wconf 88' lang='lat'>&amp;</span> 
     </span>
     <span class='ocr_line' id='line_1_148' title="bbox 1270 1528 2341 1571; baseline 0.006 -14"><span class='ocrx_word' id='word_1_993' title='bbox 1270 1528 1392 1567; x_wconf 74' lang='lat' dir='ltr'>injuste,</span> <span class='ocrx_word' id='word_1_994' title='bbox 1406 1531 1434 1559; x_wconf 93' lang='lat' dir='ltr'>in</span> <span class='ocrx_word' id='word_1_995' title='bbox 1448 1530 1570 1568; x_wconf 85' lang='lat' dir='ltr'>ipsorum</span> <span class='ocrx_word' id='word_1_996' title='bbox 1587 1532 1705 1563; x_wconf 83' lang='lat' dir='ltr'>Civium</span> <span class='ocrx_word' id='word_1_997' title='bbox 1722 1531 1886 1563; x_wconf 89' lang='lat' dir='ltr'>nostrorum</span> <span class='ocrx_word' id='word_1_998' title='bbox 1928 1533 2063 1564; x_wconf 90' lang='lat' dir='ltr'>ondoniae</span> <span class='ocrx_word' id='word_1_999' title='bbox 2075 1533 2268 1571; x_wconf 84' lang='lat' dir='ltr'>Dispendium</span> <span class='ocrx_word' id='word_1_1000' title='bbox 2278 1543 2341 1564; x_wconf 90' lang='lat' dir='ltr'>non</span> 
     </span>
     <span class='ocr_line' id='line_1_149' title="bbox 1271 1567 2339 1609; baseline 0.006 -12"><span class='ocrx_word' id='word_1_1001' title='bbox 1271 1567 1421 1598; x_wconf 88' lang='lat' dir='ltr'>modicum</span> <span class='ocrx_word' id='word_1_1002' title='bbox 1445 1569 1477 1599; x_wconf 92' lang='lat'>&amp;</span> <span class='ocrx_word' id='word_1_1003' title='bbox 1501 1569 1682 1609; x_wconf 86' lang='lat' dir='ltr'>Gravamen,</span> <span class='ocrx_word' id='word_1_1004' title='bbox 1699 1580 1732 1600; x_wconf 89' lang='lat' dir='ltr'>ac</span> <span class='ocrx_word' id='word_1_1005' title='bbox 1756 1579 1857 1602; x_wconf 86' lang='lat' dir='ltr'>contra</span> <span class='ocrx_word' id='word_1_1006' title='bbox 1880 1569 2016 1603; x_wconf 87' lang='lat' dir='ltr'>Formam</span> <span class='ocrx_word' id='word_1_1007' title='bbox 2031 1574 2065 1604; x_wconf 85' lang='lat'>&amp;</span> <span class='ocrx_word' id='word_1_1008' title='bbox 2081 1571 2153 1605; x_wconf 90' lang='lat' dir='ltr'>Vim</span> <span class='ocrx_word' id='word_1_1009' title='bbox 2167 1571 2339 1604; x_wconf 84' lang='lat' dir='ltr'>Conceffio-</span> 
     </span>
     <span class='ocr_line' id='line_1_150' title="bbox 1269 1605 1821 1647; baseline 0.005 -12"><span class='ocrx_word' id='word_1_1010' title='bbox 1269 1616 1340 1636; x_wconf 91' lang='lat' dir='ltr'>num</span> <span class='ocrx_word' id='word_1_1011' title='bbox 1355 1605 1591 1639; x_wconf 76' lang='lat' dir='ltr'>Confirmationis</span> <span class='ocrx_word' id='word_1_1012' title='bbox 1606 1610 1821 1647; x_wconf 64' lang='lat' dir='ltr'>praedifflrum,</span> 
     </span>
    </p>

    <p class='ocr_par' dir='ltr' id='par_1_50' title="bbox 1270 1643 2342 1918">
     <span class='ocr_line' id='line_1_151' title="bbox 1305 1643 2341 1687; baseline 0.006 -13"><span class='ocrx_word' id='word_1_1013' title='bbox 1305 1643 1344 1675; x_wconf 91' lang='lat' dir='ltr'>Et</span> <span class='ocrx_word' id='word_1_1014' title='bbox 1366 1646 1429 1683; x_wconf 86' lang='lat' dir='ltr'>quia</span> <span class='ocrx_word' id='word_1_1015' title='bbox 1450 1656 1509 1676; x_wconf 89' lang='lat' dir='ltr'>non</span> <span class='ocrx_word' id='word_1_1016' title='bbox 1532 1647 1573 1677; x_wconf 87' lang='lat' dir='ltr'>est</span> <span class='ocrx_word' id='word_1_1017' title='bbox 1590 1647 1652 1685; x_wconf 83' lang='lat' dir='ltr'>Juri</span> <span class='ocrx_word' id='word_1_1018' title='bbox 1675 1647 1849 1677; x_wconf 89' lang='lat' dir='ltr'>Consonum</span> <span class='ocrx_word' id='word_1_1019' title='bbox 1872 1656 1918 1679; x_wconf 91' lang='lat' dir='ltr'>aut</span> <span class='ocrx_word' id='word_1_1020' title='bbox 1940 1647 2076 1687; x_wconf 81' lang='lat' dir='ltr'>Rationi,</span> <span class='ocrx_word' id='word_1_1021' title='bbox 2097 1658 2154 1680; x_wconf 91' lang='lat' dir='ltr'>nec</span> <span class='ocrx_word' id='word_1_1022' title='bbox 2172 1648 2341 1680; x_wconf 80' lang='lat' dir='ltr'>Intentionis</span> 
     </span>
     <span class='ocr_line' id='line_1_152' title="bbox 1270 1682 2340 1726; baseline 0.006 -14"><span class='ocrx_word' id='word_1_1023' title='bbox 1270 1682 1373 1713; x_wconf 86' lang='lat' dir='ltr'>nostrae</span> <span class='ocrx_word' id='word_1_1024' title='bbox 1387 1685 1439 1714; x_wconf 86' lang='lat' dir='ltr'>fuit</span> <span class='ocrx_word' id='word_1_1025' title='bbox 1457 1684 1502 1715; x_wconf 88' lang='lat' dir='ltr'>vel</span> <span class='ocrx_word' id='word_1_1026' title='bbox 1516 1685 1575 1725; x_wconf 85' lang='lat' dir='ltr'>est,</span> <span class='ocrx_word' id='word_1_1027' title='bbox 1593 1685 1674 1724; x_wconf 84' lang='lat' dir='ltr'>quod</span> <span class='ocrx_word' id='word_1_1028' title='bbox 1691 1686 1765 1716; x_wconf 69' lang='lat' dir='ltr'>dicta</span> <span class='ocrx_word' id='word_1_1029' title='bbox 1783 1684 1890 1716; x_wconf 85' lang='lat' dir='ltr'>Civitas</span> <span class='ocrx_word' id='word_1_1030' title='bbox 1906 1686 2000 1718; x_wconf 86' lang='lat' dir='ltr'>nostra</span> <span class='ocrx_word' id='word_1_1031' title='bbox 2019 1686 2199 1726; x_wconf 89' lang='lat' dir='ltr'>Londoniae,</span> <span class='ocrx_word' id='word_1_1032' title='bbox 2216 1696 2264 1718; x_wconf 91' lang='lat' dir='ltr'>aut</span> <span class='ocrx_word' id='word_1_1033' title='bbox 2285 1686 2340 1718; x_wconf 89' lang='lat' dir='ltr'>Ci-</span> 
     </span>
     <span class='ocr_line' id='line_1_153' title="bbox 1270 1722 2341 1762; baseline 0.006 -11"><span class='ocrx_word' id='word_1_1034' title='bbox 1270 1731 1334 1760; x_wconf 67' lang='lat' dir='ltr'>ves,</span> <span class='ocrx_word' id='word_1_1035' title='bbox 1350 1722 1395 1752; x_wconf 88' lang='lat' dir='ltr'>vel</span> <span class='ocrx_word' id='word_1_1036' title='bbox 1414 1723 1566 1753; x_wconf 87' lang='lat' dir='ltr'>Libertates</span> <span class='ocrx_word' id='word_1_1037' title='bbox 1580 1724 1701 1762; x_wconf 89' lang='lat' dir='ltr'>ejusdem</span> <span class='ocrx_word' id='word_1_1038' title='bbox 1713 1747 1722 1761; x_wconf 91' lang='lat'>,</span> <span class='ocrx_word' id='word_1_1039' title='bbox 1742 1731 1880 1761; x_wconf 84' lang='lat' dir='ltr'>praetextu</span> <span class='ocrx_word' id='word_1_1040' title='bbox 1895 1724 2034 1755; x_wconf 66' lang='lat' dir='ltr'>dictarum</span> <span class='ocrx_word' id='word_1_1041' title='bbox 2051 1725 2209 1756; x_wconf 87' lang='lat' dir='ltr'>Literarum</span> <span class='ocrx_word' id='word_1_1042' title='bbox 2231 1725 2341 1756; x_wconf 87' lang='lat' dir='ltr'>nostra-</span> 
     </span>
     <span class='ocr_line' id='line_1_154' title="bbox 1270 1760 2342 1802; baseline 0.006 -12"><span class='ocrx_word' id='word_1_1043' title='bbox 1270 1770 1352 1797; x_wconf 90' lang='lat' dir='ltr'>rum,</span> <span class='ocrx_word' id='word_1_1044' title='bbox 1371 1770 1416 1791; x_wconf 87' lang='lat' dir='ltr'>aut</span> <span class='ocrx_word' id='word_1_1045' title='bbox 1431 1760 1654 1793; x_wconf 91' lang='lat' dir='ltr'>Ordinationum</span> <span class='ocrx_word' id='word_1_1046' title='bbox 1672 1762 1827 1793; x_wconf 89' lang='lat' dir='ltr'>vestrarum</span> <span class='ocrx_word' id='word_1_1047' title='bbox 1843 1761 2022 1800; x_wconf 82' lang='lat' dir='ltr'>hu&#39;usmodi‚</span> <span class='ocrx_word' id='word_1_1048' title='bbox 2040 1763 2069 1792; x_wconf 91' lang='lat' dir='ltr'>in</span> <span class='ocrx_word' id='word_1_1049' title='bbox 2084 1764 2179 1802; x_wconf 87' lang='lat' dir='ltr'>aliquo</span> <span class='ocrx_word' id='word_1_1050' title='bbox 2202 1763 2251 1795; x_wconf 84' lang='lat' dir='ltr'>der</span> <span class='ocrx_word' id='word_1_1051' title='bbox 2291 1773 2342 1795; x_wconf 90' lang='lat' dir='ltr'>en-</span> 
     </span>
     <span class='ocr_line' id='line_1_155' title="bbox 1271 1773 2341 1839; baseline 0.005 -10"><span class='ocrx_word' id='word_1_1052' title='bbox 1271 1808 1316 1829; x_wconf 91' lang='lat' dir='ltr'>tur</span> <span class='ocrx_word' id='word_1_1053' title='bbox 1333 1800 1378 1830; x_wconf 89' lang='lat' dir='ltr'>seu</span> <span class='ocrx_word' id='word_1_1054' title='bbox 1393 1800 1627 1839; x_wconf 79' lang='lat' dir='ltr'>praeiudicentur,</span> <span class='ocrx_word' id='word_1_1055' title='bbox 1645 1801 1682 1832; x_wconf 89' lang='lat' dir='ltr'>set</span> <span class='ocrx_word' id='word_1_1056' title='bbox 1697 1800 1794 1839; x_wconf 76' lang='lat' dir='ltr'>potius</span> <span class='ocrx_word' id='word_1_1057' title='bbox 1809 1802 1870 1838; x_wconf 81' lang='lat' dir='ltr'>quo</span> <span class='ocrx_word' id='word_1_1058' title='bbox 1910 1799 1986 1831; x_wconf 66' lang='lat' dir='ltr'>dicta</span> <span class='ocrx_word' id='word_1_1059' title='bbox 2009 1800 2118 1832; x_wconf 82' lang='lat' dir='ltr'>Civitas</span> <span class='ocrx_word' id='word_1_1060' title='bbox 2140 1801 2237 1832; x_wconf 87' lang='lat' dir='ltr'>nostra</span> <span class='ocrx_word' id='word_1_1061' title='bbox 2252 1773 2341 1834; x_wconf 48' lang='lat' dir='ltr'>ffi-</span> 
     </span>
     <span class='ocr_line' id='line_1_156' title="bbox 1270 1838 2341 1882; baseline 0.002 -14"><span class='ocrx_word' id='word_1_1062' title='bbox 1270 1838 1367 1868; x_wconf 86' lang='lat' dir='ltr'>doniae</span> <span class='ocrx_word' id='word_1_1063' title='bbox 1380 1840 1413 1870; x_wconf 90' lang='lat'>&amp;</span> <span class='ocrx_word' id='word_1_1064' title='bbox 1429 1838 1518 1869; x_wconf 90' lang='lat' dir='ltr'>Cives</span> <span class='ocrx_word' id='word_1_1065' title='bbox 1532 1839 1655 1878; x_wconf 88' lang='lat' dir='ltr'>ejusdem</span> <span class='ocrx_word' id='word_1_1066' title='bbox 1669 1840 1791 1870; x_wconf 61' lang='lat' dir='ltr'>habeant</span> <span class='ocrx_word' id='word_1_1067' title='bbox 1806 1839 1979 1882; x_wconf 80' lang='lat' dir='ltr'>Libertates,</span> <span class='ocrx_word' id='word_1_1068' title='bbox 1999 1839 2194 1879; x_wconf 86' lang='lat' dir='ltr'>Quietantias,</span> <span class='ocrx_word' id='word_1_1069' title='bbox 2212 1840 2246 1871; x_wconf 90' lang='lat'>&amp;</span> <span class='ocrx_word' id='word_1_1070' title='bbox 2257 1839 2341 1870; x_wconf 81' lang='lat' dir='ltr'>Con·</span> 
     </span>
     <span class='ocr_line' id='line_1_157' title="bbox 1270 1877 2146 1918; baseline 0.002 -11"><span class='ocrx_word' id='word_1_1071' title='bbox 1270 1877 1426 1908; x_wconf 86' lang='lat' dir='ltr'>suetudines</span> <span class='ocrx_word' id='word_1_1072' title='bbox 1439 1878 1514 1915; x_wconf 87' lang='lat' dir='ltr'>suas,</span> <span class='ocrx_word' id='word_1_1073' title='bbox 1530 1887 1615 1916; x_wconf 87' lang='lat' dir='ltr'>prout</span> <span class='ocrx_word' id='word_1_1074' title='bbox 1633 1878 1736 1914; x_wconf 84' lang='lat' dir='ltr'>iustum</span> <span class='ocrx_word' id='word_1_1075' title='bbox 1752 1878 1854 1915; x_wconf 87' lang='lat' dir='ltr'>fuerit,</span> <span class='ocrx_word' id='word_1_1076' title='bbox 1871 1877 1973 1908; x_wconf 83' lang='lat' dir='ltr'>liberas</span> <span class='ocrx_word' id='word_1_1077' title='bbox 1987 1878 2020 1909; x_wconf 72' lang='grc' dir='ltr'>ὃ(</span> <span class='ocrx_word' id='word_1_1078' title='bbox 2036 1878 2146 1918; x_wconf 83' lang='lat' dir='ltr'>illaesas,</span> 
     </span>
    </p>

    <p class='ocr_par' dir='ltr' id='par_1_51' title="bbox 1271 1915 2346 2535">
     <span class='ocr_line' id='line_1_158' title="bbox 1308 1915 2343 1956; baseline 0.002 -11"><span class='ocrx_word' id='word_1_1079' title='bbox 1308 1915 1401 1947; x_wconf 91' lang='lat' dir='ltr'>Vobis</span> <span class='ocrx_word' id='word_1_1080' title='bbox 1415 1915 1603 1955; x_wconf 86' lang='lat' dir='ltr'>Mandamus,</span> <span class='ocrx_word' id='word_1_1081' title='bbox 1622 1917 1742 1948; x_wconf 85' lang='lat' dir='ltr'>firmiter</span> <span class='ocrx_word' id='word_1_1082' title='bbox 1757 1917 1948 1955; x_wconf 84' lang='lat' dir='ltr'>injungentes,</span> <span class='ocrx_word' id='word_1_1083' title='bbox 1967 1916 2049 1954; x_wconf 81' lang='lat' dir='ltr'>quod</span> <span class='ocrx_word' id='word_1_1084' title='bbox 2064 1917 2136 1956; x_wconf 91' lang='lat' dir='ltr'>ipsos</span> <span class='ocrx_word' id='word_1_1085' title='bbox 2153 1915 2242 1948; x_wconf 87' lang='lat' dir='ltr'>Cives</span> <span class='ocrx_word' id='word_1_1086' title='bbox 2259 1915 2343 1948; x_wconf 89' lang='lat' dir='ltr'>Lon-</span> 
     </span>
     <span class='ocr_line' id='line_1_159' title="bbox 1271 1953 2342 1993; baseline 0.003 -9"><span class='ocrx_word' id='word_1_1087' title='bbox 1271 1953 1367 1985; x_wconf 86' lang='lat' dir='ltr'>doniae</span> <span class='ocrx_word' id='word_1_1088' title='bbox 1409 1955 1443 1985; x_wconf 90' lang='lat' dir='ltr'>ad</span> <span class='ocrx_word' id='word_1_1089' title='bbox 1462 1955 1569 1986; x_wconf 67' lang='lat' dir='ltr'>dietam</span> <span class='ocrx_word' id='word_1_1090' title='bbox 1592 1955 1750 1986; x_wconf 86' lang='lat' dir='ltr'>Civitatem</span> <span class='ocrx_word' id='word_1_1091' title='bbox 1770 1955 1885 1985; x_wconf 87' lang='lat' dir='ltr'>Baionae</span> <span class='ocrx_word' id='word_1_1092' title='bbox 1900 1977 1910 1993; x_wconf 90' lang='lat'>,</span> <span class='ocrx_word' id='word_1_1093' title='bbox 1937 1954 2032 1985; x_wconf 69' lang='lat' dir='ltr'>Causa</span> <span class='ocrx_word' id='word_1_1094' title='bbox 2055 1955 2283 1986; x_wconf 88' lang='lat' dir='ltr'>Mercandisandi</span> <span class='ocrx_word' id='word_1_1095' title='bbox 2309 1963 2342 1988; x_wconf 82' lang='lat' dir='ltr'>ut</span> 
     </span>
     <span class='ocr_line' id='line_1_160' title="bbox 1271 1979 2343 2033; baseline 0.001 -10"><span class='ocrx_word' id='word_1_1096' title='bbox 1271 1979 1442 2029; x_wconf 59' lang='lat' dir='ltr'>praedigtum</span> <span class='ocrx_word' id='word_1_1097' title='bbox 1460 1994 1521 2032; x_wconf 89' lang='lat' dir='ltr'>est,</span> <span class='ocrx_word' id='word_1_1098' title='bbox 1539 1995 1716 2025; x_wconf 75' lang='lat' dir='ltr'>confluentes</span> <span class='ocrx_word' id='word_1_1099' title='bbox 1728 1995 1761 2025; x_wconf 89' lang='lat'>&amp;</span> <span class='ocrx_word' id='word_1_1100' title='bbox 1774 1993 1984 2031; x_wconf 78' lang='lat' dir='ltr'>confluendos,</span> <span class='ocrx_word' id='word_1_1101' title='bbox 2001 1993 2036 2023; x_wconf 92' lang='lat' dir='ltr'>de</span> <span class='ocrx_word' id='word_1_1102' title='bbox 2060 1994 2222 2033; x_wconf 87' lang='lat' dir='ltr'>hujusmodi</span> <span class='ocrx_word' id='word_1_1103' title='bbox 2241 1994 2343 2025; x_wconf 87' lang='lat' dir='ltr'>Theo-</span> 
     </span>
     <span class='ocr_line' id='line_1_161' title="bbox 1271 2031 2344 2072; baseline 0.003 -11"><span class='ocrx_word' id='word_1_1104' title='bbox 1271 2032 1374 2071; x_wconf 87' lang='lat' dir='ltr'>loneo,</span> <span class='ocrx_word' id='word_1_1105' title='bbox 1400 2032 1549 2072; x_wconf 85' lang='lat' dir='ltr'>Lestagio,</span> <span class='ocrx_word' id='word_1_1106' title='bbox 1565 2032 1710 2072; x_wconf 85' lang='lat' dir='ltr'>Pavagio,</span> <span class='ocrx_word' id='word_1_1107' title='bbox 1730 2033 1890 2070; x_wconf 84' lang='lat' dir='ltr'>Pontagio,</span> <span class='ocrx_word' id='word_1_1108' title='bbox 1908 2033 1943 2063; x_wconf 90' lang='lat'>&amp;</span> <span class='ocrx_word' id='word_1_1109' title='bbox 1957 2031 2098 2071; x_wconf 90' lang='lat' dir='ltr'>Muragio</span> <span class='ocrx_word' id='word_1_1110' title='bbox 2130 2033 2165 2064; x_wconf 93' lang='lat'>&amp;</span> <span class='ocrx_word' id='word_1_1111' title='bbox 2186 2033 2269 2064; x_wconf 88' lang='lat' dir='ltr'>omni</span> <span class='ocrx_word' id='word_1_1112' title='bbox 2289 2033 2344 2064; x_wconf 76' lang='lat' dir='ltr'>alia</span> 
     </span>
     <span class='ocr_line' id='line_1_162' title="bbox 1271 2056 2345 2116; baseline 0.002 -16"><span class='ocrx_word' id='word_1_1113' title='bbox 1271 2071 1472 2102; x_wconf 87' lang='lat' dir='ltr'>consuetudine</span> <span class='ocrx_word' id='word_1_1114' title='bbox 1495 2081 1676 2110; x_wconf 87' lang='lat' dir='ltr'>quacumque</span> <span class='ocrx_word' id='word_1_1115' title='bbox 1692 2095 1702 2110; x_wconf 90' lang='lat'>,</span> <span class='ocrx_word' id='word_1_1116' title='bbox 1737 2071 1787 2103; x_wconf 88' lang='lat' dir='ltr'>sub</span> <span class='ocrx_word' id='word_1_1117' title='bbox 1817 2070 2045 2110; x_wconf 87' lang='lat' dir='ltr'>quibuscumque</span> <span class='ocrx_word' id='word_1_1118' title='bbox 2073 2056 2273 2111; x_wconf 66' lang='lat' dir='ltr'>N&#39;ominibus,</span> <span class='ocrx_word' id='word_1_1119' title='bbox 2287 2071 2345 2116; x_wconf 75' lang='lat' dir='ltr'>five</span> 
     </span>
     <span class='ocr_line' id='line_1_163' title="bbox 1272 2108 2346 2149; baseline 0.004 -11"><span class='ocrx_word' id='word_1_1120' title='bbox 1272 2108 1418 2139; x_wconf 81' lang='lat' dir='ltr'>Terminis</span> <span class='ocrx_word' id='word_1_1121' title='bbox 1440 2119 1639 2148; x_wconf 86' lang='lat' dir='ltr'>nuncupentur</span> <span class='ocrx_word' id='word_1_1122' title='bbox 1679 2120 1732 2149; x_wconf 91' lang='lat' dir='ltr'>pro</span> <span class='ocrx_word' id='word_1_1123' title='bbox 1754 2109 1857 2147; x_wconf 84' lang='lat' dir='ltr'>Bonis,</span> <span class='ocrx_word' id='word_1_1124' title='bbox 1885 2108 2003 2148; x_wconf 89' lang='lat' dir='ltr'>Rebus,</span> <span class='ocrx_word' id='word_1_1125' title='bbox 2021 2110 2055 2140; x_wconf 76' lang='grc' dir='ltr'>δε</span> <span class='ocrx_word' id='word_1_1126' title='bbox 2079 2109 2268 2141; x_wconf 86' lang='lat' dir='ltr'>Mercandisis</span> <span class='ocrx_word' id='word_1_1127' title='bbox 2289 2111 2346 2142; x_wconf 67' lang='lat' dir='ltr'>suss</span> 
     </span>
     <span class='ocr_line' id='line_1_164' title="bbox 1272 2134 2344 2190; baseline 0.004 -13"><span class='ocrx_word' id='word_1_1128' title='bbox 1272 2149 1434 2187; x_wconf 70' lang='lat' dir='ltr'>praediffis,</span> <span class='ocrx_word' id='word_1_1129' title='bbox 1451 2149 1485 2179; x_wconf 92' lang='lat' dir='ltr'>ad</span> <span class='ocrx_word' id='word_1_1130' title='bbox 1501 2149 1609 2180; x_wconf 68' lang='lat' dir='ltr'>dictam</span> <span class='ocrx_word' id='word_1_1131' title='bbox 1633 2134 1790 2180; x_wconf 75' lang='lat' dir='ltr'>Civitatem</span> <span class='ocrx_word' id='word_1_1132' title='bbox 1806 2147 1921 2190; x_wconf 87' lang='lat' dir='ltr'>Baionae</span> <span class='ocrx_word' id='word_1_1133' title='bbox 1936 2147 2077 2180; x_wconf 67' lang='lat' dir='ltr'>Adduffls</span> <span class='ocrx_word' id='word_1_1134' title='bbox 2093 2149 2127 2180; x_wconf 91' lang='lat'>&amp;</span> <span class='ocrx_word' id='word_1_1135' title='bbox 2142 2149 2344 2189; x_wconf 83' lang='lat' dir='ltr'>Adducendis,</span> 
     </span>
     <span class='ocr_line' id='line_1_165' title="bbox 1272 2186 2343 2227; baseline 0.004 -11"><span class='ocrx_word' id='word_1_1136' title='bbox 1272 2186 1317 2216; x_wconf 90' lang='lat' dir='ltr'>vel</span> <span class='ocrx_word' id='word_1_1137' title='bbox 1332 2197 1408 2218; x_wconf 82' lang='lat' dir='ltr'>extra</span> <span class='ocrx_word' id='word_1_1138' title='bbox 1425 2187 1543 2218; x_wconf 67' lang='lat' dir='ltr'>eandem</span> <span class='ocrx_word' id='word_1_1139' title='bbox 1558 2187 1677 2219; x_wconf 71' lang='lat' dir='ltr'>Eduffls</span> <span class='ocrx_word' id='word_1_1140' title='bbox 1690 2189 1724 2219; x_wconf 90' lang='lat'>&amp;</span> <span class='ocrx_word' id='word_1_1141' title='bbox 1746 2186 1926 2225; x_wconf 90' lang='lat' dir='ltr'>Educendis,</span> <span class='ocrx_word' id='word_1_1142' title='bbox 1941 2186 2026 2217; x_wconf 85' lang='lat' dir='ltr'>vobis</span> <span class='ocrx_word' id='word_1_1143' title='bbox 2047 2187 2227 2226; x_wconf 77' lang='lat' dir='ltr'>praestandis,</span> <span class='ocrx_word' id='word_1_1144' title='bbox 2248 2188 2343 2227; x_wconf 84' lang='lat' dir='ltr'>Qie-</span> 
     </span>
     <span class='ocr_line' id='line_1_166' title="bbox 1273 2222 2343 2266; baseline 0.003 -11"><span class='ocrx_word' id='word_1_1145' title='bbox 1273 2233 1319 2256; x_wconf 91' lang='lat' dir='ltr'>tos</span> <span class='ocrx_word' id='word_1_1146' title='bbox 1341 2226 1398 2256; x_wconf 83' lang='lat' dir='ltr'>effe</span> <span class='ocrx_word' id='word_1_1147' title='bbox 1414 2227 1577 2266; x_wconf 87' lang='lat' dir='ltr'>permittatis</span> <span class='ocrx_word' id='word_1_1148' title='bbox 1597 2228 1674 2265; x_wconf 76' lang='lat' dir='ltr'>Juxta</span> <span class='ocrx_word' id='word_1_1149' title='bbox 1696 2222 1847 2256; x_wconf 88' lang='lat' dir='ltr'>Tenorem</span> <span class='ocrx_word' id='word_1_1150' title='bbox 1870 2224 2019 2256; x_wconf 85' lang='lat' dir='ltr'>Cartarum</span> <span class='ocrx_word' id='word_1_1151' title='bbox 2043 2227 2078 2257; x_wconf 93' lang='lat'>&amp;</span> <span class='ocrx_word' id='word_1_1152' title='bbox 2102 2224 2343 2258; x_wconf 81' lang='lat' dir='ltr'>Confirmationis</span> 
     </span>
     <span class='ocr_line' id='line_1_167' title="bbox 1273 2263 2342 2308; baseline 0.002 -14"><span class='ocrx_word' id='word_1_1153' title='bbox 1273 2264 1490 2302; x_wconf 56' lang='lat' dir='ltr'>praedictarum,</span> <span class='ocrx_word' id='word_1_1154' title='bbox 1510 2265 1542 2296; x_wconf 91' lang='lat'>&amp;</span> <span class='ocrx_word' id='word_1_1155' title='bbox 1566 2274 1649 2303; x_wconf 86' lang='lat' dir='ltr'>prout</span> <span class='ocrx_word' id='word_1_1156' title='bbox 1670 2264 1719 2304; x_wconf 83' lang='lat' dir='ltr'>ipfi</span> <span class='ocrx_word' id='word_1_1157' title='bbox 1738 2264 1804 2295; x_wconf 92' lang='lat' dir='ltr'>inde</span> <span class='ocrx_word' id='word_1_1158' title='bbox 1823 2264 1923 2303; x_wconf 80' lang='lat' dir='ltr'>Qiieti</span> <span class='ocrx_word' id='word_1_1159' title='bbox 1944 2263 2000 2294; x_wconf 84' lang='lat' dir='ltr'>effe</span> <span class='ocrx_word' id='word_1_1160' title='bbox 2015 2263 2120 2308; x_wconf 77' lang='lat' dir='ltr'>debent</span> <span class='ocrx_word' id='word_1_1161' title='bbox 2151 2264 2289 2308; x_wconf 31' lang='lat' dir='ltr'>‘Ipfique,</span> <span class='ocrx_word' id='word_1_1162' title='bbox 2305 2267 2342 2299; x_wconf 69' lang='grc' dir='ltr'>ὃς</span> 
     </span>
     <span class='ocr_line' id='line_1_168' title="bbox 1272 2287 2342 2347; baseline 0.003 -15"><span class='ocrx_word' id='word_1_1163' title='bbox 1272 2312 1372 2333; x_wconf 87' lang='lat' dir='ltr'>eorum</span> <span class='ocrx_word' id='word_1_1164' title='bbox 1390 2303 1613 2334; x_wconf 81' lang='lat' dir='ltr'>Praedeceflores</span> <span class='ocrx_word' id='word_1_1165' title='bbox 1627 2304 1659 2335; x_wconf 90' lang='lat'>&amp;</span> <span class='ocrx_word' id='word_1_1166' title='bbox 1680 2303 1896 2341; x_wconf 82' lang='lat' dir='ltr'>Anteceffores,</span> <span class='ocrx_word' id='word_1_1167' title='bbox 1915 2301 2004 2333; x_wconf 69' lang='lat' dir='ltr'>Cives</span> <span class='ocrx_word' id='word_1_1168' title='bbox 2016 2302 2103 2333; x_wconf 69' lang='lat' dir='ltr'>dietae</span> <span class='ocrx_word' id='word_1_1169' title='bbox 2115 2287 2247 2347; x_wconf 64' lang='lat' dir='ltr'>¹Civitatis</span> <span class='ocrx_word' id='word_1_1170' title='bbox 2257 2304 2342 2335; x_wconf 88' lang='lat' dir='ltr'>Lon-</span> 
     </span>
     <span class='ocr_line' id='line_1_169' title="bbox 1273 2339 2340 2386; baseline 0.003 -15"><span class='ocrx_word' id='word_1_1171' title='bbox 1273 2342 1385 2380; x_wconf 86' lang='lat' dir='ltr'>doniae,</span> <span class='ocrx_word' id='word_1_1172' title='bbox 1410 2342 1446 2373; x_wconf 92' lang='lat' dir='ltr'>de</span> <span class='ocrx_word' id='word_1_1173' title='bbox 1467 2341 1626 2378; x_wconf 81' lang='lat' dir='ltr'>huiusmodi</span> <span class='ocrx_word' id='word_1_1174' title='bbox 1651 2342 1835 2379; x_wconf 89' lang='lat' dir='ltr'>Theolonio,</span> <span class='ocrx_word' id='word_1_1175' title='bbox 1851 2340 1998 2380; x_wconf 83' lang='lat' dir='ltr'>LestagiO,</span> <span class='ocrx_word' id='word_1_1176' title='bbox 2017 2339 2158 2386; x_wconf 69' lang='lat' dir='ltr'>Pavagio,</span> <span class='ocrx_word' id='word_1_1177' title='bbox 2176 2341 2340 2382; x_wconf 63' lang='lat' dir='ltr'>Pon-agio,</span> 
     </span>
     <span class='ocr_line' id='line_1_170' title="bbox 1273 2379 2340 2424; baseline 0.002 -14"><span class='ocrx_word' id='word_1_1178' title='bbox 1273 2379 1408 2420; x_wconf 85' lang='lat' dir='ltr'>Muragio</span> <span class='ocrx_word' id='word_1_1179' title='bbox 1418 2404 1428 2420; x_wconf 87' lang='lat'>,</span> <span class='ocrx_word' id='word_1_1180' title='bbox 1440 2382 1472 2412; x_wconf 90' lang='lat'>&amp;</span> <span class='ocrx_word' id='word_1_1181' title='bbox 1485 2379 1716 2420; x_wconf 87' lang='lat' dir='ltr'>Consuetudine,</span> <span class='ocrx_word' id='word_1_1182' title='bbox 1731 2391 1747 2412; x_wconf 91' lang='lat' dir='ltr'>a</span> <span class='ocrx_word' id='word_1_1183' title='bbox 1762 2389 1820 2411; x_wconf 86' lang='lat' dir='ltr'>tem</span> <span class='ocrx_word' id='word_1_1184' title='bbox 1863 2389 1892 2410; x_wconf 91' lang='lat' dir='ltr'>re</span> <span class='ocrx_word' id='word_1_1185' title='bbox 1906 2379 2094 2424; x_wconf 64' lang='lat' dir='ltr'>confeehonis</span> <span class='ocrx_word' id='word_1_1186' title='bbox 2108 2379 2257 2412; x_wconf 86' lang='lat' dir='ltr'>Cartarum</span> <span class='ocrx_word' id='word_1_1187' title='bbox 2268 2391 2340 2419; x_wconf 85' lang='lat' dir='ltr'>prae-</span> 
     </span>
     <span class='ocr_line' id='line_1_171' title="bbox 1272 2417 2341 2464; baseline 0.002 -15"><span class='ocrx_word' id='word_1_1188' title='bbox 1272 2419 1429 2457; x_wconf 59' lang='lat' dir='ltr'>didiarum,</span> <span class='ocrx_word' id='word_1_1189' title='bbox 1448 2421 1476 2449; x_wconf 88' lang='lat' dir='ltr'>in</span> <span class='ocrx_word' id='word_1_1190' title='bbox 1490 2419 1614 2459; x_wconf 81' lang='lat' dir='ltr'>Regno,</span> <span class='ocrx_word' id='word_1_1191' title='bbox 1633 2418 1748 2459; x_wconf 90' lang='lat' dir='ltr'>Terris,</span> <span class='ocrx_word' id='word_1_1192' title='bbox 1765 2420 1799 2451; x_wconf 92' lang='lat'>&amp;</span> <span class='ocrx_word' id='word_1_1193' title='bbox 1839 2417 1955 2449; x_wconf 89' lang='lat' dir='ltr'>otestate</span> <span class='ocrx_word' id='word_1_1194' title='bbox 1970 2417 2131 2462; x_wconf 73' lang='lat' dir='ltr'>praediffls,</span> <span class='ocrx_word' id='word_1_1195' title='bbox 2147 2419 2255 2458; x_wconf 86' lang='lat' dir='ltr'>semper</span> <span class='ocrx_word' id='word_1_1196' title='bbox 2271 2421 2341 2464; x_wconf 76' lang='lat' dir='ltr'>bac-</span> 
     </span>
     <span class='ocr_line' id='line_1_172' title="bbox 1272 2456 2340 2496; baseline 0.001 -8"><span class='ocrx_word' id='word_1_1197' title='bbox 1272 2467 1352 2488; x_wconf 89' lang='lat' dir='ltr'>tenus</span> <span class='ocrx_word' id='word_1_1198' title='bbox 1368 2459 1467 2496; x_wconf 83' lang='lat' dir='ltr'>Quieti</span> <span class='ocrx_word' id='word_1_1199' title='bbox 1493 2459 1547 2489; x_wconf 81' lang='lat' dir='ltr'>esse</span> <span class='ocrx_word' id='word_1_1200' title='bbox 1569 2458 1791 2496; x_wconf 80' lang='lat' dir='ltr'>consueverunt3</span> <span class='ocrx_word' id='word_1_1201' title='bbox 1809 2457 1892 2489; x_wconf 64' lang='lat' dir='ltr'>dietis</span> <span class='ocrx_word' id='word_1_1202' title='bbox 1907 2456 2009 2488; x_wconf 81' lang='lat' dir='ltr'>Litens</span> <span class='ocrx_word' id='word_1_1203' title='bbox 2021 2456 2124 2488; x_wconf 90' lang='lat' dir='ltr'>nostris</span> <span class='ocrx_word' id='word_1_1204' title='bbox 2147 2467 2195 2489; x_wconf 85' lang='lat' dir='ltr'>aut</span> <span class='ocrx_word' id='word_1_1205' title='bbox 2216 2458 2340 2492; x_wconf 84' lang='lat' dir='ltr'>Ordina-</span> 
     </span>
     <span class='ocr_line' id='line_1_173' title="bbox 1273 2496 1823 2535; baseline 0.002 -9"><span class='ocrx_word' id='word_1_1206' title='bbox 1273 2498 1395 2527; x_wconf 82' lang='lat' dir='ltr'>tionibus</span> <span class='ocrx_word' id='word_1_1207' title='bbox 1407 2496 1547 2535; x_wconf 66' lang='lat' dir='ltr'>praediffis</span> <span class='ocrx_word' id='word_1_1208' title='bbox 1558 2507 1617 2527; x_wconf 87' lang='lat' dir='ltr'>non</span> <span class='ocrx_word' id='word_1_1209' title='bbox 1631 2496 1823 2528; x_wconf 89' lang='lat' dir='ltr'>obstantibus:</span> 
     </span>
    </p>

    <p class='ocr_par' dir='ltr' id='par_1_52' title="bbox 1271 2533 2337 2682">
     <span class='ocr_line' id='line_1_174' title="bbox 1309 2533 2337 2574; baseline 0 -8"><span class='ocrx_word' id='word_1_1210' title='bbox 1309 2535 1418 2566; x_wconf 85' lang='lat' dir='ltr'>Taliter</span> <span class='ocrx_word' id='word_1_1211' title='bbox 1432 2546 1484 2565; x_wconf 88' lang='lat' dir='ltr'>vos</span> <span class='ocrx_word' id='word_1_1212' title='bbox 1499 2536 1633 2566; x_wconf 85' lang='lat' dir='ltr'>habentes</span> <span class='ocrx_word' id='word_1_1213' title='bbox 1646 2537 1674 2566; x_wconf 92' lang='lat' dir='ltr'>in</span> <span class='ocrx_word' id='word_1_1214' title='bbox 1693 2536 1747 2566; x_wconf 87' lang='lat' dir='ltr'>hac</span> <span class='ocrx_word' id='word_1_1215' title='bbox 1762 2543 1860 2574; x_wconf 81' lang='lat' dir='ltr'>parte,</span> <span class='ocrx_word' id='word_1_1216' title='bbox 1875 2544 1911 2566; x_wconf 92' lang='lat' dir='ltr'>ne</span> <span class='ocrx_word' id='word_1_1217' title='bbox 1936 2533 2062 2574; x_wconf 82' lang='lat' dir='ltr'>Qerela</span> <span class='ocrx_word' id='word_1_1218' title='bbox 2077 2534 2112 2566; x_wconf 84' lang='lat' dir='ltr'>ad</span> <span class='ocrx_word' id='word_1_1219' title='bbox 2136 2534 2205 2566; x_wconf 90' lang='lat' dir='ltr'>Nos</span> <span class='ocrx_word' id='word_1_1220' title='bbox 2223 2544 2258 2566; x_wconf 85' lang='lat' dir='ltr'>ex</span> <span class='ocrx_word' id='word_1_1221' title='bbox 2280 2535 2337 2566; x_wconf 81' lang='lat' dir='ltr'>hac</span> 
     </span>
     <span class='ocr_line' id='line_1_175' title="bbox 1273 2572 2239 2617; baseline 0.004 -13"><span class='ocrx_word' id='word_1_1222' title='bbox 1273 2572 1363 2604; x_wconf 88' lang='lat' dir='ltr'>Causa</span> <span class='ocrx_word' id='word_1_1223' title='bbox 1378 2576 1520 2612; x_wconf 85' lang='lat' dir='ltr'>perveniat</span> <span class='ocrx_word' id='word_1_1224' title='bbox 1534 2576 1638 2606; x_wconf 88' lang='lat' dir='ltr'>iterata.</span> <span class='ocrx_word' id='word_1_1225' title='bbox 2233 2611 2239 2617; x_wconf 38' lang='lat'>⁴</span> 
     </span>
     <span class='ocr_line' id='line_1_176' title="bbox 1271 2609 2335 2682; baseline -0.001 -39"><span class='ocrx_word' id='word_1_1226' title='bbox 1271 2651 1292 2682; x_wconf 78' lang='lat' dir='ltr'>b</span> <span class='ocrx_word' id='word_1_1227' title='bbox 1310 2612 1400 2657; x_wconf 71' lang='lat' dir='ltr'>Teste</span> <span class='ocrx_word' id='word_1_1228' title='bbox 1422 2612 1503 2652; x_wconf 82' lang='lat' dir='ltr'>Rege</span> <span class='ocrx_word' id='word_1_1229' title='bbox 1529 2613 1603 2652; x_wconf 85' lang='lat' dir='ltr'>apud</span> <span class='ocrx_word' id='word_1_1230' title='bbox 1630 2611 1887 2653; x_wconf 76' lang='lat' dir='ltr'>Westmonasterium</span> <span class='ocrx_word' id='word_1_1231' title='bbox 1904 2635 1915 2651; x_wconf 88' lang='lat'>‚</span> <span class='ocrx_word' id='word_1_1232' title='bbox 1944 2611 2059 2644; x_wconf 89' lang='lat' dir='ltr'>decimo</span> <span class='ocrx_word' id='word_1_1233' title='bbox 2083 2610 2190 2642; x_wconf 72' lang='lat' dir='ltr'>octavo</span> <span class='ocrx_word' id='word_1_1234' title='bbox 2211 2610 2258 2642; x_wconf 81' lang='lat' dir='ltr'>die</span> <span class='ocrx_word' id='word_1_1235' title='bbox 2281 2609 2335 2642; x_wconf 80' lang='lat' dir='ltr'>Fe-</span> 
     </span>
    </p>

    <p class='ocr_par' dir='ltr' id='par_1_53' title="bbox 1293 2661 1382 2682">
     <span class='ocr_line' id='line_1_177' title="bbox 1293 2661 1382 2682; baseline 0 -1"><span class='ocrx_word' id='word_1_1236' title='bbox 1293 2661 1382 2682; x_wconf 75' lang='lat' dir='ltr'>ruam.</span> 
     </span>
    </p>
   </div>
   <div class='ocr_carea' id='block_1_27' title="bbox 1929 2727 2175 2757">
    <p class='ocr_par' dir='ltr' id='par_1_54' title="bbox 1929 2727 2175 2757">
     <span class='ocr_line' id='line_1_178' title="bbox 1929 2727 2175 2757; baseline -0.004 -1"><span class='ocrx_word' id='word_1_1237' title='bbox 1929 2727 1971 2756; x_wconf 81' lang='lat' dir='ltr'>Et</span> <span class='ocrx_word' id='word_1_1238' title='bbox 1987 2733 2048 2757; x_wconf 84' lang='lat' dir='ltr'>erat</span> <span class='ocrx_word' id='word_1_1239' title='bbox 2064 2728 2175 2757; x_wconf 71' lang='lat' dir='ltr'>Patent.</span> 
     </span>
    </p>
   </div>
   <div class='ocr_carea' id='block_1_28' title="bbox 1603 2849 1998 2887">
    <p class='ocr_par' dir='ltr' id='par_1_55' title="bbox 1603 2849 1998 2887">
     <span class='ocr_line' id='line_1_179' title="bbox 1603 2849 1998 2887; baseline -0.003 -1"><span class='ocrx_word' id='word_1_1240' title='bbox 1603 2852 1624 2873; x_wconf 58' lang='lat'><strong>⁸</strong></span> <span class='ocrx_word' id='word_1_1241' title='bbox 1650 2857 1707 2887; x_wconf 91' lang='lat' dir='ltr'>Pro</span> <span class='ocrx_word' id='word_1_1242' title='bbox 1729 2855 1814 2886; x_wconf 81' lang='lat' dir='ltr'>Duce</span> <span class='ocrx_word' id='word_1_1243' title='bbox 1835 2849 1998 2886; x_wconf 77' lang='lat' dir='ltr'>Burboniae.</span> 
     </span>
    </p>
   </div>
   <div class='ocr_carea' id='block_1_29' title="bbox 1273 2909 2487 3247">
    <p class='ocr_par' dir='ltr' id='par_1_56' title="bbox 1273 2909 2487 3247">
     <span class='ocr_line' id='line_1_180' title="bbox 1275 2909 2487 3006; baseline -0.002 -36"><span class='ocrx_word' id='word_1_1244' title='bbox 1275 2941 1331 2996; x_wconf 80' lang='lat' dir='ltr'>R</span> <span class='ocrx_word' id='word_1_1245' title='bbox 1344 2938 1369 2969; x_wconf 89' lang='lat' dir='ltr'>E</span> <span class='ocrx_word' id='word_1_1246' title='bbox 1379 2938 1409 2970; x_wconf 93' lang='lat' dir='ltr'>X</span> <span class='ocrx_word' id='word_1_1247' title='bbox 1419 2963 1427 2978; x_wconf 86' lang='lat'>,</span> <span class='ocrx_word' id='word_1_1248' title='bbox 1442 2938 1550 2970; x_wconf 54' lang='lat' dir='ltr'>dilectis</span> <span class='ocrx_word' id='word_1_1249' title='bbox 1563 2939 1613 2969; x_wconf 86' lang='lat' dir='ltr'>sibi</span> <span class='ocrx_word' id='word_1_1250' title='bbox 1630 2962 1639 2976; x_wconf 83' lang='lat'><strong>‚</strong></span> <span class='ocrx_word' id='word_1_1251' title='bbox 1666 2938 1771 2979; x_wconf 83' lang='lat' dir='ltr'>Majori</span> <span class='ocrx_word' id='word_1_1252' title='bbox 1794 2941 1822 2970; x_wconf 88' lang='lat' dir='ltr'><em>V</em></span> <span class='ocrx_word' id='word_1_1253' title='bbox 1821 2938 1877 2970; x_wconf 74' lang='lat' dir='ltr'>illae</span> <span class='ocrx_word' id='word_1_1254' title='bbox 1889 2938 2058 2976; x_wconf 75' lang='lat' dir='ltr'>Sandewici,</span> <span class='ocrx_word' id='word_1_1255' title='bbox 2076 2946 2110 2968; x_wconf 87' lang='lat' dir='ltr'>ac</span> <span class='ocrx_word' id='word_1_1256' title='bbox 2125 2934 2234 2975; x_wconf 85' lang='lat' dir='ltr'>Majori</span> <span class='ocrx_word' id='word_1_1257' title='bbox 2249 2937 2278 2967; x_wconf 83' lang='lat' dir='ltr'><em>V</em></span> <span class='ocrx_word' id='word_1_1258' title='bbox 2278 2935 2334 2967; x_wconf 77' lang='lat' dir='ltr'>illae</span> <span class='ocrx_word' id='word_1_1259' title='bbox 2347 2909 2487 3006; x_wconf 42' lang='lat' dir='ltr'>titii-LDss</span> 
     </span>
     <span class='ocr_line' id='line_1_181' title="bbox 1310 2985 2460 3060; baseline -0.003 -14"><span class='ocrx_word' id='word_1_1260' title='bbox 1310 3015 1407 3046; x_wconf 84' lang='lat' dir='ltr'>Sciatis</span> <span class='ocrx_word' id='word_1_1261' title='bbox 1430 3017 1510 3054; x_wconf 84' lang='lat' dir='ltr'>quod</span> <span class='ocrx_word' id='word_1_1262' title='bbox 1536 3016 1745 3053; x_wconf 80' lang='lat' dir='ltr'>Affignavimus</span> <span class='ocrx_word' id='word_1_1263' title='bbox 1767 3025 1839 3053; x_wconf 74' lang='lat' dir='ltr'>VOS,</span> <span class='ocrx_word' id='word_1_1264' title='bbox 1864 3014 2042 3057; x_wconf 58' lang='lat' dir='ltr'>conjunctim</span> <span class='ocrx_word' id='word_1_1265' title='bbox 2056 3037 2067 3052; x_wconf 89' lang='lat'>,</span> <span class='ocrx_word' id='word_1_1266' title='bbox 2094 3014 2128 3046; x_wconf 91' lang='lat'>&amp;</span> <span class='ocrx_word' id='word_1_1267' title='bbox 2152 3013 2281 3060; x_wconf 81' lang='lat' dir='ltr'>divisim,</span> <span class='ocrx_word' id='word_1_1268' title='bbox 2298 3015 2333 3046; x_wconf 85' lang='lat' dir='ltr'>ad</span> <span class='ocrx_word' id='word_1_1269' title='bbox 2347 2985 2460 3052; x_wconf 31' lang='lat' dir='ltr'>Anii}</span> 
     </span>
     <span class='ocr_line' id='line_1_182' title="bbox 1274 3052 2430 3094; baseline -0.003 -9"><span class='ocrx_word' id='word_1_1270' title='bbox 1274 3062 1318 3085; x_wconf 89' lang='lat' dir='ltr'>tot</span> <span class='ocrx_word' id='word_1_1271' title='bbox 1335 3055 1367 3085; x_wconf 92' lang='lat' dir='ltr'>N</span> <span class='ocrx_word' id='word_1_1272' title='bbox 1371 3065 1434 3085; x_wconf 87' lang='lat' dir='ltr'>aves</span> <span class='ocrx_word' id='word_1_1273' title='bbox 1453 3056 1485 3086; x_wconf 84' lang='lat'>&amp;</span> <span class='ocrx_word' id='word_1_1274' title='bbox 1511 3056 1562 3085; x_wconf 84' lang='lat' dir='ltr'>alia</span> <span class='ocrx_word' id='word_1_1275' title='bbox 1579 3056 1645 3085; x_wconf 91' lang='lat' dir='ltr'>Vasa</span> <span class='ocrx_word' id='word_1_1276' title='bbox 1662 3078 1672 3094; x_wconf 92' lang='lat'>,</span> <span class='ocrx_word' id='word_1_1277' title='bbox 1694 3062 1767 3093; x_wconf 90' lang='lat' dir='ltr'>quot</span> <span class='ocrx_word' id='word_1_1278' title='bbox 1785 3064 1838 3092; x_wconf 89' lang='lat' dir='ltr'>pro</span> <span class='ocrx_word' id='word_1_1279' title='bbox 1852 3053 2052 3090; x_wconf 79' lang='lat' dir='ltr'>Eskippatione</span> <span class='ocrx_word' id='word_1_1280' title='bbox 2068 3053 2101 3083; x_wconf 93' lang='lat'>&amp;</span> <span class='ocrx_word' id='word_1_1281' title='bbox 2119 3052 2335 3092; x_wconf 67' lang='lat' dir='ltr'>Traduehone,</span> <span class='ocrx_word' id='word_1_1282' title='bbox 2347 3059 2381 3083; x_wconf 82' lang='lat' dir='ltr'>H.</span> <span class='ocrx_word' id='word_1_1283' title='bbox 2401 3056 2430 3082; x_wconf 91' lang='lat'>6.</span> 
     </span>
     <span class='ocr_line' id='line_1_183' title="bbox 1781 3091 2447 3130; baseline 0 -10"><span class='ocrx_word' id='word_1_1284' title='bbox 1781 3091 1922 3130; x_wconf 80' lang='lat' dir='ltr'>Johannis</span> <span class='ocrx_word' id='word_1_1285' title='bbox 1937 3093 2022 3121; x_wconf 81' lang='lat' dir='ltr'>Ducis</span> <span class='ocrx_word' id='word_1_1286' title='bbox 2041 3091 2073 3121; x_wconf 81' lang='lat' dir='ltr'>de</span> <span class='ocrx_word' id='word_1_1287' title='bbox 2089 3091 2230 3122; x_wconf 80' lang='lat' dir='ltr'>Burbonia</span> <span class='ocrx_word' id='word_1_1288' title='bbox 2249 3092 2334 3130; x_wconf 89' lang='lat' dir='ltr'>usque</span> <span class='ocrx_word' id='word_1_1289' title='bbox 2346 3097 2403 3121; x_wconf 68' lang='lat' dir='ltr'>Pae.</span> <span class='ocrx_word' id='word_1_1290' title='bbox 2417 3101 2447 3129; x_wconf 91' lang='lat'>7.</span> 
     </span>
     <span class='ocr_line' id='line_1_184' title="bbox 1273 3129 2483 3174; baseline -0.002 -13"><span class='ocrx_word' id='word_1_1291' title='bbox 1273 3131 1378 3162; x_wconf 87' lang='lat' dir='ltr'>Villam</span> <span class='ocrx_word' id='word_1_1292' title='bbox 1396 3132 1518 3162; x_wconf 84' lang='lat' dir='ltr'>nostram</span> <span class='ocrx_word' id='word_1_1293' title='bbox 1543 3131 1642 3163; x_wconf 81' lang='lat' dir='ltr'>Calesii</span> <span class='ocrx_word' id='word_1_1294' title='bbox 1662 3131 1811 3162; x_wconf 84' lang='lat' dir='ltr'>neceffaria</span> <span class='ocrx_word' id='word_1_1295' title='bbox 1823 3129 1943 3168; x_wconf 89' lang='lat' dir='ltr'>fuerint,</span> <span class='ocrx_word' id='word_1_1296' title='bbox 1959 3130 2133 3169; x_wconf 90' lang='lat' dir='ltr'>ubicumque</span> <span class='ocrx_word' id='word_1_1297' title='bbox 2148 3131 2179 3160; x_wconf 79' lang='lat' dir='ltr'>in</span> <span class='ocrx_word' id='word_1_1298' title='bbox 2193 3129 2336 3162; x_wconf 89' lang='lat' dir='ltr'>Portubus</span> <span class='ocrx_word' id='word_1_1299' title='bbox 2348 3136 2383 3159; x_wconf 82' lang='lat' dir='ltr'>H.</span> <span class='ocrx_word' id='word_1_1300' title='bbox 2396 3132 2425 3159; x_wconf 91' lang='lat'>6.</span> <span class='ocrx_word' id='word_1_1301' title='bbox 2438 3136 2466 3168; x_wconf 80' lang='lat' dir='ltr'>p.</span> <span class='ocrx_word' id='word_1_1302' title='bbox 2480 3170 2483 3174; x_wconf 16' lang='grc' dir='ltr'><strong>ἡ</strong></span> 
     </span>
     <span class='ocr_line' id='line_1_185' title="bbox 1312 3177 2482 3247; baseline -0.003 -8"><span class='ocrx_word' id='word_1_1303' title='bbox 1312 3210 1355 3239; x_wconf 86' lang='lat' dir='ltr'>Ac</span> <span class='ocrx_word' id='word_1_1304' title='bbox 1370 3210 1404 3239; x_wconf 87' lang='lat' dir='ltr'>ad</span> <span class='ocrx_word' id='word_1_1305' title='bbox 1417 3219 1460 3239; x_wconf 85' lang='lat' dir='ltr'>tot</span> <span class='ocrx_word' id='word_1_1306' title='bbox 1476 3208 1660 3245; x_wconf 86' lang='lat' dir='ltr'>Marinarios,</span> <span class='ocrx_word' id='word_1_1307' title='bbox 1677 3216 1748 3245; x_wconf 82' lang='lat' dir='ltr'>quot</span> <span class='ocrx_word' id='word_1_1308' title='bbox 1762 3207 1790 3236; x_wconf 93' lang='lat' dir='ltr'>in</span> <span class='ocrx_word' id='word_1_1309' title='bbox 1804 3207 1856 3237; x_wconf 88' lang='lat' dir='ltr'>hac</span> <span class='ocrx_word' id='word_1_1310' title='bbox 1874 3215 1949 3244; x_wconf 84' lang='lat' dir='ltr'>parte</span> <span class='ocrx_word' id='word_1_1311' title='bbox 1972 3206 2117 3238; x_wconf 73' lang='lat' dir='ltr'>necessarii</span> <span class='ocrx_word' id='word_1_1312' title='bbox 2131 3206 2252 3247; x_wconf 67' lang='lat' dir='ltr'>fuerint,</span> <span class='ocrx_word' id='word_1_1313' title='bbox 2271 3208 2336 3239; x_wconf 88' lang='lat' dir='ltr'>ubi·</span> <span class='ocrx_word' id='word_1_1314' title='bbox 2349 3178 2425 3237; x_wconf 47' lang='grc' dir='ltr'><strong><em>ἔστη,</em></strong></span> <span class='ocrx_word' id='word_1_1315' title='bbox 2438 3177 2482 3198; x_wconf 55' lang='grc' dir='ltr'>η·</span> 
     </span>
    </p>
   </div>
   <div class='ocr_carea' id='block_1_30' title="bbox 1346 2978 1733 3017">
    <p class='ocr_par' dir='ltr' id='par_1_57' title="bbox 1346 2978 1733 3017">
     <span class='ocr_line' id='line_1_186' title="bbox 1346 2978 1733 3017; baseline 0.005 -11"><span class='ocrx_word' id='word_1_1316' title='bbox 1346 2978 1406 3017; x_wconf 78' lang='lat' dir='ltr'>Jieae</span> <span class='ocrx_word' id='word_1_1317' title='bbox 1420 2981 1565 3007; x_wconf 76' lang='lat' dir='ltr'>Davorriae</span> <span class='ocrx_word' id='word_1_1318' title='bbox 1574 3003 1582 3015; x_wconf 80' lang='lat'>,</span> <span class='ocrx_word' id='word_1_1319' title='bbox 1601 2978 1733 3008; x_wconf 83' lang='lat' dir='ltr'>Salutem.</span> 
     </span>
    </p>
   </div>
   <div class='ocr_carea' id='block_1_31' title="bbox 1273 3093 1942 3209">
    <p class='ocr_par' dir='ltr' id='par_1_58' title="bbox 1273 3093 1942 3209">
     <span class='ocr_line' id='line_1_187' title="bbox 1273 3093 1765 3130; baseline -0.002 -7"><span class='ocrx_word' id='word_1_1320' title='bbox 1273 3093 1416 3123; x_wconf 82' lang='lat' dir='ltr'>Carissimi</span> <span class='ocrx_word' id='word_1_1321' title='bbox 1430 3093 1641 3130; x_wconf 75' lang='lat' dir='ltr'>Consanguinei</span> <span class='ocrx_word' id='word_1_1322' title='bbox 1657 3094 1765 3130; x_wconf 88' lang='lat' dir='ltr'>nostri,</span> 
     </span>
     <span class='ocr_line' id='line_1_188' title="bbox 1274 3167 1942 3209; baseline -0.004 -9"><span class='ocrx_word' id='word_1_1323' title='bbox 1274 3171 1417 3209; x_wconf 66' lang='lat' dir='ltr'>praedietis</span> <span class='ocrx_word' id='word_1_1324' title='bbox 1431 3171 1550 3200; x_wconf 87' lang='lat' dir='ltr'>inveniri</span> <span class='ocrx_word' id='word_1_1325' title='bbox 1565 3178 1715 3208; x_wconf 85' lang='lat' dir='ltr'>poterunt,</span> <span class='ocrx_word' id='word_1_1326' title='bbox 1732 3167 1942 3205; x_wconf 76' lang='lat' dir='ltr'>Arest-andum,</span> 
     </span>
    </p>
   </div>
   <div class='ocr_carea' id='block_1_32' title="bbox 1275 3245 2338 3555">
    <p class='ocr_par' dir='ltr' id='par_1_59' title="bbox 1275 3245 2338 3555">
     <span class='ocr_line' id='line_1_189' title="bbox 1275 3245 2338 3328; baseline 0 -12"><span class='ocrx_word' id='word_1_1327' title='bbox 1275 3257 1543 3321; x_wconf 39' lang='lat' dir='ltr'>sussexta?</span> <span class='ocrx_word' id='word_1_1328' title='bbox 1564 3245 2338 3328; x_wconf 50' lang='lat' dir='ltr'>¹1³3‘fizzflzaznfslssnfizlEff‘slffiafii‘tssffizssz‘i{5335</span> 
     </span>
     <span class='ocr_line' id='line_1_190' title="bbox 1276 3321 2337 3361; baseline 0 -7"><span class='ocrx_word' id='word_1_1329' title='bbox 1276 3323 1436 3354; x_wconf 74' lang='lat' dir='ltr'>testandum</span> <span class='ocrx_word' id='word_1_1330' title='bbox 1455 3324 1487 3354; x_wconf 91' lang='lat'>&amp;</span> <span class='ocrx_word' id='word_1_1331' title='bbox 1506 3321 1687 3361; x_wconf 89' lang='lat' dir='ltr'>Capiendum</span> <span class='ocrx_word' id='word_1_1332' title='bbox 1700 3347 1710 3361; x_wconf 79' lang='lat'>,</span> <span class='ocrx_word' id='word_1_1333' title='bbox 1735 3323 1769 3354; x_wconf 89' lang='lat'>&amp;</span> <span class='ocrx_word' id='word_1_1334' title='bbox 1790 3332 1840 3353; x_wconf 91' lang='lat' dir='ltr'>eos</span> <span class='ocrx_word' id='word_1_1335' title='bbox 1855 3332 1886 3352; x_wconf 86' lang='lat' dir='ltr'>in</span> <span class='ocrx_word' id='word_1_1336' title='bbox 1904 3322 2064 3361; x_wconf 80' lang='lat' dir='ltr'>hujusmodi</span> <span class='ocrx_word' id='word_1_1337' title='bbox 2077 3322 2209 3353; x_wconf 81' lang='lat' dir='ltr'>Navibus</span> <span class='ocrx_word' id='word_1_1338' title='bbox 2222 3323 2337 3354; x_wconf 86' lang='lat' dir='ltr'>Ponen-</span> 
     </span>
     <span class='ocr_line' id='line_1_191' title="bbox 1275 3363 2334 3438; baseline 0 -8"><span class='ocrx_word' id='word_1_1339' title='bbox 1275 3363 1522 3435; x_wconf 54' lang='lat' dir='ltr'>dufft&#39;hujusmodi</span> <span class='ocrx_word' id='word_1_1340' title='bbox 1538 3399 1640 3430; x_wconf 86' lang='lat' dir='ltr'>Naves</span> <span class='ocrx_word' id='word_1_1341' title='bbox 1655 3401 1689 3432; x_wconf 89' lang='lat'>&amp;</span> <span class='ocrx_word' id='word_1_1342' title='bbox 1703 3399 1793 3438; x_wconf 88' lang='lat' dir='ltr'>Vasa,</span> <span class='ocrx_word' id='word_1_1343' title='bbox 1810 3398 1915 3430; x_wconf 65' lang='lat' dir='ltr'>dileeto</span> <span class='ocrx_word' id='word_1_1344' title='bbox 1930 3398 2084 3438; x_wconf 86' lang='lat' dir='ltr'>Armigero</span> <span class='ocrx_word' id='word_1_1345' title='bbox 2096 3399 2334 3438; x_wconf 61' lang='lat' dir='ltr'>nostro,Richar7</span> 
     </span>
     <span class='ocr_line' id='line_1_192' title="bbox 1275 3437 2260 3486; baseline -0.002 -17"><span class='ocrx_word' id='word_1_1346' title='bbox 1275 3440 1307 3469; x_wconf 84' lang='lat' dir='ltr'>do</span> <span class='ocrx_word' id='word_1_1347' title='bbox 1323 3437 1477 3481; x_wconf 69' lang='lat' dir='ltr'>Bokdmd,</span> <span class='ocrx_word' id='word_1_1348' title='bbox 1496 3437 1683 3486; x_wconf 87' lang='lat' dir='ltr'>Thesaurario</span> <span class='ocrx_word' id='word_1_1349' title='bbox 1698 3438 1780 3468; x_wconf 87' lang='lat' dir='ltr'>Villae</span> <span class='ocrx_word' id='word_1_1350' title='bbox 1795 3437 1900 3469; x_wconf 90' lang='lat' dir='ltr'>nostrae</span> <span class='ocrx_word' id='word_1_1351' title='bbox 1915 3437 2037 3476; x_wconf 83' lang='lat' dir='ltr'>Calesii,</span> <span class='ocrx_word' id='word_1_1352' title='bbox 2054 3438 2260 3471; x_wconf 83' lang='lat' dir='ltr'>Liberandum.</span> 
     </span>
     <span class='ocr_line' id='line_1_193' title="bbox 1314 3476 2160 3555; baseline 0.001 -11"><span class='ocrx_word' id='word_1_1353' title='bbox 1314 3476 1589 3554; x_wconf 41' lang='lat' dir='ltr'>Teic&#39;tkglfiegffsspud</span> <span class='ocrx_word' id='word_1_1354' title='bbox 1605 3514 1878 3555; x_wconf 79' lang='lat' dir='ltr'>Wstmonasterium,</span> <span class='ocrx_word' id='word_1_1355' title='bbox 1894 3516 1976 3546; x_wconf 88' lang='lat' dir='ltr'>tertio</span> <span class='ocrx_word' id='word_1_1356' title='bbox 1994 3513 2040 3545; x_wconf 89' lang='lat' dir='ltr'>die</span> <span class='ocrx_word' id='word_1_1357' title='bbox 2053 3513 2160 3545; x_wconf 86' lang='lat' dir='ltr'>Martii.</span> 
     </span>
    </p>
   </div>
   <div class='ocr_carea' id='block_1_33' title="bbox 1612 3648 1993 3695">
    <p class='ocr_par' dir='ltr' id='par_1_60' title="bbox 1612 3648 1993 3695">
     <span class='ocr_line' id='line_1_194' title="bbox 1612 3648 1993 3695; baseline 0 -14"><span class='ocrx_word' id='word_1_1358' title='bbox 1612 3652 1669 3681; x_wconf 87' lang='lat' dir='ltr'>Pro</span> <span class='ocrx_word' id='word_1_1359' title='bbox 1689 3648 1848 3682; x_wconf 80' lang='lat' dir='ltr'>Cardinali</span> <span class='ocrx_word' id='word_1_1360' title='bbox 1865 3649 1993 3695; x_wconf 82' lang='lat' dir='ltr'>Angliae.</span> 
     </span>
    </p>
   </div>
   <div class='ocr_carea' id='block_1_34' title="bbox 1277 3727 2474 3923">
    <p class='ocr_par' dir='ltr' id='par_1_61' title="bbox 1316 3727 2474 3847">
     <span class='ocr_line' id='line_1_195' title="bbox 1347 3727 2474 3806; baseline -0.001 -44"><span class='ocrx_word' id='word_1_1361' title='bbox 1347 3731 1430 3770; x_wconf 90' lang='lat' dir='ltr'>EX,</span> <span class='ocrx_word' id='word_1_1362' title='bbox 1448 3732 1556 3762; x_wconf 60' lang='lat' dir='ltr'>dilecto</span> <span class='ocrx_word' id='word_1_1363' title='bbox 1573 3733 1641 3770; x_wconf 74' lang='lat' dir='ltr'>sibi,</span> <span class='ocrx_word' id='word_1_1364' title='bbox 1662 3733 1811 3763; x_wconf 77' lang='lat' dir='ltr'>Willielmo</span> <span class='ocrx_word' id='word_1_1365' title='bbox 1822 3732 1915 3773; x_wconf 81' lang='lat' dir='ltr'>Tryst,</span> <span class='ocrx_word' id='word_1_1366' title='bbox 1932 3732 2076 3768; x_wconf 85' lang='lat' dir='ltr'>Nunci0,</span> <span class='ocrx_word' id='word_1_1367' title='bbox 2094 3728 2329 3763; x_wconf 82' lang='lat' dir='ltr'>Reverendiffimi</span> <span class='ocrx_word' id='word_1_1368' title='bbox 2346 3727 2474 3806; x_wconf 38' lang='lat' dir='ltr'>Apa-332</span> 
     </span>
     <span class='ocr_line' id='line_1_196' title="bbox 1316 3807 2438 3847; baseline 0.001 -7"><span class='ocrx_word' id='word_1_1369' title='bbox 1316 3810 1392 3840; x_wconf 87' lang='lat' dir='ltr'>Scias</span> <span class='ocrx_word' id='word_1_1370' title='bbox 1415 3810 1495 3846; x_wconf 85' lang='lat' dir='ltr'>quod</span> <span class='ocrx_word' id='word_1_1371' title='bbox 1521 3809 1731 3845; x_wconf 79' lang='lat' dir='ltr'>Assignavimus</span> <span class='ocrx_word' id='word_1_1372' title='bbox 1754 3810 1798 3838; x_wconf 82' lang='lat' dir='ltr'>Te</span> <span class='ocrx_word' id='word_1_1373' title='bbox 1820 3811 1854 3838; x_wconf 87' lang='lat' dir='ltr'>ad</span> <span class='ocrx_word' id='word_1_1374' title='bbox 1871 3818 1915 3839; x_wconf 86' lang='lat' dir='ltr'>tot</span> <span class='ocrx_word' id='word_1_1375' title='bbox 1927 3808 2041 3845; x_wconf 87' lang='lat' dir='ltr'>Equos,</span> <span class='ocrx_word' id='word_1_1376' title='bbox 2059 3815 2129 3844; x_wconf 85' lang='lat' dir='ltr'>quot</span> <span class='ocrx_word' id='word_1_1377' title='bbox 2145 3817 2198 3845; x_wconf 89' lang='lat' dir='ltr'>pro</span> <span class='ocrx_word' id='word_1_1378' title='bbox 2211 3807 2329 3847; x_wconf 87' lang='lat' dir='ltr'>Equita-</span> <span class='ocrx_word' id='word_1_1379' title='bbox 2341 3809 2393 3834; x_wconf 71' lang='lat' dir='ltr'>Aa.</span> <span class='ocrx_word' id='word_1_1380' title='bbox 2408 3815 2438 3841; x_wconf 84' lang='lat'>7·</span> 
     </span>
    </p>

    <p class='ocr_par' dir='ltr' id='par_1_62' title="bbox 1277 3844 2426 3888">
     <span class='ocr_line' id='line_1_197' title="bbox 1277 3844 2426 3888; baseline -0.001 -10"><span class='ocrx_word' id='word_1_1381' title='bbox 1277 3849 1356 3879; x_wconf 90' lang='lat' dir='ltr'>tione</span> <span class='ocrx_word' id='word_1_1382' title='bbox 1372 3856 1418 3877; x_wconf 91' lang='lat' dir='ltr'>tua</span> <span class='ocrx_word' id='word_1_1383' title='bbox 1430 3857 1512 3884; x_wconf 86' lang='lat' dir='ltr'>penes</span> <span class='ocrx_word' id='word_1_1384' title='bbox 1524 3848 1702 3879; x_wconf 79' lang='lat' dir='ltr'>Praesentiam</span> <span class='ocrx_word' id='word_1_1385' title='bbox 1715 3849 1778 3877; x_wconf 53' lang='lat' dir='ltr'>dieii</span> <span class='ocrx_word' id='word_1_1386' title='bbox 1793 3845 1949 3876; x_wconf 81' lang='lat' dir='ltr'>cardinalis</span> <span class='ocrx_word' id='word_1_1387' title='bbox 1963 3844 2105 3875; x_wconf 75' lang='lat' dir='ltr'>necessarii</span> <span class='ocrx_word' id='word_1_1388' title='bbox 2121 3845 2224 3877; x_wconf 89' lang='lat' dir='ltr'>fuerint</span> <span class='ocrx_word' id='word_1_1389' title='bbox 2237 3870 2248 3885; x_wconf 89' lang='lat'>,</span> <span class='ocrx_word' id='word_1_1390' title='bbox 2265 3847 2330 3877; x_wconf 90' lang='lat' dir='ltr'>ubi-</span> <span class='ocrx_word' id='word_1_1391' title='bbox 2344 3848 2381 3888; x_wconf 72' lang='lat' dir='ltr'>H&#39;.</span> <span class='ocrx_word' id='word_1_1392' title='bbox 2394 3845 2426 3873; x_wconf 82' lang='grc'>6-</span> 
     </span>
    </p>

    <p class='ocr_par' dir='ltr' id='par_1_63' title="bbox 1278 3882 2409 3923">
     <span class='ocr_line' id='line_1_198' title="bbox 1278 3882 2409 3923; baseline 0 -8"><span class='ocrx_word' id='word_1_1393' title='bbox 1278 3896 1403 3923; x_wconf 89' lang='lat' dir='ltr'>cumque</span> <span class='ocrx_word' id='word_1_1394' title='bbox 1419 3887 1537 3915; x_wconf 89' lang='lat' dir='ltr'>inveniri</span> <span class='ocrx_word' id='word_1_1395' title='bbox 1550 3896 1699 3923; x_wconf 85' lang='lat' dir='ltr'>poterunt,</span> <span class='ocrx_word' id='word_1_1396' title='bbox 1715 3886 1785 3916; x_wconf 88' lang='lat' dir='ltr'>infra</span> <span class='ocrx_word' id='word_1_1397' title='bbox 1801 3885 1952 3915; x_wconf 88' lang='lat' dir='ltr'>Libertates</span> <span class='ocrx_word' id='word_1_1398' title='bbox 1966 3905 1976 3920; x_wconf 93' lang='lat'>,</span> <span class='ocrx_word' id='word_1_1399' title='bbox 2003 3883 2036 3913; x_wconf 87' lang='lat'>&amp;</span> <span class='ocrx_word' id='word_1_1400' title='bbox 2050 3893 2126 3914; x_wconf 73' lang='lat' dir='ltr'>eirtra</span> <span class='ocrx_word' id='word_1_1401' title='bbox 2144 3884 2257 3922; x_wconf 90' lang='lat' dir='ltr'>(Feodo</span> <span class='ocrx_word' id='word_1_1402' title='bbox 2271 3884 2331 3917; x_wconf 75' lang='lat' dir='ltr'>Ec·</span> <span class='ocrx_word' id='word_1_1403' title='bbox 2344 3882 2409 3911; x_wconf 68' lang='lat' dir='ltr'>tbzd.</span> 
     </span>
    </p>
   </div>
   <div class='ocr_carea' id='block_1_35' title="bbox 1360 3770 2055 3809">
    <p class='ocr_par' dir='ltr' id='par_1_64' title="bbox 1360 3770 2055 3809">
     <span class='ocr_line' id='line_1_199' title="bbox 1360 3770 2055 3809; baseline -0.001 -9"><span class='ocrx_word' id='word_1_1404' title='bbox 1360 3770 1462 3808; x_wconf 81' lang='lat' dir='ltr'>Patris,</span> <span class='ocrx_word' id='word_1_1405' title='bbox 1481 3773 1592 3801; x_wconf 80' lang='lat' dir='ltr'>Henrici</span> <span class='ocrx_word' id='word_1_1406' title='bbox 1607 3772 1761 3801; x_wconf 78' lang='lat' dir='ltr'>Cardinalis</span> <span class='ocrx_word' id='word_1_1407' title='bbox 1772 3771 1901 3809; x_wconf 78' lang='lat' dir='ltr'>Angliae,</span> <span class='ocrx_word' id='word_1_1408' title='bbox 1923 3770 2055 3801; x_wconf 83' lang='lat' dir='ltr'>Salutem.</span> 
     </span>
    </p>
   </div>
   <div class='ocr_carea' id='block_1_36' title="bbox 1279 3922 2335 4106">
    <p class='ocr_par' dir='ltr' id='par_1_65' title="bbox 1279 3922 2335 4106">
     <span class='ocr_line' id='line_1_200' title="bbox 1279 3922 2332 3962; baseline 0 -7"><span class='ocrx_word' id='word_1_1409' title='bbox 1279 3924 1369 3955; x_wconf 82' lang='lat' dir='ltr'>clesiae</span> <span class='ocrx_word' id='word_1_1410' title='bbox 1382 3923 1524 3954; x_wconf 75' lang='lat' dir='ltr'>dumtaxat</span> <span class='ocrx_word' id='word_1_1411' title='bbox 1536 3926 1667 3962; x_wconf 79' lang='lat' dir='ltr'>excepto)</span> <span class='ocrx_word' id='word_1_1412' title='bbox 1684 3934 1737 3961; x_wconf 91' lang='lat' dir='ltr'>pro</span> <span class='ocrx_word' id='word_1_1413' title='bbox 1752 3923 1883 3953; x_wconf 88' lang='lat' dir='ltr'>Denariis</span> <span class='ocrx_word' id='word_1_1414' title='bbox 1892 3922 1944 3951; x_wconf 85' lang='lat' dir='ltr'>tuis</span> <span class='ocrx_word' id='word_1_1415' title='bbox 1954 3944 1964 3958; x_wconf 84' lang='lat'><strong>‚</strong></span> <span class='ocrx_word' id='word_1_1416' title='bbox 1982 3922 2012 3951; x_wconf 89' lang='lat' dir='ltr'>in</span> <span class='ocrx_word' id='word_1_1417' title='bbox 2025 3922 2076 3953; x_wconf 89' lang='lat' dir='ltr'>hac</span> <span class='ocrx_word' id='word_1_1418' title='bbox 2092 3931 2169 3961; x_wconf 88' lang='lat' dir='ltr'>parte</span> <span class='ocrx_word' id='word_1_1419' title='bbox 2183 3924 2332 3955; x_wconf 82' lang='lat' dir='ltr'>rationabi—</span> 
     </span>
     <span class='ocr_line' id='line_1_201' title="bbox 1280 3959 2017 4003; baseline -0.005 -11"><span class='ocrx_word' id='word_1_1420' title='bbox 1280 3963 1341 3993; x_wconf 86' lang='lat' dir='ltr'>liter</span> <span class='ocrx_word' id='word_1_1421' title='bbox 1359 3962 1513 3999; x_wconf 81' lang='lat' dir='ltr'>solvendis,</span> <span class='ocrx_word' id='word_1_1422' title='bbox 1529 3962 1706 3999; x_wconf 87' lang='lat' dir='ltr'>Capiendum</span> <span class='ocrx_word' id='word_1_1423' title='bbox 1721 3963 1755 3992; x_wconf 89' lang='lat'>&amp;</span> <span class='ocrx_word' id='word_1_1424' title='bbox 1770 3959 1974 4002; x_wconf 79' lang='lat' dir='ltr'>Arestandum·,</span> <span class='ocrx_word' id='word_1_1425' title='bbox 2012 3998 2017 4003; x_wconf 89' lang='lat'>.</span> 
     </span>
     <span class='ocr_line' id='line_1_202' title="bbox 1314 3996 2332 4043; baseline 0.002 -13"><span class='ocrx_word' id='word_1_1426' title='bbox 1314 4000 1352 4030; x_wconf 88' lang='lat' dir='ltr'>Et</span> <span class='ocrx_word' id='word_1_1427' title='bbox 1366 3999 1432 4029; x_wconf 84' lang='lat' dir='ltr'>ideo</span> <span class='ocrx_word' id='word_1_1428' title='bbox 1449 4000 1520 4029; x_wconf 90' lang='lat' dir='ltr'>Tibi</span> <span class='ocrx_word' id='word_1_1429' title='bbox 1536 4000 1719 4038; x_wconf 81' lang='lat' dir='ltr'>Praecipimus</span> <span class='ocrx_word' id='word_1_1430' title='bbox 1733 3998 1812 4036; x_wconf 73' lang='lat' dir='ltr'>qubd</span> <span class='ocrx_word' id='word_1_1431' title='bbox 1829 4006 1904 4043; x_wconf 69' lang='lat' dir='ltr'>cirea</span> <span class='ocrx_word' id='word_1_1432' title='bbox 1916 3996 2058 4041; x_wconf 81' lang='lat' dir='ltr'>Praemiffa</span> <span class='ocrx_word' id='word_1_1433' title='bbox 2079 3997 2227 4039; x_wconf 86' lang='lat' dir='ltr'>diligenter</span> <span class='ocrx_word' id='word_1_1434' title='bbox 2241 4001 2332 4032; x_wconf 86' lang='lat' dir='ltr'>inten-</span> 
     </span>
     <span class='ocr_line' id='line_1_203' title="bbox 1279 4035 2306 4106; baseline -0.003 -36"><span class='ocrx_word' id='word_1_1435' title='bbox 1279 4039 1342 4075; x_wconf 67' lang='lat' dir='ltr'>das,</span> <span class='ocrx_word' id='word_1_1436' title='bbox 1359 4038 1392 4069; x_wconf 65' lang='grc' dir='ltr'>ὃς</span> <span class='ocrx_word' id='word_1_1437' title='bbox 1406 4047 1437 4069; x_wconf 84' lang='lat' dir='ltr'>ea</span> <span class='ocrx_word' id='word_1_1438' title='bbox 1453 4038 1534 4069; x_wconf 80' lang='lat' dir='ltr'>facias</span> <span class='ocrx_word' id='word_1_1439' title='bbox 1549 4040 1581 4070; x_wconf 69' lang='grc' dir='ltr'>ὃς</span> <span class='ocrx_word' id='word_1_1440' title='bbox 1596 4038 1737 4076; x_wconf 81' lang='lat' dir='ltr'>exequaris</span> <span class='ocrx_word' id='word_1_1441' title='bbox 1752 4037 1783 4067; x_wconf 83' lang='lat' dir='ltr'>in</span> <span class='ocrx_word' id='word_1_1442' title='bbox 1798 4036 1893 4067; x_wconf 85' lang='lat' dir='ltr'>forma</span> <span class='ocrx_word' id='word_1_1443' title='bbox 1906 4035 2053 4075; x_wconf 64' lang='lat' dir='ltr'>praedieta:</span> <span class='ocrx_word' id='word_1_1444' title='bbox 2273 4075 2306 4106; x_wconf 81' lang='lat' dir='ltr'><strong>D</strong></span> 
     </span>
     <span class='ocr_line' id='line_1_204' title="bbox 2308 4085 2335 4105; baseline 0 -4"><span class='ocrx_word' id='word_1_1445' title='bbox 2308 4085 2335 4105; x_wconf 67' lang='lat' dir='ltr'>aa</span> 
     </span>
    </p>
   </div>
   <div class='ocr_carea' id='block_1_37' title="bbox 2366 2861 2434 2890">
    <p class='ocr_par' dir='ltr' id='par_1_66' title="bbox 2366 2861 2434 2890">
     <span class='ocr_line' id='line_1_205' title="bbox 2366 2861 2434 2890; baseline 0.015 -1"><span class='ocrx_word' id='word_1_1446' title='bbox 2366 2861 2434 2890; x_wconf 74' lang='lat' dir='ltr'>‘X-</span> 
     </span>
    </p>
   </div>
   <div class='ocr_carea' id='block_1_38' title="bbox 2558 3741 2562 3800">
    <p class='ocr_par' dir='ltr' id='par_1_67' title="bbox 2558 3741 2562 3800">
     <span class='ocr_line' id='line_1_206' title="bbox 2558 3741 2562 3770; baseline 0 0"><span class='ocrx_word' id='word_1_1447' title='bbox 2558 3741 2562 3770; x_wconf 74' lang='lat' dir='ltr'>l</span> 
     </span>
     <span class='ocr_line' id='line_1_207' title="bbox 2558 3775 2562 3800; baseline 0 0"><span class='ocrx_word' id='word_1_1448' title='bbox 2558 3775 2562 3800; x_wconf 89' lang='lat' dir='ltr'>l</span> 
     </span>
    </p>
   </div>
   <div class='ocr_carea' id='block_1_39' title="bbox 2558 3874 2562 3929">
    <p class='ocr_par' dir='ltr' id='par_1_68' title="bbox 2558 3874 2562 3929">
     <span class='ocr_line' id='line_1_208' title="bbox 2558 3874 2562 3929; baseline 0 0"><span class='ocrx_word' id='word_1_1449' title='bbox 2558 3874 2562 3929; x_wconf 71' lang='lat' dir='ltr'>l</span> 
     </span>
    </p>
   </div>
  </div>
 </body>
</html>
