2562 4274
82 123 158 155 Arm.
168 123 209 154 D.

101 172 186 201 1420.

82 206 144 230 Hero.
163 211 191 238 5.

75 700 92 716 ⁸
114 703 165 730 IX.

73 738 138 776 877.

61 2063 138 2095 Ann.
150 2062 192 2094 D.

59 2111 168 2170 Αἷίῑῖἒῗ·

59 2222 101 2248 Ex
117 2201 175 2248 aiu-

59 2263 126 2296 togr.

230 43 311 92 ιω.

220 124 287 155 faire
304 124 331 154 le
353 123 428 162 doy,
453 124 487 154 &
508 122 588 154 Prier
610 131 626 152 a
650 122 728 155 Dieu
751 121 818 161 qu’il
839 122 866 152 le
887 121 969 153 Vous
992 120 1085 153 vuelle
1101 128 1280 163 remunerem,

222 165 273 200 δε,
293 163 330 193 de
349 173 432 203 moy,
447 164 476 201 je
494 163 571 193 m'en
595 163 665 193 tiens
687 163 721 193 &
744 162 862 201 tendroy
884 170 900 191 a
918 161 1016 201 jamais
1036 159 1097 198 plus
1121 157 1243 197 Obligee
1264 167 1280 188 a

223 212 304 233 vous.

261 240 316 278 Et,
335 249 419 277 quant
433 239 474 269 est
485 239 520 269 de
537 249 608 269 mon
624 237 765 274 Confert,
779 237 806 274 je
820 247 858 276 ny
871 246 930 277 voy
941 237 1008 269 voie
1022 235 1097 267 nulle
1113 235 1224 274 jusques
1244 234 1281 265 ad

225 287 259 310 ce
275 288 330 317 que
338 279 409 316 j'aye
426 278 448 307 la
464 277 605 307 personne
618 276 653 306 de
671 276 887 314 Monseigneur:

261 317 298 346 Et
314 318 350 346 de
367 317 392 346 sa
407 315 502 345 Prinse
513 317 566 355 j‘ay
581 315 638 345 este
655 315 789 345 telement
803 314 934 352 dolente,
951 315 985 345 &
1001 323 1121 344 uncores
1136 311 1205 350 suis,
1216 321 1283 353 que,

223 355 243 385 si
265 355 361 384 Dieux
383 364 418 384 ne
436 364 453 393 y
474 356 625 392 pourvoit,
644 354 677 384 &
699 353 735 384 de
757 353 846 390 brief,
860 353 889 391 je
907 353 1015 391 espoire
1036 361 1090 391 que
1105 361 1150 381 rna
1163 352 1207 381 vie
1226 353 1283 380 iera

221 395 286 424 bien
303 394 408 422 brieve.

259 431 296 462 Et
308 431 347 461 s’il
363 441 434 460 vous
450 431 574 470 plaisoit,
592 430 627 460 de
644 429 737 461 vostre
750 429 873 460 Honeur
889 430 921 460 ὃς
939 427 1117 465 Courtoisie,
1135 436 1171 457 en
1190 434 1282 470 regar-

219 470 287 500 dant
311 479 358 499 ma
380 478 461 507 grant
483 469 665 507 Desolation,
683 478 800 500 comme
821 477 890 498 vous
912 476 1006 504 povez
1027 466 1140 504 penser,
1168 465 1280 495 vouloir

222 509 357 538 entendre
370 517 386 537 a
399 508 423 537 la
439 507 610 538 Delivrance
623 508 658 537 de
673 509 743 538 beau
758 510 838 536 Frere
849 506 881 535 de
898 504 1074 542 Richemond5
1095 514 1134 535 ou
1157 503 1182 533 le
1205 512 1280 541 pres-

220 556 263 577 ter
282 557 296 575 a
321 555 388 584 moy
409 546 443 577 δε
463 556 497 577 au
519 547 590 577 Paiis
613 546 649 576 de
668 545 816 581 Bretaigne
836 555 908 582 pour
931 554 970 574 un
987 543 1115 580 Temps:‚
1133 552 1206 573 vous
1231 551 1279 571 me

220 585 347 624 alegerez
363 585 419 616 fort
431 584 467 615 de
482 595 528 616 ma
542 584 690 616 Tristaicie
705 586 737 615 δε
762 583 891 621 Doleur,
909 584 942 614 &
965 582 1053 622 espoir
1074 591 1122 611 me
1145 581 1279 618 garderez

220 624 257 654 de
280 623 381 662 Mort3
399 633 446 655 car
466 633 514 661 par
541 634 575 655 ce
594 625 623 660 je
647 633 712 653 aure
735 623 881 660 esperance
899 631 914 651 a
938 621 973 651 de
987 620 1063 651 brief
1080 629 1230 650 recouvrer
1253 618 1277 648 la

219 661 361 693 Personne
382 662 417 693 de
437 672 507 693 mon
528 663 568 693 dit
592 661 727 700 Seigneur
751 666 784 692 ὀί
807 660 937 697 Espoux,
957 660 1009 697 δε,
1027 669 1063 689 en
1074 658 1182 695 oultre,
1200 657 1278 688 ferez

217 712 252 733 au
267 702 308 732 dit
323 701 395 732 Palis
412 712 449 733 un
467 700 504 732 tel
520 701 623 739 plaisir,
643 701 709 738 qu’il
729 710 764 730 ne
784 699 840 730 sera
857 700 952 737 jamais
973 698 1090 734 oubliz,
1105 698 1138 727 &
1163 698 1181 716 ἢ*
1205 705 1277 740 vous

218 750 255 771 en
268 739 335 771 serra
350 751 365 770 a
379 740 478 778 jamais
489 750 505 770 a
522 748 588 770 tenu
598 763 607 778 ,
625 740 658 771 &
674 739 750 769 serez
765 738 843 769 cause
857 737 893 767 de
908 736 1021 776 Venger
1037 736 1113 767 ceste
1133 734 1277 766 Mauvaise

217 781 252 812 &
266 778 403 819 dessoyale
417 779 554 810 Traison:

257 817 363 887 ffiielle
377 817 472 848 Chose
489 825 547 847 tant
563 826 681 847 comme
697 815 722 845 le
746 813 860 846 Monde
879 813 976 844 durera
998 822 1069 843 vous
1090 812 1145 843 sera
1165 819 1277 855 reputee

236 867 253 887 n
304 867 392 887 oneur
405 858 438 887 ὃς
454 855 614 894 Vaillance,
631 856 664 886 δε
679 855 744 884 bien
761 854 914 892 appartient
933 862 948 882 a
971 862 1009 882 un
1031 851 1052 882 si
1076 850 1152 881 hault
1173 849 1277 880 Prince

216 867 269 928 {³³0
302 905 420 927 comme
435 905 515 926 vous.
963 928 968 933 ·
1162 927 1167 933 ι
1246 926 1263 932 ..

253 905 293 966 ἔτ
312 944 384 972 pour
406 933 482 964 ceste
505 931 594 962 Cause
614 931 647 962 &
662 938 767 968 autres,
779 930 808 968 je
823 931 855 960 &
870 929 907 959 les
924 928 1074 965 Seigneurs
1089 926 1126 957 du
1140 926 1182 957 dit
1203 925 1277 956 Paris

216 973 254 1004 de
271 973 416 1012 Bretaigne
431 971 570 1001 envoions
581 979 628 1007 par
640 968 737 999 devers
752 978 822 998 vous
838 968 876 998 les
896 965 1031 997 dessusdiz
1056 965 1201 1005 Evesque,
1218 967 1275 995 Sei—

209 1022 297 1051 gneur
319 1011 351 1040 de
371 1010 564 1046 Montauban,
581 1008 614 1038 δε
635 1007 659 1038 le
682 1006 722 1037 dit
742 1005 855 1046 Ii1effire
877 1004 979 1042 Raoul‚
997 1015 1016 1036 o
1033 1004 1160 1036 Pouvoir
1174 1004 1210 1035 de
1225 1014 1275 1036 en-

216 1051 314 1083 teudre
336 1059 369 1079 au
393 1047 442 1079 fait
459 1048 495 1079 de
514 1047 538 1077 la
561 1046 735 1077 Delivrance
757 1045 796 1076 du
816 1045 856 1076 dit
879 1045 950 1075 beau
970 1043 1070 1081 Frere,
1094 1053 1214 1075 comme
1237 1045 1275 1076 ilz

217 1099 289 1121 vous
303 1085 524 1125 apparestoiont:
713 1122 718 1127 ι
1161 1120 1166 1125 ,
1217 1121 1222 1126 ¹

249 1126 279 1157 Si
294 1136 365 1158 vous
379 1125 493 1163 Supplie
504 1123 540 1154 de
554 1123 592 1153 les
608 1131 733 1154 recevoir
746 1121 1004 1161 benignement,&
1020 1130 1034 1150 a
1051 1120 1074 1150 la
1089 1119 1275 1159 Suplication,

213 1165 304 1203 qu’ilz
324 1173 396 1194 vous
415 1165 509 1194 feront
531 1162 615 1200 depar
636 1170 722 1230 ηιοῖ,
740 1160 842 1192 mestre
861 1161 989 1200 gracieux
1011 1160 1045 1190 &
1061 1158 1098 1189 de
1113 1159 1274 1202 bon—Aire,

213 1213 334 1234 comme
343 1204 370 1240 je
385 1212 402 1241 y
415 1212 448 1240 ay
461 1211 507 1232 ma
518 1200 618 1231 Seurte
629 1201 663 1231 &
696 1198 804 1239 'iance'3
820 1200 853 1230 ὃ(
869 1199 928 1237 plus
942 1209 958 1229 a
972 1207 1059 1237 moy,
1076 1198 1125 1236 qui
1145 1197 1196 1228 suis
1218 1208 1274 1229 une

213 1242 333 1274 Femme
345 1241 556 1278 desconfortee,
573 1249 630 1278 que
645 1249 681 1270 ne
693 1238 782 1269 serrez
797 1248 812 1268 a
825 1238 874 1268 nul
888 1247 974 1268 autre.

248 1280 286 1312 Et
301 1291 336 1311 ne
352 1290 424 1311 vous
437 1279 564 1310 doubtcz
578 1279 658 1316 poInt
676 1287 730 1314 que
747 1287 798 1316 ce,
814 1276 880 1315 qu’il
895 1286 965 1307 vous
977 1273 1033 1305 scra
1056 1273 1186 1314 Promis,
1202 1286 1274 1307 vous

209 1318 266 1352 sera
280 1319 400 1350 tresbien
417 1327 502 1356 tenu,
520 1319 577 1347 sans
592 1317 667 1347 nulle
682 1316 787 1347 Faulte.

212 1395 217 1397 -
247 1357 388 1397 ΤνςΙΖναιιΙι
403 1356 441 1392 &¹
456 1354 580 1396 Puiffant
596 1357 692 1385 Prince
705 1354 743 1390 &
757 1366 816 1384 mon
831 1352 968 1397 Reoloubte
981 1353 1122 1390 Seigneur,

245 1396 327 1427 Vous
349 1395 428 1434 plaise
448 1395 493 1426 sur
515 1404 549 1425 ce
574 1395 608 1426 δε
628 1402 785 1425 autrement
798 1392 908 1423 tousdiz
922 1399 989 1428 moy
1004 1389 1143 1429 Mander‚
1162 1391 1195 1423 &
1214 1390 1273 1422 fere

209 1435 300 1468 savoir
313 1444 373 1466 voz
386 1435 460 1465 bons
474 1433 602 1471 Plaifirs,
620 1443 693 1470 pour
706 1433 743 1462 les
762 1431 826 1461 faire
849 1431 882 1461 δε
903 1427 1041 1466 acomplir
1063 1429 1270 1461 tresvoluntiers

211 1476 245 1506 ὅ(
260 1473 296 1504 de
310 1475 369 1504 bon
384 1473 480 1511 Cuer,
496 1482 530 1503 au
549 1471 641 1502 Plaisir
654 1472 692 1500 du
707 1468 820 1500 Benoist
836 1468 914 1500 Saint
928 1467 1038 1506 Esperit
1047 1490 1058 1506 ,
1076 1468 1125 1507 qui
1141 1478 1214 1500 vous
1231 1470 1270 1500 ait

209 1522 249 1544 en
263 1513 287 1544 sa
300 1512 392 1544 Sainte
408 1513 440 1544 &
455 1511 587 1552 especiale
601 1509 706 1540 Gai-de.

249 1589 359 1630 Escrsspt
375 1599 390 1619 a
405 1590 507 1618 Vennes
522 1586 548 1618 le
562 1597 590 1618 v.
602 1585 672 1626 Jour
688 1584 818 1617 d’Avrill.

317 1664 416 1696 Vestre
432 1664 502 1696 Seur
511 1689 522 1704 ‚

234 1745 297 1772 ,La
310 1741 450 1782 Ducheffi
469 1742 505 1772 de
528 1744 693 1780 Bretaigne,
709 1739 828 1780 Conteffe
848 1739 881 1771 de
895 1736 1036 1778 Montfhrt
1056 1736 1095 1774 όν
1119 1737 1152 1767 de
1173 1737 1272 1768 Richo-

210 1781 299 1812 mand.

251 1914 413 1948 Traftasus
438 1917 474 1952 ἔγ
492 1914 648 1952 Articuli,
667 1924 720 1958 pro
741 1911 890 1956 Personali
911 1914 1106 1943 Conventione
1123 1911 1224 1943 Trecis

339 1961 494 2005 habenda,
523 1965 559 2001 (ῥ’-
579 1966 653 1996 Pace
671 1959 887 2002 concludenda,
912 1959 1140 1992 l’raeliminares.

212 2048 391 2113 CArolus,
411 2047 466 2078 Dei
490 2046 592 2085 gratis,
607 2049 770 2076 Francorum
792 2048 870 2084 Rex,
889 2044 1038 2082 univerfis,
1054 2043 1199 2080 praesentes
1221 2043 1272 2075 Li-

287 2098 358 2120 teras
373 2087 549 2125 inspedturis,
566 2086 688 2118 Salutem
698 2111 707 2124 ,
725 2087 758 2118 &
768 2094 871 2123 optatae
888 2084 936 2114 diu
950 2083 1031 2114 Pacis
1046 2082 1167 2113 Foedera
1182 2083 1270 2114 firmi—

207 2134 247 2158 ter
261 2127 425 2158 conservare
439 2126 472 2156 &
485 2125 627 2163 amplecti.
798 2162 803 2167 .

244 2165 325 2197 Licet
341 2165 463 2197 celebres
476 2164 624 2194 Tractatus
638 2171 721 2200 atque
735 2163 804 2193 varii
814 2184 823 2200 ,

245 2205 305 2236 Pro
330 2204 457 2235 Francia:
472 2205 507 2236 &
527 2202 638 2241 Angliae
663 2201 835 2238 Regnorum
855 2198 1068 2235 redintegranda
1082 2199 1174 2237 Pace,
1193 2198 1270 2229 evel—

205 2244 350 2282 lendisque
365 2242 508 2279 Diffidiis,
528 2243 618 2278 inter,
637 2240 717 2271 clarae
739 2239 902 2275 memoriae,
923 2238 1049 2268 Nobiles
1070 2237 1269 2277 Progenitores

207 2283 335 2320 nostros,
353 2292 402 2319 ac,
422 2281 528 2312 inclitae
544 2279 762 2316 recordationis,
779 2277 978 2316 Progenitores
998 2276 1168 2306 Sereniffimi
1188 2275 1271 2307 Prin·-

209 2322 279 2359 cipis
295 2323 406 2351 Henrici
418 2322 495 2358 Regis
509 2318 621 2357 Angliie
636 2316 848 2354 Consanguinei
864 2315 969 2354 nostri,
988 2314 1167 2354 eundemque
1187 2315 1270 2346 Con-

207 2360 386 2428 sanfiuineum
400 2360 529 2388 nostrum
545 2360 578 2388 δι’
594 2356 676 2395 Nos,
693 2356 827 2386 haetenus
840 2355 925 2385 habiti
935 2379 943 2390 ,

273 2399 433 2436 xpectaturn
450 2397 515 2427 inde
529 2396 609 2427 Pacis
622 2394 747 2426 fruc'turn
760 2403 820 2424 non
835 2392 994 2430 attulerint,

243 2437 312 2467 Nos
327 2436 543 2473 nichilominus,
1108 2470 1114 2475 υ

245 2474 279 2505 ln
303 2475 406 2505 nostrae
430 2473 609 2504 conscientiae
635 2472 783 2502 libramine
806 2469 991 2510 ponderantes
1015 2468 1158 2500 sinceriter
1182 2479 1267 2508 quarn

204 2513 336 2551 grandia,
352 2522 435 2551 quam
447 2512 630 2549 irreparabilia
646 2509 722 2540 Mala
733 2534 742 2545 ,
761 2519 904 2547 quamque
923 2517 1070 2537 enormem
1088 2507 1248 2538 Laefionem
1259 2532 1268 2547 ,

209 2553 243 2582 ὃ(
265 2551 443 2582 universalem
467 2560 549 2586 atque
569 2549 808 2589 immedicabilem
832 2548 962 2585 plagam,
980 2545 1124 2576 diciorum
1148 2546 1267 2586 Regno-

210 2599 273 2619 rum
291 2589 461 2628 deploranda
486 2588 614 2625 Divisio,
632 2597 692 2617 non
712 2588 748 2617 eis
771 2587 878 2624 solum,
898 2584 943 2615 sed
964 2585 1031 2623 toti,
1052 2584 1144 2622 proch
1163 2584 1265 2615 dolor!

209 2627 346 2659 Ecclesiae
362 2626 497 2657 Militanti
514 2627 646 2656 hactenus
660 2625 799 2662 intulerit,

245 2666 350 2704 Nuper
372 2675 457 2702 cum,
478 2665 592 2702 praefato
607 2663 792 2693 Illustrislinio
810 2662 957 2700 Principe,
970 2663 1087 2691 Henrico
1112 2664 1181 2700 Rege
1200 2664 1268 2692 An-

206 2705 287 2743 gliae‚
304 2704 524 2742 Consanguineo
540 2702 652 2740 nostro,
671 2701 749 2732 Pacis
762 2701 930 2731 Traetatum
944 2700 1157 2738 resumpsimus,

206 2776 209 2777 ⁷
251 2743 282 2773 In
298 2753 357 2781 quo
372 2743 501 2779 tandem,
517 2740 581 2778 post
596 2741 716 2778 plurima
730 2738 894 2769 nostrorum
907 2738 1082 2768 Collationes
1108 2748 1216 2769 mutuas
1235 2739 1267 2769 δε

213 2781 366 2820 Colloquia
393 2782 455 2819 (illo
478 2779 580 2810 nostris
601 2777 737 2810 effectum
757 2778 887 2818 largiente
909 2776 1061 2814 desideriis,
1087 2778 1136 2813 qui
1159 2777 1265 2807 Pacem

211 2821 363 2859 pollicetur
382 2820 551 2850 hominibus
572 2819 658 2848 bonae
678 2817 840 2854 voluntatis)
862 2817 933 2846 inter
955 2815 1077 2845 eundem
1094 2815 1271 2855 Consangui-

212 2869 301 2890 neum
322 2858 450 2889 nostrum
472 2858 504 2888 δε
525 2856 594 2887 Nos
610 2854 825 2886 Conccusmu
840 2854 879 2885 est
898 2854 932 2885 &
948 2853 1220 2885 CoNcoRDA'rUM
1241 2856 1270 2884 in

215 2908 283 2929 eum
294 2899 342 2936 qui
356 2897 475 2936 sequitur
491 2896 626 2933 modum,

248 2975 409 3006 luminis
419 2995 429 3011 ,
442 2964 524 3010 'quod
539 2970 667 3010 praefatus
682 2973 741 3000 Rex
754 2973 885 2999 Henricm·
902 2969 1134 3008 consanguineus
1155 2969 1251 3000 noster
1262 2994 1271 3008 ‚

214 3015 333 3052 accipiet
349 3014 382 3043 &
398 3011 512 3042 habebit
526 3011 554 3040 in
571 3009 734 3047 Conjugem
749 3008 986 3046 praeclariffimam
1003 3008 1147 3047 Puellam,
1164 3007 1273 3038 Kathe-

213 3057 302 3083 rinam
319 3051 417 3081 Filiam
430 3049 546 3088 nostram
559 3049 592 3078 ὃς
608 3047 799 3078 iilustriffimae
825 3045 1008 3077 Conthoralis
1030 3047 1152 3084 nostrae,
1169 3048 1274 3084 absque

214 3092 313 3122 Onere
326 3092 420 3128 aliquo
435 3090 475 3118 ob
488 3088 516 3117 id
531 3087 647 3123 Nobis,
659 3096 704 3116 aut
719 3086 776 3115 aliis
791 3087 1014 3123 quibuscumque
1027 3085 1080 3116 suis
1091 3086 1217 3124 Amicis,
1227 3095 1273 3116 aut

215 3130 338 3160 Subditis
352 3128 448 3168 Regni
463 3125 606 3162 Franciae,
623 3123 818 3162 Imponendot

252 3167 290 3198 Et
313 3167 408 3205 quod,
433 3175 481 3204 per
503 3174 570 3194 eum
589 3162 728 3199 modurn,
752 3161 820 3192 Nos
840 3162 874 3192 &
896 3161 1040 3199 praefatam
1061 3161 1274 3193 illustrissimam

213 3204 421 3236 Conthoralern
437 3203 563 3234 nostram
579 3200 684 3232 efficiet
696 3201 745 3230 fibi
758 3199 870 3230 Patrem
885 3201 917 3230 &
940 3200 1083 3238 Matrem,
1102 3202 1135 3231 &
1158 3200 1226 3230 Nos
1245 3209 1275 3230 ut

215 3242 329 3274 Patrem
346 3245 379 3275 ὃς
395 3242 520 3272 Matrem
534 3240 595 3270 suos
607 3239 722 3270 habebit
740 3239 773 3270 &
789 3248 840 3276 pro
859 3238 956 3268 talibus
975 3240 1168 3276 venerabitur,
1187 3248 1219 3268 ac
1245 3247 1275 3268 ut

217 3282 302 3313 decet
315 3281 441 3313 venerari
453 3280 518 3310 tales
535 3280 566 3310 &
581 3287 671 3309 tantos
684 3277 844 3313 Principem
865 3277 898 3306 δε
923 3276 1135 3315 Principissarn,
1149 3286 1220 3315 ymo
1241 3277 1273 3307 δε

216 3330 276 3360 prae
293 3320 403 3351 cunctis
416 3318 472 3348 aliis
482 3317 701 3355 Temporalibus
718 3315 845 3345 Personis
862 3314 976 3344 Mundi.

205 3359 212 3363 ’
252 3359 363 3393 ITEM,
381 3356 459 3395 quod
472 3356 562 3386 dietus
578 3359 637 3385 Rex
652 3357 784 3383 Henricus
797 3364 849 3383 non
873 3353 1012 3391 turbabit,
1028 3364 1074 3383 nec
1096 3353 1275 3393 inquietabit,

207 3397 261 3440 Jeu
274 3396 397 3436 impediet
411 3397 484 3432 Nos,
503 3397 639 3434 quominus
651 3400 786 3422 teneamus
807 3391 845 3426 ὠ·
857 3391 1045 3430 possideamus,
1061 3392 1151 3431 quoad
1169 3395 1275 3420 vixeri-

216 3446 274 3467 mus
287 3444 420 3474 quatenus
431 3442 558 3463 tenemus
571 3433 604 3463 &
617 3431 788 3469 poffidemus
802 3430 837 3460 de
851 3430 974 3467 praesenti
983 3452 993 3467 ,
1012 3433 1142 3459 Coronam
1157 3427 1194 3463 ὠ
1204 3432 1273 3466 Dig-

214 3480 332 3506 nitatem
353 3471 475 3510 Regalem
497 3473 637 3508 Franciae,
658 3470 691 3501 &
713 3468 870 3506 Redditus,
900 3468 1033 3503 Fructus,
1059 3470 1092 3499 ὃς
1115 3468 1274 3499 Proventus

213 3513 383 3546 eorumdem
394 3534 403 3550 ,
417 3510 452 3540 ad
469 3509 707 3540 Sustentationem
723 3506 816 3538 Status
837 3505 925 3537 nostri
945 3508 978 3537 &
1003 3506 1136 3536 Onerum
1156 3506 1272 3544 Regni,

213 3554 247 3584 &
266 3550 389 3592 praefata
411 3546 574 3585 Sereniffl'ma
597 3545 769 3576 Conthoralis
794 3545 886 3584 nostra
909 3549 991 3574 etiam
1015 3552 1126 3583 teneat,
1147 3545 1272 3585 quamdiu

210 3595 332 3627 vixerit,
351 3592 458 3618 Statum
479 3587 517 3621 (ῥ’
538 3588 709 3622 Dignitatem
735 3587 840 3620 Reginae
852 3607 861 3620 ,
875 3583 1027 3613 secundum
1050 3592 1162 3613 morem
1176 3583 1271 3626 Regni

212 3629 359 3667 praedffiii,
378 3636 445 3657 curn
466 3634 541 3664 parte
563 3622 742 3660 praefatorum
766 3622 943 3651 Reddituum
960 3622 992 3652 &
1012 3621 1208 3652 Proventuum
1222 3621 1272 3652 nbi

210 3677 340 3704 ,congrua
357 3667 389 3697 &
405 3664 599 3696 convenienti.
819 3699 824 3702 ἢ
988 3697 993 3703 .
1188 3699 1192 3704 ¹

250 3705 295 3736 IT
308 3715 325 3736 i:
335 3714 381 3742 M,
399 3702 495 3742 quod,
510 3699 671 3732 immediate
685 3697 747 3737 post
766 3697 889 3727 Obitum
906 3696 995 3726 nostri
1008 3697 1107 3727 Karoli
1119 3698 1221 3736 Regis,
1238 3697 1272 3728 &

213 3753 315 3774 extunc
331 3745 478 3781 deinceps,
498 3742 515 3759 ³*
533 3743 635 3769 corona
648 3736 686 3773 &-
702 3739 820 3774 Regnum
834 3739 972 3772 Franciae,
988 3744 1055 3778 cum
1081 3745 1181 3766 eorum
1197 3735 1272 3773 Juri-

214 3782 266 3811 bus
281 3782 312 3812 ὃς
327 3781 506 3811 pertinentiis
520 3777 666 3814 universis,
685 3775 839 3805 manebunt
855 3775 888 3804 &
906 3783 986 3803 erunt
999 3775 1079 3811 ipsius
1095 3777 1174 3812 Regis
1194 3777 1273 3804 Hen-

212 3822 280 3857 rici,
298 3821 329 3849 ὃς
345 3818 503 3849 Haeredum
519 3818 633 3847 suorum
649 3816 740 3851 imper
760 3822 866 3843 etuum.
1125 3852 1130 3856 ι

250 3858 292 3887 ΙΤ
303 3866 373 3894 EM,
389 3856 484 3894 quod,
503 3866 555 3893 pro
572 3865 606 3884 eo
622 3854 697 3891 quod
714 3823 797 3888 bfos,
813 3849 931 3880 Karalus
947 3852 1005 3878 Rex
1025 3849 1213 3888 supradictus,
1228 3858 1271 3880 te-

215 3905 315 3925 nemur
326 3918 335 3931 ,
352 3904 382 3925 ut
398 3895 551 3932 plurimum
563 3918 572 3930 ,
590 3893 622 3922 δε
636 3891 824 3929 praepedimur
838 3888 950 3919 adversa
964 3888 1123 3918 Valitudinc
1136 3899 1185 3926 per
1201 3898 1269 3918 eum

213 3933 335 3965 modum
351 3934 427 3972 quod
441 3942 501 3963 non
517 3930 672 3963 commode
684 3930 840 3968 poterimus
851 3928 886 3957 in
898 3925 1016 3958 Persona
1027 3926 1123 3958 nostra
1142 3926 1270 3958 intende-

675 31 1471 86 coNVENT10NEQ

1527 31 1933 84 LITERAE,

1316 129 1348 150 re
1362 119 1408 150 seu
1421 129 1520 151 vacare
1531 120 1711 159 disponendis
1725 119 1821 160 Regni
1839 122 1973 162 negotiiS,
1989 120 2116 160 idcirce,
2133 121 2168 153 ad
2184 130 2275 154 totam
2289 124 2378 155 vitam
2398 123 2472 155 Ann.
2488 123 2530 156 D.

1315 157 1441 188 nostram
1453 181 1462 196 ,
1481 158 1605 190 Facultas
1621 161 1654 191 &
1670 162 1839 190 Exercitium
1854 161 1969 197 Regendi
1984 159 2023 195 ό·
2038 159 2207 200 Disponendi
2228 162 2381 200 Rempubli-

1316 208 1374 227 cam
1382 198 1507 240 pre—adim
1525 201 1608 235 Regni
1621 201 1757 243 Francia,
1777 209 1846 230 cum
1866 199 1997 243 Consilio
2018 197 2176 244 Nobilium
2195 201 2228 231 &
2252 200 2380 232 Pruden-

1318 235 2380 315 ἱῖἓέἐέῗζὲυἷῗὲἒηἢῖιῖζῗεέξῗῗάὲὲἓὲἒῬᾶρῐὲἒῑέιῗηῗᾚῐῖςῖῗῗὲιὲῗ

1318 315 1400 341 ricum
1415 311 1467 342 sint
1480 312 1513 343 &
1530 321 1675 356 maneant3
1693 314 1730 344 ita
1745 323 1774 345 ut
1787 315 1878 353 ipsum
1894 324 1942 352 per
1955 314 2072 352 seipsum
2088 316 2121 349 ὃς
2137 316 2221 352 etiarn
2238 326 2288 354 per
2301 317 2380 355 alios,

1318 360 1389 387 quos
1411 359 1480 380 cum
1501 349 1630 381 Consilio
1656 351 1839 389 praefatorum
1860 352 2017 384 Nobilium
2038 353 2073 384 ad
2089 354 2153 385 haec
2167 354 2276 386 duxerit
2290 355 2379 396 depu-

1318 388 1433 426 tandos,
1451 388 1564 427 Regere
1577 388 1660 426 possit
1677 390 1710 420 &
1725 389 1901 423 Gubernare.
1936 418 1941 421 c

1356 427 1471 465 Quibus
1493 426 1610 465 ⁴quidem
1634 427 1776 460 Facultate
1800 430 1834 461 δε
1853 429 1997 461 Exercitio
2015 429 2164 470 Regendi,
2182 430 2220 462 fic
2232 441 2316 469 penes
2335 432 2379 471 ip-

1319 464 1378 494 sum
1395 468 1490 502 Regem
1507 467 1655 495 Henricum
1668 467 1866 506 existentibus,
1883 469 1938 507 ipse
1953 468 2107 500 efficaciter
2122 469 2157 500 δε
2174 468 2305 509 fideliter,
2324 480 2378 508 pro

1318 502 1402 533 Posse
1419 504 1468 534 suo
1483 504 1638 534 Laborabit
1653 504 1685 535 ὅ(
1699 503 1828 537 Intendet
1842 507 1876 536 ad
1891 507 1937 545 id,
1953 507 2032 546 quod
2046 508 2102 539 esse
2114 507 2199 545 poffit
2221 509 2255 540 &
2276 509 2377 541 debeat

1317 541 1351 571 ad
1377 542 1532 573 Honorem
1555 542 1638 579 Dei,
1660 552 1694 573 ac
1715 543 1820 581 nostri,
1846 546 1879 575 &
1905 547 2027 583 praefatae
2050 546 2234 578 Conthoralis
2255 547 2377 586 nostrae,

1317 590 1431 611 necnon
1444 581 1478 611 ad
1494 580 1608 611 Bonum
1625 581 1777 612 Publicum
1791 582 1861 612 disti
1874 583 1986 622 Regni,
2003 586 2036 616 &
2053 585 2086 616 ad
2100 585 2189 623 ipsum
2216 585 2376 624 Regnum,

1316 628 1383 649 cum
1412 618 1542 650 Consilio
1567 621 1601 651 &
1623 619 1737 650 Auxilio
1759 620 1937 659 Procerum,
1967 622 2138 660 Magnarum
2161 625 2195 655 &
2218 624 2377 656 Nobilium

1316 657 1438 695 ejusdem
1460 657 1574 697 Regni,
1594 657 1832 697 Defendendum,
1857 660 2138 700 Transquillandum,
2163 664 2196 694 &
2217 661 2377 694 Pacifican-

1315 696 1384 740 dum
1400 719 1409 735 ,
1436 706 1468 727 ac
1482 696 1656 736 Regendum
1681 697 1836 729 secundum
1858 699 2028 736 exigentiam
2044 699 2165 738 Justitiae
2187 701 2220 733 δε
2243 702 2377 740 AEquita-

1316 743 1358 765 us.

1351 773 1458 812 ITEM,
1479 774 1556 813 quod
1569 773 1720 813 Proceres,
1739 774 1906 815 Magnates‚
1922 776 1956 807 &
1969 774 2111 814 Nobiles,
2123 786 2156 807 ac
2171 777 2263 809 Status
2278 778 2376 820 Regni

1316 813 1464 850 praediffi,
1483 822 1541 843 ram
1556 812 1730 852 spirituales,
1749 823 1835 852 quarn
1860 814 2065 852 Temporales,
2084 824 2198 845 necnon
2221 815 2376 856 Civitates,

1316 852 1349 881 ὃ(
1367 851 1501 881 notabiles
1513 851 1759 890 communitates,
1775 863 1809 884 ac
1826 852 1912 884 Cives
1925 853 1958 884 &
1982 852 2131 893 Burgenses
2149 853 2286 885 Villarum
2305 856 2376 893 ejus-

1315 888 1382 919 dem
1398 889 1515 926 Regni,
1533 890 1649 928 Nobis,
1668 890 1780 922 Karolo
1793 891 1965 931 supradicto,
1984 901 2036 930 pro
2050 901 2180 932 tempore
2195 891 2375 933 obedientes,

1315 927 1487 965 praestabunt
1496 928 1658 966 juramenta
1672 940 1737 969 quae
1750 930 1898 970 sequntur,

1352 1001 1398 1033 IN
1407 1013 1453 1035 PR
1466 1013 1477 1034 1
1488 1013 1516 1034 M
1527 1013 1539 1034 1
1550 1014 1579 1042 s,
1602 1004 1675 1046 quod
1686 1005 1756 1035 dieto
1773 1004 1848 1045 Regi
1863 1003 2012 1043 Hernico,
2023 1006 2191 1049 facultatem
2212 1007 2250 1044 ὠ-
2274 1011 2376 1038 exerci-

1314 1044 1382 1071 tium
1395 1043 1560 1081 Disponendi
1577 1043 1614 1078 (ὧν
1635 1044 1752 1080 Regendi
1767 1044 1869 1074 dietam
1886 1045 2082 1084 Rempublicam
2096 1049 2202 1084 gerenti
2216 1070 2226 1085 ,
2253 1058 2286 1076 ac
2303 1048 2376 1086 Jus-

1308 1080 1428 1120 fionibus
1441 1081 1499 1121 fitis
1512 1106 1521 1118 ,
1549 1081 1686 1112 humiliter
1704 1081 1742 1117 ώ-
1760 1084 1910 1113 obedienter
1930 1088 1960 1114 in
1978 1084 2109 1123 omnibus,
2135 1087 2304 1115 Exercitium
2322 1089 2375 1116 Re-

1311 1122 1418 1187 {ri-inis
1433 1122 1499 1150 dieii
1514 1123 1599 1158 Regni
1616 1121 1828 1151 concernentibus
1838 1145 1848 1160 ,
1866 1121 1904 1158 ὠ·
1918 1131 1968 1161 per
1981 1126 2070 1153 omnia
2081 1123 2217 1162 parebunt
2230 1124 2269 1159 ό·
2284 1127 2376 1156 inten—

1347 1166 1388 1188 nt.

1351 1196 1423 1227 iri:
1435 1206 1480 1235 M,
1516 1199 1569 1228 uod
1586 1209 1635 1236 ea,
1653 1209 1711 1239 quae
1732 1201 1805 1228 inter
1827 1199 1974 1237 praefatum
1996 1199 2109 1239 Regem
2134 1199 2317 1241 Henricum,
2334 1200 2373 1236 ὠ

1312 1233 1399 1273 Nos,
1414 1209 1553 1267 Karofiim
1570 1236 1684 1275 Regem
1702 1237 1887 1275 praedictum,
1903 1250 1934 1267 ac
1950 1238 2091 1276 praefatam
2105 1239 2303 1271 conthoralem
2319 1250 2374 1271 no·-

1313 1273 1398 1303 stram
1410 1297 1418 1312 ,
1434 1286 1490 1304 cum
1506 1275 1615 1315 Confilio
1629 1287 1734 1313 eorum,
1748 1287 1811 1316 quos
1827 1277 1902 1315 Nos,
1913 1276 2035 1315 praefata
2048 1277 2220 1307 Conthoralis·
2235 1278 2325 1318 nostra
2340 1290 2373 1309 ac

1311 1313 1398 1342 dictus
1423 1313 1487 1343 Rex
1510 1313 1651 1344 l-lenricus
1674 1315 1716 1344 ad
1733 1314 1788 1344 haec
1810 1314 1961 1345 duxerimus
1976 1315 2157 1354 adhibendos,
2173 1320 2208 1345 A
2221 1318 2374 1354 punfft'uata

1308 1349 1419 1390 fuerint
1434 1351 1472 1387 όν
1487 1353 1673 1390 Concora'ata,
1691 1353 1738 1393 ipfi
1752 1355 1874 1383 Proceres
1887 1354 1925 1389 ὠ
1942 1357 2102 1392 Magnam,
2122 1355 2196 1385 Nobi
2207 1366 2233 1385 es
2243 1353 2282 1390 (ῥ’
2306 1359 2373 1386 Sta·

1312 1397 1357 1419 tus
1378 1394 1461 1428 Regni
1472 1392 1611 1429 praedift'i,
1629 1398 1687 1421 tam
1707 1391 1879 1431 Spirituales,
1896 1392 1978 1434 quarn
2003 1392 2188 1432 Temporales,
2204 1404 2303 1423 necnon
2326 1397 2373 1424 ci-

1313 1432 1434 1467 vitates,
1450 1430 1488 1463 ὠ·
1504 1430 1633 1459 notabiles
1649 1433 1872 1470 CommunitateJ,
1886 1443 1918 1460 ac
1933 1435 2012 1462 Cives
2022 1431 2060 1467 ὠ·
2074 1431 2222 1472 Burgenfis
2233 1431 2372 1463 Villarum

1310 1466 1425 1507 ejusdem
1442 1471 1540 1506 Regni,
1555 1476 1686 1509 quatenus
1698 1479 1739 1498 eos
1755 1469 1792 1504 ὠ»
1803 1469 1920 1508 fingulos
1933 1481 2021 1500 eorum
2038 1481 2188 1501 concernere
2209 1474 2324 1509 poterit,
2341 1475 2372 1501 in

1312 1507 1430 1535 omnibus
1450 1505 1488 1541 ὠ·
1510 1515 1559 1544 per
1580 1510 1669 1537 omnia
1690 1507 1755 1537 bene
1779 1508 1809 1542 ὅ)
1854 1509 1951 1538 delitet·
1964 1509 2164 1549 observabunt,
2183 1509 2221 1545 &
2232 1517 2283 1548 pro
2296 1509 2372 1549 Poffl

1306 1545 1358 1584 suo
1370 1544 1409 1584 fic
1414 1543 1521 1584 satient
1533 1558 1550 1574 a
1565 1546 1763 1586 quibufiumque
1776 1546 1808 1575 ob
1821 1551 1924 1577 crvari.

1351 1581 1423 1613 Ιτε
1433 1591 1475 1621 Μ,
1493 1584 1578 1623 quod,
1599 1588 1722 1613 continue
1738 1584 1774 1613 ab
1789 1586 1874 1615 Obitu
1884 1608 1894 1624 ,
1911 1584 1948 1619 ab·
1958 1585 2014 1625 post
2029 1586 2141 1616 obitum
2154 1585 2252 1625 nostri,
2270 1585 2372 1617 Karoli

1304 1620 1473 1660 fiipradifli,
1491 1630 1571 1651 erunt
1585 1623 1633 1662 ipfi
1645 1623 1746 1652 Fideles
1760 1625 1887 1654 Homines
1901 1627 1976 1661 Ligei
1991 1625 2066 1665 ipfius
2081 1624 2168 1663 Regis
2190 1624 2313 1655 Henrici
2332 1624 2372 1660 &-

1312 1659 1459 1689 Haeredum
1475 1659 1605 1698 suorum,
1620 1672 1651 1690 ac
1673 1670 1720 1699 pro
1741 1663 1856 1692 Domino
1874 1662 1926 1702 fico
1946 1666 2028 1700 Ligeo
2043 1674 2073 1692 ac
2088 1666 2228 1701 Supremo,
2244 1661 2283 1697 ὠ
2303 1673 2371 1693 vero

1311 1701 1380 1735 Rege
1402 1701 1539 1736 Franciae,
1566 1699 1666 1740 absque
1684 1699 1853 1741 oppofitione,
1876 1701 2100 1739 contradietione,
2118 1699 2168 1741 fiu
2192 1700 2371 1740 difficultate,

1310 1738 1449 1774 Recipient
1461 1735 1499 1771 ὠ·
1514 1737 1678 1767 Admittent
1693 1744 1731 1772 &³
1742 1745 1791 1775 pro
1807 1738 1861 1767 tali
1874 1739 2005 1768 obedient
2036 1738 2075 1773 ό
2091 1740 2175 1779 quod,
2189 1747 2370 1779 preterquam

1311 1775 1399 1805 Nobis
1415 1774 1525 1806 Karolo
1531 1773 1704 1815 supradicto,
1719 1775 1786 1806 nulli
1799 1787 1917 1817 unquam
1948 1777 1986 1816 0st
2003 1760 2058 1806 ἧκε
2068 1801 2078 1814 ,
2095 1785 2227 1818 tanquam
2245 1781 2308 1814 Regi
2321 1785 2370 1807 aut

1311 1816 1522 1883 ZegerzltiibRegni
1534 1818 1674 1854 Franciae,
1692 1815 1831 1854 obedient,
1850 1815 1901 1856 nist
1920 1785 1994 1855 {egi
2014 1815 2146 1847 Henrico
2157 1815 2314 1855 supradicto
2332 1815 2371 1852 ό-

1343 1864 1395 1882 cere
1414 1866 1423 1883 1
1441 1864 1471 1882 us
1495 1864 1545 1883 uis.

1345 1891 1391 1921 lT
1402 1900 1420 1921 Β
1430 1900 1456 1922 Μ
1465 1853 1565 1931 ,squod
1575 1903 1628 1922 non
1643 1899 1722 1922 erunt
1734 1895 1762 1922 in
1782 1891 1896 1932 Confilio
1906 1914 1915 1929 ,
1932 1890 2066 1930 Auxilio,
2085 1891 2137 1934 vel
2154 1890 2286 1932 Affinfic,
2302 1892 2375 1934 quod

1309 1930 1395 1960 dietus
1411 1929 1476 1961 Rex
1488 1931 1630 1961 l-lenricus
1640 1931 1741 1969 perdat
1757 1934 1853 1960 Vitam
1873 1929 1910 1964 ὠ·
1925 1932 2134 1969 Membrumseu
2149 1935 2272 1968 capiatur
2297 1931 2372 1961 mala

1311 1973 1450 2007 captione,
1471 1977 1520 1999 aut
1537 1969 1608 2010 quod
1615 1972 1743 2008 patiatur
1757 1972 1912 2008 Dampnum
1919 1968 1970 2008 fi’u
1986 1972 2198 2000 Diminutionem
2221 1973 2250 1999 in
2277 1969 2372 2010 Perso-

1311 2019 1365 2046 na,
1378 2011 1477 2045 Statu,
1492 2010 1601 2038 Honore
1610 2030 1620 2045 ,
1629 2007 1680 2047 JZ’u
1695 2008 1802 2045 Rebus,-
1819 2019 1932 2046 verum,
1942 2007 1972 2048 fi
1986 2009 2052 2049 quid
2063 2008 2120 2038 tale
2135 2015 2229 2039 contra
2244 2019 2303 2037 eum
2316 2019 2371 2039 mo-

1309 2045 1356 2075 liri
1362 2045 1412 2085 seu
1429 2045 1579 2076 machinari
1593 2050 1740 2084 noverint,
1757 2046 1827 2076 illud
1831 2055 1882 2085 pro
1906 2046 1978 2086 Poffi’
1994 2047 2045 2087 sico
2065 2048 2222 2085 impedient,
2239 2058 2270 2076 ac
2289 2047 2373 2076 eidem

1310 2083 1387 2123 Regi
1402 2084 1533 2115 Henrico
1543 2108 1552 2124 ,
1569 2096 1650 2125 quam
1664 2084 1772 2114 celerius
1782 2092 1928 2124 poterunt,
1940 2094 1991 2124 per
1999 2084 2097 2127 seipsos
2108 2108 2118 2124 ,
2128 2085 2179 2125 seu
2191 2087 2296 2115 Nuntio
2307 2110 2316 2123 ,
2325 2083 2375 2116 vel

1308 2125 1429 2162 Litoris,
1447 2123 1623 2154 intimabunt.

1345 2199 1392 2230 ΙΤ
1404 2209 1421 2230 E
1431 2208 1458 2230 M
1467 2223 1476 2239 ,
1496 2199 1714 2231 Concordatum
1729 2199 1769 2230 est
1784 2199 1861 2238 quod
1871 2198 1993 2239 praefata
2010 2198 2082 2229 Filia
2099 2199 2190 2239 nostra
2204 2199 2370 2240 notabitur,

1308 2239 1524 2278 quemadmodum
1537 2242 1644 2278 Reginae
1658 2238 1771 2277 Angliae
1784 2239 1913 2269 haHenus
1927 2242 2030 2270 Dotari
2043 2237 2234 2278 tortsueverunt
2257 2240 2371 2277 (videli-

1309 2278 1367 2314 cet)
1383 2277 1418 2308 ad
1433 2278 1581 2309 Summam
1600 2278 1792 2317 Qadraginta
1809 2277 1929 2308 Milium
1944 2277 2098 2309 Scutorutn
2119 2279 2279 2317 annuatim3
2298 2288 2371 2317 quo·

1308 2326 1371 2347 rum
1387 2316 1458 2348 Duo
1469 2316 1578 2355 semper
1593 2319 1701 2349 valeant
1719 2326 1808 2347 unum
1824 2316 1937 2347 Nobile
1951 2316 2152 2356 Anglicanum.

1344 2353 1433 2385 ΙΤΕΜ
1445 2379 1455 2392 ,
1472 2355 1566 2394 quod,
1584 2354 1675 2386 dietus
1689 2353 1922 2395 Consanguineus
1935 2355 2049 2393 noster,
2064 2357 2125 2384 Rex
2142 2356 2276 2384 Henricus
2289 2353 2369 2385 labo·

1308 2393 1395 2432 rabit,
1414 2403 1466 2432 pro
1489 2393 1573 2424 Posse
1594 2394 1659 2432 suo,
1678 2394 1712 2425 &
1734 2395 1820 2432 quarn
1845 2395 1926 2425 citius
1949 2393 2108 2424 commode
2121 2392 2179 2423 fieri
2193 2393 2317 2431 poterit,
2333 2391 2368 2423 ad

1310 2431 1481 2463 Ponendum
1494 2433 1522 2462 in
1538 2432 1738 2463 Obedientiam
1751 2431 1877 2463 nostram
1897 2442 1999 2463 omnes
2022 2433 2056 2463 &
2076 2431 2192 2468 singulas
2212 2429 2370 2468 Civitates,

1309 2469 1411 2509 Villas,
1430 2470 1544 2509 Castra,
1563 2471 1661 2510 Loca,
1677 2469 1779 2502 Patrias
1814 2472 1847 2501 &
1863 2470 2012 2509 Personas,
2030 2470 2099 2500 infra
2123 2468 2260 2512 Regnum
2281 2467 2368 2499 Fran-

1307 2510 1361 2539 ciae
1384 2509 1485 2540 Nobis
1506 2509 1704 2541 inobedientes
1726 2510 1760 2541 &
1781 2493 1929 2547 RebelleS,
1948 2517 2073 2539 tenentes
2085 2507 2197 2537 Partem
2213 2506 2305 2552 illam,
2320 2507 2367 2538 seu

1306 2548 1453 2578 existentes
1465 2547 1501 2578 de
1520 2547 1602 2579 Parte
1616 2548 1677 2585 illi,
1695 2548 1841 2586 vulgariter
1855 2548 1930 2578 dicia
1942 2544 2130 2590 Dalphinifi’u
2144 2549 2317 2589 Armenian,
2331 2545 2367 2576 &

1306 2587 1459 2655 pffgr‘im
1473 2587 1529 2654 illali³
1533 2586 1612 2631 Loca
1626 2587 1663 2630 de
1677 2586 1818 2653 ρτκῄόίέὶίε
1833 2595 1898 2624 quae
1906 2586 1972 2654 ἕμᾶι
1985 2595 2053 2615 citra
2065 2584 2188 2652 gilugffii
2200 2582 2368 2652 kliageirsisdgid

1307 2636 1333 2694 sa
1343 2633 1833 2707 ,eu[ugruliocairrinifisaelgbamrriggieurs
1847 2633 2069 2702 garinnai&
2078 2683 2088 2700 2
2098 2633 2138 2693 {Sc
2161 2630 2368 2692 Marclgaandisae

1305 2702 1343 2732 fic
1361 2701 1472 2731 liberius
1487 2701 1567 2731 suum
1584 2700 1707 2743 Cursum
1721 2700 1837 2731 habere·

1344 2739 1385 2770 Ita
1405 2739 1481 2778 quod
1504 2749 1608 2769 omnes
1626 2740 1660 2770 &
1683 2740 1796 2778 lingulae
1820 2725 2014 2777 &onquestae,
2031 2746 2105 2768 extra
2121 2736 2269 2768 Ducatum
2283 2735 2368 2766 Nor-

1307 2778 1448 2815 manniae,
1466 2779 1494 2807 in
1510 2777 1614 2816 Regno
1631 2778 1654 2808 F
1657 2779 1772 2815 ranciae,
1784 2787 1833 2817 per
1844 2778 1952 2808 didium
1968 2777 2221 2814 Consanguineum
2229 2773 2370 2812 nostrum,

1305 2817 1385 2885 {35¹9ss
1401 2816 1600 2847 inobedientes
1620 2817 1702 2847 nobis
1717 2816 1835 2855 fiendae,
1854 2825 1936 2847 erunt
1952 2817 1985 2847 ὃς
1998 2815 2064 2846 fient
2079 2813 2113 2845 ad
2129 2813 2292 2845 Utilitatem
2315 2822 2371 2843 no-

1333 2864 1407 2885 ram:

2422 172 2508 203 1420.

2402 207 2466 231 Hen.
2485 212 2513 239 5.

1346 2894 1365 2913 *²
1385 2893 1424 2924 Et
1439 2892 1517 2931 quod
1533 2893 1609 2924 idem
1628 2892 1860 2932 Consanguineus
1876 2892 1992 2930 noster,
2016 2901 2070 2929 pro
2095 2889 2174 2928 posse
2192 2889 2243 2921 suo
2258 2914 2269 2928 ,
2285 2889 2369 2921 faciet
2387 2897 2406 2918 ι*
2423 2899 2476 2930 Ιχ,

1306 2931 1385 2970 quod
1403 2933 1501 2962 omnia
1517 2932 1549 2962 ὃς
1566 2932 1679 2971 fingulae
1697 2932 1799 2962 Terra:
1817 2933 1850 2963 &
1871 2931 2007 2961 Dominia
2021 2951 2031 2967 ,
2059 2929 2213 2960 constituta
2232 2930 2261 2959 in
2281 2928 2369 2960 Locis
2387 2937 2452 2974 879·

1308 2971 1347 3001 fic
1367 2969 1614 3008 Conquaerendis,
1631 2971 1780 3008 speetantia
1799 2970 1832 2999 ad
1853 2968 1987 2999 Personas
2006 2978 2084 2998 nunc
2102 2967 2201 2998 Nobis
2221 2966 2371 2998 Obedien-

1307 3017 1348 3040 tes
1358 3033 1367 3047 ,
1386 3020 1449 3047 quic
1461 3010 1593 3047 jurabunt
1609 3010 1756 3039 observare
1775 3008 1941 3045 praesentem
1957 3006 2174 3044 Concordiam,
2189 3005 2367 3037 restituentur

1309 3048 1391 3078 dietis
1410 3047 1538 3077 Personis
1556 3048 1589 3078 ad
1608 3057 1680 3086 quos
1701 3046 1832 3083 spectant.

1350 3083 1419 3117 Ιτε
1431 3095 1477 3124 M,
1496 3085 1573 3122 quod
1592 3108 1601 3123 ,
1626 3086 1864 3122 quandocumque
1882 3084 2034 3122 contigerit
2046 3106 2055 3122 ,
2079 3082 2192 3114 favente
2210 3082 2345 3113 Domino
2360 3107 2372 3121 ‚

1310 3125 1459 3163 praefatum
1478 3123 1732 3160 Consanguineum
1751 3122 1883 3153 nostrum
1903 3122 1937 3152 ad
1958 3123 2108 3152 Coronam
2127 3121 2225 3162 Regni
2245 3122 2371 3152 Franciae

1311 3165 1473 3200 pervenire,
1490 3162 1619 3192 Ducatus
1637 3161 1830 3191 Norrnanniae
1847 3184 1856 3199 ,
1881 3170 1995 3192 necnon
2016 3162 2115 3192 omnia
2132 3161 2166 3191 &
2178 3159 2289 3199 ‚ungula
2308 3159 2372 3190 Lo-

1312 3211 1345 3231 ca
1366 3212 1414 3237 per
1433 3201 1555 3230 eundem
1567 3199 1815 3238 consanguineum
1831 3199 1962 3230 nostrum
1977 3200 2005 3230 in
2022 3199 2129 3238 Regno
2143 3198 2270 3229 Franciae
2287 3197 2373 3229 Con-

1311 3240 1407 3277 quinta
1424 3263 1433 3276 ,
1452 3246 1532 3268 erunt
1550 3239 1599 3267 sub
1619 3237 1739 3270 Ditione
1755 3263 1765 3276 ,
1783 3237 1954 3269 Obedientia
1969 3260 1980 3276 ‚
2005 3239 2038 3270 &
2055 3237 2225 3268 Monarchia
2242 3236 2372 3268 Coronae

1313 3278 1439 3307 Franciae
1457 3275 1629 3314 supradictae.

1346 3315 1456 3345 ITEM
1474 3338 1484 3353 ,
1499 3315 1718 3345 Concordatum
1741 3314 1783 3345 est
1808 3315 1887 3353 quod
1911 3324 2013 3346 omnes
2037 3315 2072 3345 &
2095 3312 2209 3353 fingulae
2235 3311 2368 3355 Personae

1310 3352 1513 3384 Ecclesiasticae
1529 3378 1538 3390 ,
1565 3353 1739 3384 Beneficiatae
1765 3356 1795 3384 in
1812 3354 1928 3385 Ducatu
1945 3353 2152 3390 Normanniae,
2169 3360 2216 3382 aut
2234 3350 2291 3381 aliis
2305 3360 2370 3386 qui-

1310 3393 1472 3431 buscunque
1492 3391 1577 3422 Locis
1590 3393 1619 3422 in
1636 3391 1742 3431 Regno
1759 3391 1902 3429 Franciae,
1920 3392 2013 3423 eidem
2027 3390 2252 3433 Consanguineo
2266 3388 2368 3418 nostro

1310 3431 1454 3468 subjectis,
1473 3429 1572 3460 Nobis
1591 3431 1767 3461 Obedientes
1803 3431 1837 3461 &
1856 3430 1992 3461 Faventec
2010 3428 2084 3460 Parti
2102 3428 2143 3459 Bu
2197 3426 2287 3463 ndiae,
2303 3435 2368 3464 quae

1309 3470 1437 3505 jurabunt
1455 3469 1560 3498 servare
1578 3468 1743 3507 praesentem
1781 3469 1875 3500 *oNc
1886 3478 1968 3499 oar>
1978 3477 2017 3498 IA
2027 3475 2055 3497 M
2071 3491 2082 3505 ,
2097 3466 2134 3510 ‚R
2178 3466 2316 3508 ituentur,
2331 3464 2368 3495 ad

1310 3507 1448 3576 Benzfieia
1472 3507 1516 3537 sua
1540 3506 1724 3538 Eccesiastica
1742 3531 1752 3545 ,
1777 3509 1807 3537 in
1832 3508 1949 3538 Ducatu
1963 3507 2009 3537 seu
2028 3505 2117 3536 Locis
2130 3504 2265 3541 proximo
2283 3503 2367 3535 dictis

1311 3555 1368 3576 con
1397 3554 1471 3576 ituta.

1346 3583 1391 3614 I·r
1402 3591 1475 3619 ΕΜ,
1492 3582 1570 3621 quod
1587 3593 1688 3614 omnes
1705 3584 1740 3614 &
1758 3584 1871 3623 fingulae
1890 3582 2039 3624 Personae,
2055 3579 2154 3610 Nobis
2165 3577 2365 3622 obedientes,

1307 3622 1340 3652 &
1359 3622 1382 3652 F
1383 3631 1494 3652 aventes
1512 3620 1585 3651 Parti
1603 3622 1656 3652 illae
1675 3633 1738 3660 quae
1753 3622 1856 3653 dicitur
1872 3619 2061 3656 Burgundiae‚
2080 3627 2146 3656 quae
2158 3617 2294 3655 jurabunt
2308 3617 2365 3648 ser-

1305 3670 1373 3690 vare
1391 3660 1554 3698 praei'entern
1574 3658 1805 3691 CoNcoRDtAM
1819 3682 1831 3698 ,
1856 3660 1976 3689 habeant
1997 3657 2099 3686 Terras
2123 3656 2158 3687 &
2182 3655 2367 3688 Tenementa

1307 3698 1352 3727 sua
1380 3707 1557 3736 quecunque
1580 3700 1609 3728 in
1635 3698 1752 3737 Ducatu
1768 3697 1980 3732 Normanniae‚
1996 3703 2044 3724 aut
2061 3693 2120 3725 aliis
2138 3694 2364 3734 quibuscumque

1308 3735 1397 3766 Locis
1417 3737 1446 3765 in
1456 3737 1564 3773 Regno
1582 3736 1730 3775 Franciae,
1747 3736 1830 3767 dieto
1848 3733 2072 3770 consanguineo
2088 3733 2189 3763 nostro
2208 3732 2362 3776 funestis,

1329 3784 1372 3804 uae
1394 3774 1440 3804 vel
1458 3775 1509 3812 qui
1530 3784 1580 3812 per
1604 3776 1729 3805 eundem
1755 3773 2006 3812 Consanguineum
2033 3771 2162 3802 nostrum
2180 3771 2237 3802 aliis
2254 3773 2301 3802 seu
2317 3771 2363 3802 alii

1340 3821 1422 3842 onata
1440 3823 1500 3842 non
1519 3813 1631 3844 fuerint.

1338 3849 1446 3888 ITEM,
1466 3851 1544 3888 quod
1562 3851 1595 3881 ad
1614 3859 1702 3881 totam
1719 3849 1815 3881 Vitam
1831 3846 1974 3885 nostram,
1991 3848 2020 3877 in
2037 3848 2171 3879 omnibus
2187 3847 2294 3885 Locis,
2308 3856 2364 3878 no-

1302 3888 1344 3918 bis
1371 3898 1449 3918 nunc
1474 3889 1518 3919 vel
1542 3891 1569 3919 in
1587 3889 1714 3920 futurum
1729 3887 1858 3928 subjeetis
1908 3886 2013 3917 Literae
2031 3886 2207 3917 Communis
2220 3885 2365 3925 Justitiae,

1300 3936 1414 3957 necnon
1432 3925 1852 3964 ConceffionesOfficiorum,
1870 3909 2096 3965 Beneficiorum,
2115 3927 2150 3958 &
2166 3925 2281 3993 alimini-n
2296 3923 2367 3992 lum}

2219 3971 2241 3994 n
2277 3971 2297 3993 0
2319 3971 2336 3992 u
