2562 4274
0 243 123 352 3223
147 286 311 319 Consimilia
328 286 426 318 Brevia
443 281 605 323 diriguntur
622 284 778 354 il‘ubscriptis
795 289 805 325 3
830 285 880 318 sub
894 286 994 318 eadem
1014 286 1104 325 Data;
1122 287 1201 318 vide-

22 334 95 359 ΝΜ·-
639 333 683 354 ice
704 346 713 362 ,

199 404 346 433 Vicecomiti
364 400 477 431 Cornubi

198 444 344 471 Vicecomiti
360 440 474 469 Sutham
491 446 512 468 t.

202 481 349 516 Vicecomiti
366 448 489 516 Somerf
500 477 538 514 &¹
566 474 647 516 Dorfi

201 518 350 546 Vicecomiti
368 515 486 555 Bristoll.

202 558 350 585 Vicecomiti
373 556 496 583 Kantiae.

203 595 352 622 Vicecomiti
368 596 443 622 Surr.
461 591 498 626 ᾤ’
516 592 615 631 Suffix„
631 618 634 622 .

202 634 348 660 chcomiti
367 629 458 668 Norff
477 630 515 665 έν·
535 631 604 669 Suff.

202 666 349 699 chcomiti
368 667 491 697 Liucoln.

201 709 348 737 Vicecomiti
367 706 493 735 Eborum.

199 747 347 775 Vicecomiti
368 743 458 773 Wlts.

154 825 1206 832 >,—-‚-,.———-——————-—-———————-—-—-—

423 883 471 914 De
495 883 693 929 Attemptatis
716 880 935 927 Reformandis.

5 970 133 1005 AnnD.
150 964 277 1040 RE}
293 968 460 1036 Omnibus?
476 967 511 999 ad
529 978 610 1006 quos,
629 968 690 998 ἃς.
709 966 842 997 Salutem.

67 1019 86 1038 0
110 1033 116 1039 .
273 1018 349 1040 ciatis
390 1018 427 1038 uo

10 1021 66 1079 Aleil
81 1020 109 1084 4Ξ
192 1049 292 1087 Cum,
308 1018 428 1084 septiqmo
443 1029 489 1075 <iic
502 1043 618 1079 Martii,
655 1043 769 1072 roximo
789 1042 1026 1082 praeterito,inter
1042 1042 1209 1076 Concilium

8 1094 43 1116 H.
62 1098 90 1122 4·
154 1087 284 1119 nostrum
298 1095 330 1117 ex
348 1094 402 1115 una
424 1088 500 1120 ‘parte
513 1104 523 1120 ,
547 1081 581 1111 &
643 1079 777 1116 agistrum
799 1083 928 1111 Simonem
947 1082 979 1110 de
997 1083 1155 1121 ,Freivelli'ss
1173 1086 1207 1115 &

5 1132 93 1155 Franc.
110 1136 138 1161 4.
157 1125 332 1163 Magistrum
348 1121 510 1151 Nicholaum
525 1119 656 1158 Scorkyn,
673 1117 706 1148 N
711 1119 810 1149 uncios
834 1129 887 1157 pro
909 1128 985 1157 parte
1001 1120 1157 1159 Flandriae,
1173 1122 1208 1152 ad

7 1169 44 1192 Η.
61 1174 89 1198 4.
156 1165 293 1201 Regnum
309 1160 436 1192 nostrum
451 1157 564 1194 Angliae
580 1166 669 1194 nuper
683 1155 848 1195 destinatos,
866 1167 900 1187 ex
916 1166 993 1195 parte
1007 1158 1088 1189 altera
1100 1183 1110 1198 ,
1136 1161 1209 1199 apud

10 1212 46 1229 m.
67 1212 110 1237 ις.
154 1198 443 1234 westmonasterium
460 1194 679 1226 Concordatum
695 1196 729 1225 ὃς
746 1195 962 1233 Appunetatum
976 1196 1085 1235 fuiffet,
1109 1198 1210 1237 quod,

194 1241 313 1277 Propter
337 1235 497 1267 Absentiam
519 1242 655 1264 certarum
679 1232 862 1264 Personarum
876 1257 886 1271 ,
909 1234 944 1264 de
974 1236 1073 1272 quibus
1101 1236 1209 1273 praefatj

109 1297 114 1303 .
154 1279 265 1310 Nuncii
280 1300 291 1315 ,
313 1277 343 1306 iri
362 1273 526 1313 quibusdam
548 1271 678 1302 Articulis
693 1293 703 1309 ,
729 1271 846 1310 praesato
868 1272 1005 1302 Concilio
1030 1274 1128 1303 nostro
1148 1274 1212 1304 alias

153 1316 309 1355 porrectis,
327 1311 474 1352 conquesti
488 1311 616 1348 fuerunt,
635 1319 687 1346 pro
702 1309 844 1346 Dampnis
858 1310 891 1352 .&
909 1309 1096 1350 Captioiiibus
1117 1312 1211 1342 Bono-

154 1366 237 1394 rum,
257 1364 304 1392 per
320 1352 452 1383 Personas
465 1348 612 1386 praedietas
627 1347 835 1377 Plandrensibus
854 1347 935 1378 illatis
951 1370 961 1386 ,
986 1348 1208 1381 Restitutionem

157 1395 191 1425 &
205 1392 434 1424 Satisfaffionem
449 1386 622 1424 condignam
640 1393 782 1423 petentes,

195 1431 288 1462 Partes
304 1427 446 1467 praedistae
460 1424 610 1455 voluerunt
625 1423 658 1453 &
674 1423 870 1455 concesserunt
884 1425 963 1464 quod
979 1424 1140 1464 Negotium
1156 1427 1211 1458 hu-

152 1469 276 1510 jiism'odi
290 1468 373 1505 usque
389 1466 417 1494 iri
437 1463 560 1502 primum
575 1461 654 1492 diem
664 1461 732 1500 Julii
749 1463 884 1500 proximo
904 1463 1030 1494 futurum
1045 1466 1117 1504 apud
1127 1465 1211 1497 Cale-

160 1510 228 1540 sium
262 1512 410 1537 roro⁰etur

196 1518 455 1584 Itapquod⁵dieruin
470 1540 637 1571 Concilium
655 1538 785 1571 nostrum
800 1540 836 1571 de
851 1541 884 1572 &
898 1540 978 1579 super
1000 1542 1123 1573 Veritate
1139 1542 1225 1573 Praer

160 1584 310 1617 missorum
325 1582 438 1612 interim
457 1579 482 1610 se
497 1580 679 1616 informaret,
697 1580 730 1609 ὃς
765 1580 824 1610 uod
837 1579 969 1610 Personae
987 1581 1129 1618 praedictae
1146 1581 1217 1618 legi-

161 1624 250 1660 time,
264 1629 311 1651 aut
324 1618 519 1659 personaliter,
535 1617 580 1647 seu
601 1617 658 1648 aliis
678 1617 730 1660 viis
744 1589 784 1648 (ἐξ
805 1618 896 1648 modis
908 1640 919 1656 ,
943 1619 998 1650 five
1013 1629 1061 1656 per
1082 1619 1218 1649 Edictum

158 1663 308 1692 citarentur
323 1659 357 1690 ad
371 1656 597 1694 comparendum
613 1664 683 1686 tunc
705 1655 831 1693 1bidem,
857 1666 955 1686 coram
971 1659 1055 1688 certis
1070 1657 1218 1688 Commis-

161 1700 249 1738 sariis,
269 1709 318 1736 per
332 1696 402 1727 Nos
415 1696 448 1726 &
471 1694 558 1725 dietas
574 1693 670 1724 Partes
694 1693 830 1724 Flandriae
851 1696 886 1725 ad
913 1693 971 1725 hoc
985 1695 1165 1734 deputandis,
1180 1697 1216 1726 de

161 1739 197 1769 &
211 1738 291 1775 super
307 1733 564 1805 gornquestip'cnibus
571 1731 727 1770 praedietis,
744 1731 928 1771 responsurae,
945 1733 1108 1776 ulteriusque
1121 1744 1218 1772 recep-

165 1785 235 1807 turae
271 1785 309 1806 uo
355 1781 417 1804 oret
445 1783 462 1802 u
490 1781 558 1809 um,

201 1814 240 1845 Et
252 1786 338 1851 {uod
356 1782 459 1843 eodein
477 1809 568 1840 modo
585 1808 708 1839 facerent
715 1808 828 1840 Nuncii
842 1809 970 1850 praedio'ti
984 1811 1019 1842 de
1032 1811 1151 1849 &super
1159 1821 1222 1843 cer-

164 1854 200 1884 tis
215 1850 360 1889 Articulis,
376 1851 414 1880 eis
423 1849 524 1880 traditis
533 1870 543 1887 ,
553 1847 686 1887 Qerelas
702 1848 892 1886 Anglicorum
902 1858 999 1881 contra
1014 1850 1128 1881 eosdem
1140 1850 1220 1881 Flan-

164 1891 272 1922 drenses
289 1888 516 1926 continentibus,
761 1925 767 1930 ⁸

204 1924 241 1967 Et
257 1928 337 1969 quod
353 1927 429 1958 fieret
446 1925 580 1964 generalis
597 1923 789 1955 Proclamatio
801 1934 851 1963 per
868 1933 958 1956 totam
973 1925 1131 1957 Flandriam
1141 1927 1222 1965 quod

166 1967 258 1998 nullus
277 1966 449 1998 Flandrensis
465 1965 542 1995 Bona
558 1964 603 1994 seu
622 1963 817 1994 Mercimonia
832 1964 1010 1995 Gallicorum
1023 1987 1033 2002 ,
1059 1967 1108 1995 sub
1124 1966 1222 1996 colore

167 2005 256 2044 fleto,
274 2014 407 2043 tanquam
421 2004 467 2034 sua
482 2003 602 2041 palliabit
617 2001 663 2032 seu
678 2001 847 2044 affirmabit,
864 2002 1030 2034 cessantibus
1037 2002 1132 2042 Dolo,
1151 2003 1222 2034 Col-

167 2043 288 2082 lusione,
303 2044 349 2074 seu
366 2041 471 2073 Fraude
484 2043 513 2070 in
529 2041 582 2071 hac
598 2047 673 2077 parte
689 2039 930 2080 quibuscumque,

206 2081 352 2121 Qodque
372 2079 544 2111 Flandrenses
557 2079 728 2116 quicumque
739 2100 749 2115 ,
765 2087 833 2108 curn
852 2078 1000 2110 Mercibus
1014 2080 1048 2111 &
1063 2079 1146 2111 Bonis
1154 2080 1224 2120 suis,

167 2120 203 2151 ad
220 2121 332 2152 dic'tum
346 2119 487 2156 Regnum
500 2115 629 2148 nostrum
645 2115 774 2154 Angliae,
792 2117 853 2147 tam
865 2128 915 2156 per
921 2117 1040 2148 Terram
1050 2140 1060 2156 ,
1078 2125 1165 2157 quam
1174 2130 1222 2157 per

167 2158 273 2198 Mare,
288 2160 322 2190 &
335 2157 401 2190 alibi
417 2157 607 2194 ubicumque,
625 2155 664 2184 ire
680 2154 714 2185 &
726 2155 816 2198 redire
829 2155 916 2187 libere
936 2156 1047 2194 possent
1070 2157 1223 2196 (lolvendo

169 2197 341 2235 Custumas,
359 2195 502 2232 Subsidia,
520 2195 553 2225 ὃ(
573 2193 624 2223 alia
639 2189 764 2223 Deveria
783 2193 852 2224 inde
872 2194 981 2233 debita)
1003 2194 1103 2234 absque
1124 2196 1222 2233 Impe-

22 2230 45 2251 ’ὃ
69 2230 152 2258 vm.
169 2237 298 2267 dimemo
327 2237 347 2256 ar
367 2229 733 2275 Regnicolarum·Angliae
760 2240 943 2272 quocumque
956 2256 966 2272 ,
991 2234 1077 2264 etiam
1102 2234 1123 2265 fi
1145 2234 1225 2265 Bona

58 2277 123 2306 3¹3·
170 2273 332 2314 hujusmodi
345 2274 376 2304 in
390 2272 520 2304 Navibus
535 2269 717 2300 Gallicorum
732 2272 838 2312 carcari
850 2272 1017 2310 contigerit,

171 2327 174 2330 ·
209 2313 256 2344 Ac
273 2314 356 2343 etiam
375 2310 454 2350 quod
472 2308 647 2339 Mercatores
659 2307 692 2337 ὃς
707 2307 754 2337 alii
769 2308 851 2350 Ligei
865 2310 953 2340 nostri
976 2310 1022 2340 An

172 2353 235 2385 dria
249 2351 409 2388 existentes,
427 2349 472 2379 seu
489 2348 554 2378 illuc
572 2348 603 2376 in
619 2346 750 2389 futurum·
761 2349 943 2387 accedentes,
963 2357 1008 2379 aut:
1039 2359 1093 2378 ona
1113 2360 1228 2380 eorum-

176 2391 265 2429 dem,
281 2389 392 2425 Vigore
408 2386 540 2424 Marquae
556 2384 602 2415 seu
616 2383 794 2422 Reprlsaliae,
812 2388 881 2418 citra
896 2388 1005 2418 distum
1020 2387 1144 2425 primum
1152 2388 1230 2419 diem

173 2429 242 2469 Julii
277 2426 399 2457 minime
414 2422 594 2457 arestarentur
607 2421 654 2452 seu
667 2421 892 2464 molestarentur²

254 2477 287 2498 os
975 2484 977 2486 -
1181 2497 1183 2499 ,

201 2491 500 2576 lAppiiilie'tarnentum
520 2503 689 2544 praedittum
704 2528 714 2544 ,
739 2511 872 2545 quatenus
889 2504 924 2536 ad
941 2514 994 2536 nos
1012 2506 1125 2543 attinet,
1143 2503 1234 2535 aditn-

190 2552 192 2554 “
229 2555 253 2576 ri
270 2555 309 2575 vo
320 2552 396 2574 entes

181 2554 266 2614 peAc
281 2583 317 2613 de
334 2567 491 2619 Fidei’itate,
509 2581 792 2620 Circumspefflone,
810 2584 844 2614 &
859 2580 1013 2618 industria,
1031 2580 1128 2611 dileeti
1145 2580 1238 2611 Cleri*-

183 2623 213 2654 ci
228 2621 335 2658 nostri,
354 2619 621 2657 MagistriNicholai
637 2619 780 2660 Rysfheton
790 2620 905 2656 Legum
914 2619 1067 2657 Doctoris‚
1084 2619 1239 2657 ac,dile6ti

182 2662 284 2698 nobis,
331 2658 443 2688 ohannis
461 2657 572 2694 Urban,
587 2658 695 2694 plenius
711 2657 897 2695 considentes,
1235 2664 1239 2669 ·

221 2698 267 2729 Ad
317 2696 529 2728 onveniendurn
545 2696 579 2726 &
594 2696 808 2734 Tractandum,
825 2696 899 2732 apud
913 2694 1020 2725 dictam
1035 2694 1138 2724 Villam
1153 2694 1239 2725 Cale-

185 2737 233 2775 fii,
251 2736 389 2774 praedifiio
402 2736 499 2772 primo
512 2733 558 2763 die
569 2733 655 2772 Julii,
673 2743 742 2765 curn
758 2733 982 2764 Continuatione
1006 2734 1039 2763 &
1057 2733 1239 2774 Prorogatio-

185 2786 222 2806 ne
238 2775 283 2805 seu
303 2773 357 2805 alia
377 2782 552 2810 quacumque
576 2772 673 2803 mutu&
694 2771 887 2810 Affignatione
908 2771 1031 2802 Dierum
1050 2773 1241 2809 lequentium,

185 2818 255 2844 cut'n
272 2811 478 2842 Commissariis
496 2821 547 2847 pro
561 2811 636 2841 dieta
662 2819 737 2848 parte
756 2809 891 2840 flandriae
914 2809 949 2840 de
964 2811 996 2841 &
1011 2808 1090 2847 super
1105 2809 1241 2848 Conque-

188 2851 326 2882 stionibus
340 2851 373 2882 &
390 2849 521 2888 Qierelis
536 2848 675 2885 praedietis
685 2871 695 2887 ,

225 2890 271 2920 Ac
289 2888 368 2926 super
390 2889 430 2918 eis
454 2888 487 2918 &
505 2896 601 2916 earum
625 2887 737 2924 singulis
751 2886 898 2918 tractandis
912 2908 922 2924 ,
948 2886 982 2916 &
999 2887 1056 2916 tam
1081 2886 1115 2916 ad
1134 2886 1243 2917 easdem

187 2927 420 2965 Conquestiones
438 2926 471 2956 &
485 2924 638 2964 Qierelas,
655 2926 741 2966 quam
754 2925 789 2956 ad
807 2926 999 2967 Attemptata,
1017 2925 1040 2954 F
1042 2925 1245 2963 landrenfibus,

188 2968 211 2998 fi
227 2976 290 3005 quae
305 2967 343 2996 eis
360 2974 408 3002 per
426 2964 531 3001 Ligeos
546 2962 672 3001 nostros,
690 2963 753 3001 post
765 2963 878 2994 dietum
896 2963 1047 2999 septimum
1064 2963 1142 2993 diem
1158 2962 1241 2993 Mar-

189 3006 239 3043 tii,
257 3013 354 3034 contra
372 3003 506 3033 Formam
523 3001 555 3031 &
578 3001 726 3032 Effectum
746 3001 874 3039 praedie'ti
897 3001 1159 3039 Appunetamenti‚
1174 3002 1246 3031 faeta
1304 2992 1306 2995 V

191 3044 226 3075 &
243 3041 317 3071 illata
331 3040 465 3079 existant,
482 3040 578 3070 debite
600 3039 832 3070 Reformandum
855 3041 889 3071 &
904 3039 1051 3069 reformari
1065 3038 1247 3078 faciendum,

190 3081 269 3119 juxta
286 3079 406 3109 formam
419 3081 452 3110 &
466 3077 600 3108 effeetum
615 3078 740 3117 ejusdem
755 3078 1012 3115 Appunetamenti,

219 3118 270 3149 ,Et
286 3117 320 3147 ad
336 3116 509 3148 consimilem
527 3115 778 3147 Reformationem
787 3138 796 3154 ,
817 3125 870 3153 pro
885 3118 961 3152 parte
978 3114 1071 3145 nostra
1089 3116 1122 3146 δε
1138 3116 1243 3154 Ligeo-

192 3167 257 3188 rum
282 3154 443 3186 nostrorum
469 3154 672 3192 praedietorum
687 3178 697 3193 ,
723 3155 759 3185 ab
786 3154 890 3185 eisdem
914 3153 1122 3184 Flandrensibus
1147 3154 1249 3185 Peten-

196 3195 284 3232 dum,
303 3192 530 3233 Requirendum,
547 3193 580 3223 &
595 3193 813 3230 Obtinendum,

201 3254 203 3256 ·
235 3231 365 3263 Necnon
381 3232 479 3261 omnia
495 3230 545 3260 alia
563 3232 596 3261 &
614 3232 720 3269 fingula
738 3229 911 3261 Faciendum
925 3252 935 3268 ,
960 3229 1176 3260 Excercendum
1187 3252 1196 3267 ,
1217 3230 1251 3260 &

198 3269 414 3309 Expediendum
428 3293 438 3306 ,
463 3279 526 3306 quae
544 3270 573 3298 in
599 3268 750 3300 Praemiffis
771 3270 805 3301 &
833 3271 909 3300 circa
933 3278 964 3298 ea
983 3268 1131 3299 neceffaria
1149 3268 1253 3299 fuerint

200 3309 247 3339 seu
264 3306 482 3345 quomodolibet
493 3313 633 3344 oportuna
640 3331 650 3347 ,

239 3345 331 3384 Ipsos,
349 3344 525 3375 Nicholaum
538 3345 760 3384 &johannem,
778 3345 887 3376 nostros
904 3350 1004 3382 veros,
1031 3344 1192 3383 legitimos,
1217 3345 1251 3375 &

204 3385 375 3416 indubitatos
405 3381 623 3413 Commissarios
644 3406 655 3422 ,
686 3385 880 3420 Negotiorum
898 3383 1032 3421 Gestores
1045 3400 1055 3420 ,
1073 3393 1106 3413 ac
1121 3383 1155 3412 N
1159 3384 1257 3414 uncios

203 3423 350 3462 speciales,
367 3421 512 3457 Facimus,
529 3420 720 3460 Ordinamus,
737 3424 771 3452 ὃς
783 3421 988 3451 constituimus
1009 3428 1057 3457 pei·
1072 3421 1240 3460 praesentes,

240 3461 440 3492 promittentes
457 3458 522 3488 Nos
546 3458 654 3488 Rarum
676 3460 709 3489 &
725 3460 848 3490 Gratum
862 3462 997 3496 perpetuo
1019 3460 1163 3490 habituros
1176 3461 1257 3497 quic-

202 3499 271 3539 quid
287 3509 333 3537 per
347 3497 461 3528 eosdem
475 3495 693 3526 Commiffar'ios
710 3497 821 3527 nostros
844 3498 952 3528 Adrum
974 3497 1029 3527 {ive
1043 3496 1166 3528 Gestum
1178 3499 1259 3529 suerit

206 3541 236 3569 in
252 3535 420 3574 Praemiisis,
438 3536 470 3566 &
485 3534 597 3570 singulis
611 3534 833 3565 Praemissorum.
1070 3544 1081 3546 ⁴

247 3575 314 3606 Dat.
334 3575 384 3605 sub
408 3573 509 3612 Magni
525 3573 615 3608 Sigilli
638 3572 724 3602 nostri
740 3573 922 3604 Testimonio
946 3573 1019 3611 apud
1040 3572 1182 3604 Palatium
1209 3586 1258 3605 no-

210 3613 294 3653 {trum
312 3611 419 3652 Wcstm.
438 3612 552 3643 decimo
568 3620 666 3649 quarto
680 3611 726 3641 die
742 3611 818 3650 julii.

734 3689 786 3717 Per
803 3688 884 3728 ipfitm
902 3691 998 3726 Regem
1020 3687 1057 3724 (ἴθ’
1075 3688 1227 3719 Concilium.

70 3852 145 3883 Ann-
159 3847 201 3879 Β.
216 3829 264 3861 De
282 3825 444 3861 Rebellione
467 3829 596 3860 Henrici
616 3829 703 3874 Percy
724 3823 797 3857 dmi
812 3825 967 3870 Hmspw,
994 3828 1030 3862 ὠ*
1052 3826 1267 3859 proclamatio-

92 3897 178 3928 1403.
200 3898 206 3902 ·
568 3872 652 3907 nibus
674 3872 742 3906 inde
758 3872 917 3917 faciendis.

72 3933 180 4001 ᾗεῃηᾘ.
218 3959 338 4015 REX
353 3960 529 3992 Vicecomiti
543 3961 714 4005 oxoniae&
728 3958 830 4003 Berks,
847 3958 980 4004 Salutem.¹
1176 3998 1182 4004 .

74 4007 145 4041 Viag.
157 4012 185 4039 4.
311 3998 388 4037 Quia
402 3999 496 4030 datum
510 4000 551 4030 est
568 4000 652 4029 nobis
665 3998 784 4034 intelligi
799 3996 878 4036 quod
894 3999 1022 4028 Henmus
1031 3999 1111 4036 Percy
1125 3997 1268 4035 Chivalcr,

73 4047 108 4071 H.
124 4052 151 4078 4.
167 4042 206 4071 m,
220 4035 569 4107 assttilcianslslelRlebillibus
581 4037 681 4068 nostris
695 4036 806 4068 Walliae
819 4058 830 4074 ,
856 4036 890 4067 &
904 4043 994 4067 certos
1010 4036 1148 4068 Inimicos
1161 4036 1269 4068 nostros

77 4090 121 4119 23,
284 4083 334 4104 om.
395 4096 403 4104 .
447 4097 453 4104 .
490 4097 496 4105 .

1280 165 1743 215 PUBLICA‚
2236 188 2292 227 49

1242 247 1349 281 Scotiae
1363 254 1389 281 in
1406 255 1552 286 Comitiva
1574 257 1617 288 sua
1639 259 1759 296 liabens,
1777 266 1875 289 contra
1896 257 1961 289 Nos
1982 258 2015 289 &
2030 256 2153 289 nostram
2169 258 2289 297 Regiani
2306 260 2382 291 Ami:
2396 262 2438 295 D,

1243 286 1435 325 Magestatem
1445 315 1454 329 ,
1469 304 1502 323 ac
1516 297 1782 338 contra-Ligeantiae
1795 298 1849 327 suae
1856 298 1998 336 debitum,
2012 299 2073 336 jam
2087 296 2289 335 Iiifiirrexit,&
2325 309 2410 339 1403.

1243 324 1382 360 Ressnum
1398 331 1525 361 nostrum
1540 333 1665 371 Angliae,
1683 335 1715 364 ad
1731 335 1814 372 Nos,
1832 337 1864 366 ὃ(
1880 335 1972 365 fideles
1981 337 2087 372 Ligeos
2104 334 2289 376 iiol'ti'oi,pro
2306 345 2368 367 Heu.
2383 349 2411 372 4-

1242 363 1325 394 Posse
1338 366 1404 405 suo,
1423 368 1620 399 destruendum
1636 372 1651 413 .(
1662 372 1738 411 quod
1754 374 1838 410 absit)
1857 374 1893 403 de
1908 374 1954 404 die
1966 374 1994 403 in
2015 375 2091 404 diem
2117 372 2248 402 Invadei'e
2266 376 2292 402 le

1241 405 1376 470 proponit
1385 428 1395 444 ,
1411 407 1459 435 nili
1477 408 1534 444 ejus
1549 407 1668 438 ixiaiitiae
1687 411 1838 446 (annuente
1850 411 2000 450 Domino)
2029 412 2112 443 citius
2125 410 2276 447 resistatur,

1316 452 1365 480 os,

1280 479 1401 526 ΜαΙμίες
1414 481 1467 526 suge
1486 483 1627 520 praedic‘tse
1643 483 1761 514 resistere
1776 487 1899 518 volentes
1915 497 1944 519 ut
1959 498 2106 527 tenemur,

1280 516 1367 557 Tibi,
1387 531 1419 564 in.
1434 522 1500 565 lude
1514 523 1547 552 &
1565 522 1712 558 Ligeantii
1724 524 1775 551 tuis
1785 546 1794 561 ,
1813 527 1912 562 quibus
1925 529 2005 557 nobis
2019 530 2135 565 teneris,
2153 527 2291 564 Praecipi-

1248 565 1328 600 rrius,
1348 558 1464 589 firmiter
1480 569 1673 597 injungentes,
1690 561 1787 598 qubd,
1806 573 1982 601 quacumque
1997 565 2139 596 Dilatione
2154 566 2290 603 postpoli-

1243 602 1270 623 ta
1280 616 1288 631 ,
1305 605 1334 636 in
1351 596 1419 626 locis
1435 598 1503 627 infra
1519 597 1651 628 Ballivam
1665 607 1760 636 tunm,
1779 600 1827 629 ubi
1843 603 1930 637 magis
1946 604 2092 640 expediens
2108 604 2187 634 fuerit
2200 605 2291 635 &ne-

1243 632 1335 670 celle,
1353 644 1386 664 ex
1401 645 1475 672 parte
1489 635 1582 666 nostra
1596 637 1710 675 publice
1725 637 1889 673 proclamari
1901 640 2000 678 facias,

1284 671 1375 715 QuOd
1389 684 1489 704 omnes
1503 675 1536 705 &
1552 674 1648 712 singuli
1664 675 1800 712 Domini,
1822 676 1947 714 Milites,
1968 679 2126 718 Armigeri,
2144 681 2175 711 ὃς
2190 680 2216 711 V
2219 680 2293 711 aletti

1242 707 1368 749 dessdicfta
1384 711 1484 742 Balliva
1495 721 1556 750 tua,
1573 715 1607 743 ad
1623 713 1804 743 laborandum
1820 715 1904 744 abiles
1918 716 1950 746 δε
1966 726 2110 755 potentes,
2136 719 2184 748 sub
2202 719 2295 748 Foris-

1243 746 1350 777 factura
1365 751 1492 780 oninium
1507 760 1568 787 quae
1591 752 1675 781 nobis
1689 751 1845 783 forisfacere
1863 762 2014 792 poterunt,
2038 765 2120 792 penes
2144 756 2292 786 Personam

1243 785 1370 827 nostram
1387 787 1527 826 Regiam,
1547 790 1720 830 ubicumque
1733 799 1783 819 nos
1803 790 1864 820 fore
1883 793 2034 829 contigerit
2049 793 2210 831 (videlicet,
2234 796 2295 832 qui-

1244 822 1313 853 libet
1330 835 1447 864 eorum,
1460 827 1540 864 juxta
1555 827 1662 857 Statum
1684 828 1764 858 suum
1780 850 1789 866 ,
1814 829 1980 860 sufficienter
2001 832 2174 863 Armatus&
2190 834 2295 862 Arraia-

1245 862 1306 897 tus)
1328 862 1516 905 sepproperent
1538 866 1571 896 δε
1583 865 1731 903 festinent,
1746 866 1779 897 ad
1796 867 2046 907 proficiscendum,
2064 871 2117 900 una
2132 870 2299 908 nobiscum,

1246 899 1280 929 ad
1298 899 1493 933 Resistendum
1504 903 1623 934 Malitiae
1642 904 1801 935 Rebellium
1818 906 1980 937 nostrorum
2000 908 2219 948 praedioiorum,

1278 938 1449 983 ·Q0dque,
1469 941 1488 971 fi
1503 941 1648 980 Domini,
1667 942 1788 981 Milites,
1806 944 1966 983 Armigeri,
1985 946 2017 976 &
2035 947 2136 978 Valetti
2150 950 2297 990 praediciti,

1249 976 1385 1014 aliquibus
1400 978 1523 1011 Personis
1537 981 1572 1011 de
1588 981 1759 1011 Rebellione
1780 982 1915 1019 praedieta
1937 983 2066 1021 suspeetis
2079 1008 2088 1023 ,
2109 989 2204 1017 medio
2223 997 2296 1019 tem-

1248 1025 1334 1053 pore,
1352 1018 1467 1048 obviare
1481 1028 1612 1056 poterunt
1647 1019 1740 1058 Ipsos,
1759 1020 1816 1050 tam
1832 1021 1903 1051 infra
1919 1021 2089 1061 Libertates,
2107 1025 2192 1062 quam
2207 1036 2282 1057 extra

1247 1053 1382 1096 a'restent,
1401 1057 1434 1086 ὅ(
1449 1056 1498 1087 sub
1511 1058 1583 1088 salva
1598 1044 1753 1100 Custodia,
1768 1058 1910 1099 quousque
1924 1060 2000 1091 aliter
2010 1062 2076 1092 inde
2083 1062 2242 1095 duxerimus
2254 1050 2301 1096 ori

1250 1092 1421 1132 dinandum,
1441 1104 1544 1132 ponant
1557 1098 1589 1128 &
1605 1098 1673 1134 poni
1688 1098 1810 1136 iaciant,

1273 1130 1323 1174 *Et
1360 1134 1418 1176 uod
1433 1133 1508 1172 hoc,
1526 1134 1595 1165 sicut
1609 1135 1798 1165 salvationem
1815 1135 1937 1167 nostram
1959 1139 1993 1169 ὃς
2008 1136 2107 1175 Regni
2129 1140 2214 1171 nostri
2231 1152 2303 1182 prae·

1250 1168 1320 1198 dieti
1360 1170 1476 1209 iligunt,
1494 1173 1646 1204 nullatenus
1657 1175 1799 1204 omittant.

1289 1206 1378 1238 Teste
1390 1208 1475 1247 Rege
1488 1210 1562 1248 apud
1577 1214 1683 1241 Burtan
1691 1212 1771 1250 super
1785 1214 1931 1253 Trentam,
1949 1214 2065 1246 decimo
2078 1215 2153 1247 sexto
2166 1217 2212 1250 die
2224 1219 2301 1258 Julii.

1933 1292 1986 1321 Per
2000 1291 2081 1330 ipfiaem
2097 1295 2201 1332 Regem.

1291 1361 1310 1381 ³*
1329 1363 1408 1393 Bedr.
1803 1366 1890 1398 Rotel.

1290 1403 1376 1431 Buks.
1806 1408 1840 1435 N
1840 1414 1866 1435 ot
1862 1406 1944 1444 yngh.

1293 1441 1386 1469 Warr.
1806 1444 1889 1483 Staffi

1294 1479 1337 1506 Le
1333 1489 1375 1517 yc.
1809 1482 1896 1512 Derb.

1294 1517 1328 1545 N
1327 1515 1396 1546 orth-
1811 1520 1935 1552 Lincoln.

1257 1592 1396 1647 REX,
1416 1590 1539 1625 Dileffis
1552 1595 1585 1625 &
1601 1595 1740 1627 Fidelibus
1762 1596 1815 1642 suis
1828 1620 1838 1636 ‚
1861 1597 1999 1645 Alueredo
2020 1599 2125 1647 Truffil
2135 1602 2311 1636 Vicecomiti

1329 1633 1427 1677 nostro
1439 1631 1657 1678 Warrwi'cae-&e
1674 1636 1858 1676 Leycestriae,
1873 1639 1990 1667 Henrico
2004 1639 2108 1668 Nevtll
2141 1643 2174 1673 &
2186 1642 2313 1679 Johannz'

1259 1670 1445 1739 ξζῖἵῑιὲἧᾶς,
1463 1669 1584 1702 Dilectis
1599 1674 1649 1704 libi
1663 1696 1672 1712 ,
1695 1677 1776 1703 Petro
1791 1675 1921 1704 Barwell
1929 1699 1939 1714 ,
1961 1679 1994 1707 ὅ(
2013 1663 2153 1708 Willielino
2167 1679 2315 1720 Btspham,

1297 1747 1374 1792 Qia
1387 1746 1485 1778 datum
1507 1747 1548 1778 est
1571 1750 1654 1780 nobis
1675 1750 1808 1794 intelligi,
1826 1750 1887 1787 &a
1906 1758 1938 1781 ut
1952 1751 2039 1792 supra
2062 1753 2141 1794 usque
2155 1755 2209 1795 ibi,
2229 1757 2313 1797 Nos,

1261 1783 1398 1824 Mahnae,
1413 1785 1451 1819 &
1465 1793 1529 1816 tunc
1538 1786 1594 1826 fic,
1613 1787 1668 1818 suae
1682 1790 1804 1821 reiistere
1817 1790 1942 1820 volentes
1957 1800 1987 1821 ut
2001 1800 2147 1832 tenemur,

1298 1823 1507 1863 AffigiiaVimus
1522 1835 1572 1855 vos
1587 1828 1783 1867 conjunfflm,
1801 1829 1834 1859 ὃς
1849 1828 1978 1867 divisim,
1996 1829 2029 1859 ad
2038 1830 2312 1874 Proclamationem,

1259 1871 1293 1905 exj
1308 1871 1386 1900 parte
1401 1861 1512 1901 nostra,
1528 1863 1601 1894 infra
1616 1863 1779 1896 Comitatus
1794 1867 1950 1897 Warwicae
1966 1877 2000 1898 ac
2018 1869 2195 1910 Leicestriae,
2212 1873 2240 1902 in
2250 1874 2314 1904 Lo-

1262 1910 1303 1930 cis
1319 1902 1366 1931 ubi
1382 1902 1472 1938 magis
1485 1902 1635 1941 expediens
1650 1902 1731 1934 fuerit
1744 1905 1776 1935 &
1791 1905 1921 1943 necesse,
1939 1906 2116 1947 faciendam,

1276 1977 1282 1983 ῃ
1300 1939 1394 1978 Quod
1410 1949 1510 1971 omnes
1523 1941 1556 1971 &
1570 1941 1671 1978 singuli
1691 1941 1830 1981 Domini,
1850 1943 1973 1982 Milites,
1993 1945 2154 1987 Armigeri,
2172 1950 2206 1980 ὃς
2221 1950 2317 1982 Valet-

1262 1984 1283 2007 ti
1298 1979 1333 2008 de
1348 1977 1540 2009 Comitatibus
1553 1980 1715 2018 praedietis,
1732 1981 1791 2011 tarn
1806 1980 1876 2012 infra
1892 1982 2064 2022 Libertates,
2084 1987 2170 2023 quam
2184 1990 2320 2026 extra,de

1262 2016 1397 2053 potestate
1404 2016 1438 2046 ad
1453 2016 1640 2048 laborandum
1650 2018 1745 2049 Abiles
1753 2021 1787 2051 &
1795 2018 1983 2058 Potentes‚sub
1992 2021 2174 2055 Forisfacstura
2185 2028 2320 2058 omnium

1264 2064 1326 2094 quae
1341 2056 1423 2086 nobis
1438 2054 1598 2099 forisfacere
1612 2065 1744 2094 poterunt
1759 2083 1769 2098 ‚
1791 2068 1875 2095 penes
1897 2058 2048 2090 Personam
2070 2062 2194 2093 nostram
2214 2065 2240 2094 se
2255 2075 2323 2102 pro-

1264 2101 1360 2130 perent
1378 2095 1411 2125 &
1427 2093 1558 2125 festinent
1579 2095 1731 2133 (videlicet
1749 2119 1758 2134 ,
1784 2097 1898 2134 quilibet
1913 2107 2013 2128 eorum
2030 2100 2106 2137 juxta
2123 2101 2230 2132 Statum
2244 2103 2325 2134 suum

1265 2132 1433 2174 sufficienter
1448 2133 1578 2164 Armatus
1590 2134 1624 2164 &
1639 2132 1789 2172 Munitus)
1810 2136 1844 2166 ad
1868 2135 2040 2167 veniendum
2056 2160 2067 2176 ,
2090 2139 2147 2169 una
2162 2140 2324 2172 vobiscum-

1266 2179 1338 2214 que,
1356 2172 1437 2202 nobis
1447 2193 1456 2209 ‚
1475 2171 1505 2200 in
1519 2173 1630 2210 propria
1646 2171 1768 2204 Persona
1781 2173 1895 2212 nostra,
1913 2175 2086 2213 ubicumque
2107 2187 2159 2207 nos
2175 2178 2236 2208 fore
2252 2190 2323 2210 con-

1266 2210 1376 2248 tigerit,
1391 2210 1424 2240 ad
1440 2208 1678 2247 proficiscendum
1693 2211 1842 2243 nobiscum
1864 2213 1899 2243 ad
1921 2212 2103 2245 resistendum
2119 2215 2240 2247 Malitiae
2261 2218 2323 2248 Re-

1266 2247 1384 2278 bellium
1398 2248 1562 2278 nostrorum
1576 2248 1778 2286 praedietorum
1787 2273 1797 2289 ,

1304 2285 1342 2316 Et
1356 2285 1391 2316 ad
1409 2287 1572 2325 Dominos,
1589 2286 1697 2317 Milites
1711 2311 1722 2327 ,
1740 2289 1910 2326 Armigeros
1923 2312 1934 2328 ,
1957 2290 1992 2321 &
2010 2289 2132 2322 Valettos
2153 2292 2327 2333 hujusmodi,¹

1216 2330 1228 2336 ·
1269 2323 1454 2363 Levandum,
1471 2323 1733 2365 Congregandum,
1748 2328 1782 2358 &
1807 2328 1888 2357 nobis
1908 2329 1938 2356 iri
1967 2330 2076 2366 propria
2092 2329 2212 2362 Persona
2233 2332 2326 2364 nostra

1269 2362 1461 2431 Igcucendum,
1479 2364 1513 2394 ad
1532 2363 1768 2401 proficiscendum
1790 2366 1845 2395 una
1861 2365 2007 2395 nobiscum
2029 2367 2058 2396 i'n
2078 2366 2183 2399 Forma
2204 2369 2326 2408 supradi-

1304 2411 1326 2430 a.

1309 2438 1347 2506 Ilit
1361 2439 1428 2482 ideo
1443 2439 1525 2508 νοὲζίε
1540 2438 1730 2477 Mandamus,
1742 2440 1802 2472 &c.
1826 2440 1933 2473 Damus
1945 2450 2056 2482 autern,
2073 2445 2134 2477 &o

1329 2487 1346 2506 ii
1367 2487 1459 2515 cujus,
1510 2487 1535 2506 c.

1273 2553 1290 2593 J
1311 2515 1433 2583 *FT-este
1447 2515 1531 2553 Rege
1553 2514 1626 2553 apud
1640 2518 1749 2546 Burton
1769 2516 1846 2555 liaper
1866 2519 2034 2559 Trentham,
2058 2521 2173 2554 decimo
2187 2524 2262 2556 sexto
2285 2526 2331 2557 die

1294 2565 1310 2585 u
1322 2564 1349 2584 ii.

1959 2591 2011 2627 Per
2023 2597 2106 2638 ipſscm
2123 2593 2226 2637 Regem.

1315 2669 1484 2702 Consimiles
1506 2671 1607 2702 Literae
1622 2671 1778 2711 diriguntur
1805 2672 1944 2703 cariffimo
1965 2673 2185 2712 Consanguineo
2206 2677 2254 2708 suo
2269 2680 2329 2709 Ed-

1278 2710 1374 2738 mundo
1389 2714 1484 2740 Ccmiti
1498 2709 1653 2748 Staff'ordiae
1663 2714 1712 2749 ,ὃς
1726 2710 1883 2742 Dilecto&
1900 2712 1921 2740 F
1922 2712 1987 2742 ideli
1995 2712 2086 2750 Regis
2095 2715 2208 2744 Roberto
2224 2720 2331 2747 Fraun-

1279 2756 1332 2786 ceys
1352 2748 1526 2779 Vicecomiti
1540 2748 1715 2787 Staffordiae,
1732 2750 1760 2778 in
1775 2748 1854 2779 dieto
1869 2749 2019 2781 Comitatu
2034 2751 2193 2783 Staffordiae
2202 2777 2211 2791 ,
2228 2755 2287 2786 &c.
2331 2750 2334 2753 ’

1323 2786 1410 2816 Teste
1424 2786 1509 2825 Rege
1525 2787 1599 2825 apud
1614 2786 1767 2827 Lichiy‘eld,
1786 2788 1902 2818 decimo
1914 2789 2032 2826 septimo
2044 2790 2090 2820 die
2100 2791 2178 2828 Julii.

1976 2864 2029 2895 Per
2041 2865 2122 2905 rpfitm
2135 2860 2230 2906 Regen'z

1287 2940 1409 2995 REX
1428 2940 1658 2972 Vicecomitibus
1673 2940 1849 2979 Londoniae,
1868 2939 1999 2974 Salutem.

1384 2980 1464 3010 Cum
1474 3004 1483 3019 ,
1502 2989 1584 3016 prout
1600 2981 1806 3017 informamur,
1824 2983 1956 3010 Henricus
1973 2984 2053 3022 Percy
2068 2982 2095 3014 se
2108 2982 2274 3017 Rebellibus
2282 2997 2337 3017 no-

1285 3019 1345 3049 stris
1362 3018 1475 3048 Waliiae
1489 3018 1680 3057 aliociaverit,
1698 3017 1730 3048 &
1748 3027 1845 3048 contra
1862 3018 1926 3048 Nos
1940 3020 2087 3059 levaverit,
2107 3022 2209 3053 habens
2231 3026 2260 3054 in
2274 3028 2337 3056 Co-

1286 3059 1382 3088 mitiva
1396 3057 1442 3087 sua
1453 3065 1545 3087 certos
1558 3056 1659 3086 Scotos
1673 3057 1810 3086 inimicos
1823 3056 1948 3095 nostros,
1968 3058 2001 3088 &
2023 3059 2050 3089 se
2069 3069 2232 3097 proponens
2243 3062 2278 3093 de
2292 3065 2339 3094 die

1286 3097 1316 3126 in
1332 3096 1409 3125 diem
1424 3095 1559 3133 Regnum
1569 3094 1701 3135 ,nostrum
1718 3094 1832 3131 Angliae
1848 3093 1998 3135 Invadere,
2017 3098 2046 3126 in
2060 3097 2147 3128 nostri
2161 3109 2194 3129 ac
2209 3100 2338 3135 Corona:

1287 3134 1389 3164 nostra:
1404 3134 1500 3171 (quod
1513 3132 1598 3169 abiit)
1621 3132 1865 3163 Destruffionem.

1305 3172 1387 3207 vNos
1403 3171 1542 3208 (Malitiae
1555 3171 1679 3210 ipsorum
1700 3170 1858 3213 Rebellium
1879 3171 2041 3202 nostrorum
2064 3173 2074 3209 (
2084 3173 2150 3204 Deo
2174 3175 2338 3216 adjuvante)

1288 3209 1426 3240 Refistere
1440 3209 1580 3247 volentes)
1600 3211 1629 3238 in
1644 3211 1757 3246 propria
1771 3209 1889 3240 Perlona
1904 3210 1996 3241 nostra
2004 3212 2094 3242 versus
2107 3214 2248 3245 Marchias
2256 3215 2339 3246 Waiq

1291 3249 1336 3279 liae
1351 3249 1445 3278 sumus
1459 3248 1663 3285 Transeundo,

1327 3286 1364 3317 Et
1377 3286 1444 3316 ideo
1459 3287 1542 3317 vobis
1557 3286 1743 3323 Praecipimus
1755 3285 1852 3324 quod,
1870 3287 1899 3316 in
1917 3286 2022 3326 fingulis
2044 3288 2149 3327 Locis,
2176 3290 2244 3321 infra
2259 3291 2340 3324 Balli-

1291 3335 1359 3356 vam
1372 3324 1508 3363 vestram,
1528 3326 1579 3355 ubi
1595 3324 1724 3361 expedire
1739 3325 1874 3362 videritis,
1892 3335 1926 3355 ex
1942 3335 2018 3362 parte
2031 3327 2126 3357 nostra
2141 3327 2255 3365 'publice
2272 3340 2340 3368 pro-

1292 3364 1408 3394 clamari
1423 3363 1528 3394 faciatis
1540 3365 1578 3393 ne
1595 3363 1678 3400 aliqui
1694 3363 1774 3402 Ligei
1787 3362 1891 3400 nostri,
1917 3373 1969 3400 pro
1987 3365 2121 3404 aliquibus
2144 3366 2343 3408 Novitatibus,

1293 3403 1344 3432 sibi
1358 3403 1386 3431 in
1402 3401 1453 3431 hac
1469 3410 1543 3439 parte
1558 3401 1743 3439 reportandis,
1757 3402 1783 3431 le
1799 3401 1949 3438 aliqualiter
1973 3402 2098 3433 aflraient
2124 3405 2166 3434 ssu
2184 3402 2339 3438 dii‘confor*

1294 3450 1371 3478 tent,
1388 3439 1432 3470 sed
1451 3439 1528 3478 quod
1541 3441 1590 3479 ipsi
1606 3440 1704 3477 vobis,
1721 3450 1754 3470 ac
1770 3438 1876 3477 Majori
1888 3439 2124 3472 &Aldermannis
2131 3442 2261 3474 Civitatis
2269 3452 2339 3482 pra-:³

1296 3477 1703 3515 dieraeffxiomineinostrostn
1717 3478 1982 3515 omnibus,bonain
1998 3478 2243 3512 Gubernationem
2258 3484 2339 3513 Civi-

1295 3518 1376 3548 titatis
1390 3517 1460 3546 illius
1475 3517 1668 3553 tangentibus,
1686 3517 1813 3553 quotiens
1828 3517 1861 3546 &
1877 3517 1988 3553 quando
2000 3517 2077 3555 super
2086 3519 2142 3548 hoc
2155 3529 2188 3549 ex
2198 3530 2272 3557 parte
2287 3531 2340 3550 no-

1296 3555 1350 3585 stra
1364 3555 1464 3585 fuerint
1476 3555 1612 3593 requisiti,
1627 3554 1661 3583 ad
1683 3555 1845 3584 faciendum
1866 3554 2062 3585 Reiisteiitiain
2081 3566 2178 3586 contra
2192 3568 2289 3588 omnes
2305 3559 2339 3588 il-

1297 3595 1356 3631 los,
1374 3594 1422 3632 qui
1437 3592 1544 3630 forsan,
1560 3592 1712 3635 occasione,
1723 3592 1839 3631 alicujus
1860 3592 1972 3622 sinistrae
1991 3592 2197 3625 Informationis
2210 3618 2219 3633 ,
2243 3596 2339 3626 colore

1301 3631 1476 3661 Novitatum
1489 3630 1646 3661 hu'usiiiodi
1660 3652 1670 3667 ,
1689 3630 1739 3660 libi
1760 3630 1911 3667 faciendae,
1927 3631 2018 3661 levare
2032 3632 2268 3670 praesumpserint,
2287 3634 2339 3665 sint

1301 3670 1486 3704 Auxiliantes,
1554 3669 1702 3706 nsulentes,
1719 3669 1752 3698 &
1767 3668 1957 3707 obedientes,
1967 3679 2050 3706 prout
2063 3671 2112 3707 ipsi
2130 3671 2165 3700 de
2180 3671 2273 3700 Nobis
2286 3673 2340 3702 bo-

1301 3718 1370 3738 num
1385 3710 1418 3739 &
1436 3709 1578 3744 integrum
1594 3707 1765 3736 Dominium
1779 3707 1963 3744 imposterum
1977 3708 2112 3738 deservire
2126 3708 2282 3748 voluerint,

1339 3745 1512 3776 Proclamari
1523 3746 1607 3775 etiam
1623 3745 1743 3782 faciatis,
1763 3747 1792 3775 in
1813 3746 1907 3775 forma
1926 3747 2057 3782 praedidta
2071 3768 2080 3783 ,
2104 3748 2181 3785 quod
2195 3757 2294 3778 omnes
2309 3747 2344 3779 &

1302 3784 1398 3822 singuli
1412 3783 1533 3822 Milites,
1551 3784 1712 3820 Armigeri,
1729 3784 1762 3813 &
1772 3783 1835 3821 alii,
1854 3786 1900 3822 qui
1909 3784 2003 3814 Feoda
2016 3785 2049 3814 &
2066 3784 2154 3814 Vadia
2167 3795 2180 3813 a
2190 3786 2271 3816 nobis
2278 3787 2344 3823 perss

1301 3825 1425 3861 cipiunt,
1443 3821 1532 3852 versus
1543 3821 1610 3852 Nos
1619 3844 1629 3859 ,
1647 3822 1820 3860 ubicumque
1833 3822 1894 3852 fore
1908 3823 2110 3859 contigerit,in
2127 3820 2265 3853 Marchus
2271 3834 2344 3861 prae⁴

1301 3861 1400 3897 dietis,
1417 3870 1483 3890 cum
1495 3861 1576 3890 omni
1590 3859 1765 3890 festinatione
1818 3859 1898 3890 ffibili
1911 3859 1937 3889 se
1951 3859 2103 3895 divertant,

1338 3898 1373 3929 Et
1386 3899 1459 3934 hoc,
1476 3898 1544 3928 sicut
1558 3897 1749 3928 Salvationem
1796 3900 1891 3928 oiioris
1906 3898 1939 3927 &
1954 3896 2045 3926 Status
2059 3896 2217 3929 nostrorum
2237 3910 2271 3931 ac
2284 3900 2343 3931 Rea

1303 3938 1353 3976 gni
1368 3936 1454 3966 nostri
1468 3936 1595 3973 praedieti
1609 3936 1737 3975 diligitis,
1746 3937 1895 3967 nullatenus
1909 3936 2052 3964 omittatis.

1339 3974 1427 4006 Teste
1439 3973 1520 4013 Rege
1535 3974 1607 4012 apud
1623 3974 1896 4014 Wstmonasterium,
1913 3973 2030 4002 decimo
2042 3973 2148 4005 οᾶανο
2159 3973 2203 4005 die
2214 3975 2295 4014 Julii,

1791 4070 1823 4101 G

2282 4073 2362 4104 Cori³

2313 1369 2316 1372 '
2343 1373 2455 1403 *Vim

2342 1421 2407 1449 314³

2359 1595 2424 1624 nid,

2356 2952 2442 2989 ClaujT
2456 2959 2487 2986 4„

2358 3014 2395 3057 ml
2418 3011 2443 3056 6⁶.
2457 3027 2483 3055 d«
