2562 4274
100 178 180 214 Ann.
197 182 235 213 D.

125 230 211 260 1415.

100 264 165 288 Hm.
183 269 213 297 5.

258 107 335 146 128

298 191 355 222 Les
367 193 533 232 quellcsont
551 202 566 223 a
589 192 670 224 durer
681 194 793 232 jusques
806 205 841 226 au
857 195 916 227 viii.
932 195 1005 235 Jour
1020 195 1056 227 de
1072 195 1176 235 Juing,
1193 192 1326 233 prochai-

259 239 378 262 nement
392 241 510 269 venant,
530 241 648 262 comme
661 232 702 263 dit
720 232 776 271 est,

297 268 343 299 En
366 268 442 300 Leur
461 270 554 300 forme
573 270 606 300 &
626 279 741 308 teneur,
766 272 799 302 &
820 271 895 303 selon
915 272 954 304 les
972 271 1093 303 Articles
1107 271 1265 302 Contenuz
1282 280 1319 300 en

259 307 378 344 ycelles,
394 309 431 338 du
448 308 489 338 dit
505 309 561 338 viii.
574 307 644 345 Jour
658 310 795 348 dejuing,
809 310 925 350 Jusques
938 321 953 341 a
970 311 1007 341 tel
1021 319 1112 349 temps
1125 319 1180 348 que
1193 310 1253 339 bon
1263 309 1319 338 leur

260 345 413 383 semblera,
430 345 463 376 &
478 347 562 385 qu’ilz
576 346 668 377 seiont
683 348 800 378 accords
813 358 951 388 avecques
962 349 1001 379 les
1017 348 1152 379 Commis
1170 350 1203 378 &
1221 347 1320 384 Depu-

255 392 305 451 iez
319 384 354 449 (lg
370 383 466 414 nostre
482 386 524 414 dit
546 385 738 425 Adversaffre,
754 396 834 427 ayans
856 387 965 418 Povoir
986 398 1001 418 a
1017 397 1067 425 ce,
1083 397 1123 417 ou
1143 386 1178 416 de
1199 384 1319 416 Nouvel

285 430 333 450 ren
356 430 384 450 re
398 444 408 459 ,

296 460 322 488 Α
337 459 374 488 fin
388 469 458 497 que,
475 460 597 497 pendant
611 462 637 492 le
651 462 762 500 Temps
784 462 918 501 d'icelleS,
939 473 998 493 noz
1015 462 1154 494 solennelz
1176 461 1316 491 Ambaxa-

253 496 355 535 deurs,
373 508 426 535 que
449 498 536 529 Nous
554 511 702 539 envoyom
724 501 941 539 presentement,
961 511 1034 539 pour
1057 501 1082 532 le
1105 501 1222 531 Traitste
1241 500 1275 530 de
1292 499 1318 530 la

253 534 340 572 Paix,
358 536 455 566 devers
469 537 555 577 nostre
569 540 611 568 dit
624 538 816 579 Adverstzire,
835 540 952 577 puissent
967 540 1038 571 estre
1051 539 1143 577 passez
1155 549 1192 570 en
1208 538 1318 576 Angle-

252 580 341 611 terre,
360 574 392 605 δε
411 575 554 614 besoigner
567 588 636 608 avec
654 578 708 607 Lui
723 578 765 608 sur
779 579 803 608 la
815 579 872 609 dite
887 578 1004 609 Mateire
1022 578 1057 608 de
1072 577 1155 616 Paix,
1228 615 1232 619 ³

289 610 384 642 Icellcs
401 614 528 653 Treues,
546 625 592 652 par
614 616 677 646 eulx
697 617 770 656 ainsy
787 617 907 655 prinses,
922 617 990 647 faite
1011 617 1081 646 crier
1101 617 1134 648 &
1155 614 1264 655 publier
1282 613 1318 647 de

253 659 304 687 par
320 650 405 681 Nous
421 652 621 684 solennelinent
639 664 687 692 par
702 663 764 685 tout
776 664 814 685 ou
828 655 845 685 il
859 655 1057 694 appartendra,

274 687 327 730 ⁴Et
348 690 426 728 auffy
448 690 482 721 de
498 691 667 730 Ordonner,
687 692 832 730 Instittier,
851 694 883 724 &
905 692 1089 725 Commettre
1110 692 1227 722 certains
1241 690 1317 722 Gar·

251 725 345 765 diens,
363 728 580 760 Conservateurs
588 752 597 768 ,
613 732 646 761 &
658 731 742 770 Juges
759 731 885 770 d'ycelles
893 732 1002 764 Treues
1011 754 1020 771 ,
1031 741 1078 769 par
1090 731 1155 762 eulz
1164 731 1237 769 ainsy
1246 729 1319 759 Pro-

252 773 375 805 roguez,
401 778 439 797 ou
457 768 492 798 de
515 768 643 800 Nouvcll
666 770 783 809 prini‘es,
801 771 857 801 telz
877 771 910 801 &
929 781 964 802 en
984 773 1020 802 tel
1042 771 1180 808 nombre,
1197 778 1316 799 comme

253 804 313 834 bon
328 805 389 835 lour
404 806 539 837 semblera
552 817 622 844 pour
637 808 661 837 la
676 808 791 839 Seurtee
805 809 937 847 d'icelles‚

290 842 327 885 Et
347 854 420 883 pour
442 844 591 875 deuement
610 846 777 883 Refornier,
797 847 938 884 Reparer,
955 848 988 878 δε
1014 846 1158 877 Amender
1180 853 1243 877 tout
1261 855 1313 882 ce,

250 889 300 918 qui
314 891 414 925 contre
430 883 453 913 la
469 883 587 914 Teneur
598 885 719 915 d'icelles
734 887 820 915 ieroit
844 885 892 916 fait
913 895 951 916 ou
971 893 1123 923 attempte,
1148 894 1185 915 en
1206 893 1315 915 aucune

251 928 376 951 mamere

287 957 324 988 Et
340 944 537 996 Promettons,
548 959 736 999 Loyaulment
752 971 786 991 en
796 961 892 991 bonne
902 961 965 1000 foy,
982 962 1015 991 δε
1031 971 1066 991 en
1075 960 1174 991 Parole
1188 960 1223 990 de
1233 959 1314 998 Roy,

250 997 345 1032 avoir,
365 998 454 1034 tenir,
470 999 502 1027 δε
518 1000 586 1027 faire
601 1001 672 1028 tenir
688 999 788 1029 Ferme
807 1000 839 1030 δε
863 999 975 1029 Estable
992 1009 1053 1030 tout
1069 1009 1122 1037 ce,
1140 1000 1188 1040 qui
1209 1009 1257 1036 par
1278 999 1316 1028 les

246 1033 384 1064 deffuidiz
399 1044 458 1065 noz
470 1035 612 1066 Commiz
625 1038 657 1066 &
676 1036 810 1073 Deputez
826 1038 985 1075 ensemble,
1003 1038 1167 1069 &chascun
1179 1048 1194 1068 a
1209 1047 1256 1075 pat
1264 1036 1311 1076 soy

248 1081 283 1101 eu
299 1072 434 1114 l'absence
448 1074 483 1104 de
495 1074 606 1111 l'autre,
621 1085 685 1105 aura
700 1076 760 1105 este
774 1076 821 1105 fait
835 1076 877 1107 sur
892 1076 929 1107 les
942 1075 1049 1107 Choses
1061 1077 1236 1114 dessusdites,

286 1109 324 1139 ht
337 1110 401 1143 d'en
419 1112 510 1143 baillet
524 1122 582 1143 noz
599 1113 707 1143 Lettres
718 1114 753 1144 de
767 1113 977 1146 Confirmation
987 1138 996 1153 ,
1014 1115 1103 1146 soubz
1118 1114 1212 1146 nostre
1219 1114 1313 1145 Grant

248 1147 326 1187 Seel,
345 1150 496 1181 toutesfoiz
511 1161 566 1189 que
582 1154 672 1189 reqtiis
686 1162 722 1182 en
736 1155 838 1182 lerons.

284 1186 331 1217 En
346 1189 492 1228 tesmoign.
504 1190 540 1220 de
554 1199 588 1220 ce
597 1191 686 1221 Nous
700 1201 786 1222 avons
802 1191 849 1221 fait
864 1200 964 1223 mettre
979 1192 1074 1223 nostre
1084 1192 1144 1223 Seel
1157 1202 1173 1222 a
1187 1201 1233 1223 ces
1242 1192 1312 1222 Let-

251 1233 314 1256 tres.

284 1264 389 1295 Donne
405 1275 420 1295 a
437 1267 535 1304 Paris,
560 1267 585 1298 le
599 1266 719 1298 Darrein
731 1267 805 1306 Jour
819 1268 854 1300 de
872 1268 960 1308 May,
982 1269 1046 1299 l‘An
1061 1269 1097 1301 de
1111 1269 1208 1301 Grace
1227 1267 1311 1299 Mille

246 1302 422 1341 Qiatiecens
437 1305 469 1335 &
485 1305 620 1345 Qiinze,
639 1305 678 1337 Et
695 1307 731 1337 de
745 1307 840 1338 nostre
858 1307 960 1347 Regne
976 1308 1001 1338 le
1028 1317 1101 1339 xxxv

281 1377 410 1410 Necnon
423 1380 588 1411 -Willielmus
602 1381 680 1421 Lyfle
700 1383 784 1415 Miles
799 1384 1013 1415 Locumtenena
1028 1382 1146 1422 Calesii,
1161 1382 1311 1421 &Philip-

237 1423 289 1454 pus
305 1421 422 1456 Murgan
438 1420 576 1459 utriusque
586 1420 661 1459 Juris
678 1421 811 1459 Doctor,

286 1455 332 1486 Ad
347 1457 452 1491 easdem
469 1458 599 1495 Treugas
612 1458 824 1499 prorogandum
834 1483 844 1497 ,
862 1461 912 1497 &‚
931 1459 949 1489 si
964 1469 1036 1497 opus
1051 1460 1153 1498 fuerit,
1169 1460 1205 1491 de
1221 1469 1303 1491 novo

244 1496 412 1537 capiendum
422 1519 431 1534 ,
451 1505 499 1535 per
513 1497 716 1537 Advershrium
730 1499 843 1538 Angliae
865 1498 1061 1529 Commitlarii
1081 1498 1232 1538 specialiter
1247 1499 1308 1529 De-

245 1541 372 1601 puffifoiit
386 1581 432 1610 per
449 1573 566 1603 Litteras
581 1574 660 1611 ipsius
676 1574 831 1606 Adversarii
845 1575 956 1606 inferius
978 1575 1076 1607 clarius
1098 1576 1187 1614 liquet
1203 1587 1214 1614 3
1239 1586 1307 1615 qua-

197 1636 200 1638 .
243 1618 306 1640 rum
327 1609 496 1642 Litterarum
512 1612 542 1642 T
543 1622 612 1643 enor
627 1612 746 1652 sequitur
761 1615 795 1645 ὅ(
809 1613 850 1646 est
862 1614 920 1645 talis
926 1612 954 1652 ‚‘

89 2115 104 2130 ‘
127 2115 178 2142 lx.

88 2152 151 2188 264,

234 1711 237 1714 .
279 1688 411 1717 Henricus
421 1711 430 1725 ,
451 1687 508 1718 Dei
518 1688 603 1727 gratia
613 1712 621 1726 ,
639 1691 698 1720 Rex
711 1690 824 1728 Angliae
838 1688 876 1725 &⁶
892 1695 1013 1721 Franciae
1049 1691 1087 1727 &
1100 1695 1234 1722 Dominus
1248 1693 1304 1720 Hi-

241 1723 493 1770 hf'rniae’..Di¹⁰&⁰
509 1730 543 1758 &
556 1727 629 1758 fideli
644 1727 710 1767 suo,
731 1729 891 1760 Willielmo
907 1729 981 1761 Lisse
991 1714 1078 1760 assiliri
1088 1730 1303 1761 Locumtenen-

242 1771 264 1832 tsi
282 1763 401 1831 ¹Caleni,
420 1766 452 1797 ὃ(
475 1765 615 1806 Magistro
631 1766 764 1807 Philippo
779 1767 905 1807 Morgan
925 1769 1064 1808 utriusque
1080 1768 1154 1807 Juris
1176 1769 1303 1799 Doctori

266 1811 278 1831 a
292 1812 377 1833 utem.
910 1821 912 1823 ’

278 1840 382 1880 Cum,
415 1852 465 1882 per
493 1843 727 1876 Ambassiatorem
751 1844 785 1875 δε
810 1844 1009 1876 Consiliarium
1035 1845 1189 1877 Adversarii
1214 1845 1301 1876 nostri

240 1877 367 1921 fj'ranciae
388 1880 421 1910 &
443 1881 572 1913 nostrum
589 1883 827 1914 Ambaffiatorem
848 1885 880 1915 ὅτ,
902 1883 1117 1922 Conliliarium,
1135 1894 1220 1916 certae
1241 1885 1301 1916 fue-

238 1926 310 1954 rint,
329 1927 386 1948 tam
401 1928 448 1958 per
461 1920 582 1951 Terram
601 1924 635 1953 &
653 1922 760 1962 Aquas,
779 1924 864 1960 quam
882 1933 929 1961 per
947 1922 1044 1961 Mare,
1061 1923 1300 1961 generalesTreu-

237 1962 281 1994 gae
298 1955 458 1996 prorogatae
470 1958 553 1997 usque
569 1959 601 1990 ad
621 1960 768 1991 Octavum
785 1961 873 1991 Diem
893 1961 997 1992 Mensis
1007 1961 1084 2000 Junii
1102 1963 1162 2000 jam
1177 1961 1300 1992 instantis

237 1997 439 2026 tantummodo
452 1997 590 2027 duraturae
601 2021 611 2036 ,
625 1997 654 2031 (φ’-
664 2010 685 2028 c.
705 2006 785 2038 prout
814 2009 898 2040 upra,
917 2000 975 2031 dat.
993 2001 1107 2040 Quinto
1128 1999 1186 2032 Die
1202 2000 1298 2040 Junii,

238 2031 327 2064 Anno
343 2033 437 2074 Regni
452 2035 541 2066 nostri
560 2037 677 2076 Teitio,
694 2045 758 2069 tunc
786 2048 826 2077 ιε,

272 2110 291 2129 *
305 2110 464 2156 Omnibus,
479 2114 512 2145 ad
536 2125 607 2153 quos
627 2115 776 2153 praescntes
800 2116 916 2148 Litterae
939 2118 1136 2157 pervenerint,
1153 2117 1299 2156 Salutem,

231 2148 265 2180 ἃ
284 2148 368 2180 fidem
385 2152 529 2183 indubiam
544 2154 724 2192 praesentibus
738 2156 883 2186 adhibere.

268 2186 315 2218 Ad
336 2188 532 2222 Universitatis
546 2193 645 2223 vestrae
661 2195 792 2224 notitiam
809 2195 913 2224 deduci
936 2195 1084 2233 volumus,
1102 2204 1151 2232 per
1168 2194 1296 2225 Praesen-

233 2228 386 2269 teskqu‘od
404 2231 535 2260 Dominus
549 2230 634 2269 noster
650 2233 728 2270 Rex,
745 2233 780 2263 de
803 2233 946 2270 praeienti,
963 2234 1025 2263 suos
1047 2233 1203 2271 solempnes
1224 2233 1297 2263 Am-

232 2265 390 2308 balliatores
407 2270 440 2298 &
457 2269 490 2298 N
494 2271 592 2299 unciox
604 2269 729 2308 speciales
744 2271 778 2301 ad
793 2271 964 2310 praelentiam
980 2274 1056 2309 Regis
1081 2272 1194 2310 Angltae
1210 2272 1296 2302 trans-

234 2312 345 2335 mittere
360 2309 508 2347 proponit,
526 2307 560 2338 ad
576 2307 774 2338 Tractandum
796 2311 829 2340 ὃς
853 2310 1118 2348 Concordandum,
1135 2320 1188 2348 pro
1214 2310 1296 2341 Bono

232 2343 266 2372 ἃ
284 2341 356 2387 Pace
370 2346 459 2387 ¹tinali,
479 2347 549 2376 inter
565 2347 696 2385 praedic‘ta
712 2347 782 2378 Duo
799 2349 918 2386 Regna,
938 2350 1092 2379 Annueiite
1108 2348 1270 2387 Altiilimo‘‚

269 2380 303 2410 N
307 2384 324 2411 e
340 2391 422 2419 igitur
438 2391 545 2415 tanturn
561 2389 593 2416 ὅ(
612 2394 669 2415 rain
685 2385 797 2417 Bonum
821 2386 974 2418 pubiicum
997 2388 1123 2425 impediri
1139 2390 1225 2420 valeat
1247 2389 1293 2419 seu

233 2422 447 2457 quomodolibet
464 2424 567 2452 ditlerri
576 2446 586 2461 ,

272 2456 310 2486 Et
326 2468 355 2487 ut
371 2469 406 2488 eo
428 2460 557 2498 liberius,
574 2462 726 2500 maturius,
746 2463 779 2493 &
805 2462 926 2493 securius
946 2463 979 2493 ad
1000 2463 1123 2503 Pacem,
1141 2465 1212 2496 inter
1237 2465 1292 2503 ipsa

233 2493 306 2562 ¹lilio
323 2496 441 2536 Regna,
459 2500 472 2528 a
489 2499 597 2530 Christi
619 2501 759 2532 Fidelibus
781 2502 830 2532 diu
854 2502 1048 2541 deiideratam,
1067 2505 1211 2541 pervenire
1230 2504 1293 2542 pos-

255 2541 283 2567 ta

271 2571 419 2603 Videbitur
441 2573 539 2604 Nobis
561 2576 594 2606 ὃς
617 2577 654 2606 eis
673 2577 819 2616 expediens
841 2577 919 2616 fore,
945 2578 1030 2615 utile,
1056 2579 1089 2609 &
1109 2579 1292 2610 neceffarium

232 2610 314 2646 quod
331 2609 408 2642 Treti
430 2621 453 2641 π
471 2611 638 2652 Generalee,
656 2623 713 2644 tani
729 2626 775 2654 pei·
791 2616 916 2654 Teram,
936 2618 1046 2656 Aquas,
1064 2618 1150 2655 quam
1168 2628 1217 2656 per
1228 2617 1293 2648 Ma-

231 2657 277 2690 re,
296 2649 339 2690 seu
356 2650 413 2679 Abi
431 2651 543 2681 inentia:
561 2652 735 2682 Guerrarum
751 2655 822 2683 inter
843 2654 935 2685 Partes
957 2655 1121 2693 antedictas,
1142 2665 1194 2694 pro
1215 2656 1293 2694 Reg-

233 2695 274 2715 nis
294 2687 419 2727 Ptanciae
431 2690 463 2719 δε
478 2690 612 2730 ⁴Angli-ie,
630 2701 726 2721 eorum
744 2692 843 2721 Terris
855 2694 887 2723 ὃς
904 2693 1066 2732 Dominus,
1087 2693 1227 2732 SubditiS,
1244 2696 1292 2724 Al-

231 2725 334 2763 ligatis,
355 2726 386 2756 &
401 2728 608 2759 Contoederatis
618 2751 626 2765 ,
643 2731 709 2759 citra
724 2731 755 2759 ἃ
772 2730 840 2759 ultra
851 2730 932 2760 Mare
947 2732 1108 2770 ubicunque
1124 2733 1293 2771 constitutis,

231 2762 424 2806 Caperentur,
445 2765 582 2796 Iniienttir
594 2790 603 2805 ,
620 2767 653 2797 &
669 2768 784 2798 finaliter
800 2767 1063 2809 concluderentur,

269 2803 383 2841 Qibus
396 2804 576 2843 durantibus,
595 2806 687 2836 Amor
701 2816 830 2844 mutum,
845 2810 877 2838 «Sc
895 2808 1048 2845 Amicitia,
1067 2817 1149 2848 atque
1157 2808 1289 2841 Conver-

230 2841 297 2870 satio
311 2850 400 2879 grata,
418 2843 488 2872 inter
502 2842 598 2874 Partes
618 2844 768 2875 antedictas
782 2846 813 2876 ὅ(
828 2855 927 2876 eorum
950 2846 1097 2884 sabditos,
1116 2848 1225 2887 haberi,
1245 2850 1289 2878 in-

230 2879 363 2917 troduci,
381 2881 495 2918 nutriri,
514 2883 546 2912 ὅ(
562 2882 664 2912 firmari
681 2883 809 2922 possent,
826 2893 858 2915 ac
874 2883 1045 2915 Mercantiae
1063 2894 1216 2924 comunes,
1234 2896 1292 2917 tam

233 2927 284 2955 per
297 2917 434 2962 Terram,
451 2929 536 2959 quani
551 2930 597 2958 per
612 2921 713 2960 Mare,
731 2921 841 2953 liberius
855 2923 887 2954 &
903 2923 1024 2954 securius
1039 2923 1102 2955 velu'
1117 2934 1247 2964 poterunt
1259 2927 1293 2958 &

233 2965 352 2986 exerceri

269 2994 349 3025 Hinc
360 2980 406 3026 'est
418 2996 496 3032 quod
513 2995 596 3034 Nos,
614 2997 780 3027 Willielmus
799 2997 884 3030 Miles
900 2998 1048 3031 Dominus
1062 3000 1097 3032 de
1113 3000 1289 3032 Bracornon-

233 3039 277 3071 te,
297 3034 329 3063 ὃ(
343 3032 486 3071 Johannes
502 3036 633 3073 Andree,
653 3036 757 3074 praefati
774 3036 950 3067 illustrissimi
965 3049 997 3069 ac
1011 3039 1196 3070 Potentiffimi
1207 3040 1291 3070 Prin-

232 3071 347 3114 cipish&
364 3070 487 3102 Domini
501 3072 588 3102 nostri
601 3074 965 3114 supradiCtiCommiffarii,
981 3076 1044 3115 post
1060 3077 1163 3108 diversa
1180 3077 1292 3108 Comu-

233 3111 456 3148 niunicationes,
480 3110 722 3149 Ciinsultationes,
749 3122 853 3144 matura
874 3116 908 3146 ὅ(
931 3115 1077 3146 deliberata
1091 3115 1215 3146 Consilia
1230 3139 1240 3154 ,
1260 3118 1290 3147 in

233 3150 292 3178 vim
316 3148 461 3178 Potestatis
478 3149 576 3179 Nobis
595 3152 750 3189 attributae,
777 3153 926 3189 inivimus,
944 3153 1077 3189 fecimus,
1096 3156 1290 3194 promimus,

232 3187 265 3217 &
282 3187 316 3218 de
336 3196 416 3216 novo
438 3189 691 3226 concordavimus,
707 3198 759 3228 pro
784 3190 863 3220 dicio
888 3194 1002 3220 Domino
1021 3192 1106 3232 nostro
1129 3196 1214 3231 Rege,
1232 3194 1290 3224 Re-

233 3226 314 3292 grgsl,
332 3224 445 3263 Terris,
461 3225 621 3265 Dominiis,
638 3227 778 3266 Subditis,
796 3229 938 3268 Alligatis,
957 3229 1210 3262 &confoederans
1223 3231 1290 3269 suis,

232 3272 262 3292 vr
282 3272 378 3301 ercet,

272 3341 341 3376 Rege
360 3342 554 3379 Romanorum,

273 3380 342 3414 Rege
360 3377 480 3416 Castellae
499 3378 536 3414 ὠ
554 3381 692 3418 Legionis,

273 3419 341 3453 Rege
358 3419 490 3455 Boemiae,

272 3457 340 3492 Rege
356 3458 465 3491 Scotiae,

272 3495 340 3530 Rege
359 3495 516 3522 Navarriae
525 3516 533 3531 ,

271 3534 340 3568 Rege
354 3535 518 3569 Arragoniae
528 3555 537 3568 ,

273 3573 346 3599 Duce
359 3569 504 3599 Holandiae
518 3574 617 3601 Com:te
637 3572 668 3600 de
683 3574 745 3601 Ha-

819 3348 915 3381 nortia,

783 3386 856 3412 Duce
874 3383 1036 3413 Brabantiae
1045 3406 1056 3423 ,

784 3425 858 3450 Duce
872 3421 986 3451 Gela'riae
999 3445 1008 3459 ,

784 3463 883 3488 Comte
900 3459 1034 3489 Marchiae
1048 3460 1080 3489 de
1099 3463 1203 3499 Scotia,

783 3501 897 3526 Domino
916 3499 948 3527 de
964 3501 1036 3527 Man
1047 3521 1057 3535 ,

782 3535 820 3565 Et
845 3539 960 3566 Domino
986 3536 1139 3576 Infidarum
1166 3538 1198 3568 de
1229 3541 1290 3567 Sco-

820 3577 878 3612 tia,

271 3645 310 3676 Et
320 3655 420 3677 eorum
432 3645 556 3686 Regnis,
574 3647 688 3686 Terris,
704 3648 736 3678 &
755 3647 918 3687 Dominiis,
935 3651 967 3680 &
981 3650 1124 3689 subditis,

270 3721 323 3752 Per
337 3722 476 3760 Terram,
495 3723 527 3753 &
542 3733 589 3761 per
606 3722 709 3761 Mare,
721 3725 789 3754 citra
800 3725 833 3755 ὃς
849 3725 916 3754 ultra
932 3724 1030 3764 Mare,
1049 3726 1082 3757 &
1099 3736 1147 3766 per
1162 3725 1286 3756 Praesen-

234 3768 272 3788 tes
288 3761 420 3799 facimus,
438 3763 542 3791 inimus
553 3784 562 3799 ,
582 3762 772 3800 promittimus
783 3786 791 3800 ,
809 3762 842 3792 &
857 3764 892 3793 de
907 3772 984 3793 novo
999 3764 1287 3802 concordamus,una

233 3807 301 3826 cum
322 3800 439 3834 prietatis
454 3799 718 3837 Ambaffiatoiibm,
735 3800 940 3830 Commissariis
950 3825 958 3837 ‚
978 3802 1010 3831 &
1025 3802 1169 3842 Nunciis,

270 3836 330 3874 Qii
350 3839 434 3867 etiam
459 3839 625 3875 nobiscum,
644 3848 697 3875 pro
722 3838 803 3868 dieto
826 3839 1002 3876 Advmjlcrio
1025 3841 1153 3879 Angliae,
1170 3840 1285 3877 Terris,

232 3870 393 3911 Dominus,
413 3876 549 3915 SubditiS,
565 3879 598 3908 &
612 3876 738 3914 Alligatis
755 3876 825 3915 suis,
848 3878 990 3915 videlicet,

267 3950 334 3984 Rege
352 3952 543 3990 Romanorum,

262 3989 329 4024 Rege
348 3988 468 4027 Castellae
487 3990 524 4025 ὠ
544 3992 683 4030 Legionis,

732 105 1508 164 CONVENTIONE&
1565 104 1954 157 LJTERAE,

1397 195 1465 230 Rege
1484 195 1598 232 Daciae,
1615 196 1744 232 Sweciae,
1758 192 1797 230 ὠ·
1814 196 1987 233 Norwegt'ae,

1397 235 1467 268 Rege
1484 231 1647 268 Portugaliae
1657 254 1666 269 ,

1398 269 1534 299 Lodovico
1552 273 1626 300 Duce
1643 273 1797 310 Bavariae,
1812 273 1914 302 Comite
1933 270 2062 302 Palatino
2079 273 2169 310 Reni,

1398 310 1474 337 Duce
1492 310 1649 338 Britannia
1657 332 1668 346 ,

1399 345 1644 412 DJ‘edWiHielm
1658 346 1812 386 Bavm'ae,
1830 350 1934 378 comite
1954 350 2108 386 Hananiae,
2125 346 2290 386 Holandiae,
2307 346 2345 384 &¹
2367 347 2424 378 ze-

1440 395 1478 413 an
1496 395 1529 413 1ae

1399 424 1474 451 Duce
1489 419 1528 455 ὠ·
1540 406 1742 452 ’eommunitate
1757 424 1977 466 Gennesenfibus,

1399 458 1526 489 Donaldo
1540 463 1656 490 Domino
1672 463 1707 489 In
1721 460 1843 499 telarum,

1398 496 1437 528 Et
1452 497 1584 537 Johanne
1603 499 1695 528 Stand
1702 510 1746 539 ey,
1760 510 1812 539 pro
1826 500 1962 531 Domino
1976 499 2011 532 de
2030 499 2113 532 Man.

1398 571 1439 604 Et
1452 583 1550 605 eorum
1568 573 1692 614 Regnis,
1709 573 1823 613 Terris,
1842 575 1988 608 Dominiis
1997 601 2008 617 ,
2023 578 2057 609 &
2073 577 2212 617 subditis,

1396 648 1449 681 Per
1461 651 1602 689 Terram,
1618 651 1653 682 &
1667 661 1716 689 per
1733 650 1835 689 Mare,
1855 652 1923 684 citra
1936 654 1970 685 &
1991 654 2060 685 ultra
2072 654 2174 694 Mare,
2190 655 2328 693 inierunt,
2345 654 2420 687 fece-

1359 695 1439 726 runt,
1457 690 1660 728 promiserunt,
1679 691 1712 721 &
1733 689 1944 720 concordarunt
1964 692 1999 723 de
2017 703 2113 728 novo,
2129 695 2233 732 bonas,
2253 693 2359 733 firmas,
2375 695 2419 723 in-

1357 725 1453 794 ‹ffibias
1467 752 1477 767 ,
1506 729 1539 760 &
1561 728 1736 760 inviolabiles
1759 728 1902 766 Treugas,
1928 737 1988 759 tam
2012 740 2061 768 per
2085 731 2205 763 Terram
2221 755 2232 771 ,
2258 734 2343 772 quam
2368 739 2418 773 pet

1399 776 1443 797 are

1396 803 1423 834 A
1440 789 1571 836 Decimo
1586 805 1644 837 Die
1653 804 1842 844 MensisJunii
1857 804 1997 843 instantis,
2013 806 2098 844 usque
2105 805 2140 837 ad
2153 807 2313 840 Decimum
2322 808 2420 847 Qiin-

1355 849 1416 871 tum
1431 842 1520 874 Diem
1535 843 1642 875 Mensis
1652 843 1721 883 Julii
1735 843 1888 882 inclusive,
1906 845 2040 881 proximo
2055 847 2087 876 ὅς
2102 846 2267 879 immediate
2280 856 2358 878 nunc
2372 847 2416 877 fu—

1357 886 1450 912 turum
2292 900 2293 903 ¹

1393 905 1472 959 Qia}
1487 921 1603 959 quidem
1618 921 1760 960 Treugae,
1776 920 1813 952 fic
1830 929 1879 960 per
1897 931 1948 952 nos
1968 920 2005 952 de
2029 931 2108 952 novo
2129 929 2237 962 captae,
2255 922 2417 960 n'iittentur,

1355 960 1505 995 quamcito
1519 959 1676 989 commode
1689 968 1837 998 poterunt,
1854 959 1919 998 post
1934 959 2040 991 Datam
2054 960 2253 999 praesentium,
2269 960 2304 991 ad
2313 960 2417 1001 Alliga-

1355 1003 1399 1026 tos
1416 998 1495 1027 unius
1511 997 1599 1027 Partis
1613 998 1646 1028 &
1661 998 1786 1035 alterius,
2308 1003 2309 1006 ’
2371 1006 2374 1009 “

1394 1034 1471 1073 Qi,
1491 1035 1555 1074 post
1570 1034 1740 1066 Miffionem
1751 1035 1911 1072 hujusmodi
1925 1038 2072 1075 quamcito
2089 1037 2248 1077 commode
2261 1045 2414 1076 poterunt,

1356 1071 1435 1104 Acce
1456 1075 1575 1112 tabunt,
1587 1073 1744 1112 Jurabunt,
1761 1074 1794 1105 ὃς
1818 1073 2055 1114 Confirmabunt,
2073 1077 2240 1116 Acceptari,
2251 1076 2361 1116 Jurari‚
2379 1077 2414 1107 &-

1355 1110 1423 1142 Con
1446 1115 1530 1143 rmari
1552 1113 1673 1151 facient,
1691 1122 1739 1152 per
1759 1121 1858 1142 omnes
1875 1112 2043 1153 Dominos,
2060 1115 2243 1154 officiarios,
2260 1117 2294 1148 &
2317 1115 2417 1154 Subje-

1353 1150 1416 1181 δῖος
1432 1150 1586 1182 Patriarum
1602 1150 1730 1189 suarum,
1748 1150 1784 1181 de
1798 1151 1899 1190 quibus
1915 1152 1963 1189 ipsi
1986 1152 2096 1191 Alligati
2112 1163 2161 1192 per
2180 1153 2295 1185 Partem
2311 1154 2413 1185 adver-

1351 1188 1407 1218 sam
1424 1190 1543 1228 requisiti
1558 1188 1676 1228 fuerint,
1693 1190 1728 1221 de
1749 1189 1889 1228 tenendo,
1906 1190 2116 1230 custodiendo,
2133 1194 2167 1224 δε
2181 1193 2315 1224 faciendo
2336 1201 2416 1224 tene-

1354 1228 1375 1257 ri
1391 1229 1424 1259 &
1448 1228 1601 1267 custodiri,
1617 1228 1664 1258 has
1682 1227 1827 1267 praesentes
1840 1227 1987 1268 Treugas,
2005 1229 2043 1259 fic
2058 1229 2095 1261 de
2114 1232 2240 1261 unanimi
2260 1233 2293 1262 δε
2313 1240 2414 1262 mutuo

1352 1265 1515 1305 consentu,
1534 1277 1564 1298 ut
1587 1267 1762 1306 praedicitur,
1779 1266 1813 1297 de
1838 1275 1917 1297 novo
1940 1277 2048 1305 captas,
2067 1268 2223 1299 secundum
2243 1279 2339 1301 earum
2353 1269 2414 1300 Te-

1351 1314 1452 1335 norem
1470 1306 1502 1337 &
1518 1305 1671 1343 Formam,
1689 1305 1792 1343 absque
1807 1305 1902 1335 fraude
1920 1306 1953 1336 &
1969 1306 2044 1336 malo
2058 1306 2195 1346 Ingenio,

1390 1343 1442 1382 Et,
1463 1345 1480 1374 si
1494 1344 1542 1383 ipsi
1558 1343 1671 1383 Alligati
1685 1345 1743 1374 hoc
1758 1344 1848 1375 facere
1862 1344 2062 1384 recusaverint,
2080 1346 2152 1383 ipse,
2165 1345 2212 1376 vel
2225 1344 2409 1385 ips1‚quihoc

1350 1381 1441 1412 facere
1456 1392 1514 1412 non
1530 1383 1616 1421 velit,
1635 1382 1679 1412 vel
1696 1392 1755 1413 non
1771 1383 1877 1420 velint,
1895 1384 1965 1420 erit,
1983 1383 2001 1402 ²*
2018 1384 2051 1414 δε
2072 1393 2154 1415 erunt
2168 1383 2269 1415 exclusi
2285 1385 2321 1415 de
2343 1394 2409 1415 orn-

1351 1422 1434 1452 nibus
1449 1421 1593 1452 Beneficiis
1610 1420 1789 1459 praesentium
1805 1421 2002 1460 Treugarum,

1386 1459 1421 1489 Et
1431 1483 1439 1498 ,
1458 1469 1595 1498 quantum
1609 1460 1642 1490 ad
1656 1460 1732 1498 illos,
1751 1460 1831 1490 unius
1845 1459 1933 1490 Partis
1947 1462 1979 1490 6:
1996 1460 2121 1499 alterius,
2140 1462 2189 1500 qui
2205 1461 2251 1492 has
2266 1462 2410 1501 praesentoe

1350 1497 1476 1538 Treugas
1497 1508 1658 1536 acceptare,
1681 1499 1785 1536 jurare,
1809 1500 1842 1529 ὃ(
1867 1497 2009 1539 affirmare
2028 1499 2183 1538 voluerint,
2199 1500 2264 1538 ipsae
2285 1499 2411 1539 Treugae

1350 1536 1557 1582 'suum’teneant
1574 1538 1607 1568 δε
1621 1537 1740 1568 habeant
1755 1537 1842 1567 robur
1857 1537 1891 1568 &
1904 1536 2043 1568 eflectum
2058 1538 2159 1579 absque
2173 1538 2269 1570 fraude
2284 1539 2317 1570 δε
2333 1539 2410 1570 malo

1349 1584 1472 1606 invenio.
2237 1586 2241 1591 ·

1379 1598 1455 1644 ἳτε
1467 1623 1493 1645 Μ
1509 1637 1518 1652 ,
1545 1614 1719 1645 Durantibus
1740 1614 1843 1645 eisdem
1863 1612 2005 1655 Treugi's,
2031 1615 2133 1646 cessare
2157 1612 2241 1647 faciet
2263 1615 2412 1647 Dominus

1349 1652 1444 1683 noster
1463 1656 1523 1683 Rex
1537 1656 1674 1690 Franciae,
1691 1663 1739 1692 per
1756 1654 1793 1685 Se
1807 1656 1840 1685 ὃ(
1853 1654 1988 1692 Subditos
2004 1654 2084 1693 su05,
2103 1656 2136 1685 &
2151 1656 2234 1686 ctiam
2249 1655 2354 1685 cessare
2369 1656 2412 1686 fa-

1349 1692 1426 1722 cient
1439 1692 1507 1722 dieii
1527 1692 1643 1729 Alligati
1659 1692 1713 1729 sui,
1732 1693 1781 1730 qui
1797 1691 1943 1732 praesentes
1956 1690 2081 1732 Treugas
2095 1698 2239 1731 acceptare
2259 1694 2412 1732 voluerint,

1369 1739 1398 1759 cr
1421 1730 1458 1760 Se
1480 1731 1512 1761 &
1538 1731 1672 1761 Subditos
1695 1732 1773 1768 suos,
1795 1740 1895 1761 omnes
1920 1730 2008 1761 Prisas
2025 1731 2227 1770 Personarum,
2245 1731 2410 1770 Bonorum,

1348 1739 1485 1800 {liliatum
1507 1768 1696 1807 firmatarum,
1716 1769 1942 1808 Fortalitiorum,
1957 1770 1991 1800 &
2014 1770 2132 1800 aliorum
2156 1769 2326 1808 Locorum,
2343 1780 2409 1801 om·

1348 1817 1396 1838 nes
1419 1807 1538 1838 Pillerias
1582 1806 1758 1846 Robberias,
1784 1807 1935 1846 incendia,
1960 1807 2171 1838 Demolitiones
2191 1807 2358 1839 Domorum
2373 1809 2407 1840 &

1348 1845 1522 1884 Murortim,
1540 1831 1740 1877 f’rostrationes
1750 1846 1895 1887 Arborum
1910 1847 2080 1883 portantium
2096 1846 2229 1884 Fructus,
2245 1848 2279 1878 &
2292 1847 2408 1878 aliarum

1347 1894 1608 1923 quarumcumque,
1625 1886 1657 1915 &
1673 1886 1770 1915 omnia
1787 1884 1839 1915 alia
1857 1884 1940 1915 Facta
1954 1883 2093 1922 Guerrae,
2115 1895 2163 1922 per
2177 1886 2274 1915 omnia
2290 1884 2409 1925 Regna,

1346 1923 1466 1962 Terras,
1484 1924 1516 1954 δε
1537 1923 1675 1954 Dominia
1691 1924 1756 1954 dicii
1772 1924 1942 1962 Adversum-1
1965 1926 1997 1954 &
2019 1923 2206 1954 Subditorum
2225 1923 2354 1963 suorum,
2372 1925 2407 1956 &

1345 1963 1430 1993 etiam
1446 1962 1635 2000 Alligatorum
1655 1962 1769 1992 suorum
1784 1964 1811 1991 in
1835 1961 2014 2001 praei‘entibus
2036 1961 2158 1999 Treugis
2174 1963 2407 2001 nominatorum,

1345 2002 1394 2038 qui
1408 2001 1552 2040 praesentes
1567 2002 1790 2038 acceptaverint,
1809 2007 1867 2030 tam
1884 2002 1912 2030 in
1922 1999 2017 2040 Mari,
2033 2002 2118 2039 quam
2133 2002 2161 2030 in
2171 1998 2281 2040 Terra,
2298 2000 2408 2032 cess'an-

1344 2038 1417 2070 tibus
1429 2040 1566 2070 omnibus
1582 2039 1724 2070 fraudibus
1739 2040 1771 2069 δε
1791 2038 1866 2069 malo
1882 2039 2016 2078 ingenio,

1378 2078 1416 2108 Et
1431 2087 1562 2116 poterunt
1573 2087 1672 2108 omnes
1690 2076 1819 2115 vassalli,
1837 2077 2001 2108 durantibus
2023 2076 2204 2116 praesentibus
2219 2077 2354 2117 Treugi's,
2371 2078 2405 2110 ὃς

1344 2116 1454 2148 Subditi
1467 2117 1532 2146 dieii
1547 2115 1734 2155 Adverfhrii,
1749 2116 1782 2146 &
1797 2115 1981 2159 Alligatorum
1997 2115 2110 2146 suorum
2126 2116 2406 2161 praedietorum2qu1

1328 2156 1390 2186 vhas
1405 2156 1549 2196 praesentes
1562 2155 1690 2194 Treugas
1712 2153 1909 2185 ratificaverint
1925 2178 1935 2193 ,
1957 2156 2128 2198 juraverint,
2155 2155 2187 2186 &
2211 2155 2407 2194 promiserint,

1342 2195 1396 2232 ire,
1415 2196 1530 2232 venire,
1547 2193 1579 2224 &
1598 2193 1806 2224 mercandizare
1827 2202 1876 2232 per
1899 2203 1994 2222 omnia
2010 2192 2130 2231 Regna,
2148 2193 2266 2230 Terras,
2283 2194 2316 2224 &
2338 2194 2405 2224 Do-

1341 2235 1428 2264 minia
1439 2233 1508 2264 dicti
1521 2232 1644 2263 Domini
1659 2231 1746 2262 nostri
1764 2231 1871 2270 Regis,
1888 2233 1957 2262 citra
1971 2233 2004 2263 &
2019 2232 2090 2263 ultra
2103 2231 2203 2269 Mare,
2221 2232 2258 2263 de
2265 2230 2404 2263 Mercari-

1339 2273 1409 2303 dizis
1422 2273 1502 2303 licitis
1517 2272 1548 2302 &
1562 2281 1621 2301 non
1645 2270 1808 2308 prohibitis·
1830 2270 2025 2308 cujuscumodi
2043 2270 2104 2300 sunt
2120 2271 2278 2301 Armaturae
2314 2272 2403 2302 Attil-

1339 2312 1434 2381 lerizg,1
1448 2312 1481 2342 &
1497 2309 1559 2341 aliae
1575 2309 1721 2341 Machina:
1735 2309 1767 2340 δε
1781 2293 2009 2350 P'raeparamenta
2020 2308 2217 2348 Guerrarum,
2233 2310 2266 2341 &
2283 2293 2343 2341 Res
2357 2311 2401 2341 in-

1339 2360 1392 2382 vari
1416 2359 1463 2380 les

1376 2388 1414 2420 Et
1428 2373 1512 2420 etiarn
1529 2397 1660 2426 poterunt
1675 2387 1766 2419 facere
1779 2386 1876 2418 omnia
1891 2387 1941 2417 alia
1957 2386 2051 2424 Opera
2066 2387 2100 2418 &
2121 2386 2247 2427 Negotia
2261 2387 2356 2418 secure
2371 2386 2400 2418 fn

1338 2426 1466 2467 Regnis,
1483 2428 1598 2465 Terris,
1616 2426 1731 2465 Patriis,
1750 2427 1782 2457 &
1798 2425 1946 2456 Doiiiin'iis
1961 2426 2030 2456 dieti
2044 2426 2170 2458 Domini
2191 2425 2278 2456 nostri
2295 2426 2399 2464 Regis,

1339 2468 1373 2498 &
1392 2467 1578 2505 Alligatorum
1593 2465 1704 2496 suorum
1720 2465 1840 2504 superius
1852 2466 2084 2501 nominatorum,
2099 2465 2147 2502 qui
2167 2463 2257 2494 dietas
2271 2464 2399 2503 Treugas

1336 2514 1482 2543 acceptare
1495 2506 1528 2536 ὅ(
1543 2506 1630 2535 'urare
1643 2503 1876 2542 voluerint,1icut
1890 2502 2079 2540 supradietum
2092 2501 2133 2532 est
2143 2499 2278 2540 (Inetmes
2291 2511 2398 2542 tamen,

1336 2544 1458 2580 exceptis
1478 2544 1514 2574 de
1564 2543 1637 2573 ladio
1658 2544 1691 2573 ὅ(
1705 2541 1840 2579 Cultello)
1859 2541 1960 2576 absque
1979 2540 2209 2578 impedimento,
2226 2540 2398 2572 Arrestatio-

1338 2592 1390 2619 ne,
1411 2582 1456 2612 vel
1476 2580 1696 2619 Molestatione,
1714 2591 1762 2619 per
1776 2580 1850 2610 viam
1875 2579 2021 2618 Marquae,
2041 2578 2088 2609 Re
2107 2578 2220 2622 risaliae,
2237 2579 2281 2609 vel
2304 2578 2395 2609 Inter—

1337 2618 1451 2656 curssis,
1469 2619 1603 2650 solvendo
1618 2619 1723 2656 semper
1740 2618 1861 2648 Deveria
1877 2617 1954 2654 talia,
1974 2616 2043 2647 ficut
2056 2617 2093 2647 Al
2105 2626 2170 2655 igatr
2186 2617 2219 2648 &
2233 2616 2396 2648 Confitede-

1338 2659 1387 2688 rati
1403 2658 1472 2687 dicti
1488 2657 1610 2686 Domini
1624 2657 1711 2686 nostri
1727 2656 1814 2693 Regis
1831 2665 1882 2695 pro
1897 2663 2027 2693 tempore
2039 2654 2145 2686 solvere
2161 2656 2348 2695 tenebuntur,
2366 2657 2395 2688 in

1337 2696 1426 2725 Locis
1442 2696 1474 2726 &
1491 2694 1588 2725 Patriis
1603 2695 1650 2724 ubi
1668 2696 1675 2723 i
1697 2695 1715 2725 fi
1730 2694 1850 2731 fuerint,
1936 2729 1942 2737 ι
2001 2729 2007 2737 .

1372 2733 1487 2764 Proviso
1503 2742 1596 2764 tamen
1608 2734 1669 2770 quo
1707 2742 1764 2762 non
1780 2740 1912 2769 poterunt
1934 2731 1982 2771 ipsi
1999 2739 2101 2762 intrare
2122 2730 2221 2762 Castra
2244 2731 2394 2764 Custodia-

1336 2782 1416 2809 rum,
1435 2771 1519 2802 Villas
1535 2770 1671 2809 firmatas,
1689 2780 1735 2801 aut
1747 2770 1798 2801 alia
1819 2770 1976 2808 Fortalitia,
1994 2770 2096 2808 absque
2115 2769 2228 2801 licentia
2246 2769 2396 2802 Domino-

1337 2820 1420 2847 rum,
1438 2810 1672 2849 Capitaneorum,
1690 2809 1734 2839 seu
1749 2807 1910 2839 Custodum
1932 2808 2116 2847 eorumdem,
2133 2817 2180 2840 aut
2198 2808 2321 2840 aliorum
2343 2810 2394 2841 ha-

1334 2849 1463 2879 bentium
1477 2848 1511 2878 ad
1527 2848 1583 2878 hoc
1599 2847 1789 2884 Potestatem,

1370 2886 1424 2924 Et,
1444 2887 1462 2917 si
1478 2887 1603 2917 evenerit
1617 2887 1695 2924 quod
1710 2886 1807 2924 aliquis
1822 2886 1860 2915 ibi
1878 2885 2021 2916 intraverit
2037 2895 2086 2923 per
2094 2884 2251 2915 Licentiam
2266 2884 2392 2925 alicujus,

1332 2927 1381 2965 qui
1397 2925 1433 2955 de
1447 2925 1542 2957 dando
1556 2924 1713 2956 Licentiam
1729 2924 1889 2963 hujusmodi
1905 2923 2075 2954 Potestatem
2089 2932 2147 2954 non
2161 2923 2306 2962 habuerit,
2322 2924 2389 2964 ipse,

1332 2964 1379 3001 qui
1396 2964 1482 2994 taliter
1496 2965 1655 3001 intraverit,
1670 2963 1793 3002 plenarie
1808 2962 1984 2999 liberabitur,
2002 2961 2116 2992 &inde
2138 2961 2269 2992 recedere
2288 2965 2396 3000 poterit

1333 3002 1436 3041 libere,
1456 3002 1559 3041 absque
1573 3011 1609 3031 eo
1645 3002 1704 3032 uod
1717 3002 1815 3039 aliquis
1827 3001 1862 3030 ab
1878 2999 1936 3037 ipso
1951 3000 2104 3038 quicquam
2124 3009 2156 3031 ea
2169 3000 2318 3032 occasione
2332 3002 2391 3032 exi-

1333 3050 1398 3080 gere
1412 3042 1531 3080 poterit;
1550 3040 1582 3070 &
1597 3041 1626 3078 ip
1638 3051 1671 3077 e,
1687 3041 1732 3078 qui
1748 3039 1840 3069 eidem
1863 3037 2023 3076 hujusmodi
2041 3037 2201 3070 Licentiam
2214 3038 2337 3077 dederit,
2355 3040 2390 3070 &

1332 3080 1365 3108 ad
1387 3079 1443 3109 hoc
1461 3077 1632 3109 Potestatem
1655 3088 1715 3108 non
1737 3077 1908 3115 habuerit,i
1930 3076 1990 3106 sum
2010 3075 2199 3114 Indempnem
2225 3077 2390 3110 conservare

1331 3119 1489 3155 tenebitur,
1506 3117 1556 3154 &‚
1575 3126 1642 3147 curn
1655 3116 1730 3154 hoc,
1748 3114 1901 3146 secundum
1944 3115 2095 3153 xigentiam
2111 3114 2218 3154 Caffis,
2235 3116 2329 3148 debite
2335 3126 2390 3155 pu-

1333 3165 1422 3187 nietur

1371 3194 1423 3232 Et,
1433 3178 1460 3223 ’si
1474 3202 1532 3222 non
1543 3192 1669 3222 habuerit
1683 3191 1759 3222 unde
1771 3190 1906 3229 Dampna
1918 3191 2052 3231 praedicsta
2065 3191 2191 3224 resarcire
2202 3193 2390 3233 poterit,gra-

1332 3233 1396 3263 vitis
1409 3240 1523 3270 propter
1539 3231 1595 3261 hoc
1612 3232 1642 3260 in
1659 3228 1792 3267 Corpore
1806 3232 1952 3268 punietur,

1372 3270 1410 3301 Et
1426 3271 1509 3299 etiam
1524 3278 1654 3307 poterunt
1671 3267 1780 3299 Gentes
1796 3269 2004 3299 Fortalitiorum
2020 3269 2085 3299 dicti
2102 3267 2274 3308 Adversbrii
2285 3269 2318 3301 &
2336 3268 2390 3301 Al-

1331 3308 1480 3346 ligatorum
1502 3307 1614 3338 suorum
1639 3316 1804 3345 comparare
1819 3306 1958 3338 ViCtualia
1979 3309 2016 3339 ab
2028 3309 2077 3339 alia
2097 3316 2191 3346 parte,
2207 3309 2336 3346 quotiens
2353 3309 2388 3339 ὃ(

1330 3346 1442 3386 quando
1456 3346 1517 3385 ipsis
1531 3356 1601 3384 opus
1614 3348 1675 3375 erit.

1367 3384 1413 3414 Ιτ
1424 3394 1442 3414 E
1453 3393 1497 3422 M,
1517 3384 1615 3421 quod,
1634 3384 1796 3414 durantibus
1818 3384 1869 3414 hiis
1890 3383 2069 3422 praesentibus
2083 3382 2219 3421 Treugis,
2238 3383 2311 3413 nulla
2327 3381 2384 3414 Ca-

1330 3422 1400 3461 stra,
1420 3422 1492 3452 Villa
1508 3422 1634 3459 firmata,
1652 3422 1697 3452 vel
1706 3423 1846 3453 Fortalitia
1859 3431 1990 3460 poterunt
1999 3421 2090 3458 Capi,
2107 3420 2255 3458 Subtrahi,
2272 3421 2318 3451 vel
2326 3420 2386 3451 Re-

1331 3462 1407 3500 cipi,
1432 3462 1467 3490 ab
1491 3460 1546 3490 una
1569 3461 1650 3491 Parte
1668 3460 1747 3498 super
1767 3461 1866 3499 aliam,
1882 3470 1931 3498 per
1951 3461 2011 3489 vim
2029 3459 2204 3502 Armorum,
2228 3457 2387 3490 Inscalatio-

1330 3509 1415 3537 nem,
1441 3498 1634 3529 Donationem
1651 3521 1659 3535 ,
1679 3498 1938 3536 permutationem,
1964 3496 2239 3534 Impignomuonem
2251 3519 2261 3534 ,
2279 3496 2386 3528 Vendi-

1329 3539 1436 3567 tionem
1445 3560 1454 3575 ,
1473 3537 1517 3567 vel
1533 3547 1581 3573 per
1593 3539 1805 3577 quemcumque
1819 3537 1905 3568 alium
1918 3535 2058 3573 Modum,
2071 3533 2263 3565 Contractum
2272 3558 2282 3573 ,
2298 3536 2385 3568 Titu-

1330 3576 1407 3613 lum,
1424 3575 1469 3605 vel
1483 3574 1639 3612 Colorem,
2077 3610 2082 3616 ¹
2245 3611 2251 3617 ·

1365 3613 1423 3652 Et,
1449 3614 1467 3643 si
1493 3613 1594 3649 aliquid
1624 3613 1655 3642 iit
1670 3613 1777 3644 factum
1797 3612 1843 3643 vel
1861 3618 2055 3648 attemptatum
2075 3619 2104 3640 m
2128 3618 2319 3650 contrarium,
2336 3622 2386 3650 per

1331 3661 1415 3681 unam
1439 3651 1483 3680 vel
1507 3652 1586 3680 aliam
1602 3650 1733 3688 Partem,
1750 3650 1796 3681 vel
1818 3660 1866 3687 per
1886 3649 2022 3686 Alligatos
2039 3648 2224 3687 eorumdem,
2244 3648 2311 3680 illud
2332 3652 2386 3682 erit

1331 3689 1504 3727 Reparatum
1519 3690 1553 3719 ad
1569 3691 1692 3728 primum
1713 3691 1747 3720 &
1765 3689 1894 3718 debitum
1911 3686 2020 3716 Statum
2041 3686 2142 3725 absque
2160 3686 2386 3720 contradictione

1331 3728 1376 3757 seu
1393 3727 1555 3758 difficultate
1570 3727 1808 3765 quibuscumque,
2040 3762 2046 3768 ·

1368 3765 1437 3795 Etsi
1453 3766 1552 3803 aliqui,
1570 3767 1605 3795 de
1620 3775 1673 3794 una
1695 3764 1775 3795 Parte
1798 3763 1842 3793 vel
1863 3762 1898 3793 de
1915 3762 1966 3792 alia
1985 3770 2094 3799 capiant
2115 3762 2289 3795 Fortalitium
2304 3765 2385 3805 super

1328 3803 1409 3832 aliam
1424 3802 1550 3840 Partem,
1569 3803 1640 3841 ipse,
1659 3803 1736 3840 super
1750 3811 1835 3840 quem
1849 3801 1961 3831 dietum
1976 3800 2150 3831 Fortalitium
2165 3811 2280 3841 captum
2293 3803 2386 3842 fuerit,

1327 3842 1419 3877 ipsum
1434 3850 1593 3887 recuperare
1614 3842 1714 3879 poterit
1728 3849 1776 3878 per
1798 3840 1872 3869 viam
1892 3838 1988 3882 Baeti,
2001 3839 2053 3882 'vel
2073 3839 2151 3870 aliter
2165 3863 2175 3878 ‚
2199 3851 2383 3882 quocumque

1327 3879 1417 3909 modo
1430 3877 1528 3910 meliu's
1544 3881 1662 3917 poterit,
1680 3879 1712 3909 &
1728 3880 1814 3908 etiam
1826 3884 1926 3914 poterit
1939 3886 2038 3913 punire
2053 3876 2272 3919 Malefatstores,
2284 3880 2383 3911 secun-

1325 3917 1394 3946 dum
1405 3916 1481 3955 quod
1498 3919 1615 3954 pertinet
1625 3939 1634 3953 ,
1651 3916 1685 3946 ad
1699 3915 1874 3955 Exigentiam
1889 3913 1979 3944 Casus
1992 3937 2001 3952 ‚

1362 3954 1398 3984 Et
1416 3956 1582 3985 tenebuntur
1603 3954 1819 3984 Conservatores
1839 3953 1926 3983 Partis
1946 3953 2042 3991 ipsius,
2062 3955 2110 3993 qui
2130 3955 2223 3993 ipsum
2243 3954 2377 3987 Castrum

1325 3994 1443 4031 ceperit,
1463 3993 1620 4024 succurrere
1633 3993 1667 4024 &
1681 3991 1810 4031 adjuvare
1824 3991 1926 4030 ipsum,
1944 3991 2236 4031 superquemdietum
2244 3992 2378 4063 Castrgm

2343 4042 2395 4072 ap-

2444 191 2521 224 Ann.
2535 190 2562 224 D

2474 241 2559 272 1415.

2442 274 2509 300 Hm.
2527 281 2558 308 5.

2427 1374 2446 1394 *¹
2465 1376 2517 1407 tx.
