2562 4274
714 134 824 176 ET
906 135 1168 179 ACTA
1254 135 1733 188 PUBLICA·

0 210 74 242 Anu.
89 207 131 239 D.

19 255 104 284 1421.

0 292 62 316 Hm.
81 295 110 322 5.

187 216 220 247 In
234 218 311 255 cujus
343 219 406 251 &c-

202 256 292 288 Teste
307 241 391 297 Rege
402 254 475 295 apud
489 255 763 298 Wstmonaslerium,
788 258 889 290 Primo
903 258 962 290 Die
976 258 1083 292 Martii.

867 338 921 366 Per
940 336 1092 369 Concilium.

333 458 382 493 De
407 459 586 494 Admirallo
604 456 691 493 Flotae
711 456 857 493 Navium
872 458 1034 504 constituto.

5 535 82 568 Ann.
97 531 139 563 D.

34 581 118 610 1421.
146 595 148 600 .

3 619 56 642 An.
71 613 98 640 8.

7 658 41 681 H.
59 659 86 686 5.

217 543 282 576 EX
298 546 430 577 universis
443 547 477 578 &
493 546 604 586 singulis
616 544 860 584 Vicecomitibus,
885 546 1008 585 Ballivis,
1026 545 1224 578 'constabula—

212 621 216 625 ‘
236 585 298 621 riis,
319 584 474 624 Ministris,
493 584 654 623 Magistris,
672 585 705 615 &
720 583 878 615 Marinatiis
892 585 1040 622 Navium,
1058 596 1090 615 ac
1105 586 1162 616 aliis
1178 586 1225 616 Fi-

163 620 270 652 delibus
283 623 317 653 &
332 623 457 654 Subditis
472 623 591 661 nostris,
611 625 669 652 tam
686 623 757 654 infra
778 623 951 662 Libertates,
967 625 1051 663 quam
1072 633 1146 655 extra
1162 647 1172 662 ,
1190 624 1225 654 ad

164 669 252 699 quos,
271 661 332 692 δίε.
352 662 487 692 Salutem.

197 699 296 729 Sciatis
309 700 388 738 quod
403 699 482 737 Nos,

199 737 248 767 De
261 737 392 767 fidelitate
404 737 438 768 &
451 738 726 777 circumspectione,
742 737 836 769 dilecti
859 739 892 771 &
916 738 1016 770 Fidelis
1032 738 1132 777 nostri,
1151 737 1226 769 Wil-

161 775 244 805 lielmi
261 775 538 815 BardolfChivaler,
553 778 661 814 plenius
679 777 862 815 confidentes,

199 813 407 845 Constituimus
421 815 510 852 ipsum
523 815 712 846 Admirallum
727 815 855 846 nostrum
870 817 893 847 F
895 816 960 846 lotae
974 816 1121 853 Navium,
1139 825 1226 853 quam

158 852 191 921 {n
205 854 340 920 prloximo
353 853 387 884 ad
403 853 548 884 effendum
562 854 639 893 supra
653 853 736 884 Mate
750 854 971 893 Ordinavimus,
997 854 1131 892 quamdiu
1154 853 1188 884 N
1191 863 1226 883 0-

179 900 200 920 is
216 901 235 927 p
246 901 350 922 acuerit

197 928 309 960 Dantes
323 916 497 969 ei’plenam,
519 931 637 961 Tenore
657 929 861 969 Praesentium,
887 930 1062 961 Potestatem
1084 929 1227 961 Audiendi

157 966 297 1006 Qerelas
312 971 447 999 omniurn
465 971 497 999 &
513 969 686 1007 singulorum
699 969 736 999 de
750 970 804 1000 hiis
818 980 883 1007 quae
906 970 940 999 ad
962 969 1105 1000 Officium
1128 969 1228 999 Admi-

160 1008 218 1037 ralli
234 1008 390 1045 pertinent,
408 1009 442 1039 &
456 1006 658 1047 Cognoscendi
671 1008 701 1036 in
720 1006 816 1038 Cauiis
833 1007 984 1037 Maritimis
995 1031 1005 1046 ,
1033 1009 1066 1039 δε
1085 1007 1227 1046 Justitiam

159 1046 189 1074 in
205 1046 339 1076 omnibus
354 1045 505 1084 Faciendi,
524 1056 557 1076 ac
581 1045 785 1083 Delinquentes
797 1047 874 1084 quta
889 1056 988 1076 eorum
1010 1046 1156 1077 Demetita
1170 1045 1228 1076 Ca-

161 1083 281 1123 stigandi
295 1084 328 1115 &
344 1083 501 1122 Puniendi,
519 1086 551 1116 &
565 1083 779 1122 Incarcerandi,
798 1087 830 1116 &
846 1095 893 1115 eos
912 1084 1094 1115 Deliberandi
1105 1108 1115 1123 ,

197 1122 331 1153 Necnon
346 1121 446 1153 Naves
461 1124 493 1154 ὃς
509 1123 665 1153 Naviculas
679 1122 848 1161 Guerrinas,
863 1133 933 1162 quot
946 1123 1105 1154 neceffariae
1129 1123 1163 1153 &
1177 1132 1229 1152 cu-

160 1161 281 1198 iusmodi
294 1161 380 1191 Porta
401 1162 418 1190 ii
433 1161 553 1198 fuerint,
580 1162 803 1201 Congregandi‚
831 1161 1001 1192 Mai-inarios
1022 1162 1055 1192 ὃς
1076 1161 1159 1199 alios,
1176 1170 1229 1198 pro

161 1200 293 1231 Navibus
307 1201 341 1231 &
390 1199 503 1230 aviculis
517 1200 568 1229 illis
583 1200 747 1230 necellarios
761 1223 770 1238 ,
788 1199 918 1239 Eligendi
932 1201 965 1231 &
981 1199 1130 1238 Capiendi,
1146 1200 1179 1230 ὃς
1199 1199 1229 1228 in

160 1239 266 1269 eisdem
282 1237 426 1276 Ponendi,

200 1276 238 1308 Et
254 1276 423 1306 Marinarios
436 1300 445 1314 ,
473 1277 520 1314 qui
545 1275 679 1306 Rebelles
698 1276 744 1306 vel
768 1275 976 1308 Contrariantes
997 1276 1101 1307 fuerint
1122 1276 1152 1306 in
1176 1275 1229 1306 hac

161 1324 254 1354 parte,
272 1313 482 1353 Compescendi
498 1316 530 1346 Sc
546 1314 720 1357 Castigandi,

198 1353 237 1384 Et
252 1355 350 1384 omnia
366 1354 432 1392 alia,
451 1364 516 1392 quae
529 1354 564 1384 ad
578 1353 721 1384 Officium
736 1353 880 1384 Admiralli
896 1354 1052 1391 pertinent,
1070 1353 1164 1383 debite
1172 1351 1228 1382 Fa-

163 1391 303 1424 ciendi&
320 1391 517 1430 Excercendi,
801 1411 804 1415 ›

201 1430 319 1461 Proviso
335 1431 442 1468 semper
457 1430 536 1469 quOd
546 1454 555 1469 ,
572 1430 671 1461 colore
685 1439 732 1461 aut
747 1432 844 1461 viatore
865 1429 1062 1466 praesentium,
1088 1429 1230 1460 cariffimo

164 1469 321 1500 Avunculo
337 1469 451 1507 nostro,
471 1472 543 1499 Duri
557 1471 675 1499 Exoniae
692 1470 757 1508 (qui
775 1462 919 1500 &fficium
934 1469 1144 1499 Admirallitatis
1167 1468 1229 1497 An-

163 1508 245 1547 gliae,
263 1507 430 1546 Hiberniae,
448 1507 482 1538 &
496 1508 690 1547 Aquitanniae,
706 1509 740 1538 ad
756 1509 928 1538 Terminum
951 1507 1026 1538 Vitae
1047 1507 1120 1544 suae,
1145 1506 1230 1544 posfi-

164 1547 232 1581 det)
252 1556 311 1576 non
325 1547 521 1585 praejudicetur
536 1548 637 1585 quovis
652 1547 753 1584 modo,

150 1600 161 1605 ν
204 1583 243 1614 Et
256 1584 324 1615 ideo
341 1586 420 1615 vobis
436 1584 609 1615 Mandamus
627 1584 707 1624 quod
730 1585 814 1614 eidem
835 1582 983 1613 Willielmo
1000 1606 1009 1620 ,
1034 1584 1063 1613 in
1084 1581 1232 1612 Praemiffis

164 1622 300 1653 faciendis
313 1623 346 1653 &
363 1623 547 1662 exequendis,
564 1622 742 1653 Intendentes
756 1622 826 1660 sitis,
839 1622 1025 1653 Consulentes
1041 1624 1074 1652 &c
1089 1621 1232 1652 Auxilian-

150 1667 223 1698 tes,
242 1669 326 1698 prout
339 1661 432 1692 decet.

199 1698 235 1730 ln
250 1700 345 1736 cujus,
362 1700 423 1730 &c.

216 1737 306 1769 Teste
319 1737 402 1777 Rege
415 1736 489 1775 apud
506 1735 781 1777 ubslmonasterium,
799 1735 933 1767 Secundo
947 1735 1006 1766 Die
1021 1735 1127 1766 Martii.

7 697 65 721 Pat.
96 689 124 718 8.

5 735 40 759 H.
57 738 84 764 5.

8 779 43 799 m.
54 778 79 796 2.

830 1815 884 1843 Per
901 1813 1053 1843 Concilium.

212 1943 265 1976 De
284 1938 506 1984 Monstratione
522 1941 693 1973 Hominum
710 1942 742 1970 in
756 1938 843 1971 Flota
861 1939 1005 1970 Navium
1030 1937 1184 1984 capienda.

233 2024 258 2054 E
268 2024 317 2065 X,
332 2024 442 2057 dilectis
457 2025 527 2064 fibi,
544 2023 671 2063 Galfrido
686 2023 827 2062 Louther,
842 2024 876 2055 ὃς
896 2021 1025 2062 Johanni
1044 2022 1159 2061 Darell‚
1178 2022 1228 2053 Sa-

249 2064 348 2095 lutem.

205 2101 304 2133 Sciatis
314 2103 395 2141 quod
408 2104 494 2142 Nos,

206 2140 256 2171 De
273 2141 402 2173 fidelitate
417 2145 450 2175 &
465 2141 723 2179 circumspectione
736 2138 834 2170 vestris
848 2138 959 2177 plenius
978 2138 1163 2176 confidentes,

209 2179 420 2219 Affignavimus
435 2192 503 2219 vos,
519 2179 752 2217 conjun&im,&
775 2177 884 2208 divifim
898 2201 908 2216 ,
932 2177 967 2208 ad
993 2178 1158 2208 Monstrum
1180 2176 1236 2206 sive

173 2217 437 2258 Monstrationem,
454 2219 550 2251 dilecti
563 2221 597 2250 ὅ(
620 2218 706 2248 fidelis
730 2216 832 2248 Militis
864 2216 969 2255 nostri,
995 2215 1138 2246 Willielmi
1163 2218 1238 2244 Bar-

173 2256 248 2297 aas,
323 2297 325 2299 .
428 2298 434 2303 .
456 2292 474 2304 ..
608 2267 615 2274 ·
640 2296 645 2301 .
938 2295 942 2300 .

213 2297 314 2335 Qem
330 2297 540 2328 Constituimus
559 2294 746 2326 Admirallum
761 2294 850 2325 Flotae
864 2293 1010 2331 Navmm,
1029 2302 1117 2332 quam
1138 2293 1172 2323 ad
1194 2291 1234 2322 es-

172 2334 292 2365 sendum
306 2337 334 2365 in
350 2338 483 2374 proximo
496 2336 574 2374 supra
590 2334 674 2365 Mare
687 2333 904 2370 Ordinwimus,
1007 2370 1011 2375 .

210 2374 254 2404 Ac
268 2373 434 2405 Hominum
449 2375 483 2405 ad
497 2374 603 2411 Arma,
620 2373 819 2409 Armatorum,
838 2381 870 2402 ac
885 2372 1116 2410 Sagittariorum,
1134 2370 1163 2400 in
1173 2368 1238 2399 Co-

172 2412 275 2444 mitiva
289 2412 352 2451 sua,
371 2423 404 2444 ex
416 2412 500 2444 causa
512 2411 665 2451 praedicta,
680 2411 920 2448 profecturorum,
934 2411 963 2439 in
979 2408 1110 2439 Partibus
1117 2405 1237 2439 Dovor-

171 2452 241 2489 riae,
258 2452 330 2482 infra
344 2452 445 2483 Naves
458 2451 516 2482 illas
527 2450 709 2490 Capiendum
723 2450 756 2481 &
781 2447 1025 2487 Supervidendum
1035 2470 1044 2485 ,
1216 2485 1221 2491 ⁸

212 2489 250 2520 Et
265 2491 298 2519 ad
314 2489 398 2528 Nos,
417 2491 446 2520 in
461 2489 573 2527 propria
585 2487 704 2518 Persona
717 2510 726 2526 ,
748 2487 784 2518 de
809 2487 944 2517 Numero
967 2486 1108 2516 dierorum
1132 2485 1238 2515 Homi-

173 2537 246 2557 num
264 2528 298 2558 ad
318 2529 421 2566 Arma,
441 2529 637 2566 Armatorum,
654 2527 687 2557 δε
702 2526 929 2565 Sagittariorum,
945 2535 977 2554 ac
1001 2524 1037 2554 de
1059 2524 1159 2562 modo,
1179 2524 1237 2554 fot⁶

174 2565 241 2603 ma,
259 2567 293 2596 ὃς
305 2566 472 2597 sufficientia
487 2567 669 2598 Arraiationis
685 2564 869 2601 eorumdem4
888 2563 937 2594 sub
952 2563 1052 2601 sigillis
1068 2562 1176 2601 vestris,
1191 2562 1237 2592 vel

172 2604 282 2634 alterius
297 2604 444 2643 vestrum,
459 2604 590 2635 distinete
606 2605 639 2634 &
652 2605 763 2641 aperte,
789 2601 1028 2637 Certificandurm

212 2642 251 2672 Et
264 2642 329 2673 ideo
343 2645 424 2673 vobis
437 2643 610 2674 Mandamus
625 2642 704 2681 quod
720 2643 793 2672 circa
813 2640 957 2671 Praemiffa
978 2640 1123 2680 diligenter
1146 2640 1238 2670 inten-

173 2680 262 2719 datis,
279 2691 313 2711 ac
327 2691 358 2711 ea
371 2681 475 2712 faciatis
492 2683 526 2713 δε
540 2681 716 2719 exequamini
732 2681 760 2709 in
773 2679 867 2710 forma
881 2678 1029 2717 praedictfi:

210 2717 323 2749 Damus
340 2728 435 2750 autem
450 2721 570 2758 praefatis
584 2718 760 2750 Hominibus
773 2718 807 2749 ad
821 2718 924 2755 Arma,
944 2717 1082 2754 Arm-atis,
1100 2717 1134 2747 ὃς
1149 2716 1239 2755 Sagit-

176 2757 267 2794 tariis,
285 2767 318 2786 ac
330 2758 400 2796 aliis,
418 2768 542 2796 quorum
555 2758 686 2795 interest,
703 2757 734 2786 T
735 2766 823 2786 enore
844 2755 1029 2786 Praesentium
1049 2778 1058 2791 ,
1079 2754 1193 2784 firmiter
1213 2755 1240 2784 in

179 2794 338 2834 Mandatis,
355 2797 434 2834 quod
446 2797 547 2834 vobis,
562 2798 595 2828 ὃς
608 2797 685 2827 alteri
698 2794 829 2826 vestrfim
844 2819 853 2834 ,
877 2796 907 2824 in
927 2795 1092 2824 executione
1111 2793 1242 2824 Praemis—

179 2833 292 2901 serlum,
306 2843 440 2903 paregrcit,
457 2835 609 2873 obediant,
629 2836 662 2865 ὃ(
678 2833 842 2872 intendant,
858 2841 941 2872 prout
956 2832 1046 2863 decet.

230 2881 248 2901 n
264 2882 343 2907 cuius
407 2883 434 2903 c.

233 2909 323 2941 Teste
336 2896 418 2951 Rege
429 2911 502 2951 apud
517 2909 776 2950 westmonasterium
785 2932 795 2948 ,
809 2909 945 2940 Secundo
958 2908 1016 2939 Die
1032 2908 1138 2939 Martii.

13 2042 94 2074 'Am
105 2040 149 2072 D.

37 2089 124 2120 1421.

14 2124 67 2150 An.
84 2121 112 2149 8.

45 2180 120 2225 'ibid

18 2245 57 2264 m.
70 2244 97 2263 2.
109 2234 135 2263 d.

860 2987 914 3015 Per
932 2984 1085 3015 Concilium.

46 3129 62 3146 ⁴
72 3127 167 3163 x.69;
482 3110 508 3137 *ἓ
520 3113 571 3146 De
595 3115 788 3146 Sacramenta
803 3106 934 3156 praestito.

32 3213 111 3245 An„⁴
126 3212 168 3242 D·
188 3196 312 3251 REX
349 3193 532 3240 Thosburario
545 3195 631 3236 nostro
651 3195 779 3227 Generali
800 3196 980 3225 Normanniae
992 3218 1001 3231 ,
1027 3204 1060 3224 ac
1085 3194 1246 3238 Praefidenti

314 3220 459 3265 &entibus
474 3234 510 3264 de
524 3233 648 3265 Camera
662 3235 756 3264 nostra
770 3233 987 3273 Compotorum
1003 3255 1012 3270 ,
1034 3243 1147 3263 necnon
1168 3232 1249 3263 Balli-

35 3261 143 3319 2114231'
187 3271 245 3310 vis,
263 3273 503 3311 vicecomitibus,
510 3281 543 3303 ac
556 3273 612 3303 aliis
625 3272 780 3302 Officiariis
796 3271 927 3302 Ducatfis
941 3271 1029 3302 nostri
1044 3271 1249 3309 Norrnanniae‚

34 3302 88 3356 Ha.
123 3313 129 3319 '
186 3318 220 3339 ac
235 3311 348 3343 aliarum
362 3311 487 3342 Partiurn
500 3311 627 3341 Franciae
647 3310 748 3341 Nobis
771 3310 958 3348 subjectarum
971 3332 980 3348 ‚
1006 3310 1228 3349 quibuscumque
1240 3332 1251 3348 ,

36 3339 117 3396 N'Orss
142 3365 158 3393 g
185 3350 231 3379 vel
245 3360 347 3381 eorum
360 3349 615 3388 Locatenentibus,
633 3348 766 3380 Salutem.

35 3409 64 3434 Η
120 3389 136 3421 “,
151 3385 171 3409 ”
221 3388 343 3420 Notum
360 3389 442 3420 vobis
454 3388 572 3419 facimus
589 3388 683 3426 quod,
703 3388 821 3418 dilectus
838 3387 921 3417 nobis
942 3386 970 3418 in
993 3387 1130 3426 Christo,
1154 3390 1252 3417 Petrus

37 3450 53 3482 P
66 3429 72 3435 ”
85 3415 120 3481 35'
189 3427 221 3457 de
235 3427 349 3468 Rebafio
365 3451 374 3466 ,
393 3427 489 3457 Abbas
502 3426 585 3470 Vallis
599 3428 688 3457 beatae
710 3425 814 3457 Mariae
833 3424 1026 3457 cisterciensis
1051 3427 1185 3465 Ordinis,
1203 3427 1252 3457 Sa-

39 3466 77 3511 ὦ,
89 3483 153 3518 911·
187 3475 366 3498 eramentum
380 3465 541 3501 Fidelitans,

222 3505 269 3536 Ad
284 3506 378 3543 quod,
396 3505 505 3535 ratione
528 3503 747 3540 Temporalium
765 3503 897 3534 Abbatiae
908 3502 1071 3542 praedictae,
1091 3503 1162 3533 infra
1184 3502 1250 3533 Du-

191 3550 288 3575 catum
301 3545 334 3575 &
349 3544 443 3574 Partes
458 3542 603 3582 praediCtas
616 3542 793 3572 existentium
802 3564 811 3579 ,
827 3541 925 3573 Nobis
936 3543 1094 3580 tenebatur,

224 3581 307 3614 Fecit
321 3583 355 3613 &
366 3582 509 3622 praestitit,

227 3620 273 3651 Ad
304 3621 361 3652 uod
376 3621 490 3659 quidem
505 3620 719 3651 Sacramentum
736 3620 858 3651 eundem
872 3619 1015 3650 Abbatem
1031 3618 1208 3657 Recepimus
1220 3618 1253 3649 &

191 3657 364 3690 Admi1mus
384 3683 394 3698 ,
412 3659 511 3690 nostro
525 3659 557 3689 &
572 3660 662 3689 alieno
672 3658 741 3696 Jure
753 3659 844 3697 Palm,

233 3696 324 3728 Vobis
343 3699 376 3729 &
391 3699 506 3729 cuilibet
520 3697 647 3729 vestrum
670 3697 839 3727 Mandantes
863 3697 899 3726 nc
916 3697 1078 3734 praedic‘lum
1095 3695 1254 3733 Abbatem,

196 3743 334 3773 praetextu
347 3736 418 3767 dicti
434 3737 584 3767 Fidelitatis
598 3736 770 3767 sacramenti
783 3735 881 3766 Nobis
896 3746 956 3766 non
977 3734 1108 3773 praestiti,
1132 3735 1161 3764 in
1182 3744 1252 3772 prae-

195 3773 253 3804 fata
265 3774 402 3812 Alabana,
417 3785 471 3806 nec
486 3777 515 3805 in
529 3775 653 3814 ejusdem
669 3775 845 3806 Pertinentiis
857 3774 1092 3812 quibuscumque,
1112 3774 1256 3811 perturbe—

198 3812 248 3855 tis,
266 3811 432 3855 molestetis,
447 3822 496 3845 aut
509 3814 681 3852 inquietetis,
699 3814 744 3844 vel
760 3812 912 3852 perturbari
925 3836 935 3851 ,
959 3811 1101 3842 molestari
1117 3834 1128 3849 ,
1145 3819 1191 3842 aut
1211 3812 1256 3841 in-

196 3856 317 3888 quietari
329 3852 492 3885 permittatis
503 3854 603 3891 quovis
619 3853 727 3889 mod03

217 3886 309 3925 kSssda
327 3887 346 3916 fi
360 3889 493 3922 nraedieta
506 3892 627 3922 Abbatia
641 3892 685 3922 vel
700 3889 803 3930 aliquid
815 3888 935 3926 eiusdem
952 3889 984 3920 fit
1002 3889 1037 3919 ad
1057 3888 1115 3919 hoc
1137 3888 1257 3926 impedi-

200 3933 244 3963 ta,
264 3924 292 3954 id
306 3925 420 3955 Abbati
434 3929 567 3960 antediao
578 3931 752 3967 deliberetis,
770 3929 813 3958 seu
826 3928 970 3958 deliberari
990 3927 1094 3958 faciatis
1107 3950 1116 3965 ,
1136 3928 1259 3959 indilate.

235 3962 304 3995 Dat.
321 3964 397 4003 apud
411 3964 534 4005 Castrum
547 3967 664 4009 nostrum
678 3968 853 4006 Rothomagi,
871 3967 972 4006 quinto
986 3966 1034 3997 die
1047 3964 1154 3997 Martii.

260 4082 330 4113 Tom.
347 4083 395 4113 IV.
413 4083 447 4114 P.
465 4085 513 4114 IV.

2308 167 2333 202 9

2279 278 2311 279 W
2352 232 2428 269 Anii.
2444 237 2473 270 D

2382 282 2466 315 1425.

2346 319 2445 351 Hen.5,

1481 317 1539 347 Pro
1563 311 1685 348 Abbate
1703 320 1806 351 Sansbi
1823 323 1871 352 Pet
1879 324 1904 351 ri
1923 320 1959 353 de
1974 322 2124 355 Prasellis.

1262 395 1342 448 RE
1352 395 1382 426 X
1390 422 1398 435 ‚
1416 398 1602 440 Thefiwrario
1618 401 1703 440 nostro
1715 403 1842 433 Generali
1858 406 2053 443 Nortaezannic‚
2073 416 2105 436 ac
2122 406 2279 437 Praefidenti
2290 408 2323 438 &
2344 397 2421 429 Am}-
2441 399 2483 430 D·

1295 470 1300 474 Ι
1334 433 1475 480 Gentibus
1490 437 1525 467 de
1539 437 1662 469 Camera
1678 440 1774 471 nostra
1787 441 2001 480 Conipotorum
2019 466 2029 481 ,
2053 455 2168 475 necnon
2197 445 2322 483 Ballivis,
2370 447 2425 476 ¹42
2436 450 2461 469 Ι·

1263 466 1505 518 Vlcecomitibus,
1522 486 1554 506 ac
1567 476 1623 507 aliis
1638 477 1790 509 Officiariis
1810 479 1937 511 Ducatsis
1961 481 2153 512 Normanniae
2169 506 2179 521 ,
2204 494 2238 513 ac
2261 484 2325 514 alia-
2343 480 2396 503 Aa.
2416 477 2443 505 8·

1263 515 1325 556 rum
1341 510 1466 542 Partium
1481 514 1606 545 Franciae
1620 516 1703 546 nobis
1715 517 1914 556 subjectarum,
1938 520 2182 560 quibuscumque,
2207 522 2253 552 vel
2275 532 2326 552 eo*
2346 519 2379 541 H.
2401 524 2427 546 5·-

1262 553 1325 577 rum
1342 549 1593 591 Locatenentibus,
1612 553 1747 584 Salutem.
2384 552 2463 578 ¹⁶¹¹*ss

1281 587 1419 632 “Notum
1435 591 1517 620 vobis
1531 591 1648 632 facimus
1661 594 1739 630 quod
1753 593 1898 630 Johasmes
1916 597 2034 632 Moreti,
2060 595 2155 626 Abbas
2181 597 2330 629 Monaste-
2350 600 2419 620 ⁷²²·7·
2436 590 2463 616 d*

1265 633 1297 654 ni
1311 624 1407 656 saneti
1422 627 1568 659 Benedicti
1583 630 1797 660 Sacramentum
1819 632 1976 668 fidelitatis,

1301 660 1346 692 Ad
1363 666 1458 704 quod,
1474 668 1578 697 ratione
1591 665 1809 705 Temporalium
1825 670 1990 700 Monastciii
2006 672 2146 708 pinedifti,
2166 673 2240 705 infra
2259 675 2328 706 Du-

1266 704 1409 746 catutn·&
1423 703 1519 735 Partes
1530 707 1678 744 praedicffas
1693 707 1887 746 existentium,
1903 708 2001 739 Nobis
2015 711 2149 740 tenebatur
2164 734 2172 747 ‚

1303 739 1381 771 Fecit
1394 743 1427 771 ὃς
1443 743 1578 782 praestitit,

1304 778 1441 822 Aci-quod
1457 782 1571 820 quidem
1587 783 1802 814 Sacramentum
1816 785 1938 815 eundern
1962 784 2106 816 Abbatem
2125 788 2280 826 recepimus
2296 789 2330 819 δε

1265 815 1445 860 admiiimus,
1465 819 1563 849 nostro
1579 821 1612 850 &
1628 822 1718 851 alieno
1728 821 1797 859 Jure
1811 823 1896 860 salim,

1302 854 1392 885 Vobis
1405 856 1437 886 δε
1451 857 1564 887 cuilibet
1579 858 1704 889 vestrum
1723 859 1906 897 mandantes,
1927 862 1964 890 ne
1988 862 2145 899 praedi'cflum
2168 862 2329 901 Abbatem,

1266 901 1402 930 praetextu
1415 896 1485 939 dicti
1497 896 1647 927 fidelitatis
1661 898 1835 930 Sacramenti
1852 899 1950 928 Nobis
1962 910 2021 929 non
2036 901 2164 938 praestiti,
2183 902 2211 929 in
2230 903 2332 938 praesan

1267 938 1299 960 to
1313 931 1490 975 Monasterio
1497 957 1513 978 ,Π
1527 945 1579 965 nec
1597 937 1625 964 in
1639 936 1760 973 ejusdem
1774 937 1950 969 Pertinentiis
1963 938 2205 977 quibuscumque,
2226 949 2331 976 pertur-

1267 970 1356 1014 betis,
1375 972 1545 1016 molestetiS,
1569 983 1615 1004 aut
1642 976 1816 1014 inquietetis,
1843 976 1887 1006 vel
1907 977 2080 1016 perturbari,
2104 977 2263 1015 molestari,
2287 987 2333 1009 aut

1266 1018 1412 1056 inquietari
1427 1013 1590 1049 permittatis
1606 1014 1707 1049 quovis
1723 1013 1829 1053 inodo,

1269 1085 1276 1091 α
1305 1049 1371 1092 bet,
1390 1048 1410 1078 fi
1425 1050 1592 1086 praedictum
1609 1050 1817 1083 Moriasterium
1837 1053 1881 1083 vel
1904 1051 2006 1091 aliquid
2025 1052 2147 1091 ejusdem
2170 1053 2199 1083 sit
2219 1054 2252 1083 ad
2274 1053 2332 1084 hoc

1268 1086 1434 1154 imgw'fdttum
1445 1111 1453 1126 ,
1472 1088 1501 1118 id
1519 1088 1628 1118 Abbati
1641 1090 1777 1120 antea'iaeflo
1795 1092 1971 1130 deliberetis,
1988 1091 2033 1122 seu
2050 1091 2195 1122 deliberari
2209 1092 2332 1131 faciatis,

1268 1134 1298 1153 in
1321 1135 1391 1154 iate.

1303 1162 1373 1193 Dat.
1391 1163 1464 1200 apud
1483 1164 1607 1203 Castrum
1621 1165 1736 1205 nostrum
1750 1168 1926 1206 Rothomagi,
1945 1167 2060 1205 Quinto
2075 1167 2134 1198 Die
2150 1163 2262 1199 Martii.

1644 1292 1692 1324 De
1716 1295 1948 1325 Permutiztione.

1270 1371 1350 1428 RE
1359 1372 1546 1443 ἐῖυξὲἔξιιιῖο
1561 1373 1599 1409 &
1617 1372 1728 1406 Demo
1744 1376 1878 1407 Ecclesiae
1896 1377 1983 1407 beatae
2004 1375 2106 1407 Mariae
2133 1377 2170 1408 de
2194 1372 2333 1414 Piffiam,
2351 1373 2481 1452 2323).

1303 1447 1404 1488 Cum,
1421 1451 1517 1481 dilecti
1533 1452 1630 1490 nobis,
1654 1451 1798 1490 Johamzes
1823 1452 1964 1482 Moncheti
1987 1452 2114 1483 Clericus
2129 1476 2138 1490 ,
2163 1452 2329 1490 Capicerius
2347 1456 2398 1479 Aa.
2417 1452 2444 1480 S·

1269 1485 1301 1515 δέ
1316 1487 1480 1519 Canonicus
1508 1489 1708 1520 Praebendatus
1729 1493 1757 1520 in
1781 1491 1905 1521 Eccleliii
1927 1492 2058 1529 praedicta
2073 1514 2082 1528 ,
2108 1493 2140 1521 ὃς
2164 1491 2329 1522 Gusllmlmus
2345 1495 2379 1517 H.
2402 1500 2428 1524 5·-

1270 1526 1421 1567 Bonteraye
1439 1527 1584 1566 Clericus,
1607 1528 1773 1568 Capelianus
1795 1530 1964 1567 Capellanite
1987 1530 2083 1559 Sancti
2105 1529 2237 1567 Stephani
2257 1530 2328 1559 Pro·
2384 1528 2448 1555 ibid.

1270 1562 1440 1603 thomartiris
1454 1567 1482 1595 in
1496 1566 1574 1597 Navi
1590 1567 1722 1598 Ecclesiae
1738 1568 1848 1599 Sanc³c2e
1864 1568 2015 1598 Genoueie
2037 1567 2152 1597 Parisius
2164 1591 2173 1605 ,
2191 1567 2330 1599 Beneficia
2348 1576 2384 1593 m·
2403 1577 2411 1592 ¹
2422 1575 2445 1602 32

1271 1602 1316 1632 lua
1336 1604 1469 1642 praediCta
1483 1606 1642 1644 intendant,
1661 1607 1847 1644 utafferunt,
1870 1607 2032 1636 adinvicem
2057 1607 2194 1636 canonice
2218 1616 2333 1643 permu-

1269 1647 1337 1678 tare,

1311 1679 1379 1710 Nos
1392 1681 1500 1719 dicstos,
1518 1681 1730 1713 Canonicatum
1746 1684 1779 1714 &
1807 1682 2012 1720 Praebendam,
2034 1683 2063 1712 in
2088 1681 2222 1720 praedicfffi
2240 1680 2333 1711 vestra

1271 1717 1416 1757 Ecclesia,
1433 1729 1480 1759 per
1500 1719 1730 1759 Relignationcm
1750 1721 1878 1762 praedicti
1900 1720 2059 1760 Johannis,
2084 1730 2118 1750 ex
2138 1719 2220 1750 causa
2239 1720 2334 1756 hujus-

1270 1757 1352 1787 modi
1370 1757 1587 1788 Permutationis
1606 1760 1760 1799 faciendae,
1784 1769 1910 1791 vacantes
1930 1783 1939 1798 ‚
1963 1761 1996 1790 ὅί
2017 1761 2044 1788 in
2077 1758 2210 1789 Manibus
2233 1757 2336 1788 nostris

1271 1796 1436 1834 plenoJure
1448 1797 1594 1828 existentes
1612 1802 1750 1836 (quorum
1766 1799 1882 1836 quidem
1901 1795 2093 1828 Canonicatfis
2110 1798 2142 1827 δε
2166 1795 2332 1826 Praebendae

1272 1832 1397 1865 Collatio
1412 1836 1445 1865 ὃς
1463 1836 1629 1866 omnimoda
1646 1837 1798 1874 Dispositio
1823 1837 1924 1868 Nobis
1939 1836 2091 1867 noscuntur
2108 1835 2332 1872 pertinere)prae-

1261 1872 1329 1910 fato
1348 1873 1516 1912 Guillielmo,
1533 1884 1600 1905 cum
1619 1876 1673 1906 suis
1684 1875 1797 1914 Juribus
1817 1876 1849 1906 δε
1870 1875 2045 1905 Pertinentiis
2067 1874 2211 1912 universis,
2236 1876 2290 1902 Con
2305 1883 2340 1905 σε

1271 1914 1354 1940 rimus
1367 1912 1399 1942 &
1416 1915 1565 1951 Donamus,

1308 1949 1478 1981 Mandantes
1494 1953 1575 1982 vobis
1589 1953 1717 1989 quatinus
1731 1952 1811 1991 ipsum
1826 1951 2007 1981 Guillielmum
2017 1974 2026 1990 ,
2042 1951 2087 1982 seu
2106 1951 2165 1989 ejus
2192 1949 2332 1980 Procura-

1271 1995 1381 2026 torem,
1401 1990 1428 2018 in
1454 1991 1856 2028 corporalemffloffellionem
1880 1991 2032 2021 diuorum>
2047 1993 2061 2007 ⁸⁸
2090 1988 2280 2020 canonicatus
2299 1989 2333 2019 ὅ(
2346 1989 2362 2009 *
2382 1990 2419 2019 X.
2433 1997 2486 2025 70·

1271 2026 1456 2066 Praebendae,
1472 2029 1500 2058 in
1514 2029 1639 2060 Ecclesia
1653 2028 1743 2068 vestra
1759 2053 1768 2068 ,
1787 2039 1819 2059 ex
1839 2029 1920 2060 causi*⁴
1939 2027 2088 2067 praedicta,
2114 2029 2223 2066 ponatis
2241 2027 2275 2058 δε
2289 2028 2333 2057 in-

1272 2065 1396 2104 ducatis,
1413 2066 1458 2096 seu
1479 2069 1546 2106 poni
1562 2068 1594 2098 &
1612 2067 1706 2098 induci
1721 2068 1841 2106 faciatis,

1310 2103 1462 2142 Ipsumque
1476 2106 1612 2143 recipiatis
1626 2107 1655 2136 in
1668 2106 1851 2136 Canonicum
1872 2106 1904 2136 ὃ(
1924 2105 2063 2143 Fratrem,
2080 2102 2196 2134 stallum
2210 2105 2238 2133 in
2255 2102 2338 2134 Cho-

1274 2151 1322 2180 ro,
1340 2143 1373 2173 &
1389 2143 1506 2174 Locum
1523 2145 1552 2174 in
1572 2144 1722 2183 Capitulo,
1741 2154 1826 2183 prout
1847 2145 1934 2174 moris
1951 2143 2010 2182 cst,
2034 2141 2196 2182 assignantes
2215 2143 2318 2180 eidem,

1284 2192 1286 2194 ·
1311 2181 1442 2212 Necnon
1457 2181 1539 2221 ipsum
1553 2182 1733 2213 Guillielmum
1758 2183 1921 2220 Frucftibus,
1948 2180 2206 2219 obventionibus,
2241 2179 2333 2211 Profi-

1276 2221 1350 2257 cuis,
1369 2221 1402 2249 ὃς
1423 2219 1631 2252 Emolumentis
1646 2244 1656 2260 ,
1679 2222 1713 2252 ad
1732 2222 1848 2252 eosdem
1871 2221 2057 2259 speetamibus
2072 2243 2081 2257 ‚
2103 2220 2142 2249 uti
2163 2221 2197 2261 ὃς
2216 2220 2335 2258 gaudete

1276 2259 1453 2297 permittatis,
1473 2258 1600 2290 adhibitis
1613 2260 1859 2298 Solempnitatibus
1875 2262 1904 2290 in
1923 2259 2021 2290 talibus
2039 2259 2097 2289 fieti
2122 2258 2269 2289 conluetis.

1306 2296 1612 2376 Issactlllglgfidssaestrum
1625 2339 1702 2375 Regis
1719 2336 1888 2375 Rothomogi,
1942 2337 2019 2367 uinto
2032 2335 2092 2366 Die
2107 2334 2212 2366 Martii.

1621 2472 1680 2503 Pro
1705 2471 1818 2501 Comite
1843 2468 1878 2502 de
1903 2471 1990 2502 Foix.

1280 2557 1438 2609 HEnry,
1456 2555 1516 2586 &c.
1535 2565 1589 2586 aux
1602 2554 1780 2594 Senesclaaulx
1799 2555 1831 2583 de
1851 2558 1972 2584 Gm'enne
1985 2554 2018 2585 &
2033 2553 2080 2585 des
2094 2553 2221 2590 Landes,
2239 2563 2254 2583 a
2273 2559 2338 2583 tous
2354 2565 2426 2596 ΑΜ.
2442 2563 2485 2595 D„-

1350 2596 1389 2625 les
1409 2595 1528 2631 Barons,
1547 2595 1680 2632 Nobles,
1699 2595 1731 2623 &
1754 2602 1843 2624 autres
1870 2603 1927 2623 noz
1940 2592 2064 2623 Officers
2084 2594 2117 2623 &c
2138 2591 2257 2630 Subgitz
2274 2613 2284 2629 ,
2302 2591 2338 2621 de
2372 2613 2456 2643 1421.

1276 2636 1370 2666 nostre
1390 2632 1505 2663 Duchie
1520 2632 1556 2664 de
1574 2633 1726 2669 Guienne,
1746 2631 1821 2662 Salut
1841 2633 1874 2662 ὅ(
1893 2632 2052 2662 Dilection.
2354 2648 2406 2671 An.
2422 2644 2451 2670 3·

1315 2675 1446 2704 Comme
1459 2673 1608 2710 n’adgaires
1625 2671 1720 2701 nostre
1749 2670 1820 2700 Beau
1842 2672 1909 2700 Pere
1933 2671 1964 2700 de
1990 2673 2090 2699 France
2112 2670 2145 2700 ὃς
2166 2671 2242 2698 Nous
2261 2668 2338 2698 aions
2348 2687 2384 2710 H.
2420 2700 2428 2708 Δ

1278 2714 1360 2743 baille
1378 2711 1482 2741 certain
1497 2710 1614 2748 Charge
1629 2711 1662 2740 &
1678 2709 1828 2739 Auetorite
1845 2719 1878 2746 a,
1896 2709 1989 2738 nostre
2006 2708 2141 2738 treschere
2164 2708 2197 2738 δε
2222 2708 2338 2737 trelame
2394 2718 2459 2748 ibid·

1281 2751 1390 2782 Cousin
1402 2749 1426 2778 le
1444 2753 1526 2779 Conte
1544 2749 1575 2778 de
1594 2752 1690 2785 Foitz,
1710 2757 1781 2787 pour
1806 2746 1953 2777 Remettre
1974 2748 2006 2777 δε
2029 2745 2136 2776 Reduir
2157 2756 2192 2775 en
2217 2744 2341 2775 Obbeis-

1279 2790 1360 2821 sance
1374 2789 1410 2819 de
1428 2787 1522 2817 nostre
1537 2787 1577 2817 dit
1595 2787 1666 2818 Pere
1682 2787 1714 2817 δε
1729 2786 1764 2816 de
1787 2785 1874 2816 Nous
1899 2786 1924 2816 le
1951 2785 2021 2816 Paiis
2050 2784 2086 2815 de
2113 2783 2287 2823 Languedoc
2307 2784 2341 2814 ὃς

1282 2828 1380 2859 Conte
1395 2826 1430 2856 de
1445 2826 1576 2865 Vigorre,

1320 2867 1357 2897 Et
1371 2874 1443 2904 pour
1456 2875 1489 2894 ce
1505 2865 1598 2895 icellui
1614 2863 1709 2894 nostre
1722 2862 1829 2893 Coufin
1849 2872 1915 2892 aura
1934 2861 2050 2900 besoing
2071 2859 2246 2891 d'assembler
2266 2867 2346 2899 grant

1285 2906 1409 2936 nombre
1423 2904 1459 2933 de
1477 2903 1559 2933 Gens
1576 2902 1706 2933 d'Armes
1720 2904 1751 2932 δε
1764 2901 1799 2930 de
1812 2901 1925 2938 Traic‘t,

1325 2943 1406 2973 Vous
1423 2941 1568 2971 Mandons
1591 2943 1625 2972 &
1645 2939 1836 2970 estroitement
1862 2939 2035 2977 Enjoignons
2051 2960 2061 2977 ,
2078 2938 2111 2969 &¹
2125 2946 2140 2966 a
2162 2937 2282 2967 chascun
2307 2936 2343 2968 de

1285 2991 1357 3012 vous
1371 2980 1444 3018 ainsy
1461 2980 1527 3018 qu'il
1544 2979 1751 3018 appartiendra,
1771 2987 1805 3007 en
1822 2977 1909 3007 Peine
1922 2977 2081 3007 d'encourir
2103 2974 2198 3005 nostre
2218 2976 2346 3014 indigna-

1286 3022 1354 3050 cion
1364 3043 1373 3058 ,
1389 3029 1445 3057 que
1457 3028 1471 3047 a
1486 3017 1580 3047 nostre
1594 3018 1636 3047 dit
1648 3017 1739 3056 Coufin
1755 3016 1786 3044 de
1799 3019 1897 3053 Foi'tz,
1915 3024 2000 3054 quant
2013 3025 2060 3053 par
2076 3014 2123 3053 luy
2135 3014 2177 3044 sur
2199 3024 2231 3043 ce
2252 3013 2346 3043 reson-

1287 3059 1451 3089 nablement
1465 3066 1498 3086 en
1513 3056 1601 3086 serrez
1615 3057 1720 3094 requis,
1738 3053 1886 3084 Entendez
1899 3064 1934 3083 en
1956 3064 1990 3084 ce
2012 3063 2067 3091 que
2089 3053 2131 3082 dit
2149 3052 2190 3082 est
2207 3051 2349 3090 diligeaul-

1287 3106 1383 3136 ment,
1403 3097 1435 3126 ὃ(
1450 3095 1614 3133 Socourez,
1632 3095 1665 3124 ὅς
1678 3093 1793 3123 donnez
1808 3092 1961 3129 Comfort,
1985 3091 2109 3121 Conseill
2121 3113 2130 3128 ,
2156 3091 2188 3121 δε
2212 3090 2285 3121 Aide
2310 3100 2346 3121 en

1289 3135 1449 3173 Armes,&
1465 3133 1533 3163 ainsi
1545 3143 1600 3172 que
1613 3133 1731 3170 Besoing
1745 3132 1858 3168 sesag&
1874 3141 1908 3160 en
1924 3141 1958 3161 ce
1970 3129 2080 3171 >Gardes
2088 3129 2154 3169 qu'il
2172 3128 2237 3159 n’ait
2252 3129 2346 3160 faulte.

1321 3173 1431 3205 Donne
1444 3181 1459 3201 a
1475 3174 1583 3209 Rauen,
1601 3171 1627 3202 le
1642 3172 1688 3209 viij
1708 3172 1769 3207 jour
1783 3170 1818 3200 de
1835 3168 1923 3199 Mars.

1596 3299 1645 3330 De
1667 3294 1858 3340 Restitutione
1881 3295 2058 3328 Fruc‘lmtm.

1295 3386 1440 3444 REX,
1458 3382 1618 3416 Venerabili
1640 3383 1669 3412 in
1690 3381 1806 3412 Christo
1827 3380 1902 3411 Patri
1917 3404 1926 3417 ,
1954 3376 2114 3417 Pandulpho
2136 3379 2259 3418 Episcopo
2281 3383 2350 3409 Con·
2366 3380 2495 3413 Ann.D,

1367 3423 1529 3466 stancienfi,
1543 3433 1575 3453 ac
1590 3422 1721 3452 universis
1735 3423 1767 3452 ὃς
1785 3420 1896 3457 lingulis
1910 3419 2032 3454 Ballivis,
2048 3418 2283 3455 vicecomitibus,
2291 3417 2350 3448 Re·
2387 3429 2474 3459 ¹42¹·

1293 3465 1454 3503 ceptor-ibus
1464 3485 1473 3499 ,
1490 3472 1523 3492 ac
1537 3461 1593 3491 aliis
1606 3459 1759 3489 Officiariis
1774 3459 1806 3489 ὃ(
1825 3457 1962 3488 Ministris
1975 3455 2094 3495 nostris,
2109 3457 2179 3488 infra
2201 3455 2346 3486 Ducatum
2363 3463 2414 3487 An.
2424 3460 2452 3487 8.

1292 3503 1422 3533 nostrum
1439 3500 1630 3532 Normanniae
1645 3498 1764 3528 ubilibet
1778 3496 1955 3534 constitutis,
1970 3495 2101 3526 Salutem.
2363 3503 2397 3526 H.
2410 3507 2440 3534 5,

1331 3541 1504 3571 Mandarnus
1515 3539 1613 3576 vobis,
1631 3537 1664 3567 &
1682 3533 1809 3566 vesti-iim
1824 3535 1954 3572 cuilibet,
1970 3543 2054 3573 prout
2067 3533 2101 3564 ad
2122 3542 2189 3564 eum
2231 3533 2350 3563 ertinue-
2401 3538 2469 3568 ibid.

1293 3579 1328 3608 rit
1367 3579 1447 3617 qubd
1461 3577 1618 3616 Johannem
1636 3574 1741 3614 Baffeti
1777 3572 1946 3616 Magistrum
1967 3574 1994 3602 in
2020 3572 2134 3602 Artibus
2154 3573 2186 3603 &
2236 3572 2349 3601 icentia-
2360 3584 2397 3601 m.
2414 3585 2458 3604 η.

1292 3602 1356 3648 turin
1373 3619 1400 3647 in
1417 3617 1564 3652 Decretis,
1582 3613 1721 3643 Curatum
1736 3597 1870 3642 ficcleuae
1894 3610 2063 3641 parochialis
2085 3611 2173 3640 beatae
2196 3609 2297 3639 Mariae
2315 3609 2350 3639 de
2365 3613 2428 3650 dois.

1293 3656 1481 3686 Cambernon
1496 3651 1709 3683 Constanciensi
1727 3650 1857 3680 Dioecese
1871 3673 1880 3687 ,
1903 3649 2034 3688 Juratum
2058 3648 2177 3684 Ligeum
2201 3646 2345 3684 nostrum,

1294 3694 1461 3724 omnimoda
1475 3692 1610 3727 Fructus,
1629 3690 1766 3720 Redditus
1776 3712 1785 3725 ,
1805 3688 2022 3725 obventiones,
2041 3688 2073 3717 ὃς
2089 3686 2300 3729 Emolumenta,
2310 3685 2347 3715 de

1295 3732 1439 3763 Beneficio
1451 3731 1500 3761 suo
1511 3729 1646 3767 praedicto
1659 3727 1903 3766 provenientia,ac
1915 3726 2057 3764 Arreragia
2066 3723 2130 3754 inde
2139 3724 2243 3766 debita,
2252 3724 2271 3753 si
2286 3732 2351 3761 quae

1294 3771 1398 3802 fuerint
1415 3767 1614 3807 (solummodo
1628 3766 1783 3797 Reservatis
1796 3766 1862 3804 hiis,
1877 3775 1940 3804 quse
1953 3766 2026 3794 circa
2038 3763 2252 3805 Reparationes,
2271 3763 2303 3806 βε
2318 3763 2349 3793 in

1294 3809 1532 3840 sustentationem
1550 3805 1652 3836 Divini
1671 3803 1791 3842 Cultsis,
1808 3813 1841 3833 ac
1856 3804 1906 3834 alia
1920 3803 2016 3832 Onera
2031 3801 2168 3830 ordinaria
2183 3800 2215 3830 ὃς
2230 3809 2349 3831 rationa-

1293 3848 1357 3878 bilia
1369 3846 1558 3886 applicantur)
1578 3845 1679 3874 habere
1693 3845 1726 3875 δε
1743 3852 1838 3872 tenere
1930 3880 1934 3884 Ι
1950 3879 1955 3884 .
2165 3877 2170 3882 ,
2215 3878 2220 3883 .

1331 3886 1369 3917 Et
1385 3885 1468 3924 ipfiem
1481 3883 1640 3922 Johannem
1656 3883 1680 3913 F
1682 3881 1822 3917 ructibus,
1841 3864 2025 3921 fledditibus,
2043 3877 2275 3921 Obventionibus
2290 3901 2299 3916 ‚
2314 3879 2349 3909 &

1297 3924 1506 3956 Emolumentis
1513 3923 1564 3952 illis
1572 3922 1608 3952 de
1615 3930 1718 3952 caetero
1732 3920 1811 3950 uti&
1819 3918 1938 3957 gaudere
1947 3916 2063 3953 pacifice
2073 3925 2248 3953 permittatis,
2255 3917 2351 3956 aliquo

1301 3963 1441 3995 Mandato
1456 3960 1572 3999 nostro,
1591 3960 1671 3991 vobis
1684 3960 1714 3988 in
1727 3956 1898 3988 contrarium
1910 3954 2034 3991 directo,
2054 3964 2113 3984 non
2128 3953 2263 3985 obstante.

1337 4039 1404 4071 Dat.
1421 4038 1493 4078 apud
1508 4036 1630 4076 Castrum
1647 4032 1935 4103 nostrunsskothomagi
1946 4041 2027 4063 nono
2038 4031 2083 4062 die
2099 4029 2208 4062 Martii.
2304 4070 2356 4100 Pro
