2562 4274
60 3023 77 3039 o
97 3023 150 3050 IX.

61 3069 128 3096 ²¹3·

218 103 297 146 108

66 189 205 224 518331).
223 199 324 236 quetur
338 189 414 222 idem
427 187 573 221 Dominus
584 187 666 218 meus'
677 189 748 217 Dux
763 184 936 227 Bituricenfis
949 192 1086 225 quantum
1101 182 1233 222 congruit
1248 190 1291 213 ra·

98 237 183 268 1415.
220 238 302 260 tioni.

71 270 137 301 Em.
150 278 179 305 5.

222 309 305 338 terius
339 306 533 343 rocedcretur,
549 303 635 341 Nos,
652 302 786 341 Thomas,
806 301 1006 340 Dunelmenfis,
1024 301 1056 332 &
1071 298 1202 329 Ricardus
1216 299 1293 327 Nor-

222 349 307 376 wicen
319 357 357 382 ις,
375 344 519 384 Episcopi,
536 342 651 372 Thimar
664 346 754 371 Comes
769 343 903 380 DorJetiae
919 339 1088 371 Admirallus
1103 337 1227 376 Angiiae‚
1242 338 1291 365 Ri-

220 384 316 413 cardus
333 387 463 413 Dominus
479 382 510 411 de
524 384 612 420 Grey,
631 379 767 419 Philippus
778 382 899 416 Morgan
915 378 1053 416 utriusque
1066 377 1141 416 Juris
1164 375 1292 412 Doctor,

219 422 255 452 ὃ(
269 422 400 452 Ricardus
414 423 445 451 de
458 420 541 450 Halm
556 420 729 450 Licentiatus
750 420 777 448 in
803 418 929 457 Legibus
946 440 955 455 ,
980 414 1199 447 Ambaffiarores
1218 422 1290 452 prae-

219 459 306 497 dieti,
326 461 340 490 a
355 458 528 490 Consiliariis
540 458 702 499 supradietis
718 457 786 496 (sub
801 456 1054 496 protestationibus
1067 454 1168 496 quibus
1191 452 1288 489 supra)

218 498 380 530 Petivimus
393 499 426 530 ὃ(
443 497 572 529 Petimus
589 497 669 535 quod
682 497 778 527 omnia
792 496 825 526 &
843 495 968 532 singula,
985 494 1015 523 in
1039 491 1195 531 supradieto
1215 490 1245 520 T
1247 500 1288 519 ra-

217 536 296 569 &atu
312 537 393 568 Pacis
408 536 513 575 finatis,
531 538 650 574 praefato
664 545 754 573 nuper
769 537 834 571 Regi
850 532 993 563 Edwardo
1014 530 1145 570 assignata
1159 553 1169 567 ,
1187 530 1221 560 &
1238 538 1288 566 per

216 575 389 613 praedistum
406 575 632 616 consanguineum
651 578 774 604 Franciae
798 573 961 602 Modernnm
983 571 1016 600 &
1039 572 1099 600 suos
1119 570 1232 599 detenta
1254 568 1287 598 &

216 623 356 655 occupata
366 638 375 654 ,
394 613 632 645 Metuendiffimo
647 616 764 643 Domino
778 610 866 651 nostro
879 614 943 647 Regi
964 607 1147 640 effectualiter
1162 607 1287 649 restitue—

218 661 333 691 rentur,
350 655 384 685 &
399 653 478 691 quod
495 662 552 683 tam
569 653 612 683 illa
623 677 632 689 ‚
649 652 733 690 quini
748 650 811 688 alia,
830 650 859 679 in
889 648 1028 686 praedieto
1048 646 1184 677 Tradiatu
1208 645 1289 676 Pacis

216 689 323 732 finalis,
340 692 430 724 eidem
445 692 588 722 Edwardo
603 691 752 728 assignata,
768 689 801 720 δε
821 697 870 727 per
886 686 1058 725 praediCtum
1080 688 1224 716 Dominum
1241 695 1290 715 no-

211 729 302 770 strum
315 735 412 769 Regem
424 731 457 761 &
472 731 532 761 suos
547 729 667 768 possessa
680 729 717 759 de
727 727 874 765 praesenti,
893 726 968 763 Sibi,
990 726 1024 755 δε
1043 723 1214 755 Haeredibus
1227 746 1237 761 ,
1255 724 1288 754 &

204 768 432 804 ‚Succefforibus
446 769 515 807 suis,
532 768 582 799 sub
599 768 698 799 Modis
710 768 744 798 &
760 765 882 803 Forma,
901 766 930 795 in
948 764 1053 795 eodem
1070 762 1211 793 Tractatu
1219 772 1289 793 con-

216 808 317 846 tentis,
335 809 544 847 imperpetuum
557 815 742 838 remanerent.
1105 840 1111 845 .

257 845 301 878 IN
311 857 323 879 s
334 855 357 877 υ
368 855 386 876 1>
396 855 414 877 E
424 856 447 878 R
457 869 467 885 ,
505 846 578 876 uoad
594 845 780 876 Medietatem
795 840 960 873 Comitatus
976 840 1156 876 Provinciae,
1181 839 1214 870 δε
1230 837 1289 870 Ca-

217 883 272 915 stra
286 886 319 916 δε
335 885 475 916 Dominia
509 895 524 916 e
539 884 670 916 Beaufort
685 884 717 914 ὃς
732 883 767 913 de
783 881 924 920 Nogent,
942 881 974 910 ὃς
990 886 1128 916 quantum
1148 878 1182 907 ad
1203 878 1289 908 Sum-

216 933 277 955 mas
293 923 491 961 Pecuniarum,
499 932 553 961 pro
569 923 682 954 Redem
703 923 782 952 tione
795 917 1196 960 supradictiJohanni's,nuper
1205 914 1288 945 Con—

216 962 358 1001 sanguinei
374 963 516 999 Franciae,
533 961 656 998 debitas,
698 960 830 990 etivimus
845 958 877 988 δε
893 956 1036 992 Petimus,
1056 963 1139 998 prout
1151 955 1212 984 alias
1224 955 1285 997 sue-

216 1011 258 1032 rat
274 1002 410 1039 petitum,
429 1010 458 1031 ut
475 1001 596 1037 superius
609 999 650 1029 est
662 997 835 1035 expressum,
851 996 883 1026 ὃ(
899 995 966 1025 licet
982 991 1131 1037 Praejmnsa
1147 994 1286 1024 omnia&

217 1039 322 1076 finguta
337 1040 438 1069 iteratis
452 1038 571 1074 Vicibus
583 1038 720 1068 exiensir‘is
736 1036 917 1073 petierimus,
936 1032 1045 1077 praefati
1067 1039 1160 1075 tamen
1182 1031 1287 1062 Consi-

215 1077 288 1108 liarii
305 1077 407 1108 nostris
423 1077 612 1107 Petitionibus
630 1100 639 1113 ,
667 1084 696 1106 ut
716 1074 908 1114 praemittitur,
933 1071 1054 1102 minime
1073 1069 1288 1109 adquieverunt,

215 1126 271 1147 nec
288 1116 399 1147 ulterius
412 1115 488 1146 suam
505 1114 696 1147 Intentionem
711 1136 721 1152 ,
739 1114 767 1143 in
782 1111 902 1143 Materia
910 1109 1032 1148 Justitiae
1047 1108 1200 1153 praelibata,
1217 1108 1287 1153 No-

215 1154 260 1183 bis
274 1155 300 1184 in
317 1155 410 1193 aliquo
424 1155 528 1191 aperire
540 1153 706 1190 voluerunt,
722 1150 869 1190 quousque
884 1151 980 1189 primo
995 1157 1063 1180 cum
1078 1157 1118 1180 eis
1133 1147 1286 1179 Materiam

213 1191 370 1223 Affinitatis
385 1195 417 1225 &
435 1192 587 1223 Parentelae
600 1191 765 1230 supradisstae
777 1189 994 1228 ingrederemur.

252 1231 338 1270 Nos,
357 1233 427 1263 vero
441 1233 553 1262 bonum
568 1230 648 1262 Pacis
668 1231 702 1261 ὃ(
722 1229 808 1260 dietae
830 1227 961 1258 Materiae
978 1224 1099 1265 Justitiae
1119 1224 1287 1256 Promotio-

211 1279 284 1302 nem
301 1271 404 1302 intime
418 1269 599 1308 affectantes,
615 1269 649 1300 ad
663 1268 724 1299 Dei
746 1267 873 1298 Laudem
888 1289 898 1304 ,
924 1268 958 1297 &
980 1264 1111 1296 Humani
1136 1264 1288 1302 Sanguinis

215 1308 410 1348 Effiifionem,
429 1309 593 1346 vitandum,
609 1306 875 1338 Condescendimus
887 1304 920 1335 ad
944 1304 1049 1335 dietam
1067 1303 1220 1334 Materiam
1232 1302 1284 1334 Pa-

214 1348 330 1379 rentelae
345 1350 373 1379 in
394 1347 578 1385 rediendarn,
594 1347 731 1386 sperantes
747 1344 828 1385 quod
847 1343 983 1383 Ingressus
997 1342 1077 1381 ipsius
1093 1341 1222 1374 Materiae
1232 1341 1286 1373 Pa-

214 1387 358 1418 rentelaee
381 1397 409 1419 et
424 1387 609 1427 propinquius
632 1385 760 1416 medium
782 1384 815 1415 δε
840 1384 930 1420 magis
950 1381 1130 1412 induetivum
1151 1381 1186 1412 ad
1204 1383 1286 1413 citius

209 1425 409 1457 inclinandum
424 1425 517 1457 dietos
533 1423 730 1462 Consiliarios,
749 1422 784 1454 ad
800 1422 910 1453 uberius
924 1419 1149 1451 offerendum&
1164 1420 1285 1452 conclu-

211 1464 342 1496 dendum
357 1466 385 1495 in
403 1464 523 1495 Materia
533 1462 654 1503 Justitiae
669 1460 841 1503 supradicsta,

252 1502 289 1533 Et
305 1503 358 1542 sic,
376 1502 583 1534 Protestatione
595 1501 718 1540 praevia,
735 1498 815 1540 quod
837 1508 896 1529 non
918 1496 1134 1529 intendebamus
1155 1497 1185 1526 in
1207 1496 1284 1529 dieta

215 1540 340 1574 Materiit
361 1541 512 1573 Parentelae
539 1540 733 1577 concludere,
765 1537 911 1576 quousque
930 1537 964 1568 ὃ(
986 1545 1135 1575 antequam
1156 1537 1185 1566 in
1207 1536 1284 1569 dista

203 1578 338 1612 Materia
347 1580 468 1620 Justitiae
486 1579 670 1611 effeetualirer
687 1576 913 1614 concluderetur,

253 1618 323 1657 Qua
338 1619 559 1656 Protestatione,
579 1622 635 1656 sic,
652 1626 682 1648 ut
699 1615 898 1655 praemittitur,
916 1624 963 1655 per
979 1612 1049 1644 Nos
1069 1612 1162 1651 facta,
1181 1613 1215 1643 &
1236 1623 1285 1652 per

212 1657 307 1689 dictos
321 1657 504 1689 Confiliarios
515 1656 641 1695 admissa,

254 1695 278 1726 P
289 1706 306 1726 E
318 1705 341 1726 τ
352 1707 361 1726 1
371 1706 407 1726 vi
420 1705 447 1728 M
455 1706 477 1727 υ
486 1703 499 1725 s
518 1704 536 1725 Ρ
545 1705 569 1726 R
578 1703 591 1725 1
600 1703 627 1726 Μ
636 1705 657 1725 o
665 1717 674 1732 ,
691 1703 744 1732 pro
759 1691 840 1724 Dote
848 1689 971 1731 praefatae
978 1693 1102 1721 Domine
1114 1689 1288 1728 Katherinae,

212 1736 333 1803 gaefato
355 1734 592 1766 Metuendiffimo
608 1737 725 1764 Domino
749 1731 838 1771 nostro
858 1733 922 1768 Regi
943 1732 973 1761 in
991 1729 1151 1766 Eventum,
1174 1730 1287 1762 favente

249 1774 365 1813 omino,
383 1773 625 1806 matrimonialiter
639 1772 824 1810 copulandae,
841 1769 965 1800 vicesies
973 1768 1101 1798 Centum
1118 1767 1201 1798 Milia
1214 1769 1281 1800 Scu-

210 1819 326 1883 attilium,
346 1822 470 1852 quorum
490 1811 561 1843 Duo
579 1811 685 1850 semper
707 1811 816 1842 valeant
837 1817 928 1842 unum
949 1807 1063 1839 Nobile
1090 1806 1283 1847 Anglicanum

280 1861 336 1882 nari

250 1860 304 1929 ἔτ,
322 1875 387 1928 quia
401 1889 500 1921 Nobis
515 1889 639 1928 apparuit
663 1886 743 1927 quod
766 1885 873 1917 Petitio
894 1884 988 1915 nostra
1011 1883 1047 1914 de
1068 1892 1143 1915 tanta
1165 1883 1284 1917 Summa

206 1928 354 1959 videbatur
370 1928 490 1967 praefatis
505 1927 675 1959 Consiliarii÷
688 1925 821 1961 onerosa,
840 1923 908 1955 Nos
925 1922 1190 1955 Condescendimus
1205 1933 1282 1963 pete-

207 1977 240 2000 re
255 1967 435 2006 Quindecies
449 1967 578 1998 Centum
594 1965 679 1996 Milia
692 1965 860 2001 Scutorum,

245 2005 282 2040 Et
297 2007 436 2044 demum,
452 2006 515 2045 post
533 2005 620 2036 varias
635 2004 852 2035 Diminutiones
863 2001 948 2032 diestae
969 2000 1097 2032 Summae
1112 2023 1122 2038 ‚
1147 2011 1198 2039 pei·
1214 2001 1282 2033 Nos

204 2044 311 2083 saetas,
330 2045 363 2076 &
381 2045 498 2076 diversas
521 2044 775 2083 Augmentationes
798 2040 927 2071 summae
946 2062 955 2078 ‚
981 2049 1034 2078 pro
1060 2039 1139 2071 Dote
1161 2039 1284 2077 praefatae

206 2081 393 2115 Inclrriffimae
409 2083 567 2121 Dominae,
585 2092 632 2122 per
647 2080 830 2112 consiliarios
852 2078 978 2109 Franciae
1004 2078 1068 2110 alias
1089 2079 1193 2110 oblatae
1216 2089 1283 2117 pro·

205 2122 322 2162 milix,
342 2121 457 2154 finaliter
480 2121 549 2153 Nos
575 2121 648 2159 (sub
670 2118 879 2151 Protestatione
898 2116 1052 2157 praedifflt)
1077 2116 1234 2148 Petivimus
1249 2119 1283 2150 ὃς

205 2159 353 2199 Petimus,
372 2171 425 2198 pro
441 2160 522 2192 Dore
538 2159 691 2198 praedicta,
717 2158 823 2188 Decies
846 2155 977 2186 Centum
1001 2154 1084 2186 Milia
1109 2155 1283 2194 Scummm,

204 2209 330 2238 quorum
345 2200 434 2238 Duo,
453 2210 482 2231 ut
495 2198 660 2238 praefertur,
675 2197 782 2235 semper
796 2195 905 2227 valeant
920 2203 1009 2225 unum
1024 2193 1137 2225 Nobile
1150 2195 1283 2234 Anglica-

204 2247 278 2271 num

243 2262 376 2315 Er'qund
389 2276 458 2307 ultra
472 2275 623 2307 Summam
642 2273 828 2312 praedic'tam,
849 2272 936 2303 diam
958 2274 1013 2302 Con
1028 2275 1172 2309 anguineus
1192 2275 1283 2304 Fran-

205 2317 252 2344 cia·
266 2324 390 2346 teneatur
406 2315 568 2355 supradicere
584 2313 723 2344 Dominae
740 2312 761 2342 F
765 2312 820 2342 iliae
834 2311 887 2341 suae
900 2311 935 2341 de
951 2311 994 2340 Ve
1022 2311 1101 2349 ibus,
1128 2311 1282 2343 Paramen—

207 2355 258 2392 ΗΞ,
279 2363 335 2384 tarn
351 2353 483 2385 Camerae
495 2377 504 2391 ,
524 2355 611 2392 quam
627 2353 684 2384 aliis
700 2350 889 2387 Necessariis,
904 2349 1050 2388 jocalibus
1066 2374 1075 2388 ,
1092 2351 1126 2381 &
1142 2351 1199 2381 aliis
1220 2350 1280 2382 Or-

207 2395 345 2423 minentis
361 2416 370 2432 ,
389 2394 477 2425 Statui
493 2395 525 2424 &
542 2392 659 2423 Honori
675 2400 733 2421 tam
751 2390 920 2420 Excellentis
938 2387 1078 2418 Dominae
1089 2411 1098 2426 ,
1118 2398 1197 2419 rento
1219 2388 1280 2420 Re-

206 2433 239 2467 gi
256 2432 439 2474 copulandae,
457 2431 678 2467 congruentibus
693 2453 703 2466 ,
728 2428 877 2469 providere
891 2450 901 2465 ,
926 2426 1069 2466 ipsamque
1089 2427 1231 2458 All'ociari
1247 2429 1280 2458 &
1319 2436 1356 2463 po

208 2470 365 2501 honorifice
381 2471 463 2501 Duci
478 2464 567 2500 fac‘ere
583 2470 750 2506 Sumptibus
766 2467 871 2504 praefati
884 2465 1096 2505 Consbngusnei,
1113 2467 1146 2496 ad
1162 2467 1279 2499 diem&

207 2508 307 2577 loetum
323 2509 392 2539 inter
407 2509 476 2539 Nos
491 2511 523 2540 &
537 2508 630 2539 dielos
645 2506 828 2538 Consiliarios
841 2504 1069 2535 concordaiidos.

273 2548 382 2578 raetereh

245 2570 459 2615 Considerssntes
472 2585 550 2624 quiid
566 2586 613 2615 hic
626 2584 672 2614 diu
689 2583 745 2614 sine
757 2581 868 2612 efficaci
878 2580 1066 2618 Expeditione
1080 2580 1281 2617 Negotiortim

205 2625 279 2662 (pro
295 2625 395 2662 quibus
409 2623 556 2660 venimus)
577 2623 773 2660 remansimus,
791 2622 823 2651 ὃ(
846 2622 927 2657 quod
952 2619 1083 2657 Tempus
1105 2619 1279 2651 Revertendi

209 2662 244 2691 ad
260 2661 437 2693 Praesentiani
453 2665 564 2692 Domini
580 2661 661 2700 nostri
676 2664 753 2698 Regis
763 2683 771 2695 ,
790 2669 838 2697 per
854 2659 1042 2700 ipsum'nobis
1054 2658 1280 2696 limitatum,jam

208 2701 308 2738 instat,
327 2702 359 2732 &
375 2702 460 2732 etiarn
476 2701 511 2731 ad
528 2700 723 2730 inducendum
738 2698 832 2728 distos
847 2696 1030 2728 Consuiarios
1043 2706 1073 2728 ut
1085 2698 1114 2728 in
1127 2698 1205 2728 dieta
1213 2697 1280 2728 Ma-

206 2740 274 2770 teria
284 2739 405 2778 Justitiae
419 2740 591 2771 declararent
607 2737 740 2768 Mentem
755 2736 841 2774 suam,

252 2777 372 2809 Dietam
387 2778 509 2809 nostram
525 2777 716 2813 petitionem,
735 2776 763 2804 in
782 2774 902 2805 Materia
919 2772 1041 2812 Justitiae
1060 2773 1127 2810 (sub
1139 2773 1281 2806 protesta-

206 2817 287 2849 tione
301 2827 354 2856 qua
367 2818 463 2855 supra)
482 2815 716 2849 Modificavimus
735 2823 764 2844 ut
779 2814 920 2851 sequitur,
939 2813 1083 2850 videlicet,

246 2855 350 2894 Quod,
371 2856 390 2886 si
406 2857 476 2886 inter
492 2858 637 2885 Dominum
652 2853 768 2894 nostrum
788 2855 883 2891 Regem
899 2852 932 2882 &
949 2854 1096 2881 Dominam
1111 2853 1278 2882 Katerinam

205 2894 378 2931 fitpradiftos
402 2894 642 2925 matrimonialiter
661 2893 827 2930 copulatos,
850 2891 989 2934 procreari
1011 2891 1159 2947 continssat
1197 2891 1279 2923 Duos

208 2931 353 2964 Masculos
367 2933 464 2972 (quod
480 2932 560 2964 Deus
573 2931 732 2968 concedat)
757 2939 826 2960 tunc
842 2930 880 2961 de
893 2929 1014 2966 superius
1031 2937 1079 2967 per
1094 2928 1279 2968 hosPaitis‚

208 2972 239 3006 in
256 2970 377 3003 Materia
389 2972 507 3011 justitiae
518 2996 526 3009 ,
545 2981 594 3010 per
607 2970 698 3009 ipsum
713 2972 859 2999 Dominum
873 2968 991 3008 nostrum
1007 2971 1121 3006 Regem,
1137 2968 1279 2999 donentur

208 3011 228 3030 *
248 3010 382 3041 Secundo
395 3011 506 3041 Genito
522 3009 656 3048 quicquid
671 3018 759 3046 nuper
769 3008 865 3045 Reges
881 3007 990 3045 Angliae
1005 3007 1161 3038 habuerunt
1174 3007 1203 3037 in
1219 3007 1281 3038 Vil-

208 3050 236 3082 la
251 3049 288 3081 de
301 3049 444 3080 Monstrel
458 3049 536 3088 supra
560 3048 642 3078 Mare
657 3048 690 3078 ὃς
711 3045 861 3078 Comitatu
883 3046 919 3077 de
942 3045 1092 3082 Pontieu³,
1116 3045 1280 3078 babendum

209 3088 261 3120 sibi
275 3088 308 3119 &
323 3087 495 3119 Haeredibus
512 3087 564 3118 suis
578 3086 806 3126 imperpetuum,
824 3084 914 3116 modo
929 3085 962 3117 &
977 3084 1070 3115 forma
1092 3086 1120 3115 in
1141 3083 1282 3122 praedidio

210 3127 350 3158 Tradlmtu
366 3126 445 3158 Pacis
459 3125 544 3156 finalis
563 3126 709 3155 contentis.

252 3164 286 3194 In
315 3175 438 3204 quorum
459 3165 593 3195 omnium
613 3165 646 3194 &
671 3162 844 3199 singulorum
867 3160 967 3191 Fidem
988 3162 1022 3193 &
1045 3159 1280 3200 Testimonium,

215 3203 299 3241 Nos,
317 3204 430 3234 Thomas
445 3204 478 3234 ὅ(
494 3202 626 3233 Ricardus
643 3200 780 3240 Epifiopi,
797 3200 914 3230 Thomas
925 3199 1034 3230 Comes
1048 3201 1081 3231 &
1094 3199 1279 3238 Admirallus,

215 3243 345 3277 Ricardut
363 3246 493 3272 Dominus
511 3242 543 3271 de
567 3243 654 3278 Gmy,
681 3239 816 3277 Philippus
838 3239 871 3270 &
889 3238 1036 3276 Ricardus,
1061 3237 1280 3270 Amlznffiatores

214 3280 263 3318 An
284 3280 328 3310 liae
341 3280 503 3319 supradieti,
519 3279 613 3318 Sigilla
626 3278 719 3308 nostra
732 3277 852 3308 fecimus
866 3277 917 3308 hiis
931 3279 1044 3313 apponi.

219 3344 221 3346 .
253 3288 362 3350 [gamm
376 3318 493 3358 Parifius
506 3320 587 3349 tertio
600 3318 715 3348 decimo
731 3316 776 3346 die
792 3314 901 3345 Mensis
916 3315 1027 3353 Martii,
1047 3315 1134 3346 Anno
1150 3315 1279 3346 Domini

213 3355 389 3394 Nlillelimo,
408 3356 711 3395 Qadringentefimo,
731 3354 844 3393 Qarto
857 3353 982 3383 decimo.

252 3433 306 3465 Sur
328 3434 367 3464 les
388 3431 491 3470 quelles
506 3431 643 3462 Petitions
657 3431 689 3461 &
710 3430 888 3467 Demandee,
906 3429 1020 3460 Baillees
1036 3440 1082 3467 par
1097 3429 1225 3469 Escript,
1242 3441 1279 3462 en

213 3473 240 3510 la
260 3472 368 3503 Forme
381 3472 416 3502 &
432 3470 562 3501 Maniere
576 3479 631 3508 que
647 3468 753 3506 delius,
770 3479 818 3509 par
834 3469 872 3499 les
886 3468 933 3499 diz
947 3467 1086 3508 Meniges
1100 3469 1277 3507 d'Angleter-

213 3522 261 3547 xe,
277 3510 302 3541 le
325 3513 400 3550 Roy,
419 3508 505 3549 nostre
524 3512 668 3546 seigneur,
686 3508 745 3538 leur
768 3518 784 3538 a
804 3508 851 3538 fait
867 3506 1050 3545 Respondre,
1070 3517 1116 3544 par
1129 3507 1167 3538 ses
1184 3507 1280 3538 Com-

215 3551 272 3581 mis
283 3550 317 3580 &
334 3549 382 3579 De
404 3556 471 3578 utez
485 3556 520 3576 en
537 3547 612 3576 ceste
628 3545 738 3583 Partie,
755 3556 790 3575 en
804 3546 826 3576 13
843 3545 973 3576 Maniere
988 3547 1038 3583 qui
1052 3546 1175 3583 s‘ensuir‚

252 3588 353 3618 Soubz
376 3557 562 3629 Protestation
584 3584 798 3628 expresseque,
816 3594 862 3623 par
878 3585 914 3615 les
938 3583 1112 3628 Responses,
1131 3585 1228 3627 faisses
1243 3594 1279 3624 cy

215 3636 312 3664 apres,
328 3626 354 3657 la
369 3624 462 3656 Partie
481 3623 517 3654 de
533 3623 639 3653 France
654 3633 690 3652 ne
703 3626 753 3652 loir
767 3632 954 3653 aucuiiement
967 3624 1017 3653 hee
1035 3633 1070 3652 ne
1085 3623 1224 3662 Obligee,
1245 3625 1279 3653 ὃς

217 3675 253 3695 ne
270 3664 356 3703 puisse
371 3664 442 3693 estre
453 3663 502 3692 fait
515 3671 606 3691 aucun
624 3660 772 3696 Prejudice
787 3672 820 3690 au
836 3660 921 3699 Roy,
939 3671 954 3690 a
970 3661 1006 3690 ses
1023 3660 1136 3698 Dion,
1153 3673 1168 3692 a
1183 3662 1221 3692 ses
1238 3662 1280 3692 A·

214 3702 496 3772 gee†&6{ubgiez,
514 3700 544 3730 ni
564 3707 618 3729 aux
637 3699 785 3737 Aliances,
800 3698 911 3737 jusques
932 3709 968 3729 en
987 3699 1038 3728 Fin
1053 3700 1086 3729 ὃς
1105 3700 1281 3731 Coiiclulion

238 3754 254 3772 e
304 3752 341 3771 rai
374 3751 400 3770 ie

255 3778 293 3808 Et
307 3780 356 3810 soit
372 3764 443 3818 po’ur
456 3777 598 3808 Honneur
612 3775 647 3806 de
663 3774 756 3812 Dieu,
776 3775 813 3804 de
829 3774 957 3813 l'Eglise,
984 3777 1017 3805 δε
1032 3775 1067 3806 de
1082 3776 1106 3804 la
1120 3775 1282 3815 Cretiente,

219 3826 256 3848 en
272 3816 429 3847 Entention
442 3817 478 3846 de
492 3816 571 3846 venir
584 3825 619 3845 au
639 3813 707 3844 Bien
719 3813 754 3843 de
770 3813 837 3843 Paix
851 3812 927 3849 final,
936 3811 1184 3844 Renouvelernent
1199 3814 1282 3844 d’Af-

218 3855 298 3924 {gite
312 3857 344 3885 ὃς
361 3855 597 3894 Appioximation
610 3853 645 3883 de
660 3852 776 3891 Linaige
791 3852 897 3882 d'entre
912 3851 950 3881 les
964 3850 1052 3883 Deux
1062 3852 1141 3891 Roys
1153 3854 1186 3884 &
1196 3852 1282 3884 Deux

254 3903 402 3927 ovaumes‚

260 3929 296 3960 Et
318 3930 406 3960 soubz
428 3931 464 3961 les
484 3938 572 3961 autres
592 3928 797 3960 Protestations
816 3927 1011 3961 acoustumees
1025 3928 1059 3960 &
1074 3929 1283 3969 convenables,

220 3970 257 4003 δε
272 3978 331 3998 non
345 3977 503 3998 autrement
512 3991 522 4006 ,
1113 3966 1122 3973 '

257 4006 640 4043 Pammenem,
657 4016 731 4045 que,

258 267 392 298 Tandem
403 290 413 306 ,
432 275 462 297 ut
478 267 507 296 iri
521 265 684 295 memoratis
696 263 849 302 Negotiis,
867 258 983 301 propter
1004 263 1116 293 bonum
1139 258 1235 296 Pacis,
1251 257 1294 291 ul-

667 90 1477 147 CONVENTIONES,
1532 92 1926 143 LITERAE,

1367 178 1515 212 Combien
1535 190 1590 220 que
1609 179 1634 211 Ie
1655 184 1729 223 Ray,
1746 180 1844 213 nostre
1863 181 1904 212 dit
1919 177 2076 220 seigneur,
2089 179 2156 224 ainsi
2167 189 2223 221 que
2234 187 2325 212 autres
2335 179 2395 213 foiz
2411 177 2488 212 Ann.
2503 177 2547 217 12¹

1328 266 1344 286 a
1368 257 1422 287 Dit
1444 259 1477 288 &
1498 257 1675 297 Respondit,
1690 259 1714 288 le
1726 262 1799 297 Ray,
1817 268 1878 291 tant
1888 269 1936 297 par
1954 259 2030 297 Lui,
2047 269 2103 297 que
2120 267 2167 303 par
2182 269 2229 290 ces
2244 243 2396 289 Predecet}
2411 227 2537 296 Ηῖιῗέ,

1329 215 1480 249 Monsieur
1506 216 1531 248 Ie
1555 222 1616 250 Duc
1636 221 1669 250 de
1684 225 1789 260 Berry,
1806 230 1924 252 comme
1937 221 1988 251 son
2001 220 2136 251 Commis
2147 231 2184 251 cri
2199 219 2270 252 celle
2287 218 2379 250 Partie

1328 295 1401 325 seurs
1414 319 1423 333 ,
1448 306 1464 326 a
1482 295 1590 336 Justes,
1616 297 1737 336 Causas,
1756 298 1879 336 Turres,
1903 299 1938 329 &
1956 296 2099 336 Moyens,
2121 306 2158 328 ait
2173 297 2263 328 Droit
2278 307 2312 327 en
2327 307 2393 328 tou-

1329 342 1369 365 tes
1389 334 1423 365 &
1444 334 1592 367 cbascunes
1608 336 1647 367 les
1661 337 1765 371 Terres
1775 360 1785 375 ,
1804 336 1992 375 Seigneuries‚
2010 337 2044 367 &
2059 334 2208 376 Heritages
2222 336 2314 368 deffus
2328 335 2393 367 De-

1326 371 1476 410 mandees‚
1491 372 1580 404 estans
1596 385 1633 405 en
1650 375 1701 405 son
1716 375 1884 414 Royaume,

1339 448 1346 460 ³
1365 409 1560 453 Neantmoins
1582 411 1607 442 le
1628 415 1668 442 Ro
1690 435 1700 451 ,
1716 423 1789 453 pour
1802 413 1946 444 Honneur
1961 413 1998 443 de
2010 410 2108 450 Dieu‚
2124 414 2159 445 ὃς
2171 423 2243 451 pour
2259 413 2394 445 Eschiuer

1327 448 1476 479 lEffusion
1499 449 1538 480 du
1563 450 1637 490 Sang
1687 453 1801 489 umain,
1818 453 1854 484 δε,
1866 461 1956 483 autres
1971 450 2072 482 Maulx
2087 452 2122 482 &
2135 450 2342 484 Inconveniens
2355 454 2393 484 de

1328 487 1441 518 Guerre
1458 487 1564 523 (foubz
1587 490 1626 526 les
1647 489 1852 522 Protestations
1870 490 2064 527 dessusdietes)
2085 489 2140 520 sera
2161 489 2236 528 prest
2251 492 2284 521 &
2297 491 2393 522 enclin

1325 525 1492 595 ἐζεΑητεῗάτε
1511 527 1544 558 &
1569 527 1635 560 Faire
1657 528 1792 559 entendre
1815 539 1832 560 a
1852 528 1977 560 delaisser
1997 530 2031 561 &
2052 528 2220 568 transporter
2233 539 2248 560 a
2263 529 2394 562 laPartie

1384 574 1421 604 ng
1431 574 1521 595 eterre
1530 588 1539 603 ,

1324 640 1343 672 d
1362 602 1588 673 ffnffiEntention
1611 603 1648 635 de
1665 606 1746 636 venir
1760 615 1776 636 a
1788 605 1887 637 bonne
1900 605 1970 637 Paix
1983 605 2061 646 final,
2080 605 2218 646 Affinite‚
2237 603 2270 638 &
2286 605 2396 638 Amitie

1345 652 1360 671 e
1386 653 1403 673 u
1435 652 1502 680 ires,

1339 720 1344 725 ¹
1364 681 1420 711 Les
1434 682 1539 712 Terres
1554 681 1600 720 qui
1613 681 1796 721 s'ensuivent,
1813 681 1905 713 oultte
1916 683 1949 713 δε
1962 693 2102 721 avecques
2117 683 2199 715 celles
2211 693 2267 723 que
2281 683 2306 714 la
2322 682 2391 715 Par-

1326 727 1362 749 tie
1385 720 1578 760 d'Angleterre
1597 719 1686 750 Tient
1706 731 1741 751 en
1755 721 1779 751 la
1797 720 1915 751 Duchie
1928 721 1965 752 de
1979 721 2132 761 Guienne,
2150 733 2222 760 pour
2236 722 2275 754 les
2285 722 2391 753 Terres

1325 759 1359 790 &
1376 759 1554 803 §cigneuries
1566 759 1659 789 Tenir
1674 758 1883 797 (c'estaflavoir)
1899 769 1936 790 en
1953 759 2095 791 Demaine
2108 771 2142 792 ce
2154 762 2202 800 qui
2216 761 2258 792 est
2273 772 2310 792 en
2327 760 2391 793 De-

1326 807 1435 834 maine,
1455 800 1487 830 ὃ(
1500 808 1535 828 en
1552 798 1616 831 Fies
1628 808 1663 828 ce
1676 800 1725 837 qui
1737 797 1779 829 est
1796 808 1832 829 en
1848 797 1926 835 Fies,

1357 836 1400 879 ‘Et
1418 836 1442 867 P
1453 846 1475 868 R
1487 846 1505 869 E
1516 845 1590 868 imi*⁴
1604 845 1651 866 RE
1662 845 1747 868 ΜΕΝ
1758 844 1801 875 τ,
1824 837 1850 867 le
1869 834 1942 866 Paiis
1961 835 2139 876 d’Agenoys,
2162 847 2202 867 ou
2219 837 2238 868 il
2262 847 2280 869 3
2300 837 2391 870 Trois

1324 873 1410 904 Citez
1428 874 1660 912 (C'estassavoir)
1682 877 1764 915 Agen
1792 874 1930 906 Condon.
1946 876 1979 906 δε
1998 875 2143 905 Le&oire.

1359 912 1404 942 Ιτ
1416 922 1485 952 EM,
1502 914 1527 945 le
1540 914 1611 945 Pais
1628 914 1665 944 de
1678 913 1832 954 Bazadoys,
1848 924 1887 944 ou
1901 913 1942 944 est
1957 914 1980 944 la
1998 912 2065 945 Cite
2080 913 2117 944 de
2140 912 2238 944 Bazas.

1361 950 1408 981 I'r
1418 962 1436 984 ε
1447 961 1474 984 M
1484 974 1494 989 ,
1509 953 1584 983 Aux.
1600 963 1636 984 en
1655 953 1756 984 Partie.

1323 988 1371 1059 &1
1377 998 1435 1059 ζει
1444 998 1487 1028 M,
1502 990 1527 1021 le
1550 989 1622 1022 Paiis
1641 992 1679 1022 de
1698 991 1874 1031 Pierregort,
1893 1001 1933 1022 ou
1947 991 2010 1022 sont
2030 989 2118 1021 Deux
2133 989 2221 1021 Citez
2234 988 2391 1032 Piereguys

1398 1039 1426 1059 ar
1437 1038 1471 1060 at.

1361 1065 1404 1097 Ιτ
1416 1077 1434 1098 E
1443 1076 1470 1098 M
1479 1091 1488 1106 ,
1504 1067 1542 1099 les
1556 1066 1643 1099 Citez
1657 1067 1694 1098 de
1708 1067 1838 1099 l'Escaire
1853 1068 1886 1099 &
1900 1067 1937 1099 de
1950 1067 2073 1099 Oleron.

1323 1105 1372 1174 bel
1383 1115 1406 1136 τ
1417 1114 1492 1145 ΕΜ,
1510 1107 1535 1138 13
1553 1105 1652 1138 Conte
1669 1108 1704 1139 &
1723 1106 1798 1137 Paiis
1815 1106 1851 1137 de
1868 1105 1997 1145 Bigorre,
2014 1117 2055 1138 ou
2069 1105 2112 1138 est
2130 1106 2156 1138 la
2173 1104 2242 1138 Cite
2260 1106 2298 1137 de
2313 1106 2394 1140 Tati

1360 1181 1431 1213 ΙῚἙ
1444 1191 1489 1222 Μ,
1504 1183 1529 1215 le
1547 1183 1619 1215 Paiis
1635 1183 1673 1215 de
1694 1182 1882 1223 Xandionge,
1920 1183 1948 1213 ui
1963 1181 2006 1214 est
2021 1183 2114 1214 oultre
2131 1183 2156 1215 la
2176 1183 2296 1215 Riviere
2311 1183 2348 1216 de
2364 1185 2391 1217 la

1324 1218 1485 1260 Chai-ante,
1503 1232 1542 1255 ou
1581 1223 1626 1255 uel
1643 1223 1684 1253 est
1702 1223 1728 1254 la
1746 1222 1814 1254 Cite
1831 1224 1866 1254 de
1919 1222 2034 1253 arrietes.

1360 1259 1406 1291 ΙΤ
1418 1270 1435 1292 Ε
1448 1269 1494 1297 M,
1511 1261 1538 1291 le
1582 1264 1631 1292 aiis
1647 1261 1683 1292 de
1702 1262 1852 1300 Qiercin,
1876 1271 1915 1291 ou
1933 1260 1975 1291 est
1991 1261 2015 1291 la
2034 1259 2104 1291 Cite
2120 1259 2156 1291 de
2172 1259 2299 1300 Caours,
2333 1261 2394 1293 Ex-

1320 1308 1406 1369 ςίςρῑε
1425 1299 1608 1334 Montauban
1626 1301 1659 1332 &
1675 1311 1710 1332 ce
1727 1302 1777 1340 qui
1793 1300 1835 1331 est
1853 1309 1932 1331 entre
1948 1300 1987 1331 les
2005 1298 2184 1331 Rivieresde
2196 1299 2294 1331 Veron
2307 1300 2340 1332 &
2354 1301 2392 1333 de

1353 1348 1411 1368 21*ss-

1359 1375 1436 1445 ΠΕ
1447 1385 1493 1416 Μ,
1510 1378 1537 1410 le
1553 1376 1651 1410 Conte
1665 1377 1890 1418 d’AngoIesme,
1907 1387 1945 1408 en
1963 1377 1988 1408 la
2006 1377 2097 1416 quelle
2115 1376 2156 1408 est
2172 1375 2198 1408 13
2213 1375 2283 1408 Cite
2300 1377 2394 1409 d’An-

1319 1424 1361 1453 go
1372 1425 1387 1445 e
1400 1426 1455 1447 me.

1356 1454 1402 1485 Ιτ
1411 1464 1429 1498 3
1439 1463 1484 1492 Μ,
1499 1455 1525 1485 le
1544 1455 1616 1486 Paiis
1630 1455 1667 1486 de
1687 1455 1842 1496 Rouergue
1851 1478 1863 1495 ,
1877 1465 1917 1487 ou
1933 1454 1998 1495 quel
2015 1453 2077 1486 sont
2095 1453 2182 1486 Deux
2197 1452 2284 1486 Citez
2298 1454 2393 1494 (c’esto

1319 1494 1449 1531 assavoit)
1471 1493 1578 1525 Rodez
1595 1493 1628 1526 &
1646 1493 1765 1526 Wabre.

1363 1532 1432 1564 l’rr:
1444 1540 1484 1570 M,
1502 1542 1590 1570 quant
1609 1532 1651 1564 est
1670 1534 1719 1564 des
1737 1533 1840 1564 Terres
1859 1532 1895 1564 de
1911 1532 2080 1570 Provence,
2102 1530 2272 1563 demandees
2287 1541 2336 1571 par
2354 1532 2393 1565 1oe

1322 1572 1392 1602 dites
1414 1571 1588 1611 Meffaigez,
1607 1571 1632 1601 le
1650 1575 1705 1612 Ray
1719 1572 1769 1604 fait
1781 1572 1949 1611 respondre,
1967 1581 2016 1609 par
2028 1571 2067 1602 Γᾶ
2081 1569 2152 1602 dites
2167 1569 2318 1610 (lammis,
2334 1581 2392 1610 que

1325 1611 1418 1642 icelles
1433 1609 1538 1642 Terres
1558 1621 1594 1642 ne
1612 1611 1675 1641 sont
1693 1612 1773 1649 point
1793 1621 1828 1641 en
1848 1611 1874 1642 la
1890 1610 2052 1649 Seigneurie
2067 1609 2103 1639 du
2122 1611 2196 1650 Ray,
2211 1619 2250 1640 ne
2267 1620 2316 1650 par
2332 1609 2392 1642 Lui

1323 1658 1464 1687 occupees
1481 1659 1518 1679 ne
1535 1649 1711 1689 empeschees
1729 1660 1744 1680 a
1762 1650 1788 1681 13
1807 1649 1896 1680 Partie
1913 1649 2118 1688 d'Angleterre.

1346 1728 1349 1731 Ι
1362 1688 1406 1718 1τ
1415 1696 1434 1718 r:
1445 1696 1490 1724 M,
1507 1698 1543 1718 en
1559 1695 1618 1721 tant
1631 1697 1687 1726 que
1703 1687 1809 1721 touche
1823 1688 1862 1720 les
1875 1687 1949 1720 seize
1963 1686 2041 1719 Cena
2055 1685 2138 1717 Mine
2151 1686 2245 1718 Escuz
2299 1697 2335 1719 ue
2349 1687 2389 1718 les

1323 1727 1371 1757 diz
1387 1725 1552 1765 Messaigers
1565 1726 1761 1764 d'Angleterre
1773 1726 1946 1757 demandent
1956 1750 1966 1764 ‚
1978 1727 2011 1757 &
2027 1725 2106 1755 dient
2122 1725 2223 1756 Rester
2259 1735 2275 1756 e
2326 1726 2389 1758 Ra-

1321 1775 1415 1797 encon
1437 1764 1476 1796 du
1500 1768 1555 1806 Ray
1575 1764 1691 1804 Jehan,
1714 1764 1739 1795 Ie
1762 1767 1818 1804 Roy
1839 1775 1856 1795 a
1878 1764 1927 1796 fair
1951 1765 2011 1795 fere
2030 1763 2194 1803 Response,
2210 1773 2259 1804 par
2281 1764 2320 1796 ses
2338 1765 2390 1797 diz

1324 1803 1462 1836 Commis
1481 1804 1516 1835 ὃς
1541 1804 1590 1835 De
1631 1813 1676 1834 tez
1687 1827 1697 1841 ,
1714 1813 1769 1843 que
1786 1805 1805 1834 il
1819 1803 1858 1834 lui
1871 1802 1978 1835 semble
1989 1813 2062 1841 que,
2081 1811 2153 1840 pour
2168 1803 2246 1832 venir
2258 1813 2274 1832 a
2289 1803 2389 1835 bonne

1321 1842 1387 1874 Paix
1412 1842 1496 1880 final,
1521 1843 1539 1872 il
1561 1844 1581 1874 s’
1599 1842 1719 1880 'ssargist
1773 1842 1924 1874 andernent
1942 1841 1977 1873 de
1995 1841 2119 1879 Tenes,
2145 1840 2338 1880 Seigneuries‚
2353 1842 2390 1874 δε

1322 1882 1492 1919 Nobleffes3
1511 1891 1561 1919 par
1580 1891 1657 1920 quoy
1678 1881 1702 1912 13
1751 1883 1819 1912 artie
1833 1881 2030 1921 d'Angleterre
2053 1879 2081 1910 se
2100 1880 2162 1911 doit
2183 1880 2218 1912 ὅ(
2241 1889 2309 1918 puer
2323 1880 2390 1912 bien

1321 1921 1464 1959 deppartir
1481 1920 1610 1959 d'ycelles
1623 1920 1795 1951 Demandes
1810 1920 1886 1950 faire.

1360 1959 1406 1991 I·r
1418 1969 1435 1990 E
1446 1967 1472 1989 M
1482 1982 1491 1996 ,
1509 1969 1542 1991 au
1559 1959 1668 1995 Regart
1682 1959 1718 1989 de
1733 1957 1872 1990 l'Affinite
1885 1958 1919 1989 ec
1934 1957 2063 1996 Mariage
2087 1956 2158 1988 dont
2175 1955 2305 1994 plusieurs
2317 1955 2391 1988 Foiz

1320 2010 1335 2030 3
1349 1998 1408 2030 este
1423 1997 1504 2029 Parle
1518 2007 1597 2030 entre
1609 1998 1649 2030 les
1663 1997 1785 2035 Parties,
1804 1998 1838 2029 &
1851 1997 1888 2028 de
1901 1997 1926 2040 la
1944 1978 2202 2039 Demande,fai6ke
2214 2003 2262 2035 par
2278 1994 2390 2026 laPar·

1320 2039 1358 2070 tie
1381 2037 1575 2076 d’Angletetre
1597 2046 1671 2074 pour
1686 2036 1830 2067 Occasion
1845 2036 1883 2066 du
1897 2035 1938 2066 dir
1956 2034 2100 2074 Manage‚
2117 2032 2142 2064 le
2159 2036 2217 2074 Ro]
2230 2044 2246 2065 3
2258 2033 2307 2065 fait
2321 2033 2391 2066 Ress

1321 2077 1446 2116 pondre,
1464 2086 1511 2113 par
1526 2075 1564 2106 ses
1576 2075 1626 2106 diz
1641 2074 1792 2113 commis,
1811 2085 1885 2113 que,

1358 2115 1507 2146 Combien
1527 2124 1582 2152 que
1604 2114 1640 2145 les
1656 2112 1740 2152 Roys
1755 2114 1790 2145 de
1808 2114 1917 2145 France
1931 2113 2005 2144 aient
2019 2111 2188 2143 acoustume
2201 2110 2313 2142 donner
2327 2121 2391 2143 cer·

1320 2155 1395 2186 taine
1415 2154 1535 2184 Somme
1546 2151 1619 2184 d'Or
1633 2152 1666 2184 &
1680 2153 1818 2192 d’Argent
1831 2163 1846 2183 a
1859 2162 1918 2183 mes
1933 2151 2041 2182 Dama
2055 2151 2113 2182 leur
2128 2150 2227 2188 Fines,
2250 2149 2391 2182 Moindre

1321 2193 1456 2230 Beaucop
1469 2193 1505 2223 de
1521 2192 1545 2222 13
1559 2191 1680 2222 Somme
1697 2191 1733 2222 de
1748 2193 1778 2222 vi
1799 2191 1878 2222 Cent
1895 2190 1978 2221 Mille
1993 2189 2087 2220 Escuz
2118 2189 2141 2218 la
2155 2189 2248 2228 quelle
2264 2198 2336 2219 mon
2350 2188 2394 2220 dit

1321 2232 1367 2263 Sei
1389 2241 1457 2262 neur
1481 2230 1505 2260 Ie
1526 2233 1587 2260 Duc
1605 2231 1638 2260 de
1653 2232 1758 2269 Ber-ry,
1775 2240 1863 2261 come
1877 2228 2014 2260 commis
2028 2211 2180 2266 dessfisdit,
2198 2238 2214 2258 3
2225 2236 2316 2258 autres
2331 2227 2392 2267 sbiz

1321 2272 1354 2302 &
1368 2240 1432 2303 gen
1448 2270 1521 2302 fait*
1531 2279 1627 2301 ouvrir
1641 2278 1693 2299 aux
1711 2268 1863 2311 Messaiges
1875 2268 2071 2307 d’Angleterre
2080 2275 2227 2306 ,envoyez
2239 2276 2281 2297 ou
2299 2265 2389 2306 Moys

1318 2309 1439 2341 d’Aoust
1452 2309 1688 2339 dertenierement
1704 2308 1796 2347 passe,

1356 2347 1552 2379 Toutesvoiez
1572 2346 1596 2376 le
1617 2349 1692 2387 Roy,
1710 2356 1782 2385 pour
1803 2346 1872 2377 defir
1895 2345 1963 2384 qu'il
1988 2355 2003 2375 3
2022 2344 2060 2375 de
2084 2345 2164 2375 venir
2177 2344 2303 2375 abonne
2318 2342 2389 2375 Paix

1318 2386 1400 2426 final,
1420 2386 1556 2425 Affinite,
1573 2387 1607 2418 &
1633 2385 1741 2416 Amitie
1763 2395 1832 2416 avec
1853 2385 1903 2415 son
1924 2383 2018 2425 Coufin
2032 2381 2254 2420 A’Angleterre‚
2271 2384 2305 2414 &
2318 2383 2388 2414 aussi

1359 2437 1389 2457 ur
1410 2426 1541 2457 l'Amour
1564 2424 1600 2454 de
1622 2422 1932 2456 Renouvellementde
1945 2422 2082 2460 Parente,
2097 2421 2124 2452 se
2136 2420 2291 2459 Essargira,
2315 2430 2389 2458 pour

1318 2466 1344 2495 le
1370 2464 1436 2495 Bien
1458 2465 1491 2495 &
1515 2462 1658 2494 Honneur
1670 2462 1709 2494 du
1725 2462 1784 2494 dite
1804 2462 1948 2501 Mariage,
1962 2460 2071 2500 jusques
2085 2470 2100 2489 a
2112 2459 2138 2490 la
2149 2458 2272 2489 Summe
2285 2458 2322 2489 de
2337 2460 2388 2491 viii

1318 2502 1394 2533 Ccnt
1422 2502 1506 2533 Mille
1521 2501 1630 2539 Escu23
1648 2502 1700 2540 &,
1717 2502 1809 2532 oulrre
1823 2511 1875 2538 ce,
1890 2499 1999 2531 Vestira
2014 2500 2047 2530 &
2068 2497 2244 2536 Enjoyellem
2255 2499 2389 2527 Madame

1309 2542 1356 2581 fia>
1371 2541 1441 2571 fille
1456 2566 1466 2579 ‚
1484 2542 1508 2571 la
1531 2541 1589 2571 fera
1622 2542 1832 2580 acompaignicr
1861 2539 1895 2570 ὅτ.
1918 2547 2016 2568 mener
2029 2535 2304 2573 honnorabiement,
2321 2536 2388 2567 ainsi

1317 2591 1377 2650 gul}
1390 2591 1405 2610 a
1425 2580 1476 2611 son
1496 2579 1573 2610 Estat
1588 2579 1758 2618 appartient,
1771 2578 1882 2617 jusques
1897 2586 1934 2608 au
1953 2575 2026 2606 Lieu
2040 2575 2112 2606 dont
2122 2575 2161 2605 les
2175 2573 2280 2605 Parties
2293 2574 2388 2606 seront

1378 2627 1449 2650 cort.

1354 2656 1410 2695 Et,
1429 2666 1464 2687 en
1488 2655 1581 2687 oultre
1615 2664 1688 2695 pour
1709 2664 1745 2685 ce
1765 2664 1821 2694 que
1842 2653 1882 2684 les
1901 2652 1972 2685 dites
1995 2651 2157 2690 Meffaigez
2171 2651 2390 2692 d’Angieterre‚·

1317 2704 1384 2735 oyes
1403 2696 1442 2727 les
1463 2694 1580 2732 Respon
1592 2704 1620 2724 es
1638 2692 1815 2732 deffusdites,
1834 2692 2019 2723 mesmement
2040 2701 2076 2722 au
2092 2691 2201 2728 Regart
2221 2690 2257 2721 de
2271 2690 2297 2721 la
2309 2691 2389 2722 diere

1316 2744 1389 2774 voye
1409 2734 1446 2764 de
1459 2733 1588 2772 Justice,
1605 2730 1785 2762 affermoient
1806 2730 1894 2771 qu’ilz
1905 2730 2047 2761 n’avoient
2062 2730 2121 2759 mie
2135 2739 2171 2760 en
2188 2728 2388 2760 Commande·

1316 2782 1396 2805 ment
1412 2773 1449 2804 de
1468 2772 1528 2803 leur
1547 2770 1683 2810 Seigneur
1703 2771 1740 2801 de
1761 2770 1822 2809 plus
1842 2769 2029 2808 longuement
2043 2767 2192 2800 dementer
2206 2777 2243 2798 en
2256 2767 2386 2806 France,

1315 2821 1390 2882 l{our
1404 2810 1487 2881 geiste
1508 2809 1591 2879 1301ἓέ
1608 2808 1758 2879 1¹13ssqu
1775 2816 1944 2878 ιιιιῑτετττῑιεηῖξι
1951 2807 2094 2877 ‘dignum
2114 2817 2154 2838 ou
2157 2804 2337 2881 vrgslquagffie
2347 2805 2387 2837 de

1343 2861 1387 2882 urs
1427 2859 1540 2882 etiions
1706 2858 1724 2877 n
1746 2857 1774 2878 es
1810 2857 1863 2878 uan
1889 2857 1906 2878 a
1976 2857 1985 2877 i
2016 2856 2066 2876 ev
2369 2862 2386 2868 -

1316 2889 1402 2928 celle,
1415 2888 1481 2920 ainsi
1504 2887 1591 2926 qu’ilz
1611 2886 1750 2925 disoient,
1769 2858 1808 2918 ηὲ
1827 2886 1886 2916 leur
1907 2884 1991 2917 estoit
2012 2855 2199 2916 Poi‘r'ttyefr'ti&e
2213 2881 2250 2912 de
2268 2891 2337 2914 nota

1315 2927 1556 2965 Augmenration,
1573 2934 1691 2956 comme
1710 2926 1769 2956 leur
1787 2925 1922 2965 Seigneur
1937 2923 2074 2961 esperoit,
2089 2922 2123 2962 ᾇ
2135 2931 2191 2961 que
2245 2931 2258 2950 r
2274 2930 2309 2965 ce
2326 2921 2387 2953 n'a-

1314 2967 1414 3017 voient
1433 2976 1478 3003 pas
1500 2964 1651 2996 Puissance
1671 2974 1709 2996 en
1729 2974 1763 2995 ce
1782 2974 1829 2996 cas
1841 2963 1879 2995 de
1893 2961 2056 2993 Conclurre
2071 2970 2107 2992 en
2121 2960 2196 2991 l’une
2265 2967 2334 2992 uere
2347 2969 2386 2992 ne

1316 3005 1476 3084 enllsaeuzgy'
1491 3041 1586 3073 nostre
1607 3041 1759 3082 Seigneur,
1775 3049 1850 3085 pour
1873 3038 1923 3080 soy
1943 3039 2080 3083 tousjours
2101 3045 2203 3082 mettre
2215 3047 2252 3082 en
2268 3037 2387 3082 son-de-

1316 3083 1396 3120 voir,
1411 3083 1443 3113 &
1458 3082 1566 3120 quern,
1583 3091 1619 3111 en
1633 3089 1763 3119 quanque
1777 3080 1797 3109 il
1810 3088 1931 3118 pourra,
1948 3078 1974 3108 la
1988 3077 2066 3108 dicte
2081 3076 2160 3115 Paix,
2179 3086 2195 3106 a
2211 3075 2386 3116 Entention,

1316 3130 1350 3152 au
1365 3122 1452 3161 plaisir
1463 3121 1499 3150 de
1512 3119 1604 3157 Dieu,
1621 3119 1776 3149 d'Envoier
1788 3119 1855 3148 bien
1871 3116 1947 3147 brief
1957 3116 1996 3147 ses
2011 3114 2163 3155 Messaiges
2178 3114 2321 3146 solennelz
2333 3114 2386 3147 de-

1316 3170 1380 3191 vers
1394 3160 1443 3190 son
1458 3157 1551 3198 Coufin
1565 3156 1780 3194 d’AngIeterre,
1799 3164 1857 3187 tant
1873 3164 1945 3194 pour
1961 3155 2017 3185 Lui
2035 3155 2123 3193 parler
2157 3153 2198 3184 'us
2211 3153 2386 3194 plainement

1315 3198 1353 3229 de
1372 3198 1397 3229 la
1418 3199 1496 3228 dithe
1519 3197 1600 3234 Voye
1612 3195 1649 3225 de
1657 3194 1769 3239 Justice
1802 3204 1919 3226 comme
1934 3193 2073 3224 l'Affinite
2087 3193 2121 3224 &
2137 3164 2176 3222 ἢ
2208 3192 2213 3198 ’
2280 3191 2386 3223 deffus-

1315 3236 1440 3278 dite‚-&
1461 3236 1499 3265 lui
1522 3234 1580 3264 dire
1601 3233 1634 3264 &
1652 3234 1721 3278 saite
1739 3217 1859 3264 ass²avoir
1877 3243 1999 3277 aucunes
2017 3231 2163 3275 Notables
2176 3231 2210 3261 &
2254 3230 2387 3275 speciales

1316 3274 1425 3306 Choles
1443 3273 1581 3305 touchans
1602 3273 1627 3303 le
1647 3272 1715 3304 bien
1737 3272 1772 3304 &
1792 3271 2012 3303 conduisement
2025 3270 2074 3302 des
2087 3268 2222 3300 Matieroe
2232 3268 2384 3301 deffusdic·

1317 3322 1411 3381 tffiCes
1433 3348 1541 3380 Chosoe
1560 3358 1612 3380 orit
1625 3349 1666 3381 est
1679 3349 1814 3388 Escriptes
1827 3361 1846 3379 a
1861 3351 1940 3379 Paris
1956 3348 1983 3379 le
1994 3349 2052 3379 xiv.
2062 3346 2136 3387 Jour
2150 3344 2186 3376 de
2200 3343 2297 3382 Mars,
2312 3342 2382 3375 1’An
2408 3327 2415 3334 ¹

1317 3388 1493 3420 MCCCC.
1502 3390 1535 3419 δε
1545 3388 1628 3419 XIV.
1645 3389 1786 3419 dessusdit.

1353 3427 1392 3459 Et
1407 3436 1423 3465 y
1441 3438 1457 3458 a
1470 3428 1495 3457 le
1508 3426 1576 3466 Roy
1590 3427 1638 3458 fair
1653 3435 1755 3458 mettre
1768 3426 1820 3457 son
1834 3426 1907 3457 Seel.

1354 3504 1424 3535 Nos
1440 3505 1520 3543 igitur
1533 3506 1666 3533 Hernicus
1675 3527 1685 3541 ‚
1701 3503 1919 3544 Archiepifiopus
1932 3499 2105 3539 praediems,
2120 3497 2295 3541 attendentes
2307 3496 2381 3535 Sup-

1322 3543 1504 3581 plicationem
1527 3542 1597 3572 dieti
1616 3545 1728 3572 Domini
1749 3542 1831 3582 nostri
1852 3544 1929 3578 Regis
1943 3537 2111 3580 Consonam
2126 3536 2186 3566 fore
2199 3534 2264 3580 Juri
2275 3536 2309 3566 &
2321 3535 2383 3567 Ra-

1317 3584 1386 3612 tioni
1402 3605 1410 3619 ‚
1441 3580 1581 3618 praedictas
1603 3581 1710 3611 Literas
1724 3604 1732 3617 ,
1765 3582 1793 3610 in
1815 3579 1931 3610 Notarii
1953 3578 1985 3608 &
2009 3574 2143 3605 Testium
2165 3573 2382 3613 subscriptorum

1317 3619 1485 3657 Praesentia,
1504 3619 1688 3657 lnspeximus,
1706 3618 1901 3657 PalpavimuS,
1918 3616 1952 3646 &
1966 3613 2125 3656 Examinari
2138 3611 2279 3650 fecimus,

1356 3659 1393 3689 Et
1415 3659 1478 3696 quia
1500 3657 1588 3688 dic‘tas
1603 3657 1709 3688 Literas
1724 3667 1783 3688 non
1795 3655 1879 3691 rasas,
1901 3662 1961 3697 non
1975 3651 2109 3695 abolitas,
2126 3659 2188 3680 non
2201 3650 2382 3691 cancellatas,

1319 3697 1356 3727 set
1372 3697 1452 3726 omni
1469 3695 1547 3726 Vitio
1562 3698 1590 3726 in
1604 3696 1752 3734 Scripturis
1766 3701 1904 3727 carentes,
1923 3698 2098 3727 invenimus,

1357 3735 1406 3764 Ne
1426 3734 1505 3764 dicto
1521 3737 1636 3764 Domino
1655 3737 1735 3774 Regi,
1753 3740 1870 3772 propter
1883 3726 2132 3773 Causas-&Casus
2145 3726 2316 3772 praedielos‚
2333 3736 2383 3760 aut

1318 3773 1440 3816 aliquem
1455 3782 1548 3802 earum
1557 3796 1566 3811 ‚
1581 3773 1720 3815 dictarum
1737 3771 1896 3802 Literarutn
1908 3765 2100 3804 Originalium
2116 3764 2307 3797 Exhibitiorus
2319 3766 2384 3798 Co-

1319 3821 1409 3880 pmAld¹
1426 3811 1793 3891 ξέξὶτξὲὲιπὶιῗιτλίὲεῐέἆὲἓῖυω
1809 3868 1821 3884 ,
1844 3845 1893 3888 qui
1910 3841 2011 3873 exinde
2030 3841 2106 3887 sequi
2123 3844 2252 3882 poterit,
2277 3842 2383 3874 noſtris

1320 3887 1498 3955 Αέἇέὶοτιττιῑε
1516 3889 1550 3918 &
1570 3887 1719 3925 Decreto,
1736 3885 1950 3916 Publicavimus
1965 3881 1998 3911 &
2014 3880 2197 3912 Publicamus
2210 3881 2320 3913 Literas
2331 3892 2382 3913 an-

1331 3936 1346 3956 e
1368 3936 1376 3955 i
1408 3935 1434 3955 as

1319 3935 1329 3957 t
1357 3949 1483 4002 Ipsasq’ue
1504 3973 1553 4002 per
1576 3963 1750 4002 Magistrum
1766 3960 1927 4000 Johamm
1942 3957 2139 4002 Hopynghaem,
2154 3957 2312 3989 Notarium
2326 3956 2387 3987 Pu-

1319 4003 1429 4034 blicam
1452 4001 1656 4041 subscriptum,
1671 4000 1846 4038 Transumi,
1863 3996 2044 4036 Tmuscntn,
2059 3997 2094 4032 ὃς
2116 3998 2146 4030 in
2167 3995 2392 4039 Fonnemffiu.

2408 2270 2429 2291 *²
2448 2273 2504 2301 IX.

2404 2320 2470 2347 2¹4-
