2562 4274
49 286 134 317 1405.

28 322 93 346 Hesi.
106 327 136 352 4.

23 435 143 469 Ann.D.

45 483 133 513 1405.

22 516 75 541 An.
93 517 120 542 6.

0 567 1 623 1
24 555 148 618 IHbid4m.

0 629 1 635 ¹
29 636 71 655 io.

2 1090 131 1128 *vulg

3 1151 5 1156 Α
22 1132 84 1166 416.

28 2791 107 2824 Anii>
120 2789 161 2821 D.

51 2837 137 2868 1405.

29 2871 84 2896 An.
101 2871 129 2896 6.

38 2911 73 2934 ΗΔ
93 2916 121 2940 4.

29 2945 104 2980 Viag.
113 2945 140 2970 6.

32 2986 68 3009 H.
78 2991 106 3016 4.

32 3029 69 3048 m.
82 3030 90 3046 i
100 3029 109 3046 i
118 3040 124 3046 .

32 3439 109 3472 Ann.
122 3439 163 3469 D.

58 3487 142 3517 1405.

32 3521 85 3544 An.
102 3520 128 3544 6.

32 3577 97 3621 lbid.
108 3576 150 3622 ·m.

35 3639 80 3659 io.

34 4065 50 4081 ⁵
76 4065 163 4098 vni.

57 4111 126 4140 4¹7·

780 167 888 211 ET
969 171 1224 213 ACTA

17 239 106 279 ffinn.
120 238 159 271 D.

421 337 481 367 Pro
503 336 622 367 Fratre·
638 337 760 368 Comitis
775 336 959 382 fitpradic‘li.

178 419 309 488 REX
325 418 633 457 Univerfis&fingulis
649 418 820 459 Admirallis,
839 421 900 452 &c.
920 420 954 451 ad
969 431 1054 461 quos,
1071 423 1132 454 &c.
1151 424 1229 455 Salu-

256 467 331 488 tem.

214 494 314 525 Sciatis
330 495 407 533 quod
425 495 594 534 suscepimus
609 497 638 526 in
655 495 761 526 salvum
776 497 810 528 &
826 496 954 527 securum
971 498 1159 530 Condustum
1174 511 1229 532 no-

177 532 262 562 strum
272 556 281 571 ,
298 543 330 564 ac
345 535 374 563 iri
391 533 625 572 Proteetionem,
644 533 814 564 Tuitionem
824 557 834 572 ,
849 536 882 566 &
898 535 1102 568 Defenfionem
1119 539 1225 570 nostras

174 571 318 610 speciales,
335 572 496 611 Johannem
517 573 548 602 de
570 573 670 601 Sandffo
691 571 770 601 claro
784 595 793 610 ,
812 573 937 604 Fratrem
962 574 1090 605 Comitis
1112 579 1225 607 Henrici

174 612 285 639 Comitis
299 612 442 650 Orcadiae,
461 612 496 641 de
511 611 623 648 Scoda,
642 619 707 640 cum
724 620 784 641 uno
798 611 944 643 Serviente
958 614 986 642 in
1001 612 1151 645 Comitiva
1168 616 1224 653 sua,

172 657 221 688 per
236 648 353 687 Castra,
371 649 457 680 Villa's
478 649 597 679 firmatas
611 671 620 686 ,
638 649 670 679 &
694 648 744 679 alia
766 649 906 680 Fortalitia
921 661 1111 690 quaecumque
1126 676 1135 690 ,
1155 654 1225 684 infra

172 686 306 725 Regnum
316 687 432 724 Angliae
448 686 713 724 morand0,absqiie
731 687 830 726 Malo,
840 688 977 727 Dampno
988 713 997 728 ,
1006 689 1224 729 Molestatione,

173 725 217 756 vel
236 725 446 763 [mpedimento
463 725 556 763 aliquo
572 727 601 755 in
618 724 812 764 Corporibus,
830 726 934 764 Bonis,
953 737 998 758 aut
1013 727 1113 758 Rebus
1127 730 1195 766 suis,

208 763 348 794 Nolentes
388 763 446 794 und
468 764 516 802 ipfi
531 786 541 802 ,
567 765 676 794 ratione
701 764 830 804 Marquae
845 788 855 804 ‚
881 765 1042 803 Reprisaliae
1058 788 1068 803 ,
1096 765 1217 805 Debiti,

170 801 314 839 Compoti
327 825 338 840 ,
406 804 570 833 nventionis
586 826 595 841 ,
610 803 655 832 seu
679 802 786 833 alterius
804 802 977 834 Contraeffis
1000 804 1221 844 cujuscumque,

168 840 202 870 ad
219 840 334 870 Sectam
349 841 405 870 five
420 841 653 872 Prosecutionem
669 841 811 879 nostram,
829 851 876 872 aut
891 842 1051 879 aliquorum
1066 842 1219 881 Ligeorum

169 877 332 909 nostrorum
346 901 356 917 ,
373 887 421 909 aut
446 879 564 910 aliorum
580 902 587 912 ,
609 881 752 917 capiantur
764 902 774 917 ,
791 878 941 909 arestentur
956 903 966 918 ,
984 880 1219 919 imprisonentur,

168 917 373 955 inquietentur,
392 918 575 948 molestentur
596 919 625 948 in
648 918 742 956 aliquo
757 940 766 955 ,
783 917 827 947 seu
847 926 1013 955 graventur,
1032 918 1082 947 nifi
1096 926 1218 949 tantum-

170 955 261 998 modo
279 955 386 986 ratione
407 955 618 994 Expedtationis
638 955 693 986 suae
713 957 743 985 in
763 954 908 992 Hostagio
927 965 980 993 pro
1002 955 1142 993 praedieto
1157 957 1219 987 Co-

163 1002 233 1024 mite

204 1017 405 1064 Concedentes
419 1033 470 1064 fibi
488 1057 497 1071 ,
514 1035 548 1065 ὃς
563 1034 592 1062 in
608 1033 697 1063 verbo
712 1030 810 1068 Regio
825 1030 1043 1074 Pnromittentes,
1064 1034 1158 1073 quod,

204 1072 364 1109 Qamcito
378 1072 528 1110 praedidtus
543 1070 649 1100 Comes
663 1093 672 1107 ,
691 1069 756 1106 post
773 1079 935 1106 proxrmuin
952 1071 1114 1102 Traniitum
1130 1073 1211 1104 suum

165 1111 195 1140 in
210 1118 298 1147 partes
312 1111 436 1148 Scotiae,
453 1109 524 1140 infra
539 1108 673 1139 Castrum
685 1107 1018 1150 de<DurameCustodiae
1038 1110 1057 1129 2¹³
1077 1111 1209 1142 carisfimi

165 1148 229 1178 Filii
243 1148 344 1186 nostri,
363 1157 409 1179 aut
423 1148 488 1178 alibi
503 1170 512 1185 ,
529 1147 632 1176 nostrae
653 1146 812 1176 Prtelentiae
825 1169 834 1184 ,
854 1149 910 1176 line
925 1147 1033 1177 Fraude
1049 1148 1095 1179 vel
1111 1149 1190 1179 Dolo
1200 1173 1210 1188 ,

164 1188 353 1224 reintravcrit,
373 1185 520 1216 nobiscum
537 1195 617 1215 more
630 1185 711 1215 solito
727 1192 900 1223 moraturus,
918 1194 964 1216 aut
979 1186 1069 1223 ipsum
1082 1188 1212 1226 qualiter-

164 1235 290 1263 cumque
303 1225 379 1254 mori
392 1225 560 1263 contigerit,

201 1264 355 1293 Praedietus
362 1262 507 1300 Johanues
522 1263 553 1292 fit
568 1262 601 1292 &
615 1263 666 1293 erit
679 1261 749 1292 liber
760 1262 793 1293 ὃς
808 1262 914 1301 quietus
933 1263 969 1292 ab
991 1264 1075 1293 omni
1090 1264 1213 1295 Afflone

163 1300 299 1338 Hostagii
312 1311 366 1339 pro
380 1301 460 1332 dieto
476 1300 611 1338 Comite,

199 1339 237 1370 Et
249 1341 328 1377 quod
343 1341 490 1377 praesentes
506 1340 609 1370 Literae
625 1337 727 1368 nostrae
743 1338 793 1368 fibi
809 1337 860 1368 sint
876 1337 1022 1376 Effefitsis,
1042 1338 1150 1370 Valoris
1161 1341 1211 1377 ,&

165 1377 282 1417 Vigoris
295 1378 359 1408 salvi
374 1379 407 1409 &
429 1378 517 1409 securi
541 1375 713 1407 Conduetsis
727 1386 775 1414 pei·
792 1376 987 1445 Qadragmta
1011 1377 1079 1408 Dies
1099 1379 1214 1416 expost,

161 1427 178 1447 a
194 1425 323 1454 tempore
338 1426 394 1455 quo
410 1417 459 1446 fibi
475 1416 510 1447 de
524 1414 652 1452 ingressu
669 1414 714 1444 vel
726 1415 809 1445 obitu
842 1415 891 1445 insti
901 1414 1028 1446 Comitis
1041 1416 1124 1455 plene
1141 1427 1214 1447 con-

164 1454 280 1493 stiterit,
297 1455 331 1485 ad
346 1454 518 1485 redeundum
533 1453 566 1484 ad
582 1461 671 1491 partes
687 1453 793 1483 Scotiae
811 1463 880 1483 cum
893 1453 1052 1491 hujusmodi
1067 1455 1214 1485 Serviente

161 1493 229 1531 suo,
247 1503 296 1531 per
311 1492 432 1524 Terram
442 1515 452 1531 ,
471 1493 516 1524 vel
530 1502 579 1530 per
595 1491 679 1521 Mare
693 1500 776 1529 prout
791 1492 841 1521 fibi
855 1492 988 1529 placuerit
1005 1515 1014 1530 ,
1032 1493 1134 1530 absque
1148 1493 1215 1523 Ma-

164 1531 209 1569 lo,
228 1532 385 1570 Dampno,
402 1530 622 1567 Molestatione,
640 1529 684 1560 vel
700 1529 912 1567 Impedimento
928 1530 1038 1568 aliquo,
1056 1532 1085 1561 in
1094 1530 1212 1569 Corpo-

165 1571 255 1609 ribus,
274 1570 376 1607 Bonis,
394 1568 492 1600 Rebus
507 1593 516 1607 ,
534 1569 641 1607 Equis,
659 1569 703 1598 seu
718 1568 860 1598 Hernefiis
873 1568 1042 1606 inferendis,

201 1608 242 1639 Ita
266 1608 344 1645 quod
366 1618 419 1638 nec
443 1609 549 1639 ratione
561 1607 632 1637 dieti
647 1606 784 1643 Hostagii
797 1629 808 1643 ,
824 1606 869 1636 seu
884 1607 966 1637 causa
985 1607 1103 1646 Debiti,
1122 1607 1217 1639 Com-

162 1647 227 1685 poti
243 1669 253 1685 ,
274 1646 407 1685 Marquae
423 1669 433 1684 ,
452 1646 615 1685 Reprisaliae
631 1667 641 1684 ,
661 1645 891 1681 Conventionis,
909 1654 954 1675 aut
970 1645 1077 1676 alterius
1093 1645 1218 1677 Contra-

164 1684 228 1715 &sis
243 1685 462 1723 cujuscumque,
480 1684 651 1722 arestenmr,
669 1684 832 1721 capiantur,
851 1683 1086 1723 iinprisonentur,
1107 1686 1216 1723 inquie-

163 1732 272 1754 tentur.
293 1723 477 1754 molestentur
493 1725 523 1753 in
538 1724 633 1762 aliquo
648 1723 693 1752 len
707 1731 875 1761 graventur,

204 1761 241 1792 Et
263 1762 330 1792 ideo
352 1763 434 1793 vobis
456 1761 625 1792 Mandamus
639 1762 717 1800 quod
738 1760 828 1798 ipsum
840 1759 1019 1799 johannem,
1037 1771 1106 1792 cum
1123 1760 1217 1799 hujus-

167 1800 249 1830 modi
263 1800 407 1832 Serviente
419 1800 468 1831 suo
483 1801 554 1831 infra
567 1800 701 1838 Regnum
715 1799 843 1829 nostrum
862 1800 1058 1838 morando,&
1073 1800 1137 1837 post
1155 1800 1216 1831 Re-

163 1839 310 1869 introitum
327 1839 397 1869 dieti
411 1838 552 1877 Comitis,
570 1840 599 1868 in
615 1839 720 1869 Forma
735 1837 885 1875 praedidta,
903 1846 950 1868 aut
963 1838 1020 1876 ejus
1037 1838 1192 1869 Deceffum
1202 1861 1212 1878 ,

164 1885 196 1907 ut
218 1878 412 1915 praemittitur,
429 1878 464 1908 ad
485 1886 574 1916 partes
595 1876 701 1907 Scotiae
723 1876 868 1907 redeundo
884 1898 895 1915 ,
914 1884 944 1906 ut
964 1877 1136 1914 praedi-stum
1159 1878 1216 1916 est,

167 1917 224 1947 una
235 1926 304 1946 cum
317 1915 417 1954 Equis,
435 1916 536 1955 Bonis,
551 1915 584 1946 δε
598 1915 738 1946 Hernefiis
751 1914 801 1945 suis
815 1937 824 1953 ,
843 1916 1041 1946 manuteneatis
1053 1938 1062 1953 ,
1080 1923 1212 1954 protega·

169 1955 204 1984 tis
213 1977 222 1992 ,
237 1955 271 1984 &
285 1954 455 1993 defendatis,

206 1992 282 2022 Non
296 1992 445 2023 inferentes
460 1995 498 2023 eis
512 2016 522 2032 ,
539 1993 584 2024 seu
599 2016 608 2032 ,
625 2000 762 2031 quantum
779 1993 807 2021 in
825 1992 910 2022 vobis
923 1990 983 2029 est,
999 1992 1035 2021 ab
1050 1992 1107 2022 aliis
1124 1993 1219 2023 inferri

171 2032 364 2069 permittentes
379 2032 530 2069 Injuriam,
548 2031 733 2068 Molestiam,
750 2030 937 2068 Dampnum,
956 2030 1146 2070 violentiam,
1157 2031 1220 2061 Im-

168 2068 366 2107 pedimentum
382 2069 495 2109 aliquod
506 2070 551 2100 seu
566 2069 731 2100 Gravamen
741 2092 750 2106 ,

208 2107 261 2146 Et,
282 2108 299 2138 fi
315 2108 380 2146 quid
392 2110 429 2138 eis
443 2107 618 2138 forisfactum
633 2116 678 2138 aut
691 2107 851 2145 injuriatum
867 2106 969 2145 fuerit,
989 2107 1016 2138 id
1031 2109 1070 2138 eis
1078 2108 1133 2138 fine
1147 2108 1218 2139 dila-

169 2147 250 2177 tione
264 2148 370 2183 corrigi
383 2147 416 2178 &
429 2146 523 2177 debite
539 2146 686 2176 reformari
702 2146 822 2185 faciatis,

207 2183 326 2215 Proviso
354 2185 460 2222 semper
483 2185 561 2223 quod
582 2185 630 2223 ipfi
653 2185 802 2215 Praesentes
826 2184 930 2214 Literas
958 2183 1064 2215 nostras
1086 2185 1122 2215 de
1146 2185 1220 2216 salvo

170 2222 345 2261 ConduEtu2
363 2225 394 2254 iri
409 2223 537 2260 Ingressu
553 2225 597 2254 vel
610 2232 673 2253 ante
686 2223 836 2261 Egressum
859 2222 1005 2258 cujussibet
1022 2223 1158 2254 Villarum
1175 2224 1222 2261 firss

171 2270 307 2291 matarum
318 2285 327 2300 ,
346 2261 522 2300 Majoribus,
538 2262 759 2293 Constabulariis
775 2283 784 2298 ,
800 2261 857 2291 five
871 2260 1044 2291 Custodibus
1058 2262 1222 2293 earumdem

171 2299 365 2330 demonstrent
381 2323 390 2337 ,
407 2301 440 2331 &
461 2300 537 2339 quod
558 2301 608 2338 ipsi
632 2300 721 2337 aliqua
734 2323 744 2338 ,
765 2299 862 2329 Nobis
881 2300 925 2329 seu
949 2299 1077 2330 Coronae
1095 2300 1215 2339 nostrae,

172 2346 220 2366 aut
236 2337 315 2367 dieto
335 2338 446 2374 Regno
468 2337 566 2368 nostro
582 2339 796 2375 praejudicialia,
818 2338 872 2368 live
894 2338 1032 2375 aliquibus
1056 2339 1153 2376 Ligcis
1171 2350 1226 2369 no-

174 2374 251 2413 stris,
269 2385 328 2406 non
340 2377 537 2414 prosequantur
551 2399 561 2415 ,
577 2385 624 2407 aut
638 2377 768 2415 prosequi
782 2376 826 2407 vel
840 2377 999 2414 attemptari.
1015 2377 1107 2408 facere
1122 2377 1223 2414 praesu-

174 2422 254 2443 mant
270 2415 370 2451 quovis
386 2415 486 2444 modo.

211 2451 245 2481 In
261 2453 354 2493 cujus,
371 2453 421 2483 &c
449 2462 498 2490 pei·
514 2461 624 2490 tempus
636 2453 805 2490 praedic‘lum
827 2454 972 2483 duraturas.

217 2520 221 2521 ⁷
249 2490 337 2521 Teste
356 2490 439 2530 Rege
461 2491 534 2529 apud
557 2490 752 2530 Beverlacum,
770 2492 886 2522 decimo
910 2492 956 2521 die
980 2491 1162 2531 Septembris.

823 2570 877 2597 Per
893 2566 975 2607 ipficm
990 2571 1096 2606 Regem.

481 2696 540 2726 Pro
566 2695 678 2726 Comite
700 2692 736 2725 de
760 2691 904 2738 Douglas.

178 2769 297 2824 REX
315 2769 463 2801 Univerfis
477 2770 510 2801 &
529 2770 642 2808 singulis
665 2769 840 2807 Admirallis,
857 2770 918 2801 &c.
937 2752 971 2798 ad
987 2779 1075 2808 quos,
1093 2770 1155 2801 δίε.
1174 2770 1224 2803 Sa-

249 2808 345 2839 lutem.

215 2847 313 2878 Sciatis
332 2846 407 2886 quod
422 2846 590 2884 suscepimus
605 2849 634 2877 in
645 2847 752 2877 salvum
769 2847 802 2878 &
819 2845 946 2876 securum
969 2845 1160 2888 Conduetum
1176 2858 1230 2878 no-

177 2886 265 2916 strum
276 2908 285 2923 ,
303 2896 335 2916 ac
353 2887 382 2915 in
396 2884 628 2924 Proteecionem,
647 2885 819 2915 Tuitionem
847 2885 880 2915 ὃς
897 2884 1103 2915 Defensionem
1120 2885 1227 2916 nostras

173 2924 301 2961 speciales
311 2946 321 2962 ,
340 2923 538 2954 Archibaldum
554 2927 682 2953 Comitem
696 2923 728 2952 de
742 2906 864 2958 Dougsas
877 2922 914 2952 de
931 2922 1119 2960 Scotia,cum
1131 2924 1228 2962 Quin-

175 2963 307 3001 quaginta
322 2962 465 3001 PersoniS,
484 2962 632 3001 Equitibus
646 2961 701 2991 five
717 2960 881 2998 Peditibus,
900 2960 1023 2991 Armatis
1038 2960 1082 2997 vel
1096 2972 1157 2991 non
1175 2962 1231 2992 Ar-

179 3001 275 3036 matis,
293 2998 353 3034 &a
367 3007 399 3030 ut
413 3005 442 3031 in
450 3000 582 3042 fimilibus
597 3001 630 3030 de
643 3000 782 3029 eonduaezu
796 3001 912 3028 Literis.

213 3038 246 3067 In
262 3039 357 3077 cujus,
374 3041 435 3070 &c.
454 3040 537 3078 usque
554 3039 589 3070 ad
606 3038 720 3069 Festum
736 3037 883 3068 Omnium
906 3036 1079 3068 Sandtorum
1094 3039 1230 3076 proximo

179 3076 305 3107 futurum
319 3075 468 3108 duraturas.

213 3113 301 3145 Teste
319 3113 404 3152 Rege
421 3115 495 3153 apud
511 3113 856 3156 Bisfhopthorpflicefimo
869 3113 966 3151 primo
980 3113 1026 3143 die
1042 3113 1224 3151 Septembris.

829 3192 882 3219 Per
894 3189 979 3229 ipsum
992 3192 1097 3227 Regem.

380 3319 429 3350 De
449 3315 691 3363 Hostagiamento
709 3318 831 3349 Comitis
847 3313 999 3348 antediffbi.

242 3403 304 3436 EX
324 3402 455 3434 univerfis
471 3400 651 3439 Admirallis,
667 3401 728 3431 &c.
766 3410 834 3437 uos,
851 3400 911 3430 &c.
930 3398 1065 3429 Salutem.

280 3443 380 3473 Sciatis
395 3440 470 3480 quod
494 3438 660 3475 suscepimus
678 3439 708 3467 in
729 3438 745 3467 s
766 3447 835 3468 vum
847 3438 879 3468 &
894 3437 1022 3467 securum
1037 3436 1226 3468 Conductum

181 3482 326 3519 nostrum,
344 3491 378 3510 ac
395 3481 423 3509 iri
440 3478 671 3513 Protectionem,
689 3474 877 3512 Tuitionem2
896 3476 929 3506 δε
948 3474 1152 3506 Defensionem
1170 3486 1225 3505 no-

183 3520 246 3550 stras
267 3520 397 3556 speciales
414 3541 423 3556 ,
448 3514 647 3547 Archibaldum
670 3513 701 3542 de
722 3512 845 3550 Douglas
869 3513 1097 3549 Primogenitum
1121 3513 1226 3543 Filium

184 3557 350 3588 Arrhibaldi
374 3559 483 3587 Comitis
507 3555 538 3584 de
559 3551 677 3589 Douglas
698 3550 733 3581 de
748 3551 842 3581 Scotia
855 3573 865 3588 ,
883 3560 951 3580 cum
966 3561 1024 3581 uno
1038 3551 1182 3581 Serviente
1197 3553 1226 3581 in

183 3596 329 3628 Comitiva
345 3595 405 3633 sua,
424 3605 471 3632 per
486 3592 601 3629 Castra,
618 3590 704 3620 Villas
719 3588 834 3619 firmatas
849 3612 858 3627 ,
876 3589 909 3619 &
925 3589 974 3619 alia
997 3589 1135 3619 Fortalitia
1152 3599 1228 3626 quae-

182 3645 321 3673 cumque,
339 3634 408 3664 infra
423 3634 560 3670 Regnum
574 3629 702 3660 nostrum
720 3627 831 3665 Angliae
847 3627 999 3665 morando,
1017 3627 1118 3666 absque
1134 3627 1228 3665 Malo,

181 3672 323 3711 Dampno
337 3695 346 3710 ,
365 3671 567 3702 Molestatione
581 3691 592 3707 ,
609 3668 653 3698 vel
675 3666 885 3703 impedimento
909 3664 1019 3704 aliquo,
1037 3666 1067 3695 in
1089 3664 1228 3702 Corpori-

180 3711 232 3742 bus
268 3711 371 3748 Bonis,
388 3718 434 3740 aut
450 3709 551 3740 Rebus
565 3708 634 3744 suis,
966 3742 970 3747 .
1011 3742 1016 3746 Ι
1172 3741 1177 3746 ι
1194 3741 1200 3746 ¹

212 3733 354 3780 N’olentes
377 3747 456 3786 quod
477 3747 527 3785 ipfi
542 3770 550 3784 ,
572 3746 679 3776 ratione
702 3741 832 3779 Marquae
847 3763 856 3778 ,
882 3740 1068 3785 Reprisaliaest
1100 3739 1201 3770 Debiti
1215 3762 1226 3778 ‚

179 3786 322 3824 Compoti
334 3809 343 3825 ,
361 3785 571 3816 Conventionis
585 3807 595 3822 ,
615 3782 660 3813 seu
681 3781 788 3812 alterius
809 3778 982 3821 Coutrafitus
1004 3778 1226 3822 cujuscumque,

178 3825 213 3855 ad
229 3826 343 3856 Sectam
358 3824 414 3855 five
429 3823 660 3855 Prosecutionem
674 3818 815 3855 nostram,
834 3825 880 3846 aut
893 3817 1051 3860 aliquorum
1067 3817 1226 3860 Ligeorum

180 3862 359 3901 nostrorum,
376 3871 420 3892 aut
433 3863 552 3892 aliorum
567 3860 728 3897 capiantur,
746 3856 912 3892 arestentur,
929 3854 1166 3898 imprisonentur,
1184 3864 1227 3884 m-

178 3903 352 3939 quietentur,
371 3900 552 3931 molestentur
569 3901 598 3929 in
614 3898 727 3934 aliquo,
744 3895 789 3925 seu
805 3903 951 3937 graventur
987 3895 1037 3936 nili
1054 3900 1228 3922 tantummo-

179 3941 220 3970 do
233 3940 339 3969 ratione
353 3937 566 3976 Expectationis
590 3936 644 3966 suae
661 3936 690 3964 in
711 3933 855 3971 Hostagio
870 3941 922 3969 pro
938 3914 1058 3960 demite
1083 3930 1118 3960 de
1141 3930 1229 3961 Dou-

183 3977 333 4017 glasPatre
344 3977 403 4014 suo,
765 4011 770 4016 ⁵
894 4008 898 4012 ³

217 4013 416 4046 Concedentes
431 4014 496 4052 fibi,
505 4014 538 4044 ὃς
552 4014 582 4042 in
594 4013 684 4043 verbo
699 4010 793 4042 Reoio
803 4009 999 4039 Promittentes
1007 4029 1016 4044 ,
1024 4005 1099 4044 quod
1110 4029 1119 4044 ,
1138 4044 1142 4049 Π

219 4056 234 4071 *
254 4052 411 4121 ὡαιῐξείιξο
422 4051 588 4117 ΙΡι-εεάἰόὶυε
612 4050 721 4082 Comes
741 4035 777 4081 de
799 4046 925 4086 Douglas
937 4068 947 4085 ,
979 4045 1042 4083 post
1063 4053 1227 4084 proximum

215 4095 287 4124 Tom.
305 4093 320 4120 Ι
346 4112 354 4119 .
397 4110 403 4117 .
439 4111 446 4118 .

1304 174 1766 223 PUBLICA.
2290 179 2342 221 89

1270 259 1432 303 Tranfitum
1447 262 1526 303 suum
1542 265 1570 293 in
1586 272 1671 301 partes
1683 265 1805 304 Scotiae,
1823 266 1891 297 infra
1908 267 2041 298 Castrum
2059 266 2093 295 de
2109 265 2253 301 Durame,
2270 271 2317 293 aut
2340 255 2417 286 ΑΓΠἸ·
2432 255 2472 287 D.'

1269 297 1370 340 N'obis
1394 301 1570 336 personaliter
1586 324 1596 338 ,
1613 303 1786 341 ubicumque
1808 304 1942 335 fuerimus
1964 307 1993 334 in
2019 304 2127 340 Regno
2143 303 2237 333 nostro
2252 301 2312 331 An-
2355 303 2441 331 1405·

1268 335 1352 379 gliae,
1371 337 1426 367 fine
1443 338 1546 367 Fraude
1562 338 1606 368 vel
1626 339 1721 378 Dolo,
1739 343 1927 381 reintraverit,
2334 337 2394 360 Hm
2413 340 2443 368 4·

1305 372 1408 417 Dic‘tus
1426 375 1617 417 Areliebaldus
1640 377 1722 407 Filius
1737 380 1767 408 fit
1791 382 1823 409 δε
1847 382 1897 410 crit
1919 382 1990 411 liber
2005 382 2039 411 &
2056 379 2162 417 quietus
2183 378 2218 408 ab
2233 378 2313 407 omni

1268 410 1393 443 Αᾶῒιοηε
1409 413 1573 443 Obiidmnis
1589 423 1639 450 pro
1655 414 1733 444 dic'to
1751 416 1868 448 Comite
1883 420 1918 448 de
1935 419 2060 457 Douglas
2074 441 2084 455 ,
2102 418 2133 447 δέ
2152 416 2226 453 quod
2243 425 2312 455 prse-

1266 448 1351 479 sentes
1373 452 1475 481 Literae
1496 451 1600 481 nostrie
1620 452 1669 481 fibi
1689 453 1748 483 sunt
1763 454 1906 493 Effectus,
1926 457 2052 494 valoris,
2069 459 2101 488 &c
2118 455 2232 492 Vigoris
2246 453 2311 484 salvi

1266 487 1299 528 {Sc
1311 488 1400 530 *securi
1417 489 1587 519 Condu6tsis
1603 499 1650 525 per
1664 490 1853 530 Qiadraginta
1868 494 1939 523 Dies
1954 496 2068 532 expost,
2087 505 2103 524 a
2116 502 2242 530 tempore
2256 502 2313 530 quo

1267 525 1317 554 sibl
1334 526 1369 557 de
1383 526 1548 565 Reingreffu
1573 527 1643 557 dicti
1659 527 1782 558 Comitis
1802 530 1883 566 plene
1899 533 2068 571 constiterit,
2088 533 2121 562 ad
2139 531 2311 562 redeundum

1265 562 1299 592 ad
1321 573 1409 600 partes
1430 565 1535 595 Scotiae
1552 575 1618 595 cum
1643 565 1802 603 hujusmodi
1818 567 1961 598 Serviente
1976 570 2041 608 suo,
2060 581 2107 607 per
2122 571 2240 600 Terram
2264 570 2308 600 vel

1264 610 1314 636 pei·
1338 601 1436 640 Mare,
1454 613 1538 641 prout
1559 604 1609 633 fibi
1634 604 1765 640 placuerit
1805 604 1866 638 &a
1883 614 1912 634 ut
1929 610 1957 635 in
1977 607 2103 645 similibus
2124 610 2155 638 de
2173 608 2308 638 conductu

1264 641 1386 679 Litoris,
1406 652 1463 670 cum
1478 641 1529 670 hac
1545 641 1689 680 Ci'aufidag
1706 643 1772 672 vide
1783 647 1848 680 icet,

1296 676 1413 709 Proviso
1428 681 1510 710 etiam
1526 681 1601 717 quod
1611 703 1619 717 ,
1639 681 1657 710 fi
1673 682 1822 718 praefatum
1838 681 1987 711 Comitem
2001 705 2009 719 ,
2032 691 2179 720 antequam
2195 685 2223 714 in
2238 685 2307 714 For-

1263 722 1309 744 ma
1334 718 1468 754 praediCta
1492 719 1660 748 reintraverit
1674 741 1683 756 ,
1702 719 1853 756 aliqualiter
1869 722 1943 749 mori
1961 722 2126 757 contigerit,
2145 732 2213 751 tunc
2230 723 2306 752 idem

1260 751 1452 786 Archebaldus
1475 755 1558 785 Filius
1580 765 1718 787 remaneat
1733 758 1765 787 ὃς
1782 757 1832 787 stet
1847 767 1929 794 penes
1943 758 2026 795 Nos,
2048 758 2144 789 Modo
2159 761 2191 789 ὃς
2206 760 2307 791 Formi

1261 793 1362 826 quibus
1374 795 1536 824 continetur
1550 795 1581 834 iri
1588 794 1750 833 quibusdam
1764 795 1939 833 ludenturis,
1958 798 2028 826 inter
2045 796 2149 827 Nos&
2159 798 2305 835 praefatum

1260 828 1410 861 Comitem
1427 831 1493 861 inde
1507 833 1645 861 contectis
1654 833 1848 872 ,praesentibus
1865 834 1965 865 Literis
1979 833 2078 864 nostris
2092 834 2126 864 de
2142 835 2215 865 salvo
2225 835 2306 865 Con-

1258 865 1345 899 ductu
1365 880 1425 900 non
1439 868 1623 899 obstantibus.

1298 907 1331 937 In
1347 909 1441 946 cujus,
1458 909 1519 938 &Q
1534 917 1582 945 per
1604 917 1715 946 tempus
1736 909 1905 947 praedietum
1927 911 1955 939 in
1972 909 2065 941 forma
2080 910 2213 950 praedksta
2226 909 2304 941 dura-

1259 954 1338 977 tutas.

1252 1023 1272 1052 b
1290 1024 1295 1028 1
1328 984 1418 1015 Teste
1433 983 1517 1022 Rege
1532 984 1605 1022 apud
1620 984 1807 1024 Birlhopthorp
1821 1008 1831 1025 ,
1850 986 1984 1018 vicesimo
2006 987 2100 1027 primo
2114 987 2159 1017 die
2177 986 2305 1025 Septem-

1273 1033 1320 1054 ris.

1935 1065 1988 1093 Per
2004 1062 2086 1102 ipsicm
2101 1066 2203 1101 Regem.

1405 1196 1453 1229 De
1474 1192 1678 1229 Conduffnlms
1685 1195 1776 1242 fitpcr
1789 1198 1912 1242 prefato
1930 1192 2185 1244 Hcstagiamento.

1256 1278 1384 1347 RFiX
1402 1280 1550 1311 Univerfis
1566 1282 1598 1313 ὃς
1615 1280 1721 1320 singulis
1738 1281 1898 1311 Admirallis
1912 1304 1922 1319 ,
1939 1283 1999 1312 &c.
2019 1282 2053 1312 ad
2068 1293 2153 1322 quos,
2172 1283 2233 1313 ὅτε.
2252 1282 2302 1314 Sa«
2327 1282 2403 1313 Ann.
2415 1282 2454 1315 D.

1346 1327 1431 1348 utem.
2348 1332 2360 1353 1
2385 1331 2402 1350 0
2425 1346 2431 1352 .

1288 1355 1386 1386 Sciatis
1402 1356 1481 1394 quod
1497 1356 1662 1394 suscepimus
1676 1358 1704 1386 in
1721 1357 1826 1387 salvum
1843 1359 1876 1388 ὃ(
1893 1357 2022 1388 securum
2039 1357 2229 1390 Conduetum
2247 1370 2302 1390 no·
2324 1331 2384 1387 Ars.¹⁵
2406 1331 2435 1389 {5

1252 1393 1357 1431 strum,
1377 1405 1410 1425 ac
1426 1396 1454 1425 in
1470 1395 1701 1432 Proteetionem,
1721 1396 1906 1433 Tuitionem,
1923 1397 1955 1426 ὃς
1973 1396 2177 1427 Defenfionem
2195 1399 2300 1429 nostras
2324 1404 2357 1426 H.
2376 1408 2404 1434 4,

1252 1432 1396 1470 speciales,
1414 1433 1590 1463 bVillielmum
1604 1435 1635 1463 de
1652 1433 1814 1474 Abernethy
1831 1434 1965 1474 Militem.
1976 1434 2010 1464 de
2027 1434 2121 1465 Scotia
2136 1458 2146 1473 ,
2165 1447 2231 1467 curn
2247 1448 2305 1467 uno
2325 1440 2399 1473 Viag.
2415 1438 2441 1465 6,

1254 1471 1398 1502 Serviente
1420 1472 1448 1501 in
1473 1471 1620 1502 Comitiva
1642 1472 1686 1502 sua
1703 1495 1711 1508 ,
1729 1481 1779 1509 per
1803 1471 1898 1502 Castra
1911 1495 1920 1509 ,
1940 1472 2023 1502 Villas
2047 1472 2164 1503 firmatas
2177 1497 2187 1512 ,
2205 1476 2237 1506 &
2254 1476 2304 1506 alia
2327 1480 2358 1502 H.
2376 1487 2404 1510 4.

1254 1509 1395 1540 Fortalitia
1409 1520 1598 1548 quaecumque
1613 1535 1622 1549 ‚
1640 1511 1710 1540 infra
1728 1510 1862 1546 Regnum
1877 1509 2004 1540 nostrum
2020 1510 2132 1547 Angliae
2150 1514 2305 1551 morando,
2327 1523 2363 1541 m.
2385 1522 2426 1541 ii.

1253 1548 1355 1585 absque
1378 1549 1460 1579 Malo
1475 1571 1485 1587 ,
1504 1549 1643 1586 Dampno
1659 1571 1669 1587 ,
1687 1548 1905 1587 Molestatione,
1921 1548 1966 1579 vel
1982 1548 2193 1585 Impedimento
2215 1552 2307 1589 aliquo

1254 1587 1283 1616 in
1301 1586 1498 1625 Corporibus,
1517 1587 1616 1626 Bonis,
1630 1595 1675 1618 aut
1691 1586 1791 1617 Rebus
1809 1587 1878 1625 suis,

1291 1625 1432 1655 Nolentes
1456 1625 1533 1663 quod
1557 1626 1606 1663 ipsi
1622 1648 1633 1663 ,
1659 1627 1765 1655 ratione
1790 1623 1921 1663 Marquae
1938 1649 1947 1663 ,
1972 1624 2134 1662 Reprisaliae
2151 1648 2160 1661 ,
2187 1626 2304 1666 Debiti,

1255 1662 1397 1701 Compoti
1411 1687 1421 1702 ,
1441 1663 1649 1694 Conventionis
1666 1687 1675 1702 ,
1700 1664 1745 1694 seu
1767 1663 1876 1694 alterius
1899 1663 2073 1694 Contractus
2089 1664 2306 1703 cujuscumque,

1254 1701 1287 1731 ad
1304 1701 1416 1732 Seehm
1433 1703 1487 1733 five
1504 1702 1734 1733 Prosecutionem
1752 1701 1894 1740 nostram,
1912 1711 1957 1731 aut
1977 1702 2133 1740 aliquorum
2154 1703 2307 1741 Ligeonim

1254 1740 1418 1770 nostrorum
1436 1764 1445 1779 ,
1463 1750 1509 1771 aut
1533 1742 1651 1771 aliorum
1668 1763 1677 1778 ,
1695 1741 1837 1777 capiantur
1852 1763 1861 1777 ,
1879 1740 2050 1778 arestentur,
2071 1741 2309 1778 imprilonentur,

1254 1779 1439 1816 inquietentur
1451 1802 1460 1816 ,
1485 1779 1671 1809 molestentur
1693 1779 1722 1808 in
1739 1779 1835 1816 aliquo
1851 1801 1860 1816 ,
1879 1779 1921 1808 seii
1937 1787 2102 1816 graventur,
2120 1780 2170 1808 nili
2189 1788 2310 1809 tantum-

1254 1817 1477 1885 ssodolratione
1510 1817 1719 1855 Expetstationis
1743 1817 1798 1847 suae
1824 1817 1854 1846 in
1879 1816 2024 1854 Hostagio
2054 1827 2106 1854 pro
2133 1817 2251 1848 Comite
2275 1818 2310 1848 de

1288 1865 1347 1892 oug
1359 1866 1393 1886 as.

1291 1893 1492 1925 Concedentes
1507 1895 1574 1933 fibi,
1592 1895 1624 1925 &
1642 1895 1669 1924 in
1684 1895 1772 1924 verbo
1787 1893 1886 1931 Regio
1902 1893 2122 1932 promittentes,
2144 1895 2218 1932 quod
2229 1918 2237 1933 ,

1294 1933 1454 1972 Qmmcito
1484 1934 1633 1970 przedietus
1663 1931 1773 1962 Comes
1802 1932 1838 1962 de
1867 1932 1998 1969 Dona-las
2017 1955 2025 1968 ,
2052 1932 2116 1969 post
2144 1935 2308 1970 proximum

1255 1971 1418 2001 Traiifitum
1440 1972 1520 2002 suum
1545 1973 1574 2001 in
1597 1980 1687 2009 partes
1711 1971 1816 2000 Scotiae
1832 1993 1841 2008 ,
1860 1971 1930 2000 insta
1954 1970 2085 2000 Castrum
2107 1971 2141 2001 de
2165 1971 2312 2009 Durium,

1256 2010 1301 2040 Vel
1325 2009 1422 2040 Nobis
1445 2010 1648 2048 personaliter,
1667 2010 1842 2046 ubicumque
1867 2009 2004 2039 fuerimus
2026 2010 2054 2037 in
2081 2009 2190 2046 Regno
2215 2010 2310 2039 nostro

1257 2048 1371 2086 Angli-x
1387 2072 1396 2086 ,
1415 2049 1470 2079 fine
1492 2049 1601 2079 Fraude
1622 2048 1668 2078 vel
1684 2047 1765 2077 Dolo
1779 2069 1788 2085 ,
1807 2048 1995 2085 reintraverit,
2016 2055 2063 2077 aut
2078 2048 2168 2085 ipsum
2184 2049 2312 2086 qualiter-

1257 2097 1380 2124 cumque
1397 2088 1474 2117 mori
1492 2087 1668 2124 contigerit,

1296 2125 1399 2155 Dictus
1415 2126 1590 2156 Willielmus
1606 2126 1637 2156 sit
1660 2125 1693 2155 &
1713 2125 1765 2155 erit
1787 2124 1858 2154 liber
1872 2124 1904 2154 &
1919 2125 2027 2162 quietus
2042 2125 2077 2154 ab
2092 2125 2173 2154 omni
2189 2124 2312 2155 Aetione

1257 2163 1389 2201 Hostagii
1405 2174 1457 2202 pro
1471 2164 1550 2194 dieto
1565 2163 1684 2193 Comite
1699 2164 1735 2193 de
1747 2162 1888 2201 DouglaS,

1296 2203 1333 2233 Et
1349 2203 1427 2241 quod
1442 2203 1587 2240 praesentes
1603 2202 1706 2232 Literae
1723 2201 1827 2231 nostrae
1844 2201 1894 2231 fibi
1910 2200 1960 2230 fint
1975 2199 2121 2237 Effectus,
2142 2199 2267 2238 ValorIs,
2278 2201 2311 2231 ὃς

1260 2241 1378 2279 Vigoris
1399 2242 1464 2272 salvi
1483 2242 1513 2272 ὃ(
1529 2241 1617 2271 securi
1635 2239 1806 2271 Conduetsis
1830 2249 1877 2277 per
1900 2238 2096 2276 Quadraginta
2113 2238 2182 2268 Dies
2200 2238 2315 2276 expost,

1260 2291 1275 2310 a
1292 2289 1423 2317 tempore
1448 2287 1504 2318 quo
1526 2280 1577 2309 fibi
1599 2279 1633 2309 de
1652 2277 1819 2317 Reingreisu
1843 2278 1888 2307 vel
1909 2278 1990 2307 obitu
2008 2278 2079 2307 dieti
2097 2276 2218 2306 Comitis
2233 2277 2316 2313 plene

1261 2319 1431 2356 constiterit,
1449 2319 1484 2348 ad
1506 2318 1678 2348 redeundum
1700 2318 1734 2347 ad
1751 2325 1839 2354 partes
1861 2316 1968 2346 Scotiae
1989 2325 2057 2345 cum
2083 2315 2237 2351 hujusmodi
2254 2315 2317 2344 Ser-

1263 2358 1359 2387 viente
1374 2357 1438 2393 suO,
1457 2367 1504 2394 per
1518 2357 1639 2386 Terram
1649 2378 1657 2393 ,
1675 2356 1720 2385 vel
1736 2364 1784 2391 per
1801 2353 1883 2383 Mare
1899 2376 1908 2389 ,
1928 2361 2011 2389 prout
2026 2353 2075 2382 sibi
2088 2353 2236 2391 placuerit,
2254 2351 2315 2387 &n

1264 2403 1295 2425 ut
1312 2399 1340 2424 in
1348 2394 1479 2435 similibus
1495 2395 1526 2423 de
1543 2394 1677 2423 ConduHu
1694 2395 1806 2422 Literir.

1302 2433 1335 2463 In
1352 2434 1448 2470 cujus,
1466 2433 1528 2462 &a
1547 2442 1595 2468 per
1609 2439 1721 2467 tempus
1735 2428 1904 2466 praedizstum
1919 2427 2067 2458 duraturas.

1339 2470 1426 2500 Teste
1448 2469 1527 2509 Rege
1549 2468 1622 2507 apud
1637 2466 1824 2507 Bisshopthorp
1839 2489 1849 2506 ,
1868 2467 2005 2497 vicesimo
2021 2468 2115 2504 primo
2129 2466 2175 2497 die
2189 2466 2317 2506 Septem-

1265 2511 1330 2540 bris.

1878 2545 1931 2573 Per
1950 2542 2033 2582 ipficm
2051 2545 2155 2580 Regem.

1267 2624 1435 2656 Confimiles
1450 2624 1556 2654 Literas
1566 2622 1657 2660 Regis
1673 2622 1708 2652 de
1721 2621 1796 2652 salvo
1805 2620 1962 2651 Conduem
1979 2620 2082 2651 habent
2097 2618 2318 2657 subscripti,sub

1612 2661 1709 2693 eadem
1725 2660 1815 2698 Data,
1831 2659 1981 2697 videlicet,

1303 2740 1424 2779 Jacobur
1449 2741 1481 2769 de
1502 2737 1622 2776 Douglas
1649 2737 1734 2767 Filius
1755 2735 1925 2766 Archibaldi
1954 2738 2064 2765 Comitis
2085 2734 2116 2764 de
2145 2732 2266 2772 Douglas
2287 2733 2319 2762 de

1344 2782 1443 2808 Scotia.

1305 2820 1347 2847 W
1347 2817 1469 2847 illielmus
1484 2817 1515 2846 de
1529 2814 1682 2854 Borthwyk
1699 2813 1781 2843 Miles
1796 2814 1828 2843 de
1841 2815 1938 2842 Scotia.

1306 2859 1349 2886 W
1348 2854 1472 2885 illielmus
1491 2855 1523 2883 cle
1537 2855 1634 2883 Sancsso
1650 2852 1730 2882 Claro
1746 2851 1829 2881 Miles
1839 2852 1871 2880 de
1886 2853 1982 2880 Scotia.

1306 2893 1468 2924 Willielmus
1494 2893 1525 2921 de
1546 2891 1665 2928 Douglas
1687 2893 1884 2927 Primogenitus
1909 2888 1992 2918 Filius

1343 2932 1406 2962 Filii
1420 2932 1458 2967 ὠ
1473 2931 1598 2960 Ηιενθᾶἰς
1618 2932 1724 2959 Domini
1739 2929 1769 2957 de
1786 2927 1918 2957 Dalkeith
1933 2928 1964 2956 de
1979 2929 2076 2956 Scotia.

1305 2970 1495 3001 Archebaldus
1509 2969 1540 2998 de
1556 2967 1675 3005 Douglas
1691 2969 1822 2996 Dominus
1835 2967 1866 2995 de
1882 2969 1986 2995 Caver5
2000 2965 2033 2994 de
2044 2967 2141 2994 Srotia.

1305 3014 1394 3039 Simos-z
1409 3010 1440 3038 de
1455 3008 1652 3045 Glendouwyne
1667 3004 1750 3034 Miles
1764 3005 1795 3033 de
1808 3008 1903 3034 Scotia.

1304 3048 1452 3087 Johannes
1472 3047 1503 3076 de
1521 3048 1603 3074 Seton
1620 3043 1701 3073 Miles
1715 3043 1746 3071 de
1760 3046 1857 3072 scotia.

1304 3086 1452 3125 Johannes
1468 3086 1499 3114 de
1514 3087 1684 3120 Montgomer
1715 3080 1799 3110 ,Miles
1818 3082 1850 3110 de
1865 3082 1963 3110 Scotia.

1304 3125 1448 3163 Johannes
1464 3125 1552 3161 Herys
1567 3120 1649 3151 Miles
1683 3131 1695 3149 e
1709 3122 1804 3148 Scotia.

2018 2885 2120 2926 Jacobi
2143 2886 2175 2916 de
2196 2884 2315 2924 Douglas

1911 3158 1964 3185 Per
1981 3154 2064 3196 ipfitm
2083 3156 2186 3192 Regem.

2182 3244 2323 3251 .—-——-

1420 3304 1442 3326 *
1465 3305 1513 3337 De
1531 3298 1703 3336 Traaando
1715 3327 1724 3343 ,
1749 3311 1818 3332 cum
1838 3295 1975 3332 Danaldo
1994 3295 2030 3329 de
2052 3295 2172 3340 Infidis.
2340 3312 2358 3329 0
2381 3312 2465 3340 vm·

2388 3350 2416 3376 18

1332 3389 1415 3428 EX,
1433 3388 1594 3419 Venerabili
1618 3387 1646 3415 in
1661 3384 1779 3415 Christo
1794 3384 1887 3421 Patri,
1901 3382 1942 3427 J.
1960 3380 2058 3425 eadem
2071 3379 2173 3423 gratian,
2192 3377 2316 3417 Episcopo
2336 3360 2410 3419 Αζῃ,
2426 3386 2465 3416 D-

1266 3397 1329 3460 R
1350 3429 1382 3457 de
1398 3431 1479 3457 Doun
1503 3427 1574 3456 infra
1589 3425 1709 3454 Terram
1730 3422 1851 3453 nostram
1865 3421 2032 3458 Hiberniae,
2049 3429 2102 3457 ac,
2121 3418 2241 3448 Dilecto
2258 3417 2310 3447 Ar·
2357 3432 2439 3463 ¹405·

1265 3469 1380 3503 migero
1396 3465 1494 3496 nostro
1504 3487 1513 3503 ,
1529 3464 1633 3503 Janico
1648 3461 1811 3499 d'Artaffo,
1829 3460 1963 3490 Salutem.
2065 3496 2070 3501 .
2220 3495 2225 3500 .
2333 3469 2384 3492 An.
2401 3468 2429 3490 0·

1303 3505 1403 3535 Sciatis
1418 3503 1496 3541 quod
1518 3502 1585 3532 Nos
1606 3500 1659 3537 (de
1680 3499 1809 3529 fidelitate
1824 3500 1856 3529 ὃς
1874 3495 2127 3534 circumspectione
2142 3495 2239 3525 vestris
2252 3493 2310 3531 ple-
2335 3507 2367 3530 H.
2387 3512 2414 3536 4,

1264 3543 1329 3573 nius
1345 3541 1533 3577 confidentes)
1555 3539 1751 3577 assignavimus
1767 3547 1818 3567 vos
1833 3537 1867 3566 ad
1883 3534 2138 3577 Conveniendum,
2177 3572 2200 3579 .,
2371 3533 2436 3568 lm,

1302 3581 1448 3610 Omnibus
1463 3581 1514 3609 viis
1529 3580 1562 3610 ὃς
1578 3576 1685 3613 modis,
1703 3575 1785 3605 licitis
1799 3576 1831 3605 ὅ(
1847 3573 1981 3609 honestis,
2001 3573 2102 3615 quibus
2118 3571 2234 3615 melius,
2259 3577 2309 3610 pro

1264 3618 1387 3649 Honore
1407 3619 1441 3648 ὅ(
1463 3614 1634 3647 Commodo
1656 3613 1743 3644 nostri
1787 3622 1820 3642 ac
1836 3612 1939 3649 Populi
1956 3611 2054 3647 Regni
2075 3608 2162 3638 nostri
2180 3606 2308 3650 Angliae,

1264 3666 1379 3687 necnon
1400 3655 1485 3686 dictae
1506 3655 1606 3684 Terrae
1627 3651 1731 3695 nostrae
1754 3635 1902 3680 fiiberniae
1917 3672 1926 3688 ,
1943 3649 2020 3687 juxta
2035 3647 2108 3678 sanas
2123 3646 2311 3676 Discretiones

1265 3695 1385 3732 vestras,
1401 3693 1536 3724 sciveritis
1551 3692 1596 3721 seu
1610 3698 1754 3729 poteritis,
1778 3727 1783 3732 .
2256 3719 2260 3724 .

1303 3732 1382 3763 Cum
1405 3731 1530 3761 Donaldo
1552 3730 1583 3759 de
1605 3726 1703 3767 Infidis
1726 3726 1859 3757 Chivaler
1875 3748 1885 3764 ,
1910 3725 1943 3756 &
1965 3724 2097 3763 Johanne
2117 3725 2214 3750 Fratre
2235 3728 2309 3763 esur,

1265 3770 1343 3808 super
1358 3770 1431 3800 finali
1448 3769 1540 3806 Pace,
1559 3766 1727 3806 Alligantia,
1745 3766 1777 3795 δε
1793 3765 1944 3801 Amicitia,
1961 3765 2031 3793 inter
2046 3761 2113 3791 Nos
2129 3782 2138 3796 ,
2154 3759 2186 3788 ὃ(
2204 3758 2309 3799 Ligeos

1267 3810 1374 3839 nostros
1397 3808 1489 3846 Regni
1510 3808 1543 3838 &
1564 3806 1662 3835 Terrae
1685 3802 1848 3834 nostrorum
1867 3801 2068 3839 praemistorum
2085 3821 2094 3836 ,
2128 3798 2160 3838 ὃς
2184 3798 2311 3832 praeratos

1268 3846 1433 3878 Donaldum
1448 3847 1481 3877 &
1492 3843 1711 3884 Johannem‚&
1726 3841 1858 3871 Subditos
1871 3840 1933 3870 suos
1946 3839 2077 3868 omnium
2094 3835 2125 3865 δε
2141 3833 2308 3879 lingularum

1266 3886 1419 3916 Insularurn
1442 3884 1567 3920 suarum,
1585 3883 1643 3912 tam
1667 3891 1715 3918 per
1735 3879 1875 3916 Terram,
1893 3879 1976 3915 quam
2000 3885 2048 3912 per
2066 3872 2163 3909 Mare,
2179 3870 2309 3901 habenda.

1267 3922 1465 3955 Tractandum
1475 3945 1484 3959 ,
2194 3946 2203 3956 ⁸
2277 3947 2282 3952 ¹

1304 3961 1432 3999 Ipsosque
1447 3959 1611 3989 Donaldum
1628 3957 1660 3987 &
1674 3956 1835 3994 johannem
1851 3949 2042 3994 super—Modo
2056 3950 2089 3979 &
2104 3947 2207 3977 Forma
2214 3946 2315 3984 Pacis,

1268 4000 1446 4035 Allieantiae,
1461 4000 1494 4029 ὃς
1510 3996 1675 4031 Amicitiae,
1697 3995 1794 4031 quibus
1809 3993 1858 4030 ipsi
1872 3988 2022 4021 nobiscum
2037 3986 2195 4024 liabere2&
2212 3994 2316 4022 tenere,

1271 4040 1303 4071 ὅ(
1317 4037 1427 4069 firmare
1446 4035 1611 4072 intendunt,
1629 4032 1809 4097 Audiendiffii
1819 4052 1829 4067 ,
2281 4058 2317 4089 Et
