2562 4274
744 213 857 254 ET
941 213 1211 256 ACTA
1295 216 1774 261 PUBLICA.

2263 225 2288 270 7

0 312 45 345 nn.
57 298 101 332 D,
1221 300 1396 346 Norwegia,
1414 303 1585 348 aestimantes
1603 306 1636 336 &
1656 306 1793 346 sperantes
1812 306 1837 338 se
1857 302 1966 338 ibidem
1979 305 2367 343 Rescussum-haberefflnn.
2382 309 2426 342 D:

3 349 71 386 ψη.
1216 340 1377 382 fugierunt,
1391 341 1550 388 superigenit
1569 343 1620 372 illis
1640 346 1747 388 eodem
1759 354 1887 384 tempore
1900 356 2032 377 numerus
2049 348 2280 387 Qingentarum
2313 359 2401 388 1412.

0 391 30 409 en.
48 390 76 416 4.
182 386 230 418 De
254 380 627 429 Exemplificasionefhper
642 383 853 429 Qerimoniis
881 386 1107 417 Astreasomm,
1217 377 1404 410 Perionarum
1417 381 1454 410 de
1466 381 1605 411 societate
1612 382 1647 412 de
1660 383 1843 422 Hansa,2rpud
1859 384 1947 415 Berne
1960 388 2217 425 commorantium,
2226 387 2282 417 Ar·
2294 393 2357 417 Hen.
2372 399 2402 424 4.

1217 426 1356 448 matarum
1380 420 1413 449 δε
1440 419 1629 450 Arraiatarum
1659 424 1749 451 modo
1775 423 1922 452 Guerrino
1942 447 1951 462 ,
1985 427 2043 455 tam
2070 435 2118 465 per
2143 425 2282 464 Terram,

1216 458 1300 523 quam
1322 466 1370 494 per
1390 457 1489 495 Mare,
1509 459 1543 488 ὃς
1564 458 1654 488 dictos
1676 459 1828 490 Piscatores
1840 471 1992 501 ceperunt,
2011 464 2043 493 ὃς
2060 463 2165 494 Manus
2177 465 2234 494 suas
2247 465 2280 495 &

1249 496 1318 524 ibias
1335 496 1393 526 suas
1415 496 1589 535 ligaverunt,
1604 497 1637 528 &
1658 499 1685 526 in
1704 498 1787 527 Mare
1801 509 1864 530 ante
1877 501 1986 531 dictum
2001 501 2121 532 Portum
2135 503 2171 532 tle
2185 503 2283 542 Wyn-

1215 533 1334 564 deforde
1356 535 1550 573 projecerunt,
1569 538 1585 552 ⁴¹³
1600 536 1650 564 ubi
1666 536 1748 573 Aqua
1763 537 1954 575 profunditatis
1970 539 2077 577 Viginti
2091 541 2123 571 &
2140 541 2282 579 Qinque
2296 539 2314 557 *⁸
2326 540 2408 571 VHL

1217 570 1363 602 Ulnarum
1377 574 1485 613 eXtitit,
1502 575 1536 605 &
1548 574 1585 604 sic
1598 573 1667 604 dieti
1682 574 1835 604 Piscatores
1849 576 1918 605 falso
1935 578 1967 607 &
1984 579 2133 610 infideliter
2144 579 2278 611 Murdra-
2298 587 2362 613 724-

0 476 19 493 ³·
36 474 79 502 ¹3·
113 467 258 528 REX,
273 467 438 505 Omnibus,
457 467 491 498 ad
505 478 593 508 quos,
608 468 670 513 &⁶1⁴
685 466 835 513 Salutem..
852 507 858 512 .
902 508 908 513 -
1020 509 1026 514 ι

14 513 42 539 4·
189 506 203 537 1
211 515 234 537 N
243 516 255 536 s
264 515 282 536 Ρ
294 516 311 536 Ε
321 516 338 536 x
346 516 357 536 1
367 515 395 537 M
405 516 428 537 u
437 516 449 537 s
456 506 605 538 Tenorem
614 506 759 545 cujusdam
774 507 932 546 Petitionis,
941 507 1040 538 Nobis
1048 509 1081 540 ὃ(
1097 508 1180 539 Con·-

0 549 25 569 22·
44 551 88 578 ¹3·
111 545 178 576 cilio
199 544 313 582 nostre,
332 556 380 583 per
396 545 574 576 Mercatores
588 544 671 575 Villae
685 545 721 575 de
744 545 829 576 Lenn
843 570 853 584 ,
878 555 966 583 partes
986 547 1021 577 de
1039 547 1130 578 Berne
1146 548 1178 578 in

0 602 2 606 ·
20 589 49 614 4-
110 583 269 623 Norwegia
284 584 504 622 frequentantes,
524 585 554 614 in
571 584 681 622 Lingua
696 582 844 616 Gallicana
862 585 995 615 exhibitae
1011 608 1021 624 ‚
1044 595 1128 624 quam
1148 587 1178 616 in

0 627 24 646 z.
38 626 76 646 m.

0 1529 79 1558 VIII.

109 622 246 654 Latinum
262 623 402 654 transferri
421 623 541 653 fecimus
555 623 585 652 in
598 622 662 653 haec
681 623 777 662 verba,

148 699 371 732 Exellentiffimo
391 698 519 735 Principi
542 700 576 730 &
604 698 737 729 Domino
759 699 809 730 suo
838 699 1074 731 Metuendisfimo
1101 701 1178 740 Regi

108 738 236 778 Angliae,
252 737 407 770 ac'Nobili
421 739 454 769 δε
468 737 601 769 Discreto
616 737 755 769 Concilio
768 739 834 776 suo,
858 741 1010 778 Exponunt
1030 738 1177 777 humiliter,

110 778 130 808 si
144 779 226 808 vobis
238 777 360 815 placeat,
383 775 558 808 Mercatores
572 776 657 807 Villae
679 777 714 808 de
735 777 836 815 Lenn,
864 788 954 817 partes
976 778 1010 809 de
1033 777 1122 809 Berne
1147 778 1177 808 in

108 816 271 855 Norwegia
283 816 426 853 uiitantes,
445 816 543 854 quod,

147 854 230 885 Cum
244 855 328 886 iidem
362 854 540 885 Mercatores
565 877 575 893 ,
600 865 649 893 per
665 857 831 884 Mercatores
849 857 989 884 Societatis
1006 855 1039 884 de
1057 853 1156 893 Hanfh
1167 877 1178 893 ,

109 902 198 931 partes
212 894 361 932 praedststas
376 894 600 932 frequentantes,
617 894 714 933 saepius
728 902 790 923 ante
804 893 866 923 haec
882 901 1010 932 tempora
1026 892 1179 924 Perturba-

107 933 147 970 ti,
172 931 320 964 Molestati
336 956 345 972 ,
372 931 497 971 Impetiti
511 956 521 969 ,
547 931 751 970 Dampnificati
772 932 911 962 eittiterint
934 932 1125 970 multipliciter
1144 933 1178 963 &

106 969 244 1040 gravati,
262 981 347 1010 prout
360 981 408 1011 per
422 971 570 1002 Articulos
583 971 725 1011 sequentes
736 969 845 1009 plenius
861 971 965 1008 poterit
978 980 1118 1010 apparere,
1134 972 1178 1002 vi-

128 1018 220 1049 ercet,

142 1085 187 1117 IN
208 1085 265 1119 Pa
276 1097 345 1120 IMI
355 1098 387 1128 s,
405 1089 453 1120 ubi
468 1089 535 1120 dieb·
550 1087 727 1118 Mercatores
744 1085 868 1126 Anglici,
885 1087 987 1117 virtute
1003 1087 1037 1117 &
1050 1088 1172 1118 auetori-

104 1132 160 1156 tate
180 1124 420 1166 Privilegiorum,
447 1128 625 1158 Libertatum
641 1136 650 1163 5
670 1127 702 1156 ἅ
732 1125 959 1156 Franchesiarum
980 1127 1034 1163 eis,
1060 1135 1106 1165 per
1125 1128 1178 1155 Re—

99 1175 161 1202 gem
176 1167 289 1204 Daca'ae,
307 1168 486 1205 Norwegiae,
505 1165 542 1200 ὅ]
561 1169 687 1201 Sweczae,
704 1164 858 1202 antiquitus
873 1164 1075 1194 concessorum
1093 1187 1102 1202 ,
1121 1166 1177 1194 cir-

103 1213 137 1233 ca
154 1203 273 1234 Annum
292 1203 387 1243 Regni
399 1207 477 1242 Regis
491 1204 661 1234 RicSecundi
686 1203 815 1233 defuncti
844 1202 1139 1242 Qiartumdecimum
1160 1226 1169 1241 ,

104 1241 185 1279 super
201 1242 288 1272 Fano
304 1243 546 1274 Mercandisarum
570 1243 677 1273 i'uarum
701 1242 774 1279 apud
797 1240 886 1272 Berne
911 1240 1118 1272 Conversantes
1142 1242 1177 1271 ὃς

104 1279 268 1311 Residentes
285 1283 442 1321 extiterint,
462 1291 531 1314 tunc
545 1282 680 1318 temporis
696 1289 834 1311 venerunt
849 1289 935 1310 certa:
954 1280 1084 1310 Personae
1103 1303 1112 1318 ‚
1132 1281 1177 1310 di—

103 1318 162 1348 etae
176 1318 323 1350 Societatis
337 1320 371 1352 de
387 1321 498 1359 Hansa,
515 1322 584 1352 infra
601 1321 719 1351 Portum
738 1318 773 1349 de
791 1317 896 1355 Berne,
915 1319 943 1348 in
967 1318 1081 1349 diversis
1097 1318 1174 1349 Vaiis

102 1355 230 1388 Armatis
249 1360 281 1389 δε
297 1359 444 1399 Arraiatis,
459 1361 493 1391 δε
508 1361 545 1392 Vi
561 1360 593 1390 δε
609 1359 706 1390 Armis
721 1357 921 1394 spoliaverunt,
937 1357 1178 1395 depraedaverunt,

103 1395 138 1426 &
152 1396 293 1428 malitiose
308 1398 524 1429 verberaverunt
538 1398 631 1428 dietos
646 1396 835 1427 Mercatores
852 1396 1003 1434 Anglicos,
1029 1406 1061 1426 ac
1085 1396 1177 1426 Habi-

102 1435 222 1465 tationes
241 1436 275 1466 &
293 1436 458 1467 Mansiones
473 1437 529 1467 suas
554 1437 625 1466 infra
648 1435 755 1465 Villam
783 1434 964 1472 praedictam,
988 1444 1021 1464 ac
1047 1435 1123 1465 Bona
1143 1436 1177 1465 ὃ(

107 1473 299 1504 Mercandisas
312 1475 356 1506 sua
376 1475 429 1512 (ad
447 1475 581 1506 Valorem
594 1475 701 1505 Trium
718 1472 837 1503 Milium
860 1471 1041 1506 Marcaruml
1063 1483 1177 1504 necnon

111 1511 306 1551 Obligationes
320 1515 354 1545 &
369 1513 432 1544 alias
450 1514 617 1545 Securitates
633 1514 651 1532 ⁴³
672 1513 708 1543 de
725 1511 807 1541 Mille
828 1511 922 1540 Libris
934 1512 967 1542 &
984 1512 1113 1550 amplius,
1132 1514 1176 1542 in—

108 1551 149 1581 fra
167 1550 329 1582 Manfiones
340 1552 398 1582 suas
412 1553 557 1590 praediCtas
578 1551 743 1587 existentes,
765 1550 1001 1589 combufl'erunt,
1026 1554 1058 1581 ἃ
1079 1562 1178 1590 quam-

107 1589 184 1627 plura
198 1589 248 1619 alia
263 1588 418 1629 Dampna,
437 1591 567 1630 Injurias‚
592 1592 626 1622 &
649 1588 846 1629 Mespriuones
864 1589 984 1628 prtefatis
1005 1589 1177 1621 Mercatori-

105 1629 157 1659 bus
173 1627 300 1666 Anglicis
314 1629 453 1667 fecerunt,
638 1643 641 1647 ·

140 1666 189 1697 Sic
204 1667 285 1705 qued
300 1668 373 1707 apud
388 1669 497 1699 dietam
510 1668 617 1698 Villam
632 1667 667 1698 de
681 1667 773 1698 Berne
784 1667 889 1696 morari
903 1676 964 1696 non
980 1666 1130 1706 audebant,
1139 1668 1175 1698 set

100 1705 202 1736 abinde
223 1706 251 1735 in
268 1705 458 1737 Salvationeni
474 1706 551 1737 Vitae
566 1708 620 1736 suae
630 1706 812 1743 transierunt,
828 1705 914 1744 usque
933 1705 966 1735 ad
984 1713 1094 1742 tempus
1113 1716 1173 1744 quo

100 1743 167 1774 Rex
183 1743 302 1782 Daciae,
317 1745 543 1777 consideratione
568 1745 699 1784 Qerele
721 1745 868 1775 dierorum
896 1743 1093 1774 Mercatorum
1114 1746 1175 1775 An-

99 1782 264 1822 glicorum,
282 1784 331 1815 libi
346 1785 376 1815 in
390 1795 422 1815 ea
435 1795 511 1825 parre
525 1785 623 1822 factos,
644 1783 715 1814 misit
737 1792 828 1823 certos
845 1781 1007 1812 Officiarios
1024 1785 1057 1814 &
1081 1783 1174 1814 Mini-

100 1821 174 1852 stros
187 1822 251 1852 suos
263 1823 337 1860 apud
355 1823 460 1861 Berne,
476 1825 510 1854 ad
528 1823 730 1853 Rescuendum
750 1822 842 1851 disros
865 1820 1043 1852 Mercatores
1066 1822 1167 1859 Angli-

99 1870 167 1898 cos,
187 1870 289 1891 contra
305 1862 366 1891 illos
381 1862 417 1892 de
433 1863 574 1893 Societate
589 1862 624 1891 de
640 1861 752 1898 Hansa,
767 1861 799 1891 ἃ
816 1859 849 1889 ad
865 1859 1040 1890 Faciendum
1060 1861 1092 1890 ὃ(
1115 1861 1173 1890 Or-

97 1898 256 1929 dinandum
267 1899 318 1938 Jus
333 1900 520 1938 &Justitiam
534 1901 637 1931 eisdem
661 1899 871 1929 Mercatoribus
893 1898 1020 1940 Anglicis
1033 1922 1043 1937 ,
1068 1900 1103 1930 ad
1128 1900 1174 1929 Fi-

99 1947 169 1968 nem
187 1937 266 1975 quod
279 1940 357 1976 juxta
382 1939 508 1970 formam
529 1939 704 1970 Libertatum
725 1939 757 1969 &
777 1937 1005 1967 Francheiiarum
1020 1960 1028 1974 ,
1053 1938 1100 1967 libi
1123 1949 1173 1977 per

98 1974 211 2007 dietum
225 1975 338 2017 Regem
354 1977 473 2017 Daciae,
491 1986 520 2008 ut
533 1978 728 2015 immittitur,
747 1975 962 2014 concessarum,
977 1976 1078 2013 absque
1103 1976 1171 2007 Per-

101 2015 277 2053 turbatione,
297 2015 450 2054 Molestia,
466 2017 512 2047 seu
528 2016 721 2054 Gravamine,
742 2015 808 2053 sibi,
833 2024 881 2052 per
900 2015 972 2052 ipios
995 2015 1030 2045 de
1055 2015 1147 2046 Hansa
1162 2039 1171 2055 ,

101 2053 148 2084 vel
161 2064 210 2091 per
221 2054 350 2123 1asliquem
366 2055 451 2086 alium
461 2077 470 2094 ,
484 2057 604 2087 nomine
617 2055 685 2094 suo,
703 2054 936 2092 faciendis-‚bene
950 2055 984 2085 &
999 2054 1118 2093 pacifice
1132 2055 1174 2085 fa-

101 2102 166 2123 cere
199 2102 219 2122 o
243 2102 291 2124 ent

100 2102 339 2200 &AdpDiamssna
352 2132 477 2173 ipsorum
495 2131 696 2165 Mercatorum
713 2131 904 2172 Anglicorum
918 2130 1004 2162 Mille
1020 2130 1172 2163 Librarum

149 2179 216 2208 amp
239 2181 276 2201 υς.

140 2207 185 2239 Ιτ
194 2219 213 2240 Ε
224 2217 251 2239 Μ
260 2233 269 2248 ,
289 2209 377 2241 Anno
391 2209 488 2250 Regni
504 2210 630 2242 Domini
642 2209 741 2240 nostris
755 2208 845 2249 Regis
867 2218 946 2240 nunc
969 2209 1067 2247 primo
1103 2209 1173 2241 diffi

103 2245 281 2279 Mercatores
295 2249 331 2279 de
346 2249 488 2280 Societate
502 2249 538 2280 de
558 2249 671 2288 Hansa,
688 2248 763 2288 apud
777 2248 882 2279 dietam
896 2247 1003 2278 Villam
1017 2248 1054 2278 de
1072 2232 1173 2288 berne,

99 2284 212 2328 djverfis
225 2286 343 2318 Vicibus
357 2297 407 2325 per
422 2287 529 2326 Diem,
549 2289 583 2319 &
598 2288 742 2327 praecipue
754 2297 804 2327 per
818 2286 970 2324 Νοᾶεῐη,
986 2285 1069 2316 Ostia
1084 2287 1172 2317 Man-

100 2326 214 2355 iionum
225 2350 235 2363 ,
253 2326 303 2356 ubi
314 2326 383 2357 dieti
399 2325 576 2357 Mercatores
591 2327 705 2367 Anglici
718 2326 937 2366 hospitabantur,
957 2326 986 2355 in
1000 2325 1098 2366 eadem
1109 2325 1172 2356 Vil-

100 2361 128 2393 la
143 2363 179 2394 de
192 2363 299 2402 Berne,
319 2365 387 2396 sicut
401 2365 431 2395 in
448 2364 545 2395 Leuis
561 2366 612 2396 suis
617 2366 749 2404 jacebant
797 2364 942 2404 fregerunt
991 2363 1172 2403 anungendo

99 2402 155 2440 eis,
174 2403 254 2442 quod
269 2411 344 2434 extra
357 2403 490 2443 Hospitia
502 2404 557 2442 sua,
574 2404 609 2434 ab
625 2403 739 2435 Occasu
752 2387 825 2434 §olis
838 2403 922 2442 usque
936 2389 970 2434 ad
984 2402 1091 2445 erum
1100 2404 1168 2442 ejus-

100 2439 186 2480 dem,
203 2441 253 2472 sub
269 2440 364 2473 Poena
377 2441 541 2481 perditionis
555 2442 631 2473 Vitae
645 2444 717 2481 suae,
736 2442 815 2473 nullo
829 2442 920 2473 modo
935 2450 1090 2479 tramitem,

136 2478 174 2511 Et
191 2480 272 2521 super
285 2480 342 2511 hoc
359 2481 399 2512 illi
411 2481 447 2512 de
461 2481 555 2511 Hansa
570 2481 687 2520 Vigilias
707 2483 740 2512 &
752 2481 881 2520 Iniidias,
899 2480 935 2511 de
958 2480 1102 2510 Gentibus
1115 2480 1172 2511 Ar-

97 2526 217 2549 morum
230 2520 260 2549 in
275 2518 370 2557 Vasis,
388 2520 447 2550 tam
460 2520 488 2550 in
504 2520 595 2551 Portu
608 2520 644 2550 de
659 2519 767 2558 Berne,
785 2520 871 2559 quam
885 2519 963 2559 super
979 2519 1122 2557 Terram,
1140 2520 1172 2550 in

98 2556 199 2587 eadem
215 2556 291 2588 Villa
326 2557 473 2597 fecerunt,

101 2633 106 2638 Ι
137 2594 178 2626 Ita
191 2596 272 2635 quod
286 2580 358 2626 dieti
374 2596 553 2627 Mercatores
569 2597 681 2636 Anglici
697 2595 886 2628 Mercandifas
906 2594 980 2633 suas,
1006 2597 1046 2626 ob
1063 2604 1174 2628 metum

99 2632 214 2665 illorum
227 2635 264 2665 de
277 2634 390 2673 Hansa,
410 2636 438 2665 in
455 2636 636 2666 salvationem
652 2636 727 2666 Vitae
741 2636 813 2672 suae,
828 2635 920 2665 facere
943 2645 1002 2664 non
1023 2635 1177 2673 audebant,

137 2672 185 2703 Ad
199 2672 370 2714 Dampnum
383 2673 508 2713 ipsorum
523 2673 724 2705 Mercatorurn
741 2674 932 2713 Anglicorum
947 2673 1176 2712 Qiingentarum

100 2709 286 2751 Mammam,
304 2713 380 2743 acin
393 2713 607 2752 derogationem
630 2713 664 2744 δε
685 2713 909 2743 diminutionem
930 2711 1081 2742 Custumae
1108 2712 1176 2743 Do-

99 2749 172 2779 mini
184 2749 273 2781 nostri
287 2749 376 2790 Regis
389 2751 618 2791 Qingentarum
634 2751 799 2782 Marcarum
815 2751 848 2781 &
864 2751 991 2788 amplius.

138 2787 184 2818 Ιτ
195 2797 249 2819 ΕΜ
259 2812 269 2826 ,
287 2789 357 2819 ἀίέὶί
372 2789 547 2820 Mercatores
562 2789 694 2830 Anglici,
711 2789 838 2820 videntes
853 2789 886 2819 &
900 2789 1048 2820 sentientes
1070 2788 1174 2820 Extor-

101 2826 207 2865 fimes,
228 2827 444 2865 Mesprisiones,
463 2828 616 2868 Dampna,
632 2829 759 2859 Roberia
783 2851 793 2867 ,
819 2829 853 2858 ὃς
874 2827 1060 2865 Spoliationes
1083 2829 1175 2867 hujus-

102 2866 201 2904 modi,
221 2877 270 2904 per
281 2866 344 2897 illos
356 2866 392 2897 de
407 2866 501 2897 Hansa
512 2867 561 2897 fibi
577 2867 666 2905 taeta,
685 2867 778 2898 eidem
795 2866 930 2896 Domino
945 2866 1043 2897 nostro
1054 2866 1128 2906 Regi
1141 2869 1176 2898 ὅσ

100 2902 244 2971 fConcilio
257 2905 328 2943 suo,
352 2915 406 2943 pro
430 2905 576 2936 Remedio
596 2915 727 2945 congruo
752 2905 817 2936 inde
840 2905 973 2936 habendo
988 2928 998 2944 ,
1020 2905 1176 2944 conquesti

113 2952 213 2974 uerunt

138 2968 230 3018 Super'
242 2992 301 3020 quo
314 2982 391 3013 idern
410 2982 558 3014 Dominus
571 2982 667 3013 noster
681 2982 765 3021 Rex,
784 2982 1002 3021 quartodecimo
1024 2981 1070 3013 die
1095 2982 1176 3013 Mar-

101 3019 148 3056 tii,
168 3020 257 3050 Anno
271 3020 365 3061 Regni
382 3021 421 3052 sui
436 3022 588 3059 Secundo,
607 3032 656 3060 per
673 3020 916 3052 Commiffionem
932 3021 1010 3051 suam
1025 3020 1171 3060 affignavit

99 3057 244 3095 quendam
256 3058 416 3096 Johannem
431 3064 530 3099 Drax,
547 3061 724 3092 Servientem
741 3059 775 3090 ad
793 3060 899 3097 Arma,
916 3059 951 3090 ad
967 3060 1169 3098 Arestandum,

99 3097 135 3127 &
147 3105 244 3126 coram
259 3097 318 3134 ipso
333 3099 379 3128 vel
393 3098 531 3130 Concilio
545 3101 594 3130 suo
609 3098 803 3137 Ducendum,
819 3097 982 3137 Johannem
996 3101 1078 3136 Pape,
1099 3101 1174 3127 Her-

101 3146 167 3164 man
181 3135 290 3173 Nettil,
307 3138 453 3166 Ricardum
467 3137 580 3168 Colbrok
618 3137 725 3177 Synkill
739 3139 836 3176 Hans,
862 3140 980 3176 Vottyn,
999 3137 1032 3167 ὃς
1050 3136 1174 3176 Hullest,

100 3172 237 3204 Personas
250 3174 338 3204 distat:
352 3175 498 3206 Societatis
512 3177 548 3206 de
565 3161 660 3207 I-iansa
669 3202 679 3217 ,
698 3176 772 3216 apud
785 3175 893 3206 Boston
908 3185 976 3207 tunc
997 3176 1174 3214 Refidenies,

100 3213 134 3243 ad
153 3211 399 3256 Respondendum
414 3214 494 3251 super
509 3213 667 3245 Punstibus
680 3215 831 3254 praedietis,

97 3259 111 3283 t·
138 3250 193 3287 Et,
208 3261 277 3282 cum
290 3251 362 3282 dieti
373 3251 516 3290 Johannes
530 3252 622 3292 Pape,
637 3255 671 3285 ὃς
685 3253 763 3284 Socii
780 3254 818 3284 sui
828 3277 837 3291 ,
855 3263 952 3284 coram
970 3252 1105 3284 Domino
1120 3263 1174 3284 no·

99 3288 160 3320 stro
174 3289 257 3328 Rege
271 3290 304 3320 &
318 3289 457 3321 Concilio
470 3291 521 3322 suo
534 3301 690 3331 venerunt,
706 3292 793 3322 iidem
807 3292 952 3331 Johannes
968 3291 1043 3329 Pape
1057 3293 1090 3322 ὃς
1113 3292 1168 3322 So-

100 3329 139 3358 cii
153 3327 193 3359 sui
206 3328 408 3360 concesserunt
420 3329 446 3360 se
460 3330 580 3366 obligari
603 3330 697 3361 eidem
718 3330 853 3361 Domino
873 3331 972 3361 nostro
993 3331 1086 3370 Regi,
1112 3331 1170 3360 tam

98 3375 154 3407 pro
167 3368 303 3398 omnibus
318 3367 371 3398 illis
385 3367 422 3399 de
444 3367 541 3398 Hansa
554 3390 564 3406 ,
586 3368 770 3400 Visitantibus
790 3376 879 3407 partes
898 3369 934 3399 de
955 3368 1045 3400 Berne
1060 3392 1070 3408 ,
1087 3370 1174 3408 quam

98 3415 155 3444 pro
168 3405 194 3436 se
209 3407 288 3447 ipsis,
304 3407 335 3437 in
350 3406 458 3437 summa
472 3405 557 3436 Mille
571 3407 605 3437 &
620 3406 751 3444 Quadrin
771 3416 901 3438 entarum
916 3407 1081 3439 Marcarum
1097 3431 1106 3446 ‚
1125 3418 1175 3446 per

99 3444 244 3481 quandam
262 3445 507 3485 Recognitionem
521 3445 551 3474 in
568 3444 742 3476 Cancellaria

100 3482 280 3516 Conditione
298 3484 379 3524 quod
398 3482 564 3515 omnimodi
579 3482 754 3515 Mercatores
768 3483 900 3523 Anglici,
923 3493 1012 3522 partes
1027 3485 1063 3515 de
1085 3485 1176 3516 Berne

98 3521 245 3561 usitantes,
260 3531 362 3554 extunc
376 3523 484 3553 ibidem
501 3521 692 3553 Mercandifiis
703 3522 760 3553 suas
780 3521 918 3560 facerent,
940 3523 1041 3563 abique
1062 3523 1174 3556 Pertur-

100 3560 216 3592 batione
252 3561 407 3600 Molestisi,
423 3563 469 3593 seu
484 3560 660 3592 Gravamine
673 3571 858 3601 quocumque
870 3585 880 3600 ‚
900 3561 949 3591 sibi
972 3572 1021 3600 per
1044 3562 1116 3600 ipsos
1138 3562 1174 3592 de

100 3597 196 3630 Hanssi
211 3584 362 3639 faciendis,
381 3602 415 3632 ὃς
433 3601 490 3631 hoc
507 3600 581 3631 adeo
596 3599 682 3630 libere
696 3599 766 3643 sicut
779 3600 818 3631 illi
832 3599 868 3632 de
881 3599 976 3632 Hansa
995 3601 1172 3640 tollerantur‚

100 3647 134 3668 ac
147 3638 268 3678 habent,
286 3641 320 3671 &
336 3648 452 3671 utuntur
465 3640 495 3670 in
508 3638 614 3677 Regno
633 3637 757 3678 Angli-ae,

138 3675 178 3707 Et
190 3677 256 3709 licet
270 3678 356 3709 iidem
381 3701 391 3715 ,
415 3678 561 3717 johannes
584 3676 661 3715 Pape
681 3699 692 3716 ,
716 3678 750 3708 &
773 3676 852 3708 Socii
872 3677 911 3708 sui
932 3677 1062 3715 praedieti
1078 3701 1088 3716 ,
1107 3685 1176 3709 tunc

101 3717 249 3755 temporis,
267 3717 458 3748 concesserint
472 3717 563 3747 facere
576 3716 820 3755 Recognitionem
834 3717 1003 3754 praediCtam
1017 3718 1048 3747 in
1069 3716 1177 3747 Forma

98 3753 251 3796 praedicta,
270 3756 321 3793 ipsi
338 3765 432 3786 tamen
448 3755 525 3786 illam
541 3765 601 3786 non
613 3755 759 3792 fecerunt,
776 3755 840 3793 quia
855 3754 929 3785 nulla
941 3756 1000 3786 talis
1029 3754 1177 3795 Recogni-

100 3797 142 3821 tio
158 3792 257 3825 intrata
273 3795 303 3825 in
319 3793 413 3832 aliqua
428 3793 531 3825 Places).
550 3794 586 3824 de
597 3793 736 3825 Recordo
750 3794 872 3823 inveniri
887 3793 990 3832 potest,

137 3829 247 3867 Unde,
263 3842 349 3870 prout
369 3833 458 3863 iidem
479 3832 668 3871 supplicantes
688 3831 850 3872 supponunt
866 3854 875 3869 ,
899 3831 986 3863 dinae
1006 3831 1120 3863 Gentes
1139 3832 1179 3864 de

100 3867 212 3907 Hansa,
229 3869 342 3902 scientes
353 3872 463 3903 dietam
483 3870 735 3910 Recognitionem
755 3881 815 3901 non
838 3871 932 3901 intrari
953 3870 988 3902 de
1007 3870 1146 3902 Recordo
1169 3894 1179 3911 ,

100 3907 190 3952 magis
207 3907 323 3939 audaces
337 3910 372 3940 ad
386 3910 437 3941 alia
453 3909 589 3948 Dampna
602 3911 635 3942 &
653 3909 734 3941 Mala
747 3910 776 3939 in
792 3908 924 3940 Articulis
938 3909 1114 3950 sequentibus
1127 3910 1172 3942 fa-

100 3946 201 3979 cienda
215 3948 364 3979 eirtiterunt
373 3971 383 3987 ,
400 3949 541 3986 videlicet,

138 3984 222 4022 Ubi,
242 3985 375 4023 Qiatuor
389 3987 432 4018 vel
447 3988 587 4026 Qiinque
602 3986 694 4017 Annis
707 3987 809 4017 ultimo
822 3985 931 4024 elapfis,
958 3986 1088 4018 Centum
1109 3987 1176 4018 Per-

100 4025 178 4056 sonae
198 4023 352 4054 Piscatores
366 4023 401 4056 de
418 4024 606 4057 Crowemere
618 4026 652 4057 δε
667 4025 841 4065 Blakeneye,
858 4035 891 4056 ac
906 4025 1025 4056 aliarum
1040 4026 1176 4058 Villarum

98 4064 136 4095 de
150 4062 270 4095 Costerfi
281 4061 447 4093 Comitattis
464 4063 661 4103 Norffoleiae,
681 4064 750 4096 sicut
764 4064 814 4104 ipsi
835 4065 864 4094 in
887 4063 964 4094 Mari
986 4064 1086 4096 Piscati
1114 4068 1174 4096 fue-

96 4110 181 4141 runt,
197 4109 313 4141 propter
334 4111 445 4132 metum
469 4103 569 4140 magni
591 4104 703 4134 numeriv
722 4102 914 4134 inimicorum
942 4102 1069 4133 Domini
1090 4103 1180 4134 nostri

97 4140 205 4181 Regis,
218 4149 287 4172 tunc
303 4140 383 4178 supra
405 4139 490 4172 Mare
501 4140 705 4181 existentium,
722 4142 757 4174 ad
771 4141 896 4175 Portum
910 4141 946 4173 de
961 4141 1133 4181 Wyndford
1150 4144 1181 4173 in

792 3447 883 3476 omini
896 3445 985 3477 nostri
1007 3446 1106 3485 Regis,
1123 3447 1173 3477 sub
1215 3451 1233 3481 g

1216 611 1298 678 'adse'
1309 610 1457 642 Interfeeh
1478 613 1609 651 suerunt,
1628 613 1657 642 in
1678 612 1747 643 dieti
1763 613 1888 644 Domini
1900 616 1988 645 nostri
2001 616 2087 656 Regis
2102 628 2187 657 grave
2202 619 2281 650 Prae-

1213 657 1242 685 lu
1263 659 1350 679 ictum

1253 686 1312 718 Pro
1329 672 1388 727 qiio
1404 689 1517 726 quidem
1536 689 1663 719 horribili
1684 689 1794 728 FaCto,
1813 700 1846 720 ac
1861 691 1946 722 etiam
1962 702 2015 731 pro
2026 703 2062 722 eo
2074 695 2153 733 quod
2168 695 2278 726 nullum

1214 724 1391 757 Remedium
1413 738 1467 757 nec
1484 728 1597 765 justitia
1621 728 1688 757 inde
1709 729 1870 758 ordinatum
1891 739 1944 759 nec
1958 732 2099 767 provisum
2115 734 2218 772 existit,
2239 735 2279 765 illi

1213 764 1249 793 de
1269 765 1346 796 dieta
1367 765 1509 796 Societate
1531 768 1566 796 de
1586 766 1683 796 Hansa
1704 767 1812 806 semper
1828 767 1924 807 postea
1939 768 2050 799 fuerunt
2065 774 2097 801 ὃς
2113 772 2204 802 adhuc
2220 774 2280 802 exi-

1214 801 1291 834 stunt
1311 805 1401 840 magis
1423 804 1568 843 Audaces,
1588 805 1771 843 Gravamen,
1790 805 1973 844 Molestiam,
1989 807 2023 837 ὃ(
2046 807 2212 848 Dampnum
2227 811 2279 841 eis-

1214 840 1280 872 dem
1304 841 1516 873 Mercatoribus
1536 844 1664 882 Anglicis
1681 846 1709 874 in
1722 844 1806 874 diCtis
1821 846 1944 883 partibus
1957 845 1992 875 de
2006 844 2093 876 Berne
2107 847 2216 886 facere,
2234 850 2278 879 di-

1214 889 1311 923 centes
1331 881 1428 920 quod,
1446 881 1512 912 licet
1524 882 1600 913 die‘ta
1614 882 1795 920 Recognitio
1812 884 1847 913 de
1862 884 2001 914 Recordo
2014 885 2113 915 intrata
2128 885 2226 924 fuerit,
2245 889 2279 917 ὃς

1214 920 1265 955 ipii
1281 920 1354 950 illam
1369 920 1568 958 forisfecerint,
1586 922 1615 950 in
1630 930 1738 951 tantum
1755 923 1831 959 quod
1847 923 1897 960 ipsi
1909 932 2011 952 omnes
2026 923 2202 954 Mercatores
2218 926 2279 954 Ari-

1213 959 1300 995 glicos
1317 959 1458 989 venientes
1470 959 1542 999 apud
1559 959 1647 989 Berne
1662 960 1846 998 occidiffent,
1864 961 1989 991 Perditio
2002 962 2151 1000 cujussibet
2166 963 2281 993 illorum

1212 996 1249 1026 de
1271 997 1384 1035 Hansa,
1402 999 1450 1037 qui
1466 1000 1659 1029 contribueret
1674 999 1866 1029 Forisfa6turae
1882 1000 2045 1039 pnedststae,
2064 1010 2124 1030 non
2138 1002 2284 1040 attingeret

1212 1035 1247 1065 ad
1267 1037 1320 1067 Sex
1337 1035 1497 1075 Denarios,
1513 1039 1545 1069 ὃς
1564 1047 1658 1068 tamen
1673 1039 1702 1068 in
1718 1038 1820 1077 Anglia
1834 1040 1930 1070 venire
1943 1039 2003 1077 plus
2016 1040 2172 1078 relinquere
2185 1041 2285 1071 nolue-

1212 1084 1287 1105 runt.

1251 1112 1378 1152 ITEM,
1399 1116 1464 1152 ubi,
1482 1115 1597 1153 quidam
1617 1114 1782 1145 Willielmus
1798 1116 1861 1146 Lok
1881 1116 1917 1147 de
1941 1116 2042 1154 Lenn,
2060 1117 2092 1146 δε
2107 1117 2151 1146 alii
2168 1116 2282 1149 Merca-

1212 1160 1288 1183 tores
1309 1153 1344 1183 de
1361 1153 1442 1182 Lenn
1453 1176 1462 1191 ,
1480 1156 1556 1183 circa
1572 1153 1686 1184 Festum
1702 1153 1907 1185 Purificationis
1919 1156 2007 1188 beatae
2023 1155 2126 1185 Mariae
2140 1156 2282 1196 Virginis,

1212 1191 1301 1221 Anno
1317 1191 1412 1229 Regni
1426 1191 1548 1221 Domini
1564 1192 1652 1222 nostri
1671 1193 1756 1233 Regis
1770 1204 1847 1224 nunc
1864 1194 2177 1232 Decim0,freetaffent
2190 1206 2281 1235 quan-

1211 1229 1276 1260 dam
1291 1230 1410 1260 Navem
1426 1230 1462 1259 de
1478 1230 1578 1260 Breme
1591 1232 1619 1260 in
1635 1231 1722 1261 Portu
1739 1233 1774 1262 de
1790 1232 1973 1270 Lenn,ur1de
1987 1233 2090 1272 Cristyn
2103 1237 2212 1272 Crepere
2228 1235 2283 1265 fuit

1213 1267 1370 1306 Magister,
1387 1269 1419 1298 ad
1441 1268 1592 1298 velandum
1613 1269 1646 1298 ad
1669 1270 1781 1300 dietum
1797 1270 1917 1301 Portum
1932 1272 1967 1302 de
1979 1272 2067 1302 Beriie
2082 1274 2116 1303 &
2129 1272 2232 1303 deinde
2247 1273 2287 1307 ad.

1211 1306 1332 1337 Portum
1345 1308 1381 1337 de
1393 1307 1549 1347 Wysnier,
1567 1308 1600 1337 ad
1615 1308 1685 1337 inibi
1700 1319 1766 1338 curu
1782 1309 1849 1339 Bere
1861 1310 2056 1349 Carcandam,

1249 1345 1366 1376 Etcum
1385 1346 1460 1376 dicia
1477 1346 1569 1375 Navis
1584 1347 1612 1375 in
1628 1348 1708 1376 dicto
1725 1347 1813 1377 Portu
1829 1348 1864 1377 de
1879 1347 1970 1378 Berne
1983 1350 2171 1388 applicuisset,
2193 1360 2280 1381 vene-

1212 1393 1278 1414 runt
1299 1386 1368 1415 certi
1392 1384 1582 1422 Mercatores,
1600 1384 1636 1414 de
1655 1386 1732 1415 dicta
1752 1385 1894 1416 Societate
1907 1388 1943 1416 de
1956 1387 2063 1427 Hansa,
2087 1392 2117 1418 &t
2135 1398 2280 1428 praecepe-

1212 1432 1296 1461 runt,
1312 1425 1509 1462 injunget-unt,
1528 1425 1560 1455 ὃς
1583 1423 1769 1454 defenderunt
1787 1425 1896 1454 dietum
1910 1424 2024 1464 Cristyn
2039 1427 2116 1465 quod
2132 1428 2187 1464 ipse
2202 1429 2282 1459 nullo

1215 1463 1306 1493 modo
1330 1466 1414 1499 usque
1435 1462 1583 1501 NVysmer,
1600 1463 1634 1492 ad
1649 1463 1820 1502 capiendum
1835 1463 1970 1494 Freti'tum
1984 1465 2063 1496 suum
2077 1466 2110 1496 de
2127 1465 2213 1505 Bere,
2230 1467 2280 1498 sub

1214 1502 1346 1533 Periculo
1363 1501 1528 1531 perditionis
1544 1501 1617 1531 Vitae
1631 1501 1702 1539 sure,
1719 1513 1778 1531 non
1795 1502 1915 1539 velaret,

1252 1542 1313 1578 Qui
1334 1541 1449 1578 quidem
1467 1540 1601 1578 Cristyn,
1616 1541 1657 1570 ob
1673 1550 1782 1571 nictum
1797 1540 1980 1576 Iniunctionis
1992 1541 2170 1579 hujusmodi,
2190 1545 2218 1573 in
2230 1544 2279 1574 sal-

1213 1581 1358 1610 vationem
1375 1578 1448 1609 Vita:
1462 1579 1531 1616 suae,
1549 1579 1661 1609 dietum
1674 1578 1805 1618 Viagitim
1819 1580 1898 1610 suum
1914 1581 2005 1610 facere
2020 1590 2079 1609 non
2093 1582 2225 1619 audebat,
2246 1584 2282 1614 set

1213 1620 1239 1649 se
1261 1619 1415 1649 revertebat
1437 1619 1470 1648 δε
1492 1619 1574 1648 dietis
1590 1617 1800 1649 Mercatoribus
1813 1618 1848 1648 de
1862 1618 1946 1649 Lenn
1962 1619 2028 1650 inde
2044 1619 2224 1650 Relationem
2241 1622 2281 1652 fe-

1212 1667 1251 1688 cir

1252 1681 1296 1725 Ad
1312 1695 1482 1734 Dampnum
1499 1695 1622 1734 ipsorum
1639 1694 1767 1726 Centum
1786 1695 1992 1734 Librarum,&
2008 1698 2037 1726 in
2056 1696 2283 1736 Derogationem

1214 1737 1246 1767 &
1262 1734 1498 1765 Diminutionem
1514 1733 1662 1765 Custumae
1677 1735 1748 1765 die‘ti
1763 1734 1889 1766 Domini
1902 1735 1990 1765 nostri
1998 1735 2086 1775 Regis
2094 1734 2223 1767 Centum
2235 1736 2286 1767 Li-

1214 1775 1328 1804 brarum
1342 1775 1375 1804 ἃ
1391 1773 1518 1810 amplius

1252 1812 1265 1843 I
1274 1822 1297 1843 T
1309 1822 1326 1842 E
1336 1821 1362 1842 M
1373 1836 1382 1851 ,
1398 1813 1472 1842 circa
1495 1810 1612 1842 Festum
1634 1811 1838 1849 Affiimptioiiis
1859 1813 1948 1842 beatae
1966 1811 2067 1843 Mariae
2081 1812 2204 1852 Virginis
2218 1815 2284 1845 ulti-

1214 1854 1267 1881 rno
1286 1852 1479 1891 praeteritum,
1497 1851 1546 1880 ubi
1569 1851 1636 1880 certi
1660 1851 1835 1881 Mercatores
1860 1851 1989 1890 Anglici,
2009 1853 2037 1881 in
2052 1851 2128 1882 dic'tzi
2150 1852 2226 1883 Villa
2246 1854 2283 1884 de

1213 1891 1304 1921 Berne
1325 1890 1489 1925 existentes,
1508 1898 1596 1920 certas
1618 1888 1768 1921 Portiones
1786 1889 1868 1920 Piscis
1882 1890 1944 1919 duri
1960 1890 2070 1921 (valoris
2084 1890 2214 1921 Centum
2233 1892 2283 1922 Li-

1214 1930 1339 1965 brarum)
1352 1929 1387 1959 de
1401 1929 1483 1959 certis
1498 1928 1641 1958 Gentibus
1655 1929 1690 1958 de
1704 1928 1735 1957 N
1740 1930 1863 1967 orwegia
1882 1928 2039 1967 Emissent,
2058 1930 2092 1959 &
2109 1939 2160 1966 pro
2177 1931 2283 1961 eisdem

1214 1968 1309 1998 debite
1330 1967 1499 2003 Solviss‘ent,
1516 1968 1549 1998 ὃς
1568 1966 1679 1997 ditium
1702 1966 1811 1997 Piscem
1830 1970 1859 1998 in
1874 1967 1982 1998 Batellis
1996 1966 2172 2006 Posuissent,
2191 1969 2224 1999 ad
2239 1970 2284 2007 ip-

1214 2007 1277 2037 sum
1298 2006 1381 2044 usque
1405 2005 1570 2043 Hospitium
1592 2005 1672 2035 suum
1695 2006 1724 2035 in
1749 2005 1837 2036 l3erne
1852 2005 2035 2045 ducendum,
2050 2015 2187 2036 venerunt
2203 2017 2284 2045 quae-

1213 2046 1281 2076 dam
1297 2045 1446 2092 Personae,
1463 2045 1499 2075 de
1513 2044 1655 2075 Societate
1666 2043 1701 2074 de
1718 2044 1830 2083 Hansa,
1848 2045 1951 2076 eodem
1964 2052 2110 2083 tempore,
2126 2044 2211 2076 Vi&
2227 2046 2284 2076 Ar-

1215 2086 1268 2114 mis
1289 2084 1392 2122 absque
1418 2083 1530 2121 Causa,
1549 2083 1662 2113 dietum
1679 2082 1790 2113 Piscem
1804 2092 1879 2114 extra
1896 2093 1994 2113 manus
2010 2085 2066 2113 {uas
2081 2093 2232 2123 ceperunt,
2250 2086 2285 2116 &

1212 2124 1305 2154 ἀίἃοε
1333 2121 1511 2153 Mercatores
1538 2121 1678 2159 Anglicos
1701 2123 1841 2153 malitiose
1861 2122 2081 2153 verberaverunt
2100 2122 2132 2153 &
2148 2122 2285 2161 spoliave-

1212 2171 1293 2200 runt,
1311 2162 1347 2192 ita
1365 2162 1444 2200 quod
1462 2161 1511 2198 ipsi
1526 2161 1551 2191 se
1565 2161 1777 2203 subtraxerunt,
1794 2162 1828 2192 &
1842 2161 1875 2191 ad
1889 2160 2001 2191 Piscem
2014 2161 2095 2198 vsuum
2112 2162 2284 2199 praedictum

1211 2201 1383 2240 petendum,
1398 2202 1438 2231 ob
1454 2209 1566 2230 metum
1582 2199 1704 2235 Mortis,
1723 2204 1779 2230 auli
1794 2210 1853 2230 non
1869 2200 1999 2238 fuerunt,

1252 2240 1313 2279 Qi
1334 2239 1448 2278 quidem
1463 2238 1661 2268 Malefacstores
1677 2237 1788 2269 Piscem
1802 2240 1972 2276 praeditstum
1987 2237 2130 2277 hucusque
2141 2239 2286 2279 detinent,

1212 2279 1246 2310 &
1261 2279 1367 2309 nullam
1382 2277 1604 2308 Restitutionem
1620 2277 1687 2307 inde
1702 2276 1848 2316 fecerunt,
1866 2288 1920 2308 nec
1933 2276 2025 2308 adhuc
2044 2277 2137 2308 facere
2149 2279 2268 2317 volunt,

1251 2317 1299 2348 Ad
1313 2326 1398 2356 grave
1413 2316 1582 2353 Dampnum
1597 2316 1720 2353 ipsorum
1737 2315 1936 2346 Mercatorum
1951 2315 2140 2354 Anglicorum
2154 2315 2285 2347 Centum

1213 2355 1396 2394 Marcarum,
1413 2365 1446 2386 ac
1469 2354 1703 2385 Diminutionem
1725 2353 1873 2385 Custumae
1887 2354 2013 2385 Domini
2026 2353 2116 2384 nostri
2130 2354 2221 2392 Regis
2233 2355 2286 2386 Vi-

1214 2396 1286 2434 ginti
1301 2395 1453 2425 Librarum
1470 2395 1504 2425 δε
1517 2393 1643 2430 amplius.

1253 2434 1296 2464 Ιτ
1306 2443 1324 2464 E
1334 2442 1362 2464 M
1371 2457 1380 2472 ,
1398 2433 1465 2463 dieti
1489 2432 1685 2470 Mercatores,
1704 2431 1740 2462 de
1755 2431 1896 2462 Societate
1910 2430 1945 2461 de
1957 2430 2072 2470 Hansa,
2090 2431 2179 2462 dietas
2193 2441 2286 2472 partes

1215 2471 1251 2503 de
1271 2472 1360 2503 Berne
1375 2472 1518 2509 usitantes,
1537 2472 1610 2500 inter
1626 2471 1718 2508 ipios,
1737 2480 1790 2507 pro
1804 2470 1930 2508 singulari
1944 2470 2105 2500 commodo
2119 2470 2186 2509 suo,
2206 2472 2287 2502 mali-

1214 2512 1289 2542 tiose
1310 2511 1510 2542 ordinaverunt
1527 2509 1606 2547 quod
1626 2510 1716 2539 nullus
1734 2509 1882 2539 Mercator
1898 2508 2056 2547 Anglicus,
2073 2509 2168 2544 Partes
2184 2511 2287 2547 praedi-

1214 2550 1273 2580 &as
1286 2551 1400 2587 usitans,
1419 2549 1456 2579 ab
1470 2550 1510 2578 eis
1526 2549 1559 2578 ali
1581 2559 1614 2578 ua
1632 2547 1820 2578 Mercandiias
1832 2547 1877 2576 seu
1893 2547 2029 2577 Victualia
2044 2557 2137 2586 emer,
2156 2549 2189 2578 ὃς
2205 2547 2286 2587 quod

1215 2590 1304 2619 nullus
1317 2589 1428 2619 illorum
1443 2589 1480 2618 de
1493 2587 1560 2616 Han
1574 2598 1587 2616 a
1603 2587 1723 2624 praefatis
1740 2586 1950 2616 Mercatoribus
1964 2586 2112 2625 Anglicis,
2131 2586 2166 2616 de
2187 2588 2287 2625 aliqui-

1214 2628 1266 2657 bus
1291 2626 1477 2657 Mercandisis
1496 2625 1541 2656 seu
1558 2625 1747 2661 Vittualibus,
1765 2625 1886 2663 aliquam
1901 2625 2105 2655 Venditionem
2119 2625 2178 2655 ullo
2194 2627 2286 2657 modo

1214 2667 1314 2704 faciet,
1332 2666 1383 2696 sub
1395 2666 1477 2703 gravi
1491 2664 1584 2694 Ροεηλ
1598 2665 1670 2694 inter
1684 2665 1742 2694 illos
1757 2664 1833 2702 stiper
1847 2664 1903 2693 hoc
1917 2663 1992 2693 facist
2003 2687 2013 2702 ,

1253 2706 1300 2736 Ad
1321 2714 1406 2744 grave
1428 2703 1599 2741 Dampnum
1616 2725 1625 2740 ,
1652 2703 1859 2740 Prtejudicium
1876 2725 1884 2739 ,
1906 2703 1939 2732 &
1963 2701 2198 2732 Destruc‘rionem
2218 2711 2286 2732 om-

1213 2745 1294 2775 nium
1312 2743 1511 2775 Mercatorum
1526 2741 1732 2780 Anglicoruni,
1752 2741 1847 2771 Partes
1861 2741 2008 2778 praedictas
2026 2742 2195 2772 usitantium.

1253 2822 1437 2861 Quapropter
1458 2821 1565 2858 placcat
1586 2819 1744 2849 Nobilibus
1765 2818 2022 2849 Dominationibus
2035 2818 2067 2848 &
2082 2817 2207 2849 discretis
2220 2818 2286 2849 Disss

1215 2862 1391 2891 cretionibus
1427 2860 1523 2890 vestris
1552 2859 1727 2889 conlideiare
1764 2859 1860 2897 gravia
1895 2859 1927 2888 δι
1963 2857 2105 2887 horribilia
2142 2857 2287 2889 Extorfio-

1216 2910 1283 2937 nes,
1300 2899 1515 2939 Mesprifiones,
1548 2899 1580 2928 &
1605 2897 1738 2935 Dampna
1768 2897 1918 2933 praediera,
1940 2897 2060 2933 praefatis
2077 2895 2289 2926 Mercatoribus

1218 2939 1346 2977 Anglicis
1360 2962 1369 2976 ‚
1388 2948 1436 2977 per
1464 2937 1525 2968 illos
1551 2937 1586 2967 de
1607 2937 1749 2967 Societate
1770 2935 1806 2965 de
1821 2934 1929 2971 Hansa,
1962 2935 1999 2965 iic
2022 2934 2115 2972 fasta,
2141 2936 2174 2966 <Sc
2195 2936 2288 2965 consi-

1218 2979 1293 3007 milia
1317 2977 1374 3008 fieri
1395 2980 1424 3007 in
1446 2977 1590 3013 futurum,
1609 2976 1644 3005 de
1665 2975 1708 3004 die
1730 2976 1758 3004 in
1781 2974 1875 3011 diem,
1894 2973 1943 3003 nili
1959 2974 1995 3004 de
2011 2973 2156 3004 Remedio
2168 2974 2288 3004 celerius

1215 3016 1395 3055 provideatur
1419 3018 1449 3046 in
1470 3015 1522 3044 hac
1547 3023 1640 3052 parte,
1659 3015 1691 3044 ὃ(
1707 3013 1741 3043 ad
1757 3013 1921 3043 evitandum
1932 3012 2103 3042 omnimoda
2122 3012 2287 3043 Dubitatio-

1215 3065 1281 3094 nes,
1298 3055 1445 3093 Pericula,
1465 3054 1497 3084 Sc
1522 3053 1673 3090 Dampm,
1693 3062 1757 3090 quae
1778 3053 1806 3081 in
1825 3051 1951 3081 futurum
1977 3051 2097 3089 praefatis
2114 3050 2287 3081 Mercatori-

1215 3094 1266 3124 bus
1282 3094 1426 3132 Anglicis,
1447 3101 1534 3130 partes
1549 3091 1694 3130 praedietas
1707 3091 1884 3127 usitantibus,
1903 3099 1952 3127 per
1967 3089 2105 3120 Malitiam
2120 3090 2232 3120 illorum
2248 3090 2286 3121 de

1216 3131 1310 3162 Hansa
1325 3134 1437 3163 evenire
1450 3139 1600 3169 poterunt,
1618 3130 1751 3159 ordinare
1763 3128 1842 3167 quod
1857 3129 1912 3166 illi,
1928 3128 1964 3159 de
1977 3128 2119 3159 Societate
2133 3129 2169 3159 de
2183 3128 2286 3166 Hansa,

1215 3170 1264 3201 sub
1281 3171 1472 3202 Libertatibus
1488 3170 1538 3199 suis
1554 3169 1718 3199 Residentes
1732 3168 1765 3198 ὃς
1782 3167 1936 3197 Venientes
1950 3168 1979 3196 in
1995 3167 2101 3205 Regno
2115 3166 2211 3197 vestro
2224 3167 2287 3197 An-

1214 3211 1277 3240 ‹rliae
1297 3210 1371 3248 apud
1393 3208 1501 3240 Boston
1521 3208 1624 3246 possint
1639 3231 1648 3244 ,
1675 3217 1772 3238 coram
1791 3207 1874 3237 vobis
1896 3205 2011 3242 praefato
2030 3206 2165 3236 Domino
2186 3204 2286 3236 nostro

1214 3233 1298 3288 Rege
1313 3249 1432 3286 obligari
1452 3258 1500 3285 per
1518 3247 1779 3285 Recognitioneni,
1798 3246 1826 3274 iii
1843 3245 1962 3282 quadarn
1976 3245 2131 3275 rationabili
2145 3244 2285 3283 Summfi,

1213 3289 1287 3325 juxta
1301 3287 1503 3318 avisamentum
1517 3285 1640 3316 vestrum
1657 3284 1821 3322 limitanda,
1833 3285 1890 3314 tiim
1906 3293 1958 3320 pro
1972 3284 2105 3313 omnibus
2118 3283 2210 3313 Sociis
2220 3282 2287 3321 suis,

1213 3326 1302 3358 ἀίξὶαε
1322 3335 1410 3362 partes
1430 3324 1598 3364 Norwegiae
1621 3323 1800 3354 Usitantibus
1815 3324 1848 3354 δε
1864 3323 1893 3352 in
1910 3323 1948 3351 eis
1962 3321 2177 3360 ResidentibuS,
2195 3323 2283 3360 quam

1215 3375 1267 3403 pro
1287 3365 1394 3404 seipsis,
1412 3364 1549 3402 Regnum
1568 3363 1676 3401 Angliae
1695 3361 1889 3398 Uiitantibus,
1907 3361 1984 3391 &in
1998 3361 2101 3391 eodem
2121 3359 2283 3391 Residenti-

1215 3405 1282 3443 bus,
1300 3404 1380 3442 quod
1401 3412 1501 3433 omnes
1525 3402 1704 3432 Mercatores
1725 3401 1857 3438 Anglici,
1876 3401 1905 3430 in
1919 3399 2001 3429 dietis
2015 3399 2143 3430 Partibus
2158 3398 2286 3430 Norwe-

1236 3444 1269 3473 iae
1285 3442 1466 3478 Residentes,
1481 3442 1515 3472 ὃς
1530 3451 1574 3472 eas
1589 3440 1734 3477 usitantes,
1749 3449 1798 3478 per
1815 3439 1970 3469 Libertates
1984 3438 2018 3468 ὃ(
2033 3437 2206 3468 Frinchefias
2219 3439 2286 3477 suas,

1217 3480 1428 3512 Mercandisam
1448 3481 1523 3510 suam
1545 3479 1654 3509 ibidem
1674 3479 1765 3508 facere
1787 3477 1907 3515 possint,
1932 3476 2035 3514 absque
2056 3477 2285 3514 Permrbafione,

1217 3520 1436 3557 Molestatione,
1456 3520 1501 3549 seu
1517 3520 1534 3538 θ*
1551 3517 1727 3548 Gravamine
1744 3516 1873 3554 aliquali,
1892 3516 1942 3546 sibi
1956 3525 2004 3553 per
2020 3514 2084 3546 illos
2094 3516 2130 3546 de
2145 3515 2284 3546 Societate
2301 3513 2416 3551 *vnn

1215 3559 1251 3590 de
1273 3559 1383 3594 Hansa,
1410 3566 1456 3588 aut
1473 3567 1522 3595 per
1543 3557 1666 3594 aliquem
1686 3556 1788 3593 alium,
1807 3564 1907 3585 eorum
1930 3555 2065 3592 nomine,
2080 3554 2232 3591 faciendis,
2249 3554 2283 3584 ὃς
2300 3562 2366 3590 725.

1214 3598 1273 3628 hoc
1289 3597 1361 3628 adeo
1375 3597 1464 3626 libere
1480 3596 1513 3626 δε
1528 3595 1631 3625 eodem
1647 3595 1752 3630 modo,
1771 3595 1841 3624 licut
1856 3594 1895 3623 illi
1910 3593 1945 3622 de
1960 3592 2054 3623 Hansa
2067 3593 2235 3628 tolerantur,
2249 3601 2283 3622 ac

1216 3636 1338 3674 habent,
1354 3644 1488 3672 utuntur,
1503 3644 1552 3672 per
1567 3634 1721 3665 Libertates
1738 3633 1812 3671 suas,
1828 3633 1857 3662 in
1873 3631 1984 3670 Regno
1997 3631 2130 3671 Angliae,
2139 3641 2191 3670 pro
2205 3628 2285 3669 Deo,

1216 3677 1250 3706 &
1265 3676 1294 3705 in
1308 3684 1394 3713 opere
1409 3672 1551 3705 Caritatis.

1255 3752 1268 3783 I
1279 3762 1302 3783 N
1312 3762 1323 3781 s
1333 3761 1351 3782 P
1361 3761 1379 3782 E
1390 3761 1407 3781 x
1416 3759 1495 3781 rMU
1507 3760 1519 3781 s
1537 3752 1623 3782 etiam
1644 3749 1795 3781 Tenorem
1816 3749 1960 3787 cujusdam
1985 3747 2087 3778 Literae
2100 3745 2222 3790 nostrat,¹
2238 3745 2289 3777 sub

1217 3792 1333 3823 Privato
1348 3791 1448 3830 Sigillo
1462 3789 1578 3827 nostro,
1598 3800 1646 3827 per
1659 3799 1710 3819 nos
1727 3797 1814 3828 nuper
1829 3788 1913 3818 faetae
1924 3811 1932 3825 ,
1950 3787 2021 3816 infra
2038 3785 2291 3829 quam-pfaedlstqs

1218 3830 1363 3860 Articulos
1384 3830 1504 3860 fecimus
1526 3828 1689 3865 intercludi,
1708 3830 1758 3866 &,
1774 3828 1810 3857 de
1832 3827 2016 3858 Avisamento
2039 3823 2292 3867 Conciliienostri,

1218 3869 1416 3899 Aldermannis
1431 3868 1606 3899 Societatum
1622 3867 1823 3897 communium
1841 3865 2124 3905 h‘lei·cat0runi,tani
2140 3861 2223 3892 Villae
2237 3873 2292 3893 no-

1218 3907 1282 3938 strae
1298 3908 1334 3937 de
1350 3906 1447 3946 Lenn,
1462 3908 1546 3945 quarn
1568 3906 1605 3936 de
1627 3905 1739 3942 Hansa,
1758 3902 1832 3942 apud
1852 3903 1953 3933 North
1972 3900 2062 3932 Berne
2083 3910 2114 3930 m
2128 3899 2290 3941 Norwegia

1220 3945 1436 3984 Residentibus,
1457 3945 1546 3976 miffae
1563 3946 1593 3975 in
1606 3945 1669 3975 haec
1685 3944 1786 3981 verba,

1221 4022 1436 4084 HEnricus,
1462 4022 1522 4052 Dei
1542 4020 1643 4061 gratia,
1662 4023 1723 4049 Rex
1742 4016 1854 4055 Angliae
1874 4016 1910 4051 ὠ
1930 4018 2070 4061 Francia»,
2088 4015 2121 4047 ὃς
2143 4015 2291 4047 Dominus

1316 4062 1485 4098 Hiberniae,
1503 4061 1609 4090 dilectis
1625 4060 1726 4095 nobis,
1745 4057 1945 4087 Alam-mannis
1965 4055 2141 4085 Societatum
2158 4065 2294 4086 commu-

1224 4103 1305 4132 nium
1322 4100 1539 4137 Mercatorum,
1558 4100 1617 4128 tam
1636 4097 1723 4127 Villae
1742 4095 1845 4126 nostrae
1863 4095 1900 4124 de
1916 4094 1999 4123 Lenn
2011 4116 2020 4131 ,
2040 4095 2126 4131 quam
2142 4093 2177 4124 de
2192 4094 2298 4130 Hansa,

1224 4140 1298 4180 apud
1315 4138 1418 4171 North
1434 4137 1525 4170 Berne
1539 4139 1570 4167 in
1584 4136 1743 4174 Norwegia
1760 4133 1979 4170 Refideniibus,
1995 4133 2128 4163 Salutem.
2156 4169 2309 4200 Ροηςᾶος
