2562 4274
32 197 112 230 Ann.
122 195 164 228 D.

61 242 148 274 1417.

36 279 99 303 Hm,
118 282 148 309 5,

35 525 113 557 Ann.
124 525 166 556 D.

63 574 151 605 1417.

35 608 89 637 Aa.
108 614 135 640 ς.

35 648 71 672 Η.
94 653 121 679 5.

35 682 141 710 Ibidem.

37 730 73 758 m,
97 731 139 758 ¹9·

62 2428 79 2445 ²*
94 2427 148 2455 IX.

62 2466 118 2502 508

63 2504 140 2533 Ann.
158 2502 201 2533 D.

84 2551 172 2580 1417.

63 2585 115 2610 An.
134 2590 162 2617 5.

65 2626 100 2648 H.
129 2630 156 2655 5.

65 2663 104 2686 Ex
122 2663 180 2686 Au-

65 2703 132 2734 togr.

194 126 241 154 22

221 196 340 233 Incuius
357 219 368 234 ,
385 196 445 228 &c.

263 235 353 268 Teste
370 234 456 273 Rege
472 240 503 265 ut
518 231 599 271 supra
614 231 691 264 sexto
704 232 751 264 die
764 231 958 265 Novembris.

853 313 908 341 Per
922 309 1005 350 ipficm
1021 310 1124 347 Regem.

393 441 441 473 De
460 437 661 482 Thefizurario
679 436 875 469 Normanniae
891 433 1067 479 constitutos

193 526 313 585 REX
330 525 498 563 Omnibus,
514 523 548 555 ad
566 532 655 562 quos,
675 522 736 553 &c.
755 521 889 552 Salutem.

294 566 393 598 Sciatis
410 564 491 602 qubd
507 562 595 601 Nos,
959 599 964 603 .

230 604 280 636 De
301 605 456 642 probitate,
475 601 620 639 fidelitate,
644 600 678 630 &
696 598 846 636 industria,
871 597 965 628 dileeh
986 597 1019 628 &
1044 596 1130 629 fidelis
1155 597 1258 629 Militis

193 643 301 681 nostri,
326 643 469 682 Johannis
489 639 594 680 sztqft
609 662 620 678 ,
640 638 788 669 Senescalli
807 636 896 667 nostri
919 636 1117 676 Aquitanniae,
1145 637 1258 675 plenam

194 681 329 713 fiduciam
343 683 520 722 optinentes,
616 717 621 722 1
899 715 904 720 1
993 715 998 720 ¹

233 721 459 760 Constituimus,
483 717 705 755 Ordinavimus,
733 715 766 746 δε
786 714 970 745 Praefecimus
992 713 1082 752 ipsum
1105 713 1261 746 Praesiden-

194 768 255 791 tem
279 759 426 799 nostrum,
443 767 500 790 tam
522 758 552 787 in
575 756 726 787 Scaccario
748 753 849 784 nostro
874 753 1084 791 Normanniae,
1103 764 1188 791 quam
1203 755 1261 786 aliis

194 799 455 837 Protribunalibus,
474 795 592 827 Sedibus
602 794 780 833 judicialibus
795 792 1019 831 quibuscumque
1034 793 1066 822 &
1087 793 1261 832 ubicumque

193 838 266 869 infra
290 838 438 869 Ducaturn
460 835 592 866 nostrum
612 832 783 871 praedieium
799 854 809 869 ‚
836 841 950 861 necnon
970 831 1186 861 Thesaurarium
1206 842 1261 862 no-

195 877 287 907 strum
309 876 482 907 Generalem
505 874 577 904 infra
598 871 722 902 eundem
744 869 911 907 Ducatum‚
926 870 960 900 &
976 869 1032 898 aliis
1049 868 1136 899 Locis
1149 869 1261 900 Ditioni

196 916 301 948 nostrae
316 915 463 954 subjeffls,
479 912 572 952 quoad
591 910 761 949 Regendum
784 910 817 938 &
841 907 1071 937 Gubernandum
1087 917 1208 947 omnes,
1226 910 1260 940 ὃς

195 954 318 994 singulos
341 954 498 990 Redditus,
515 951 628 987 Exim,
649 949 826 983 proventus,
845 946 1067 989 obventiones,
1084 947 1118 976 &
1139 946 1262 978 Emolu-

197 1002 294 1023 menta
308 1001 517 1030 quaecurnque,
536 989 619 1019 nobis
634 988 670 1017 de
684 987 786 1017 eisdem
803 985 918 1015 Ducatu
934 986 967 1015 δε
994 985 1081 1015 Locis
1100 985 1194 1016 debita
1215 986 1261 1017 seu

196 1031 344 1069 debenda,
363 1034 397 1062 δε
414 1040 447 1060 ex
463 1029 523 1067 ipsis
538 1026 758 1065 quomodolibet
772 1026 824 1054 rite
838 1024 1039 1062 provenientia.

237 1069 346 1100 Dantes
368 1069 462 1100 eidem
485 1066 615 1105 Johanm‘
629 1065 761 1103 plenam,
780 1065 900 1095 Tenore
915 1063 1114 1101 Praesentium,
1134 1064 1264 1096 Potesta-

198 1115 258 1139 tem
281 1109 313 1139 ὃ(
337 1108 545 1139 Αιιέῖοτῐῐαῑετη
561 1104 595 1135 ad
609 1114 710 1134 omnes
724 1105 756 1134 ὃς
775 1103 896 1142 singulos
912 1102 1067 1134 Debitores
1083 1103 1213 1143 nostros,
1228 1104 1262 1135 ad

199 1156 339 1185 compota
362 1147 395 1178 &
419 1147 539 1177 rationes
561 1144 781 1182 Compotorum
803 1144 840 1173 de
861 1141 973 1180 Gestis,
996 1141 1129 1182 Debitis‚
1144 1144 1178 1174 &
1202 1143 1263 1174 Ad—

200 1185 359 1216 ministratis
383 1196 432 1224 per
454 1184 568 1215 eosdem
589 1183 722 1213 tradenda
745 1183 778 1213 &
792 1181 951 1219 reddenda,
968 1181 1021 1211 viis
1035 1181 1068 1212 δε
1086 1182 1178 1213 modis
1200 1183 1264 1221 qui-

200 1225 254 1255 bus
277 1225 474 1255 rationabiliter
499 1223 533 1254 &
554 1221 590 1252 de
617 1223 673 1252 'ure
689 1222 772 1252 fuerit
797 1220 978 1258 faciendum,
998 1220 1263 1261 Conveniendum,

200 1264 235 1295 &
249 1263 511 1301 Compellendum,
529 1270 575 1292 aut
619 1261 748 1291 onveniri
760 1259 805 1289 seu
819 1259 965 1297 Compelli
980 1259 1160 1299 faciendum,

237 1302 369 1333 Necnon
392 1302 426 1332 ad
446 1311 548 1332 omnes
569 1301 602 1331 &
626 1299 816 1330 omnimodos
836 1298 1017 1337 Officiarios,
1046 1307 1163 1337 utpote,
1180 1298 1262 1329 Balli-

201 1351 254 1372 vos
271 1364 280 1380 ,
306 1340 502 1372 Vicecomites
515 1364 524 1377 ,
550 1338 721 1375 Viridarios,
746 1337 914 1375 Firmarios,
938 1338 971 1368 &
993 1338 1060 1368 alios
1081 1337 1264 1376 Officiarios,

198 1389 285 1418 prout
302 1380 416 1417 melius,
428 1381 505 1418 juxta
520 1378 612 1407 sanam
628 1377 828 1407 discretionem
845 1377 938 1413 suam,
955 1385 1008 1414 pro
1024 1376 1186 1406 commodo
1210 1387 1265 1407 no-

201 1419 279 1458 stro,
297 1419 359 1449 fore
382 1419 483 1450 viderit
507 1416 698 1454 Faciendum,
717 1415 937 1453 Ordinandum,
953 1413 1213 1454 Conststuendum,
1231 1416 1266 1447 &

200 1457 412 1494 Deputandum
421 1480 431 1495 ,

244 1497 279 1527 Et
295 1497 374 1534 illos,
393 1496 440 1534 qui
457 1497 484 1525 iu
502 1494 617 1525 Officiis
633 1494 683 1524 suis
697 1492 856 1530 hujusmodi
874 1493 966 1523 minus
981 1491 1100 1523 idoneos
1114 1501 1159 1524 aut
1183 1493 1268 1524 insuf-

204 1535 330 1566 ficientes
342 1535 462 1565 inveniri
475 1534 644 1569 contigerit,
663 1531 699 1562 de
722 1541 851 1570 tempore
864 1533 894 1562 in
916 1541 1046 1570 tempuS‚
1062 1532 1267 1563 Amovendum

204 1575 238 1605 δε
255 1573 479 1613 Expellendum,
498 1574 531 1603 &
546 1573 615 1601 alios
633 1571 716 1602 Loco
728 1571 776 1601 suo
792 1571 911 1602 idoneos
927 1572 960 1601 &
974 1569 1141 1601 sufficientes
1155 1570 1265 1602 Substi-

203 1613 344 1647 tuendum
357 1614 389 1643 &
405 1609 622 1649 Subroganduni
633 1633 641 1647 ,

207 1688 209 1690 v
242 1652 288 1682 Ac
309 1652 392 1681 etiam
412 1650 445 1680 ad
468 1650 574 1679 Literas
589 1648 625 1678 de
638 1647 714 1679 salvo
730 1647 907 1685 Conduetu‚
925 1647 1053 1680 Personis
1069 1672 1079 1687 ,
1095 1650 1196 1687 quibus
1220 1650 1270 1681 sibi

206 1691 306 1723 melius
330 1689 495 1726 videbitur,
523 1688 573 1718 sub
593 1688 686 1718 forma
706 1686 800 1718 debita
820 1687 1021 1718 conficiendas
1033 1711 1043 1727 ,
1075 1688 1214 1719 Dandum
1236 1691 1269 1721 δε

203 1727 454 1766 concedendum,

243 1768 376 1799 Necnon
388 1765 552 1805 generaliter
563 1765 662 1795 omnia
674 1765 707 1807 ὃς
724 1764 831 1802 singula
844 1764 1061 1796 Excercendum
1069 1789 1078 1804 ,
1087 1766 1270 1807 Faciendum,

206 1808 241 1840 δε
258 1805 475 1844 Expediendum
492 1815 557 1842 quae
573 1804 607 1834 ad
624 1803 826 1834 Praendentem
844 1804 877 1834 δε
893 1804 1112 1835 Tnesaumriurn
1129 1807 1271 1843 pertinent

206 1846 252 1877 seu
270 1846 407 1883 pertinere
422 1843 527 1874 debent
544 1842 754 1881 quovismodo,

244 1884 356 1915 Damus
377 1891 473 1914 autem
496 1881 631 1913 universis
655 1881 688 1912 &
711 1881 824 1918 singulis
847 1880 1024 1922 Capitaneis,
1041 1881 1220 1921 Castellanis,
1239 1884 1273 1915 δε

205 1932 310 1954 eorum
335 1921 592 1958 Locatenentibus,
616 1929 649 1950 ac
668 1920 805 1950 omnibus
828 1920 885 1950 aliis
905 1921 1020 1959 Ligeis,
1047 1921 1188 1952 Fidelibus
1205 1945 1214 1961 ,
1239 1923 1273 1953 &

206 1961 332 1993 Subditis
353 1961 476 1998 nostris,
494 1960 527 1991 &
551 1959 625 1997 aliis,
643 1968 768 1997 quorum
782 1958 914 1997 interest,
932 1959 1052 1990 Tenore
1071 1960 1273 2000 Praesendum,

208 2000 328 2031 firmiter
343 2000 372 2029 in
385 1999 529 2030 Mandatis
541 2000 623 2036 quod
637 1997 756 2035 praefato
777 1997 925 2036 Johanni,
942 1999 972 2028 in
995 1997 1146 2028 Praemiffis
1163 2001 1197 2031 &
1222 2010 1273 2030 eo-

206 2049 273 2072 rum
286 2039 414 2077 quolibet
429 2036 562 2068 faciendis
577 2038 610 2068 &
624 2035 812 2076 exequendis,
830 2036 1012 2068 Intendentes
1026 2037 1094 2076 sint,
1113 2036 1273 2069 Consulen-

206 2085 265 2116 teS,
283 2079 317 2109 &
335 2076 527 2113 Auxiliantes,
545 2083 631 2114 prout
641 2074 734 2105 decet.

247 2116 281 2147 In
298 2116 394 2153 cujus,
412 2116 473 2146 &c.
492 2114 626 2153 quamdiu
639 2114 722 2144 nobis
735 2114 869 2151 placuerit
880 2114 1031 2146 duraturas.

207 2175 210 2178 ,
245 2154 335 2185 Teste
360 2153 443 2192 Rege
465 2152 540 2191 apud
561 2152 685 2193 Castrum
707 2155 786 2190 Regir
807 2153 977 2194 d’Alenson‚
992 2156 1022 2184 in
1045 2153 1164 2187 Ducatu
1187 2155 1276 2197 Regis

209 2192 424 2231 Normanniae,
441 2193 538 2231 primo
553 2192 598 2223 die
614 2191 806 2224 Novembris.

848 2273 903 2302 Per
915 2269 999 2311 ipsicm
1012 2274 1116 2311 Regem.

363 2408 390 2434 *fi
418 2410 523 2440 Litora
544 2404 693 2453 Magistri
713 2405 865 2438 Generalis
880 2406 1120 2440 Teutonicorum.

294 2492 447 2522 Umillimi
465 2491 766 2522 Recommendatione
777 2491 962 2522 Servitiorum
972 2514 981 2527 ,
995 2501 1064 2521 cum
1079 2493 1282 2530 promptitudi-

216 2567 235 2598 ἀ
313 2540 350 2560 ne
373 2531 407 2561 ad
432 2531 537 2569 quaevis
552 2529 653 2561 vcstrae
669 2530 764 2569 regalis
781 2529 934 2568 Majestatis
950 2528 1127 2567 Beneplacita
1142 2532 1176 2562 &
1192 2531 1281 2561 Man-

243 2576 288 2598 ita.

259 2606 555 2637 SERENISSIME
575 2606 812 2644 ancssps,
841 2605 1096 2638 Mac-lelcr„
1118 2606 1202 2638 Rex
1217 2631 1227 2647 ,
1245 2610 1280 2640 ὃς

219 2643 399 2675 Dorum:
420 2644 654 2683 Gnaerosn,

257 2683 334 2714 Non
358 2683 416 2713 sine
438 2684 515 2721 gravi
538 2684 663 2719 Querela
687 2683 850 2721 proposuit,
868 2692 966 2713 coram
992 2684 1091 2722 nobis,
1114 2683 1204 2715 fidelis
1227 2695 1281 2715 no-

219 2721 293 2760 ster,
310 2722 425 2752 dilectus
443 2720 524 2751 Civis
537 2722 565 2751 in
583 2721 690 2751 Danhk
707 2722 813 2751 Henrik
828 2721 923 2759 Junge
936 2722 1101 2760 quomodo,
1119 2732 1186 2753 cum
1208 2724 1280 2763 ipse,

220 2771 291 2791 cum
315 2761 451 2798 aliquibus
473 2761 529 2790 aliis
555 2759 783 2796 Mercatoribus,
801 2765 944 2796 quendam
968 2760 1144 2799 Liburnum,
1162 2762 1283 2801 vulgari-

220 2807 262 2829 ter
279 2799 422 2838 Koglzen,
439 2798 597 2836 cujusdam,
610 2800 728 2828 nomine
749 2798 886 2836 Schipper
913 2798 1064 2829 Lamrecht
1081 2799 1214 2838 Dytricbs
1227 2801 1282 2832 So-

220 2848 259 2907 }ie
284 2838 320 2868 de
341 2837 488 2877 Campen,
507 2847 574 2867 cum
595 2837 657 2867 Sale
682 2838 715 2868 &
731 2837 866 2876 aliquibus
882 2836 939 2866 aliis
965 2837 1131 2870 Mercantiis
1154 2839 1282 2870 onustas-

231 2886 276 2913 ct,

260 2915 316 2952 Et,
334 2914 369 2945 de
395 2916 511 2952 propriis
533 2914 678 2944 voluntate
701 2915 735 2945 &
758 2914 872 2944 arbitrio
897 2914 935 2944 sui
950 2915 983 2945 ὃς
999 2914 1119 2945 aliorum
1136 2915 1283 2946 Mercato-

224 2964 308 2990 rum,
331 2954 426 2984 secum
449 2955 476 2982 in
502 2953 599 2983 eadem
621 2954 700 2982 Navi
727 2953 921 2990 existentium,
944 2953 977 2983 ad
1002 2954 1184 2985 vendendum
1209 2955 1284 2986 dicta

224 3002 326 3061 {orum
351 2992 446 3030 Bona,
464 2991 499 3022 ad
519 2991 639 3022 Portum
662 2991 824 3022 Valennidae
848 2991 929 3022 Navi
950 3001 1019 3022 cum
1040 2993 1138 3024 eadem
1159 2993 1285 3032 navigas-

239 3041 282 3067 et,

265 3071 343 3108 Qrae
360 3069 486 3108 ibidem,
504 3078 534 3099 ut
550 3068 694 3099 evidenter
709 3078 821 3106 apparet
845 3069 875 3098 in
901 3069 1020 3107 quadam
1040 3070 1144 3101 Littera
1159 3071 1286 3109 pluribus

229 3110 360 3138 roborata
375 3108 493 3145 Sigiliis,
513 3108 600 3138 fuerat
614 3107 740 3137 arrestata
750 3130 759 3144 ,

268 3147 482 3177 Nichilominus
507 3156 601 3177 tamen
623 3146 692 3176 dieii
715 3145 890 3176 Mei-catores
914 3145 1099 3176 vendiderunt
1122 3148 1166 3178 sua
1191 3148 1288 3187 Bona,

229 3185 480 3221 sollempnitatibus
494 3208 503 3223 ,
528 3186 600 3215 inter
624 3184 800 3214 Mercatores
821 3183 959 3214 consuetis
973 3209 982 3221 ,
1007 3185 1136 3215 adhibitis
1149 3209 1158 3224 ,
1186 3187 1288 3224 quibus

231 3223 369 3261 venditis,
385 3225 417 3254 δ’
442 3224 582 3254 solutione
604 3221 732 3259 recepta,
756 3222 870 3259 quidam
895 3222 1040 3253 Homines
1064 3224 1146 3254 vestri
1168 3224 1204 3254 de
1226 3225 1288 3255 Ha-

233 3263 309 3300 wig,
328 3270 396 3292 tunc
415 3264 442 3291 in
468 3262 592 3293 Civitate
610 3262 635 3291 V
638 3261 774 3291 alenuida:
791 3260 956 3299 existentes,
975 3261 1080 3292 dieiam
1105 3261 1233 3299 Navim,
1250 3264 1287 3293 sic

231 3300 389 3331 arrestatam
399 3323 408 3337 ,
426 3302 480 3329 unii
503 3310 571 3330 cum
595 3299 680 3329 Bonis
706 3300 734 3328 in
749 3309 780 3328 ea
795 3300 955 3336 contentis,
971 3310 1184 3337 occupaverunt
1198 3302 1288 3330 inten-

233 3339 332 3369 dentes
355 3339 446 3368 versus
470 3338 576 3375 Hawig
598 3339 627 3367 in
650 3338 767 3368 Domos
789 3337 846 3367 suas
859 3337 1048 3376 transfretare,
1065 3339 1185 3368 eandem
1207 3339 1290 3370 dietis

236 3376 446 3407 Mercatoribus
461 3377 561 3406 nostris
577 3378 658 3406 tacita
671 3377 837 3405 alienatione
849 3375 1038 3413 abstulerunt,

279 3415 427 3451 Demum,
445 3416 533 3445 ventis
549 3415 683 3452 prosperis
693 3415 839 3451 flantibus,
859 3415 926 3444 velis
942 3415 1068 3452 elevatis,
1087 3416 1135 3453 qui
1151 3415 1177 3445 se
1191 3415 1225 3445 ad
1240 3415 1292 3446 alta

240 3454 334 3485 h'laria
353 3453 502 3489 misissent,
521 3454 647 3489 expositis
664 3455 736 3490 prius
752 3452 785 3482 ad
804 3452 913 3482 Littora
931 3453 1052 3482 Famulis
1074 3453 1159 3483 dietae
1182 3454 1295 3493 Navis,

240 3493 338 3524 dlvina
354 3491 532 3530 permissione
548 3492 645 3521 cadem
661 3491 771 3527 Navis,
788 3500 886 3520 contra
901 3492 1039 3528 quandam
1058 3491 1172 3529 Rupem
1187 3492 1228 3522 est
1246 3493 1295 3524 de-

242 3531 363 3569 struc‘ia3
379 3531 420 3560 ob
435 3529 513 3567 quod
531 3529 720 3568 Mercanrias,
738 3529 835 3567 Sistas,
852 3529 938 3559 Arma
948 3552 958 3567 ,
978 3529 1094 3567 Vestes,
1113 3531 1145 3560 δε
1159 3530 1296 3568 alia,quae

240 3569 342 3601 adinde
362 3568 396 3599 ad
415 3568 477 3599 alias
500 3567 578 3598 Duas
601 3577 696 3604 parvas
719 3568 817 3598 Naves
836 3566 929 3598 locare
946 3577 1090 3605 poterant,
1109 3578 1177 3598 cum
1192 3569 1295 3599 eisdem

242 3609 335 3639 versus
359 3608 465 3646 Hawig
484 3605 518 3636 ad
540 3607 649 3643 propria
673 3607 891 3641 transfretantes,
910 3616 993 3642 prout
1011 3606 1100 3637 Lator
1115 3606 1298 3638 Praesentium

242 3647 361 3678 lucidius
373 3646 521 3681 explicabit
536 3645 575 3674 rei
591 3644 698 3674 {adium
713 3643 811 3673 vestrre
825 3643 981 3681 Majestati,

281 3685 381 3722 Quam
404 3684 526 3714 studiose
545 3682 730 3721 supplicamus
744 3683 777 3712 ὃς
791 3682 895 3711 devote
912 3685 1038 3719 quatinus
1055 3683 1108 3719 ipsa
1122 3683 1299 3715 animadver-

245 3732 304 3754 tere
322 3724 454 3760 dignetur
475 3722 583 3752 dieram
608 3720 739 3758 injuriam
765 3719 971 3749 Mercatoribus
992 3719 1111 3759 nostris,
1134 3731 1164 3752 ut
1185 3723 1300 3760 praefer-

246 3770 290 3791 tur
300 3784 309 3798 ‚
324 3762 444 3798 illatam,
462 3761 494 3791 ἃ
509 3760 621 3790 tandem
636 3757 819 3788 effestuaiiter
832 3758 977 3796 disponere
992 3767 1022 3788 ut
1043 3759 1117 3789 dieta
1139 3760 1235 3799 Bona,
1254 3762 1301 3791 vel

246 3809 347 3828 corum
372 3798 589 3836 Recompensa,
615 3807 665 3834 per
687 3796 796 3826 vestros
818 3795 962 3826 Homines
983 3796 1018 3826 de
1041 3796 1149 3836 Hawig
1170 3799 1301 3839 alienata,

248 3837 305 3866 sine
328 3838 521 3867 Minor-atione
540 3838 573 3867 ἃ
595 3837 719 3866 ulteriori
735 3836 830 3873 quavis
846 3834 993 3872 dilatione,
1012 3834 1158 3865 Ostensori
1177 3837 1301 3867 Praesen-

249 3876 338 3911 tium,
356 3876 481 3912 quolibet
495 3874 701 3914 impedimento
715 3874 866 3910 submoto,
885 3872 1060 3903 restituantur
1076 3874 1110 3903 δε
1126 3875 1212 3905 etiam
1227 3885 1300 3913 prae-

249 3912 404 3952 sententur,
420 3915 501 3943 nobis
515 3914 543 3942 in
558 3914 615 3943 hoc
628 3912 758 3944 Gratiam
771 3913 805 3944 ὃς
821 3910 1008 3949 Conplaciam
1023 3911 1185 3944 exhibentes
1205 3914 1301 3953 fingu-

250 3950 333 3986 lares,

235 4015 242 4030 s
280 3987 429 4019 Personam
442 3989 561 4019 vestram
575 3989 762 4029 dignissimam
777 3987 932 4020 Altiffimus
943 3988 1106 4022 conservare
1118 3989 1252 4029 dignetur
1263 3991 1302 4028 ίὲτ

248 4036 315 4058 nam
328 4027 361 4058 ἃ
374 4027 547 4057 incolumem
562 4036 689 4066 tempora
705 4038 753 4066 per
768 4027 903 4066 longaeva.

658 101 1912 156 coNvENTloNE33L1TERAE‚

1334 189 1446 221 Datum
1460 190 1489 220 in
1503 189 1595 229 Castro
1609 189 1695 231 nostro
1709 191 1844 229 Danczk,
1861 187 1987 221 secundo
1999 188 2048 220 die
2062 187 2259 226 Novembris,
2272 187 2362 220 Anno
2379 189 2456 221 Ann.
2470 189 2516 230 D,

1296 227 1420 260 Domini
1437 228 1485 259 M.
1504 228 1633 260 CCCC.
1654 228 1753 262 XVII.
2401 236 2488 268 1417.

1405 308 1506 335 Frater
1518 305 1648 338 Michael
1661 306 1878 346 Cuchmeister,
1895 307 2008 338 ordinis
2018 305 2238 338 Theotonicorum
2252 306 2362 338 Sanblae
2381 272 2445 298 Hm·
2463 275 2493 306 ς·
2509 288 2511 290 .

1455 347 1561 375 Mariae
1576 345 1709 385 Magister
1722 345 1871 376 Generalix.

1367 419 1455 461 Dorsl

1333 459 1506 502 Illystriffi'mo
1527 462 1646 500 Principi
1665 472 1698 490 ac
1718 461 1924 501 metuendrffimo
1944 466 2060 493 Domino
2097 465 2214 491 Domino
2230 461 2361 491 Henrico

1298 496 1377 536 Regi
1390 499 1505 538 Angliae
1519 500 1552 530 &
1567 499 1694 531 Franciae
1709 502 1825 530 Domino
1840 499 1926 540 nestro
1937 485 2127 540 gratiofiffirtzo.

1393 629 1443 660 De
1463 630 1675 674 Prorogatione
1686 628 1879 675 Treugarum
1891 631 1923 662 in
1940 626 2097 662 Marchiis
2113 626 2268 661 Picardiae.

1298 712 1445 768 REX,
1463 713 1582 744 Dilecto
1604 713 1638 745 &
1659 712 1733 743 fideli
1746 712 1796 743 suo
1831 711 1975 743 Wllielmo
1989 711 2115 753 Bardolf
2122 712 2229 751 Militi,
2246 711 2360 745 locum·
2379 718 2512 758 AmLD,¹

1338 790 1358 820 S
1372 753 1478 796 tenenti
1494 751 1644 790 Capitanei
1657 751 1742 783 Villae
1758 761 1800 782 no
1827 760 1866 781 rae
1879 750 2001 790 Calefii,
2019 751 2154 783 Salutem.
2399 767 2487 798 1417,

1338 790 1879 873 Dceag'sidffilisadtehgffflircumspefflone
1894 827 1991 859 vestris
2007 827 2117 872 plenius
2131 828 2323 869 confidentes,
2378 802 2433 865 ἐπ
2447 807 2477 834 5
2511 832 2518 836 “

1341 866 1433 898 Vobis
1446 890 1455 906 ,
1476 869 1511 898 ad
1531 869 1660 905 Treugas
1675 891 1685 906 ,
1711 869 1741 898 in
1758 867 1898 898 Marchiis
1912 866 2052 897 Picardlae
2064 866 2169 896 ultimo
2182 875 2292 906 captas,
2309 878 2359 906 per
2380 878 2506 909 Norm.5.'

1299 913 1391 935 unum
1407 905 1539 937 Mensem
1553 909 1687 944 proximo
1699 906 1826 937 futurum
1840 904 2067 946 prorogandam,
2086 904 2200 942 plenam
2215 927 2226 943 ,
2240 905 2361 937 Tenore
2378 911 2496 951 H.5.ni.

1299 941 1501 983 Praesentium,
1519 944 1740 976 Committimus
1756 944 1930 976 Facultatem
1944 945 1978 976 δε
1994 942 2185 981 potestatem,
2379 961 2407 989 5·
2487 945 2497 949 ’”

1340 981 1544 1017 Promittentes
1572 983 1642 1014 Nos
1661 982 1772 1014 Ratum
1786 1006 1796 1022 ,
1831 982 1958 1014 Gratum
1971 1005 1982 1021 ,
2011 982 2045 1013 &
2065 981 2196 1012 Firmum
2217 981 2365 1013 habituros

1302 1022 1444 1061 quicquid
1465 1033 1515 1061 per
1534 1032 1586 1054 vos
1601 1046 1611 1060 ,
1628 1020 1764 1052 Nomine
1779 1021 1898 1060 nostro,
1917 1021 2047 1059 Akkum,
2062 1019 2207 1059 Gestum,
2223 1019 2281 1052 five
2293 1020 2366 1058 Pro-v

1301 1070 1432 1129 culratum
1449 1061 1532 1093 fuerit
1547 1062 1576 1091 in
1590 1059 1759 1100 Praemiffis,
1776 1059 1822 1093 vel
1834 1059 1930 1099 aliquo
1944 1058 2167 1090 Praemissorum.

1353 1110 1373 1129 n
1388 1101 1484 1136 cu'uS,
1502 1102 1565 1132 &e.

1340 1110 1434 1169 Testel
1453 1138 1586 1178 Johanne
1606 1142 1682 1170 Duce
1703 1136 1860 1179 Bedfordiae
1875 1135 2006 1170 Custode
2021 1135 2134 1178 Angliae
2149 1135 2224 1176 apud
2240 1135 2368 1177 Wstmofi

1304 1176 1449 1217 musterium
1463 1179 1547 1209 tertio
1561 1177 1607 1210 die
1620 1177 1810 1211 Novembris.

2043 1257 2097 1286 Per
2110 1255 2266 1286 ConciliumL

2389 1378 2475 1414 *lxs

2385 1427 2454 1455 509·

1312 1470 1462 1527 REX,
1480 1480 1529 1509 per
1549 1470 1654 1501 Literas
1674 1471 1732 1501 suas
1753 1470 1884 1502 Patentes
1898 1494 1908 1509 ,
1927 1469 2015 1508 usque
2027 1470 2197 1500 vicesimum
2211 1467 2367 1500 secundum
2387 1455 2518 1496 Anu-D*

1389 1511 1466 1541 diem
1487 1510 1689 1548 Novembris,
1712 1510 1849 1548 proximo
1869 1509 1999 1540 futurum
2022 1508 2162 1539 duraturas
2175 1531 2186 1546 ‚
2209 1507 2284 1538 susce
2305 1509 2326 1538 it
2338 1508 2368 1537 in
2406 1502 2496 1534 1417.

1310 1546 1433 1581 salvum,
1448 1549 1510 1580 ἃς.
1528 1547 1670 1577 Abbatem
1681 1549 1777 1578 Samfz‘i
1791 1551 1914 1578 Martini
1933 1547 1966 1577 de
1983 1551 2043 1576 Sees
2057 1571 2067 1585 ,
2088 1549 2117 1577 in
2135 1546 2254 1578 Ducatu
2307 1547 2368 1583 egis
2387 1539 2443 1564 ‘4⁷¹-
2459 1544 2487 1570 ἶ·

1310 1585 1524 1626 Normanniae‚
1542 1586 1628 1624 usque
1636 1585 1815 1617 Praesentiam
1824 1586 1929 1625 Regis,
1948 1586 2126 1624 ubicumque
2139 1595 2207 1615 eum
2220 1585 2281 1615 fore
2293 1594 2368 1616 con-
2386 1577 2421 1600 H.
2442 1581 2472 1609 5·

1310 1625 1417 1663 tigerit,
1435 1635 1503 1656 cum
1525 1624 1676 1654 Sexdecim
1698 1624 1825 1654 Personis
1847 1625 1876 1653 in
1898 1623 2047 1654 Comitiva
2060 1623 2122 1661 sua,
2141 1633 2175 1654 ac
2190 1622 2294 1662 Equis,
2312 1622 2368 1653 Bo-
2386 1615 2446 1640 ¹²⁴²·
2519 1653 2524 1658 ,

1312 1665 1371 1703 nis,
1392 1664 1506 1701 Rebus,
1524 1664 1558 1693 &
1579 1662 1724 1693 Hernefiis
1744 1663 1795 1693 suis
1809 1686 1819 1700 ,
1842 1661 1986 1694 veniendo
2001 1684 2011 1700 ‚
2036 1661 2143 1692 ibidem
2159 1661 2317 1700 morando,
2333 1662 2368 1693 &
2386 1654 2440 1678 Nor
2441 1658 2477 1678 η’·
2493 1658 2521 1686 5·

1311 1703 1412 1733 exinde
1425 1700 1610 1739 transeundo,
2387 1693 2423 1716 H.
2431 1697 2460 1724 5·
2467 1697 2504 1716 m·

1350 1741 1468 1772 Proviso
1479 1740 1586 1780 semper
1599 1738 1682 1778 qubd
1693 1739 1742 1778 ipsi
1757 1740 1911 1778 quicquam
1921 1762 1931 1776 ,
1947 1737 2008 1773 &a
2024 1741 2098 1768 utin
2109 1737 2236 1778 similibus
2248 1738 2281 1768 de
2295 1742 2367 1769 Con·
2388 1736 2436 1765 ²⁰²

1312 1781 1392 1810 duclu
1409 1783 1523 1809 Litoris.

1351 1819 1385 1849 ln
1402 1821 1495 1857 cujus,
1514 1819 1577 1849 &c.

1350 1857 1438 1888 Teste
1460 1857 1545 1893 Rege
1563 1856 1638 1893 apud
1658 1854 1782 1926 cigflrum
1801 1859 1879 1892 Regis
1899 1853 2050 1894 d'AIenſsm
2064 1877 2074 1893 ‚
2100 1855 2131 1885 in
2153 1853 2270 1886 Ducatu
2284 1853 2374 1894 Regis

1314 1897 1469 1935 praedicto,
1487 1897 1590 1934 quinto
1603 1894 1650 1926 die
1698 1894 1853 1926 ovembris.

1466 1382 1493 1409 ’χε
1520 1387 1569 1418 De
1577 1386 1669 1431 fhlvo
1686 1384 1838 1419 Conduffu
1855 1394 1913 1430 pro
1932 1382 2056 1418 Abbate
2072 1383 2108 1417 de
2127 1387 2205 1418 Sees.

2003 1973 2058 2002 Per
2068 1970 2152 2010 ipficm
2166 1971 2273 2008 Regem:

1695 2100 1746 2132 De
1761 2098 1995 2144 PraeftntationeJ

1318 2187 1526 2249 MAthaeus
1546 2186 1578 2216 de
1593 2184 1712 2215 Tonelier
1728 2184 1915 2224 Capelianus,
1932 2184 2016 2215 habet
2029 2183 2137 2214 Literas
2149 2181 2240 2222 Regis
2250 2181 2287 2213 de
2297 2179 2377 2212 Prae-
2397 2159 2475 2231 Alm}
2486 2158 2532 2198 D*

1413 2227 1565 2257 sentatione
1588 2224 1622 2255 ad
1640 2223 1787 2263 Capellam
1808 2224 1899 2254 beatae
1921 2222 2024 2254 Mariae
2037 2223 2074 2253 de
2089 2221 2259 2260 Ronceray,
2277 2221 2308 2251 in
2322 2219 2384 2264 Pas
2394 2208 2453 2267 An4
2477 2208 2504 2238 7·

1318 2267 1416 2297 rochia
1429 2265 1466 2295 de
1480 2264 1549 2304 Say,
1568 2262 1701 2302 Sagiensis
1717 2261 1875 2299 Dioeccfis,
1894 2270 2043 2293 vacantem
2063 2270 2113 2301 per
2134 2259 2268 2290 Mortem
2283 2257 2379 2297 Magi-
2395 2281 2422 2305 H
2441 2248 2492 2313 ‘55’

1318 2305 1367 2336 stri
1388 2304 1500 2335 Roberti
1521 2301 1596 2341 Jolis
1613 2300 1783 2339 Capeliani,
1807 2301 1898 2332 ultimi
1918 2299 2086 2331 Possefforis
2101 2297 2223 2338 ejusdem
2237 2297 2378 2336 Capellae,
2395 2299 2450 2344 md
2467 2299 2474 2305 “

1319 2346 1353 2377 &
1366 2343 1400 2374 ad
1414 2344 1502 2382 Regis
1514 2341 1716 2371 Donationem
1727 2339 1901 2377 spectantem
1913 2348 1946 2370 ut
1958 2339 2076 2377 dicitut;
2451 2337 2460 2344 “

1358 2382 1575 2451 Εὸὀὶτὶςῗηωῑ
1596 2379 1714 2410 Litterae
1732 2378 1786 2408 illae
1805 2377 1843 2417 J.
1861 2377 1987 2417 Epifiopo
2001 2375 2135 2418 Sagienfi,
2153 2375 2199 2407 seu
2213 2375 2275 2414 eJus
2291 2373 2380 2405 Vica-

1321 2432 1366 2452 110
1413 2431 1495 2451 encra
1505 2430 1523 2450 l-

1358 2459 1391 2490 In
1406 2460 1500 2498 cujus,
1518 2459 1578 2490 δῖε.
2279 2489 2284 2495 -

1357 2498 1448 2529 Teste
1462 2498 1544 2536 Rege
1556 2495 1631 2533 apud
1645 2493 1769 2534 Castrum
1782 2497 1859 2533 Regis
1871 2493 2022 2532 d'Alenfim
2037 2493 2066 2523 in
2078 2491 2196 2522 Ducam
2209 2489 2299 2529 Regis
2306 2498 2382 2528 prae-

1321 2537 1417 2575 dicio,
1436 2536 1543 2568 octavo
1557 2535 1604 2565 die
1616 2533 1806 2566 Novembris.

2010 2609 2063 2636 Per
2076 2606 2157 2647 ipſstm
2173 2608 2276 2644 Regem.

1550 2738 1599 2770 De
1616 2735 1794 2769 Protefltone
1809 2744 1861 2780 pro
1877 2731 2035 2778 Conftffire
2055 2733 2154 2776 Regis.

1326 2822 1556 2881 REverendus
1569 2823 1597 2852 in
1613 2819 1733 2851 Christo
1755 2819 1837 2849 Pater
1851 2817 2003 2856 stephanus
2018 2818 2205 2858 Patryngton,
2224 2813 2381 2858 Episcopus
2404 2808 2482 2839 Ann.
2490 2808 2532 2840 D.

1404 2861 1586 2893 Menevensis
1601 2883 1610 2897 ,
1635 2858 1792 2889 Confesior
1812 2857 1905 2894 Regis
1922 2878 1932 2894 ,
1950 2857 2017 2898 qui,
2037 2856 2065 2884 in
2080 2853 2257 2897 Obsequium
2272 2851 2379 2895 Regis,
2421 2856 2508 2888 1417.

1322 2900 1355 2932 ad
1371 2910 1460 2939 partes
1476 2900 1602 2931 Francia:
1617 2898 1795 2935 profeehirus
1810 2895 1866 2933 est,
1886 2894 1993 2925 ibidem
2006 2903 2036 2922 m
2051 2891 2198 2922 Comltlva
2213 2889 2301 2920 Reois
2314 2899 2380 2920 mo-
2397 2890 2450 2915 An.
2467 2896 2497 2923 5.

1324 2949 1430 2971 raturus
1450 2964 1460 2977 ,
1481 2940 1565 2969 habet
1582 2938 1690 2967 Literas
1707 2935 1796 2974 Regis
1809 2935 1845 2964 de
1860 2931 2139 2967 protectioneoeum
2156 2914 2287 2960 Claususs
2298 2928 2380 2959 volu·
2399 2930 2434 2954 H.
2454 2935 2483 2961 5·

1323 2980 1392 3014 mus)
1410 2989 1458 3016 per
1473 2987 1562 3008 unum
1576 2976 1694 3007 Annum
1707 2974 1856 3005 duraturas.
2400 2969 2536 3039 Ξαὲεὲῃς.

1375 3018 1386 3034 ³
1402 3018 1445 3047 x’s.
1486 3027 1525 3046 ⁷c.
2430 3025 2435 3031 .
2466 3025 2472 3031 .
2505 3024 2514 3032 .

1362 3017 1452 3086 'II'resie
1464 3018 1616 3093 &ohanna
1632 3056 1708 3082 Duce
1723 3047 1895 3085 Bedfordiae‚
1912 3044 2043 3076 Custode
2057 3044 2188 3084 Angliae,
2204 3044 2278 3085 apud
2295 3043 2382 3084 West-
2400 3050 2428 3076 9.

1326 3093 1530 3135 monasterium,
1548 3092 1654 3122 ocstavo
1668 3089 1715 3120 die
1730 3087 1918 3119 Novembris.

1820 3164 1873 3192 Per
1885 3161 1988 3192 Billam
2002 3161 2034 3190 de
2050 3163 2169 3190 Privato
2181 3159 2282 3198 sigillo.

1505 3295 1553 3326 De
1564 3291 1654 3337 fizlvo
1676 3288 1829 3322 Conduau
1840 3264 1895 3335 pro
1918 3286 2041 3321 Abbate
2054 3286 2090 3320 de
2104 3288 2233 3332 Trappa.

1335 3378 1485 3437 REX,
1503 3389 1551 3416 per
1576 3377 1681 3407 Literas
1703 3375 1760 3406 suas
1784 3374 1932 3411 Patentes,
1951 3373 2036 3411 usque
2051 3370 2218 3403 vicefimum
2231 3367 2386 3412 secundum
2405 3369 2480 3401 Ann.
2498 3369 2540 3402 D.

1414 3418 1491 3447 diem
1514 3416 1693 3446 Novembris
1708 3437 1718 3452 ‚
1743 3415 1879 3451 paoximo
1895 3412 2040 3449 futurum,
2057 3409 2214 3445 duraturas,
2229 3407 2344 3444 suscepit
2358 3416 2387 3436 in
2435 3418 2522 3447 1417,

1333 3455 1457 3492 salvum,
1477 3456 1536 3485 &c
1554 3453 1715 3492 Jolmnnem
1735 3451 1878 3481 Abbatem
1901 3450 1988 3480 beatae
2002 3451 2105 3478 Mariae
2119 3447 2150 3490 q'e
2163 3449 2269 3483 Trappa
2303 3445 2388 3482 usque
2406 3452 2457 3476 An,
2476 3458 2503 3483 ς,

1334 3493 1514 3524 Praelentiam
1529 3493 1615 3531 Regis
1625 3516 1633 3529 ,
1652 3492 1826 3528 ubicumque
1842 3499 1909 3519 eum
1921 3489 1984 3519 fore
1996 3487 2145 3522 contigerit
2160 3506 2170 3521 ‚
2185 3493 2253 3514 cum
2302 3492 2385 3526 ecem
2406 3492 2441 3514 H.
2459 3496 2486 3519 5·-

1335 3532 1465 3562 Personis
1485 3533 1514 3560 in
1531 3531 1679 3561 Comitiva
1697 3529 1758 3566 sua,
1775 3538 1808 3558 ac
1823 3527 1929 3565 Equis,
1946 3526 2047 3562 Bonis,
2064 3522 2179 3559 Rebus,
2195 3522 2228 3552 &
2241 3520 2385 3551 Hernelixs
2404 3530 2493 3552 Norm.
2515 3528 2545 3560 53

1334 3571 1405 3609 suis,
1422 3569 1579 3606 veniendo;
2105 3601 2109 3606 ἰ
2194 3600 2198 3604 ⁴
2216 3600 2219 3604 .
2412 3569 2446 3591 H.
2461 3572 2487 3597 5.
2502 3574 2540 3591 m.

1376 3608 1495 3639 Proviso
1508 3608 1615 3645 semper
1631 3605 1711 3644 quod
1726 3604 1775 3643 ipsi
1790 3604 1962 3642 quicquam,
1979 3599 2040 3636 &a
2057 3605 2090 3628 ut
2099 3609 2128 3627 m
2135 3596 2268 3638 stmtlthur
2282 3597 2313 3626 de
2321 3601 2392 3627 Con·
2414 3613 2458 3631 20,

1338 3649 1421 3678 ιιίιέἰη
1435 3650 1548 3677 Litoris.

1378 3686 1410 3715 ln
1426 3686 1521 3722 cujus,
1539 3685 1600 3715 &o
2127 3713 2132 3718 “
2371 3713 2377 3719 ,

1379 3723 1470 3754 Teste
1492 3723 1571 3761 Rege
1587 3721 1660 3758 apud
1684 3720 1807 3761 Castrum
1828 3719 1904 3754 Regis
1918 3712 2075 3759 'd'Alenfim
2090 3735 2101 3752 ,
2126 3723 2155 3744 in
2168 3712 2285 3743 Ducaru
2299 3713 2391 3751 Regis

1340 3762 1549 3799 Normanniae,
1567 3761 1682 3791 decimo
1696 3760 1742 3790 die
1756 3755 1945 3789 Novembris.

2029 3832 2081 3861 Per
2093 3828 2175 3869 ipſsaem
2187 3833 2291 3870 Regem.

2350 4054 2406 4085 Pro
