<?xml version="1.0" encoding="UTF-8"?>
<!DOCTYPE html PUBLIC "-//W3C//DTD XHTML 1.0 Transitional//EN"
    "http://www.w3.org/TR/xhtml1/DTD/xhtml1-transitional.dtd">
<html xmlns="http://www.w3.org/1999/xhtml" xml:lang="en" lang="en">
 <head>
  <title>
</title>
<meta http-equiv="Content-Type" content="text/html;charset=utf-8" />
  <meta name='ocr-system' content='tesseract 3.04.00' />
  <meta name='ocr-capabilities' content='ocr_page ocr_carea ocr_par ocr_line ocrx_word'/>
</head>
<body>
  <div class='ocr_page' id='page_1' title='image "./fderaconventione04ryme_0576.png"; bbox 0 0 2562 4274; ppageno 0'>
   <div class='ocr_carea' id='block_1_1' title="bbox 228 72 307 123">
    <p class='ocr_par' dir='ltr' id='par_1_1' title="bbox 228 72 307 123">
     <span class='ocr_line' id='line_1_1' title="bbox 228 72 307 123; baseline -0.025 -12"><span class='ocrx_word' id='word_1_1' title='bbox 228 72 307 123; x_wconf 80' lang='lat'>136</span> 
     </span>
    </p>
   </div>
   <div class='ocr_carea' id='block_1_2' title="bbox 726 66 1937 128">
    <p class='ocr_par' dir='ltr' id='par_1_2' title="bbox 726 66 1937 128">
     <span class='ocr_line' id='line_1_2' title="bbox 726 66 1937 128; baseline 0.004 -16"><span class='ocrx_word' id='word_1_2' title='bbox 726 66 1937 128; x_wconf 47' lang='lat' dir='ltr'>coNvENT10NEQL1TERAE,</span> 
     </span>
    </p>
   </div>
   <div class='ocr_carea' id='block_1_3' title="bbox 77 151 2542 201">
    <p class='ocr_par' dir='ltr' id='par_1_3' title="bbox 77 151 2542 201">
     <span class='ocr_line' id='line_1_3' title="bbox 77 151 2542 201; baseline 0.002 -15"><span class='ocrx_word' id='word_1_3' title='bbox 77 151 154 187; x_wconf 79' lang='lat' dir='ltr'>Anii.</span> <span class='ocrx_word' id='word_1_4' title='bbox 168 154 210 185; x_wconf 87' lang='lat' dir='ltr'>l).</span> <span class='ocrx_word' id='word_1_5' title='bbox 228 152 352 185; x_wconf 81' lang='lat' dir='ltr'>Domini</span> <span class='ocrx_word' id='word_1_6' title='bbox 365 153 508 185; x_wconf 78' lang='lat' dir='ltr'>Willielmi</span> <span class='ocrx_word' id='word_1_7' title='bbox 521 155 552 184; x_wconf 81' lang='lat' dir='ltr'>de</span> <span class='ocrx_word' id='word_1_8' title='bbox 568 155 742 195; x_wconf 82' lang='lat' dir='ltr'>Strikeland,</span> <span class='ocrx_word' id='word_1_9' title='bbox 761 157 852 187; x_wconf 88' lang='lat' dir='ltr'>ultimi</span> <span class='ocrx_word' id='word_1_10' title='bbox 873 154 1005 196; x_wconf 85' lang='lat' dir='ltr'>Episcopi</span> <span class='ocrx_word' id='word_1_11' title='bbox 1027 157 1102 189; x_wconf 88' lang='lat' dir='ltr'>Loci</span> <span class='ocrx_word' id='word_1_12' title='bbox 1124 157 1215 198; x_wconf 86' lang='lat' dir='ltr'>illius,</span> <span class='ocrx_word' id='word_1_13' title='bbox 1231 157 1283 188; x_wconf 89' lang='lat' dir='ltr'>Pa·</span> <span class='ocrx_word' id='word_1_14' title='bbox 1322 156 1482 196; x_wconf 81' lang='lat' dir='ltr'>hujusmodi</span> <span class='ocrx_word' id='word_1_15' title='bbox 1496 158 1602 191; x_wconf 65' lang='lat' dir='ltr'>effeCiu</span> <span class='ocrx_word' id='word_1_16' title='bbox 1617 160 1714 192; x_wconf 89' lang='lat' dir='ltr'>debito</span> <span class='ocrx_word' id='word_1_17' title='bbox 1730 156 1854 193; x_wconf 85' lang='lat' dir='ltr'>frustrati</span> <span class='ocrx_word' id='word_1_18' title='bbox 1868 167 2003 201; x_wconf 85' lang='lat' dir='ltr'>poterunt</span> <span class='ocrx_word' id='word_1_19' title='bbox 2017 168 2064 193; x_wconf 88' lang='lat' dir='ltr'>aut</span> <span class='ocrx_word' id='word_1_20' title='bbox 2081 158 2304 200; x_wconf 80' lang='lat' dir='ltr'>quomodolibet</span> <span class='ocrx_word' id='word_1_21' title='bbox 2329 161 2387 192; x_wconf 58' lang='lat' dir='ltr'>ime</span> <span class='ocrx_word' id='word_1_22' title='bbox 2402 157 2480 190; x_wconf 81' lang='lat' dir='ltr'>Anii.</span> <span class='ocrx_word' id='word_1_23' title='bbox 2494 156 2542 192; x_wconf 68' lang='lat' dir='ltr'>D}</span> 
     </span>
    </p>
   </div>
   <div class='ocr_carea' id='block_1_4' title="bbox 106 203 191 233">
    <p class='ocr_par' dir='ltr' id='par_1_4' title="bbox 106 203 191 233">
     <span class='ocr_line' id='line_1_4' title="bbox 106 203 191 233; baseline -0.024 -9"><span class='ocrx_word' id='word_1_24' title='bbox 106 203 191 233; x_wconf 82' lang='lat'>1419.</span> 
     </span>
    </p>
   </div>
   <div class='ocr_carea' id='block_1_5' title="bbox 75 238 187 269">
    <p class='ocr_par' dir='ltr' id='par_1_5' title="bbox 75 238 187 269">
     <span class='ocr_line' id='line_1_5' title="bbox 75 238 187 269; baseline 0 -7"><span class='ocrx_word' id='word_1_25' title='bbox 75 238 138 262; x_wconf 86' lang='lat' dir='ltr'>Hen.</span> <span class='ocrx_word' id='word_1_26' title='bbox 158 243 187 269; x_wconf 65' lang='grc' dir='ltr'>ς.</span> 
     </span>
    </p>
   </div>
   <div class='ocr_carea' id='block_1_6' title="bbox 73 887 204 1000">
    <p class='ocr_par' dir='ltr' id='par_1_6' title="bbox 73 887 204 1000">
     <span class='ocr_line' id='line_1_6' title="bbox 75 887 204 918; baseline 0.008 -1"><span class='ocrx_word' id='word_1_27' title='bbox 75 887 151 918; x_wconf 85' lang='lat' dir='ltr'>Ann.</span> <span class='ocrx_word' id='word_1_28' title='bbox 162 887 204 918; x_wconf 95' lang='lat' dir='ltr'>D.</span> 
     </span>
     <span class='ocr_line' id='line_1_7' title="bbox 73 936 186 1000; baseline 0.009 -7"><span class='ocrx_word' id='word_1_29' title='bbox 73 936 186 1000; x_wconf 51' lang='grc' dir='ltr'>Αἷὲξῗ·</span> 
     </span>
    </p>
   </div>
   <div class='ocr_carea' id='block_1_7' title="bbox 72 1026 204 1117">
    <p class='ocr_par' dir='ltr' id='par_1_7' title="bbox 72 1026 204 1117">
     <span class='ocr_line' id='line_1_8' title="bbox 72 1026 204 1077; baseline -0.015 -7"><span class='ocrx_word' id='word_1_30' title='bbox 72 1026 161 1071; x_wconf 50' lang='lat' dir='ltr'>Frlznc:</span> <span class='ocrx_word' id='word_1_31' title='bbox 176 1051 204 1077; x_wconf 91' lang='lat'>7.</span> 
     </span>
     <span class='ocr_line' id='line_1_9' title="bbox 72 1084 202 1117; baseline 0 -10"><span class='ocrx_word' id='word_1_32' title='bbox 72 1084 108 1107; x_wconf 87' lang='lat' dir='ltr'>H.</span> <span class='ocrx_word' id='word_1_33' title='bbox 127 1090 154 1117; x_wconf 88' lang='lat'>5.</span> <span class='ocrx_word' id='word_1_34' title='bbox 167 1090 202 1107; x_wconf 87' lang='lat' dir='ltr'>m.</span> 
     </span>
    </p>
   </div>
   <div class='ocr_carea' id='block_1_8' title="bbox 71 2750 166 2825">
    <p class='ocr_par' dir='ltr' id='par_1_8' title="bbox 71 2750 166 2825">
     <span class='ocr_line' id='line_1_10' title="bbox 72 2750 166 2780; baseline 0.032 -3"><span class='ocrx_word' id='word_1_35' title='bbox 72 2750 91 2769; x_wconf 73' lang='grc'><em>*</em></span> <span class='ocrx_word' id='word_1_36' title='bbox 110 2752 166 2780; x_wconf 78' lang='lat' dir='ltr'>1X.</span> 
     </span>
     <span class='ocr_line' id='line_1_11' title="bbox 71 2789 136 2825; baseline 0.015 -9"><span class='ocrx_word' id='word_1_37' title='bbox 71 2789 136 2825; x_wconf 66' lang='lat'><em>805.</em></span> 
     </span>
    </p>
   </div>
   <div class='ocr_carea' id='block_1_9' title="bbox 223 192 1292 617">
    <p class='ocr_par' dir='ltr' id='par_1_9' title="bbox 229 192 940 231">
     <span class='ocr_line' id='line_1_12' title="bbox 229 192 940 231; baseline 0.001 -8"><span class='ocrx_word' id='word_1_38' title='bbox 229 192 309 223; x_wconf 87' lang='lat' dir='ltr'>storis</span> <span class='ocrx_word' id='word_1_39' title='bbox 325 193 355 224; x_wconf 84' lang='lat' dir='ltr'>iit</span> <span class='ocrx_word' id='word_1_40' title='bbox 373 194 468 224; x_wconf 84' lang='lat' dir='ltr'>solatio</span> <span class='ocrx_word' id='word_1_41' title='bbox 484 193 629 231; x_wconf 84' lang='lat' dir='ltr'>destituta,</span> <span class='ocrx_word' id='word_1_42' title='bbox 937 230 940 231; x_wconf 18' lang='lat' dir='ltr'><em>V</em></span> 
     </span>
    </p>

    <p class='ocr_par' dir='ltr' id='par_1_10' title="bbox 227 231 1289 311">
     <span class='ocr_line' id='line_1_13' title="bbox 266 231 1289 274; baseline 0.005 -13"><span class='ocrx_word' id='word_1_43' title='bbox 266 231 364 262; x_wconf 88' lang='lat' dir='ltr'>Alium</span> <span class='ocrx_word' id='word_1_44' title='bbox 382 233 465 261; x_wconf 90' lang='lat' dir='ltr'>vobis</span> <span class='ocrx_word' id='word_1_45' title='bbox 481 232 627 270; x_wconf 84' lang='lat' dir='ltr'>Eligendi,</span> <span class='ocrx_word' id='word_1_46' title='bbox 646 233 675 261; x_wconf 90' lang='lat' dir='ltr'>in</span> <span class='ocrx_word' id='word_1_47' title='bbox 691 231 864 273; x_wconf 84' lang='lat' dir='ltr'>Episcopum</span> <span class='ocrx_word' id='word_1_48' title='bbox 882 232 915 265; x_wconf 69' lang='grc' dir='ltr'>ὃς</span> <span class='ocrx_word' id='word_1_49' title='bbox 930 234 1077 266; x_wconf 88' lang='lat' dir='ltr'>Pastorem</span> <span class='ocrx_word' id='word_1_50' title='bbox 1090 234 1216 274; x_wconf 89' lang='lat' dir='ltr'>ejusdem</span> <span class='ocrx_word' id='word_1_51' title='bbox 1231 233 1289 266; x_wconf 90' lang='lat' dir='ltr'>Ec-</span> 
     </span>
     <span class='ocr_line' id='line_1_14' title="bbox 227 269 897 311; baseline 0.001 -10"><span class='ocrx_word' id='word_1_52' title='bbox 227 270 335 307; x_wconf 81' lang='lat' dir='ltr'>clefiae,</span> <span class='ocrx_word' id='word_1_53' title='bbox 353 270 511 299; x_wconf 85' lang='lat' dir='ltr'>Licentiam</span> <span class='ocrx_word' id='word_1_54' title='bbox 526 269 685 300; x_wconf 81' lang='lat' dir='ltr'>concedere</span> <span class='ocrx_word' id='word_1_55' title='bbox 700 270 897 311; x_wconf 86' lang='lat' dir='ltr'>dignaremur,</span> 
     </span>
    </p>

    <p class='ocr_par' dir='ltr' id='par_1_11' title="bbox 223 308 1292 567">
     <span class='ocr_line' id='line_1_15' title="bbox 263 308 1288 349; baseline 0.005 -12"><span class='ocrx_word' id='word_1_56' title='bbox 263 308 331 337; x_wconf 85' lang='lat' dir='ltr'>Nos</span> <span class='ocrx_word' id='word_1_57' title='bbox 358 308 504 345; x_wconf 81' lang='lat' dir='ltr'><strong>(Precibus</strong></span> <span class='ocrx_word' id='word_1_58' title='bbox 527 308 621 338; x_wconf 86' lang='lat' dir='ltr'>vestris</span> <span class='ocrx_word' id='word_1_59' title='bbox 645 309 672 337; x_wconf 91' lang='lat' dir='ltr'>in</span> <span class='ocrx_word' id='word_1_60' title='bbox 694 309 746 340; x_wconf 87' lang='lat' dir='ltr'>hac</span> <span class='ocrx_word' id='word_1_61' title='bbox 766 320 841 349; x_wconf 87' lang='lat' dir='ltr'>parte</span> <span class='ocrx_word' id='word_1_62' title='bbox 863 311 1053 342; x_wconf 75' lang='lat' dir='ltr'>favorabiliter</span> <span class='ocrx_word' id='word_1_63' title='bbox 1072 311 1209 348; x_wconf 85' lang='lat' dir='ltr'>inclinati)</span> <span class='ocrx_word' id='word_1_64' title='bbox 1237 311 1288 342; x_wconf 89' lang='lat' dir='ltr'>Li-</span> 
     </span>
     <span class='ocr_line' id='line_1_16' title="bbox 226 345 1289 388; baseline 0.003 -11"><span class='ocrx_word' id='word_1_65' title='bbox 226 348 348 377; x_wconf 87' lang='lat' dir='ltr'>centiam</span> <span class='ocrx_word' id='word_1_66' title='bbox 373 345 449 375; x_wconf 85' lang='lat' dir='ltr'>illam</span> <span class='ocrx_word' id='word_1_67' title='bbox 472 346 572 385; x_wconf 84' lang='lat' dir='ltr'>vobis,</span> <span class='ocrx_word' id='word_1_68' title='bbox 589 347 708 377; x_wconf 88' lang='lat' dir='ltr'>Tenore</span> <span class='ocrx_word' id='word_1_69' title='bbox 733 347 934 388; x_wconf 75' lang='lat' dir='ltr'>Praesentium,</span> <span class='ocrx_word' id='word_1_70' title='bbox 960 350 1090 380; x_wconf 79' lang='lat' dir='ltr'>duximus</span> <span class='ocrx_word' id='word_1_71' title='bbox 1115 348 1289 381; x_wconf 77' lang='lat' dir='ltr'>Conceden-</span> 
     </span>
     <span class='ocr_line' id='line_1_17' title="bbox 225 383 1291 464; baseline 0.006 -14"><span class='ocrx_word' id='word_1_72' title='bbox 225 383 431 453; x_wconf 55' lang='lat' dir='ltr'>dallr&#39;li’indantes</span> <span class='ocrx_word' id='word_1_73' title='bbox 444 421 522 459; x_wconf 87' lang='lat' dir='ltr'>quod</span> <span class='ocrx_word' id='word_1_74' title='bbox 537 422 621 452; x_wconf 87' lang='lat' dir='ltr'>talem</span> <span class='ocrx_word' id='word_1_75' title='bbox 638 424 719 454; x_wconf 83' lang='lat' dir='ltr'>vobis</span> <span class='ocrx_word' id='word_1_76' title='bbox 733 424 837 464; x_wconf 82' lang='lat' dir='ltr'>eligatis</span> <span class='ocrx_word' id='word_1_77' title='bbox 852 426 881 455; x_wconf 90' lang='lat' dir='ltr'>in</span> <span class='ocrx_word' id='word_1_78' title='bbox 895 425 1067 464; x_wconf 84' lang='lat' dir='ltr'>Episcopum</span> <span class='ocrx_word' id='word_1_79' title='bbox 1082 427 1115 457; x_wconf 88' lang='lat'>&amp;</span> <span class='ocrx_word' id='word_1_80' title='bbox 1132 426 1291 464; x_wconf 88' lang='lat' dir='ltr'>Pastorem,</span> 
     </span>
     <span class='ocr_line' id='line_1_18' title="bbox 223 459 1292 503; baseline 0.007 -15"><span class='ocrx_word' id='word_1_81' title='bbox 223 462 271 497; x_wconf 88' lang='lat' dir='ltr'>qui</span> <span class='ocrx_word' id='word_1_82' title='bbox 287 459 356 489; x_wconf 89' lang='lat' dir='ltr'>Deo</span> <span class='ocrx_word' id='word_1_83' title='bbox 373 460 520 498; x_wconf 82' lang='lat' dir='ltr'>DevotuS,</span> <span class='ocrx_word' id='word_1_84' title='bbox 539 460 674 492; x_wconf 80' lang='lat' dir='ltr'>Ecclesiae</span> <span class='ocrx_word' id='word_1_85' title='bbox 687 462 787 493; x_wconf 81' lang='lat' dir='ltr'>vestrae</span> <span class='ocrx_word' id='word_1_86' title='bbox 801 465 947 501; x_wconf 70' lang='lat' dir='ltr'>praeditstae</span> <span class='ocrx_word' id='word_1_87' title='bbox 962 465 1162 503; x_wconf 78' lang='lat' dir='ltr'>Necessarius,</span> <span class='ocrx_word' id='word_1_88' title='bbox 1178 464 1292 495; x_wconf 90' lang='lat' dir='ltr'>Nobis-</span> 
     </span>
     <span class='ocr_line' id='line_1_19' title="bbox 225 497 954 567; baseline 0.008 -41"><span class='ocrx_word' id='word_1_89' title='bbox 225 497 566 567; x_wconf 45' lang='grc' dir='ltr'>ςυῗῃὸἒιῆεςὲηὲίὲοῑὶῑο</span> <span class='ocrx_word' id='word_1_90' title='bbox 581 500 670 531; x_wconf 91' lang='lat' dir='ltr'>Utilis</span> <span class='ocrx_word' id='word_1_91' title='bbox 684 502 717 533; x_wconf 69' lang='grc' dir='ltr'>ὃ(</span> <span class='ocrx_word' id='word_1_92' title='bbox 735 502 835 532; x_wconf 80' lang='lat' dir='ltr'>Fidelis</span> <span class='ocrx_word' id='word_1_93' title='bbox 849 503 954 534; x_wconf 80' lang='lat' dir='ltr'>existat.</span> 
     </span>
    </p>

    <p class='ocr_par' dir='ltr' id='par_1_12' title="bbox 259 547 1188 617">
     <span class='ocr_line' id='line_1_20' title="bbox 259 547 1188 617; baseline 0.005 -12"><span class='ocrx_word' id='word_1_94' title='bbox 259 547 446 614; x_wconf 56' lang='lat' dir='ltr'>Teste&#39;JRege</span> <span class='ocrx_word' id='word_1_95' title='bbox 462 560 536 615; x_wconf 68' lang='lat' dir='ltr'>apud</span> <span class='ocrx_word' id='word_1_96' title='bbox 551 575 655 607; x_wconf 82' lang='lat' dir='ltr'><em>Villam</em></span> <span class='ocrx_word' id='word_1_97' title='bbox 664 577 742 617; x_wconf 68' lang='lat' dir='ltr'>stiam</span> <span class='ocrx_word' id='word_1_98' title='bbox 758 579 790 608; x_wconf 87' lang='lat' dir='ltr'>de</span> <span class='ocrx_word' id='word_1_99' title='bbox 803 581 904 610; x_wconf 79' lang='lat' dir='ltr'>Mante</span> <span class='ocrx_word' id='word_1_100' title='bbox 917 580 964 609; x_wconf 85' lang='lat' dir='ltr'>xii.</span> <span class='ocrx_word' id='word_1_101' title='bbox 979 579 1026 611; x_wconf 91' lang='lat' dir='ltr'>die</span> <span class='ocrx_word' id='word_1_102' title='bbox 1040 579 1188 611; x_wconf 66' lang='lat' dir='ltr'>Oetobris.</span> 
     </span>
    </p>
   </div>
   <div class='ocr_carea' id='block_1_10' title="bbox 894 656 1160 696">
    <p class='ocr_par' dir='ltr' id='par_1_13' title="bbox 894 656 1160 696">
     <span class='ocr_line' id='line_1_21' title="bbox 894 656 1160 696; baseline 0 -10"><span class='ocrx_word' id='word_1_103' title='bbox 894 658 947 686; x_wconf 85' lang='lat' dir='ltr'>Per</span> <span class='ocrx_word' id='word_1_104' title='bbox 959 656 1041 696; x_wconf 65' lang='lat' dir='ltr'>ipſsrm</span> <span class='ocrx_word' id='word_1_105' title='bbox 1056 660 1160 695; x_wconf 84' lang='lat' dir='ltr'><em>Regem.</em></span> 
     </span>
    </p>
   </div>
   <div class='ocr_carea' id='block_1_11' title="bbox 401 805 1129 852">
    <p class='ocr_par' dir='ltr' id='par_1_14' title="bbox 401 805 1129 852">
     <span class='ocr_line' id='line_1_22' title="bbox 401 805 1129 852; baseline 0.004 -16"><span class='ocrx_word' id='word_1_106' title='bbox 401 806 450 837; x_wconf 90' lang='lat' dir='ltr'>De</span> <span class='ocrx_word' id='word_1_107' title='bbox 472 805 644 839; x_wconf 59' lang='lat' dir='ltr'>Tranando</span> <span class='ocrx_word' id='word_1_108' title='bbox 662 807 754 852; x_wconf 60' lang='lat' dir='ltr'>strper</span> <span class='ocrx_word' id='word_1_109' title='bbox 778 806 949 851; x_wconf 71' lang='lat' dir='ltr'>Intercurfh</span> <span class='ocrx_word' id='word_1_110' title='bbox 971 805 1129 839; x_wconf 69' lang='lat' dir='ltr'>Flandriae.</span> 
     </span>
    </p>
   </div>
   <div class='ocr_carea' id='block_1_12' title="bbox 221 885 1292 1466">
    <p class='ocr_par' dir='ltr' id='par_1_15' title="bbox 224 885 1290 944">
     <span class='ocr_line' id='line_1_23' title="bbox 224 885 1290 944; baseline 0.004 -26"><span class='ocrx_word' id='word_1_111' title='bbox 224 887 358 944; x_wconf 78' lang='lat' dir='ltr'>REX,</span> <span class='ocrx_word' id='word_1_112' title='bbox 373 885 480 919; x_wconf 58' lang='lat' dir='ltr'>dilee‘io</span> <span class='ocrx_word' id='word_1_113' title='bbox 507 890 540 920; x_wconf 88' lang='lat'>&amp;</span> <span class='ocrx_word' id='word_1_114' title='bbox 563 889 638 920; x_wconf 76' lang='lat' dir='ltr'>fideii</span> <span class='ocrx_word' id='word_1_115' title='bbox 660 890 729 927; x_wconf 84' lang='lat' dir='ltr'>suo,</span> <span class='ocrx_word' id='word_1_116' title='bbox 756 890 903 921; x_wconf 63' lang='lat' dir='ltr'>willielmo</span> <span class='ocrx_word' id='word_1_117' title='bbox 929 889 1055 930; x_wconf 83' lang='lat' dir='ltr'>Bardolf</span> <span class='ocrx_word' id='word_1_118' title='bbox 1069 890 1203 922; x_wconf 88' lang='lat' dir='ltr'>Chivaler</span> <span class='ocrx_word' id='word_1_119' title='bbox 1228 891 1290 923; x_wconf 83' lang='lat' dir='ltr'>Lo-</span> 
     </span>
    </p>

    <p class='ocr_par' dir='ltr' id='par_1_16' title="bbox 221 928 1291 1120">
     <span class='ocr_line' id='line_1_24' title="bbox 260 928 1291 970; baseline 0.006 -14"><span class='ocrx_word' id='word_1_120' title='bbox 260 937 277 945; x_wconf 62' lang='lat'><em>*</em></span> <span class='ocrx_word' id='word_1_121' title='bbox 298 929 472 960; x_wconf 86' lang='lat' dir='ltr'>cumtenenti</span> <span class='ocrx_word' id='word_1_122' title='bbox 497 928 581 958; x_wconf 71' lang='lat' dir='ltr'>Villae</span> <span class='ocrx_word' id='word_1_123' title='bbox 605 928 708 958; x_wconf 82' lang='lat' dir='ltr'>nostrae</span> <span class='ocrx_word' id='word_1_124' title='bbox 732 928 850 967; x_wconf 78' lang='lat' dir='ltr'>Caleni,</span> <span class='ocrx_word' id='word_1_125' title='bbox 866 938 918 965; x_wconf 86' lang='lat' dir='ltr'>ac,</span> <span class='ocrx_word' id='word_1_126' title='bbox 937 929 1046 959; x_wconf 60' lang='lat' dir='ltr'>dileetis</span> <span class='ocrx_word' id='word_1_127' title='bbox 1065 929 1130 967; x_wconf 91' lang='lat' dir='ltr'>sibi,</span> <span class='ocrx_word' id='word_1_128' title='bbox 1150 929 1291 970; x_wconf 87' lang='lat' dir='ltr'>Magistro</span> 
     </span>
     <span class='ocr_line' id='line_1_25' title="bbox 222 965 1291 1008; baseline 0.006 -15"><span class='ocrx_word' id='word_1_129' title='bbox 222 967 326 994; x_wconf 78' lang='lat' dir='ltr'>David</span> <span class='ocrx_word' id='word_1_130' title='bbox 349 968 429 1006; x_wconf 77' lang='lat' dir='ltr'>Pryce</span> <span class='ocrx_word' id='word_1_131' title='bbox 448 967 479 995; x_wconf 87' lang='lat' dir='ltr'>in</span> <span class='ocrx_word' id='word_1_132' title='bbox 509 966 630 1005; x_wconf 81' lang='lat' dir='ltr'><strong>Legibus</strong></span> <span class='ocrx_word' id='word_1_133' title='bbox 656 967 818 998; x_wconf 86' lang='lat' dir='ltr'>Licentiato</span> <span class='ocrx_word' id='word_1_134' title='bbox 834 990 843 1004; x_wconf 88' lang='lat'>,</span> <span class='ocrx_word' id='word_1_135' title='bbox 873 965 1015 1004; x_wconf 79' lang='lat' dir='ltr'>Magistro</span> <span class='ocrx_word' id='word_1_136' title='bbox 1041 967 1190 998; x_wconf 84' lang='lat' dir='ltr'>Willielmo</span> <span class='ocrx_word' id='word_1_137' title='bbox 1214 971 1291 1008; x_wconf 87' lang='lat' dir='ltr'>Bray</span> 
     </span>
     <span class='ocr_line' id='line_1_26' title="bbox 222 1003 1290 1043; baseline 0.006 -11"><span class='ocrx_word' id='word_1_138' title='bbox 222 1003 373 1034; x_wconf 80' lang='lat' dir='ltr'>Bacallario</span> <span class='ocrx_word' id='word_1_139' title='bbox 392 1005 421 1034; x_wconf 89' lang='lat' dir='ltr'>in</span> <span class='ocrx_word' id='word_1_140' title='bbox 442 1003 567 1042; x_wconf 78' lang='lat' dir='ltr'>Legibus</span> <span class='ocrx_word' id='word_1_141' title='bbox 594 1004 719 1036; x_wconf 85' lang='lat' dir='ltr'>formato</span> <span class='ocrx_word' id='word_1_142' title='bbox 737 1028 746 1042; x_wconf 91' lang='lat'>,</span> <span class='ocrx_word' id='word_1_143' title='bbox 775 1005 903 1043; x_wconf 81' lang='lat' dir='ltr'>Johanni</span> <span class='ocrx_word' id='word_1_144' title='bbox 926 1004 1038 1035; x_wconf 82' lang='lat' dir='ltr'>Chirche</span> <span class='ocrx_word' id='word_1_145' title='bbox 1064 1006 1290 1038; x_wconf 88' lang='lat' dir='ltr'>Locumtenenti</span> 
     </span>
     <span class='ocr_line' id='line_1_27' title="bbox 223 1041 1290 1085; baseline 0.007 -13"><span class='ocrx_word' id='word_1_146' title='bbox 223 1041 343 1076; x_wconf 80' lang='lat' dir='ltr'>Maioris</span> <span class='ocrx_word' id='word_1_147' title='bbox 359 1042 483 1078; x_wconf 81' lang='lat' dir='ltr'>Stapulae</span> <span class='ocrx_word' id='word_1_148' title='bbox 497 1042 615 1080; x_wconf 87' lang='lat' dir='ltr'>Calesii,</span> <span class='ocrx_word' id='word_1_149' title='bbox 632 1043 767 1074; x_wconf 78' lang='lat' dir='ltr'>Richardo</span> <span class='ocrx_word' id='word_1_150' title='bbox 784 1043 942 1082; x_wconf 82' lang='lat' dir='ltr'>Bokeland,</span> <span class='ocrx_word' id='word_1_151' title='bbox 960 1043 1105 1076; x_wconf 85' lang='lat' dir='ltr'>Vitellario</span> <span class='ocrx_word' id='word_1_152' title='bbox 1124 1044 1243 1085; x_wconf 83' lang='lat' dir='ltr'>Calesii,</span> <span class='ocrx_word' id='word_1_153' title='bbox 1256 1047 1290 1079; x_wconf 88' lang='lat'>&amp;</span> 
     </span>
     <span class='ocr_line' id='line_1_28' title="bbox 221 1079 670 1120; baseline 0.009 -12"><span class='ocrx_word' id='word_1_154' title='bbox 221 1079 350 1119; x_wconf 78' lang='lat' dir='ltr'>Johanni</span> <span class='ocrx_word' id='word_1_155' title='bbox 368 1081 500 1120; x_wconf 70' lang='lat' dir='ltr'>ijering</span> <span class='ocrx_word' id='word_1_156' title='bbox 509 1104 518 1119; x_wconf 91' lang='lat'>,</span> <span class='ocrx_word' id='word_1_157' title='bbox 535 1081 670 1112; x_wconf 85' lang='lat' dir='ltr'>Salutem.</span> 
     </span>
    </p>

    <p class='ocr_par' dir='ltr' id='par_1_17' title="bbox 260 1118 476 1157">
     <span class='ocr_line' id='line_1_29' title="bbox 260 1118 476 1157; baseline 0.009 -9"><span class='ocrx_word' id='word_1_158' title='bbox 260 1118 357 1149; x_wconf 84' lang='lat' dir='ltr'>Sciatis</span> <span class='ocrx_word' id='word_1_159' title='bbox 377 1118 476 1157; x_wconf 79' lang='lat' dir='ltr'>quod,</span> 
     </span>
    </p>

    <p class='ocr_par' dir='ltr' id='par_1_18' title="bbox 259 1156 1066 1198">
     <span class='ocr_line' id='line_1_30' title="bbox 259 1156 1066 1198; baseline 0.005 -11"><span class='ocrx_word' id='word_1_160' title='bbox 259 1156 341 1188; x_wconf 77' lang='lat' dir='ltr'>Cum</span> <span class='ocrx_word' id='word_1_161' title='bbox 356 1167 441 1188; x_wconf 86' lang='lat' dir='ltr'>certae</span> <span class='ocrx_word' id='word_1_162' title='bbox 454 1158 579 1197; x_wconf 82' lang='lat' dir='ltr'>Treugae</span> <span class='ocrx_word' id='word_1_163' title='bbox 594 1158 650 1189; x_wconf 85' lang='lat' dir='ltr'>sive</span> <span class='ocrx_word' id='word_1_164' title='bbox 664 1158 842 1189; x_wconf 85' lang='lat' dir='ltr'>Guerrarum</span> <span class='ocrx_word' id='word_1_165' title='bbox 860 1159 1066 1198; x_wconf 74' lang='lat' dir='ltr'>Abstinentiae,</span> 
     </span>
    </p>

    <p class='ocr_par' dir='ltr' id='par_1_19' title="bbox 222 1196 1291 1313">
     <span class='ocr_line' id='line_1_31' title="bbox 261 1196 1291 1238; baseline 0.003 -12"><span class='ocrx_word' id='word_1_166' title='bbox 261 1196 340 1235; x_wconf 81' lang='lat' dir='ltr'>Quae</span> <span class='ocrx_word' id='word_1_167' title='bbox 355 1206 444 1234; x_wconf 83' lang='lat' dir='ltr'>nuper</span> <span class='ocrx_word' id='word_1_168' title='bbox 460 1197 532 1226; x_wconf 91' lang='lat' dir='ltr'>inter</span> <span class='ocrx_word' id='word_1_169' title='bbox 547 1196 633 1236; x_wconf 88' lang='lat' dir='ltr'>Nos,</span> <span class='ocrx_word' id='word_1_170' title='bbox 650 1207 683 1228; x_wconf 86' lang='lat' dir='ltr'>ex</span> <span class='ocrx_word' id='word_1_171' title='bbox 699 1198 770 1235; x_wconf 72' lang='lat' dir='ltr'>unii,</span> <span class='ocrx_word' id='word_1_172' title='bbox 789 1199 822 1230; x_wconf 68' lang='grc' dir='ltr'>δε</span> <span class='ocrx_word' id='word_1_173' title='bbox 834 1221 843 1236; x_wconf 82' lang='grc'>,</span> <span class='ocrx_word' id='word_1_174' title='bbox 861 1200 965 1229; x_wconf 80' lang='lat' dir='ltr'>inclitae</span> <span class='ocrx_word' id='word_1_175' title='bbox 992 1200 1158 1235; x_wconf 68' lang='lat' dir='ltr'>memoriae,</span> <span class='ocrx_word' id='word_1_176' title='bbox 1177 1199 1291 1238; x_wconf 84' lang='lat' dir='ltr'>Johan-</span> 
     </span>
     <span class='ocr_line' id='line_1_32' title="bbox 222 1235 1291 1277; baseline 0.005 -13"><span class='ocrx_word' id='word_1_177' title='bbox 222 1246 299 1271; x_wconf 81' lang='lat' dir='ltr'>nem,</span> <span class='ocrx_word' id='word_1_178' title='bbox 316 1244 406 1273; x_wconf 86' lang='lat' dir='ltr'>nuper</span> <span class='ocrx_word' id='word_1_179' title='bbox 419 1235 537 1266; x_wconf 87' lang='lat' dir='ltr'>Ducem</span> <span class='ocrx_word' id='word_1_180' title='bbox 553 1235 721 1275; x_wconf 82' lang='lat' dir='ltr'>Burgundiae</span> <span class='ocrx_word' id='word_1_181' title='bbox 731 1261 741 1274; x_wconf 90' lang='lat'>,</span> <span class='ocrx_word' id='word_1_182' title='bbox 760 1235 943 1268; x_wconf 73' lang='lat' dir='ltr'>Canninium</span> <span class='ocrx_word' id='word_1_183' title='bbox 958 1237 1213 1277; x_wconf 80' lang='lat' dir='ltr'>Consanguineum</span> <span class='ocrx_word' id='word_1_184' title='bbox 1237 1249 1291 1269; x_wconf 80' lang='lat' dir='ltr'>no-</span> 
     </span>
     <span class='ocr_line' id='line_1_33' title="bbox 222 1273 588 1313; baseline 0.003 -10"><span class='ocrx_word' id='word_1_185' title='bbox 222 1273 311 1303; x_wconf 84' lang='lat' dir='ltr'>strum</span> <span class='ocrx_word' id='word_1_186' title='bbox 321 1297 330 1311; x_wconf 86' lang='lat'>,</span> <span class='ocrx_word' id='word_1_187' title='bbox 351 1282 428 1311; x_wconf 88' lang='lat' dir='ltr'>parte</span> <span class='ocrx_word' id='word_1_188' title='bbox 440 1283 473 1304; x_wconf 79' lang='lat' dir='ltr'>ex</span> <span class='ocrx_word' id='word_1_189' title='bbox 487 1274 588 1313; x_wconf 74' lang='lat' dir='ltr'>altera,</span> 
     </span>
    </p>

    <p class='ocr_par' dir='ltr' id='par_1_20' title="bbox 222 1311 1292 1466">
     <span class='ocr_line' id='line_1_34' title="bbox 261 1311 1290 1354; baseline 0.006 -13"><span class='ocrx_word' id='word_1_190' title='bbox 261 1311 391 1342; x_wconf 85' lang='lat' dir='ltr'>Necnon</span> <span class='ocrx_word' id='word_1_191' title='bbox 407 1322 492 1343; x_wconf 80' lang='lat' dir='ltr'>certae</span> <span class='ocrx_word' id='word_1_192' title='bbox 507 1312 675 1344; x_wconf 85' lang='lat' dir='ltr'>Securitates</span> <span class='ocrx_word' id='word_1_193' title='bbox 689 1314 828 1352; x_wconf 80' lang='lat' dir='ltr'>generales</span> <span class='ocrx_word' id='word_1_194' title='bbox 845 1325 897 1352; x_wconf 89' lang='lat' dir='ltr'>pro</span> <span class='ocrx_word' id='word_1_195' title='bbox 916 1314 1128 1346; x_wconf 76' lang='lat' dir='ltr'>Mercatoribus</span> <span class='ocrx_word' id='word_1_196' title='bbox 1139 1339 1148 1354; x_wconf 92' lang='lat'>,</span> <span class='ocrx_word' id='word_1_197' title='bbox 1164 1315 1290 1347; x_wconf 87' lang='lat' dir='ltr'>Piscato-</span> 
     </span>
     <span class='ocr_line' id='line_1_35' title="bbox 223 1350 1290 1392; baseline 0.006 -13"><span class='ocrx_word' id='word_1_198' title='bbox 223 1350 317 1387; x_wconf 84' lang='lat' dir='ltr'>ribus,</span> <span class='ocrx_word' id='word_1_199' title='bbox 335 1351 368 1381; x_wconf 88' lang='lat'>&amp;</span> <span class='ocrx_word' id='word_1_200' title='bbox 384 1351 556 1390; x_wconf 83' lang='lat' dir='ltr'>Peregrinis,</span> <span class='ocrx_word' id='word_1_201' title='bbox 574 1360 632 1382; x_wconf 88' lang='lat' dir='ltr'>tam</span> <span class='ocrx_word' id='word_1_202' title='bbox 648 1351 741 1391; x_wconf 82' lang='lat' dir='ltr'>Regni</span> <span class='ocrx_word' id='word_1_203' title='bbox 759 1352 846 1382; x_wconf 85' lang='lat' dir='ltr'>nostri</span> <span class='ocrx_word' id='word_1_204' title='bbox 862 1353 992 1392; x_wconf 79' lang='lat' dir='ltr'>Angliae,</span> <span class='ocrx_word' id='word_1_205' title='bbox 1007 1356 1094 1392; x_wconf 69' lang='lat' dir='ltr'>quam</span> <span class='ocrx_word' id='word_1_206' title='bbox 1108 1353 1210 1385; x_wconf 83' lang='lat' dir='ltr'>Patriae</span> <span class='ocrx_word' id='word_1_207' title='bbox 1233 1355 1290 1385; x_wconf 90' lang='lat' dir='ltr'>sive</span> 
     </span>
     <span class='ocr_line' id='line_1_36' title="bbox 222 1388 1292 1430; baseline 0.006 -12"><span class='ocrx_word' id='word_1_208' title='bbox 222 1388 387 1420; x_wconf 67' lang='lat' dir='ltr'>Comitatus</span> <span class='ocrx_word' id='word_1_209' title='bbox 408 1389 545 1420; x_wconf 82' lang='lat' dir='ltr'>Flandriae</span> <span class='ocrx_word' id='word_1_210' title='bbox 560 1412 570 1428; x_wconf 83' lang='lat'>,</span> <span class='ocrx_word' id='word_1_211' title='bbox 602 1392 636 1423; x_wconf 92' lang='lat'>&amp;</span> <span class='ocrx_word' id='word_1_212' title='bbox 661 1392 824 1430; x_wconf 80' lang='lat' dir='ltr'>generaliter</span> <span class='ocrx_word' id='word_1_213' title='bbox 849 1401 902 1429; x_wconf 83' lang='lat' dir='ltr'>pto</span> <span class='ocrx_word' id='word_1_214' title='bbox 924 1392 1059 1422; x_wconf 88' lang='lat' dir='ltr'>omnibus</span> <span class='ocrx_word' id='word_1_215' title='bbox 1084 1392 1292 1424; x_wconf 80' lang='lat' dir='ltr'>Merchandifis</span> 
     </span>
     <span class='ocr_line' id='line_1_37' title="bbox 222 1428 536 1466; baseline 0 -8"><span class='ocrx_word' id='word_1_216' title='bbox 222 1428 290 1458; x_wconf 86' lang='lat' dir='ltr'>hinc</span> <span class='ocrx_word' id='word_1_217' title='bbox 308 1428 372 1459; x_wconf 91' lang='lat' dir='ltr'>inde</span> <span class='ocrx_word' id='word_1_218' title='bbox 386 1428 536 1466; x_wconf 84' lang='lat' dir='ltr'>faciendis,</span> 
     </span>
    </p>
   </div>
   <div class='ocr_carea' id='block_1_13' title="bbox 223 1460 1409 1548">
    <p class='ocr_par' dir='ltr' id='par_1_21' title="bbox 223 1460 1409 1548">
     <span class='ocr_line' id='line_1_38' title="bbox 261 1460 1409 1506; baseline 0.004 -10"><span class='ocrx_word' id='word_1_219' title='bbox 261 1465 316 1496; x_wconf 87' lang='lat' dir='ltr'>Per</span> <span class='ocrx_word' id='word_1_220' title='bbox 329 1475 423 1498; x_wconf 84' lang='lat' dir='ltr'>certos</span> <span class='ocrx_word' id='word_1_221' title='bbox 438 1466 656 1498; x_wconf 80' lang='lat' dir='ltr'>Commiffarios</span> <span class='ocrx_word' id='word_1_222' title='bbox 669 1467 781 1497; x_wconf 91' lang='lat' dir='ltr'>nostros</span> <span class='ocrx_word' id='word_1_223' title='bbox 798 1467 855 1497; x_wconf 89' lang='lat' dir='ltr'>sive</span> <span class='ocrx_word' id='word_1_224' title='bbox 878 1467 1038 1505; x_wconf 86' lang='lat' dir='ltr'>Deputatos</span> <span class='ocrx_word' id='word_1_225' title='bbox 1060 1470 1095 1501; x_wconf 91' lang='lat'>&amp;</span> <span class='ocrx_word' id='word_1_226' title='bbox 1116 1468 1291 1501; x_wconf 85' lang='lat' dir='ltr'>Commissa—</span> <span class='ocrx_word' id='word_1_227' title='bbox 1313 1460 1409 1506; x_wconf 52' lang='lat' dir='ltr'>stffde</span> 
     </span>
     <span class='ocr_line' id='line_1_39' title="bbox 223 1499 1397 1548; baseline 0.006 -14"><span class='ocrx_word' id='word_1_228' title='bbox 223 1505 278 1536; x_wconf 82' lang='lat' dir='ltr'>rios</span> <span class='ocrx_word' id='word_1_229' title='bbox 293 1504 362 1535; x_wconf 67' lang='lat' dir='ltr'>dicti</span> <span class='ocrx_word' id='word_1_230' title='bbox 375 1505 516 1543; x_wconf 82' lang='lat' dir='ltr'>Johanm&#39;s</span> <span class='ocrx_word' id='word_1_231' title='bbox 531 1516 618 1543; x_wconf 89' lang='lat' dir='ltr'>nuper</span> <span class='ocrx_word' id='word_1_232' title='bbox 636 1505 726 1536; x_wconf 85' lang='lat' dir='ltr'>Ducis</span> <span class='ocrx_word' id='word_1_233' title='bbox 739 1505 908 1545; x_wconf 86' lang='lat' dir='ltr'>Burgundiae</span> <span class='ocrx_word' id='word_1_234' title='bbox 924 1507 1025 1545; x_wconf 80' lang='lat' dir='ltr'>Captae</span> <span class='ocrx_word' id='word_1_235' title='bbox 1035 1530 1046 1546; x_wconf 90' lang='lat'>,</span> <span class='ocrx_word' id='word_1_236' title='bbox 1064 1508 1206 1548; x_wconf 66' lang='lat' dir='ltr'>tractatae,</span> <span class='ocrx_word' id='word_1_237' title='bbox 1217 1519 1291 1540; x_wconf 84' lang='lat' dir='ltr'>con-</span> <span class='ocrx_word' id='word_1_238' title='bbox 1326 1499 1397 1544; x_wconf 78' lang='lat' dir='ltr'>V‚¹¹¹²</span> 
     </span>
    </p>
   </div>
   <div class='ocr_carea' id='block_1_14' title="bbox 217 1543 1292 3735">
    <p class='ocr_par' dir='ltr' id='par_1_22' title="bbox 223 1543 1290 1657">
     <span class='ocr_line' id='line_1_40' title="bbox 225 1543 649 1582; baseline 0 -8"><span class='ocrx_word' id='word_1_239' title='bbox 225 1543 309 1574; x_wconf 78' lang='lat' dir='ltr'>clusae</span> <span class='ocrx_word' id='word_1_240' title='bbox 326 1543 445 1579; x_wconf 80' lang='lat' dir='ltr'>fuerint,</span> <span class='ocrx_word' id='word_1_241' title='bbox 464 1546 496 1576; x_wconf 90' lang='lat'>&amp;</span> <span class='ocrx_word' id='word_1_242' title='bbox 516 1543 649 1582; x_wconf 85' lang='lat' dir='ltr'>firmatae,</span> 
     </span>
     <span class='ocr_line' id='line_1_41' title="bbox 223 1581 1290 1651; baseline 0.005 -39"><span class='ocrx_word' id='word_1_243' title='bbox 223 1619 241 1651; x_wconf 75' lang='lat' dir='ltr'>d</span> <span class='ocrx_word' id='word_1_244' title='bbox 263 1581 365 1620; x_wconf 86' lang='lat' dir='ltr'>Usque</span> <span class='ocrx_word' id='word_1_245' title='bbox 379 1583 412 1613; x_wconf 90' lang='lat' dir='ltr'>ad</span> <span class='ocrx_word' id='word_1_246' title='bbox 433 1582 548 1613; x_wconf 87' lang='lat' dir='ltr'>Festum</span> <span class='ocrx_word' id='word_1_247' title='bbox 565 1582 707 1614; x_wconf 89' lang='lat' dir='ltr'>Omnium</span> <span class='ocrx_word' id='word_1_248' title='bbox 730 1582 902 1614; x_wconf 72' lang='lat' dir='ltr'>Sanc‘iorum</span> <span class='ocrx_word' id='word_1_249' title='bbox 925 1585 1058 1622; x_wconf 81' lang='lat' dir='ltr'>proximo</span> <span class='ocrx_word' id='word_1_250' title='bbox 1079 1586 1138 1624; x_wconf 87' lang='lat' dir='ltr'>jam</span> <span class='ocrx_word' id='word_1_251' title='bbox 1162 1585 1290 1618; x_wconf 88' lang='lat' dir='ltr'>futurum</span> 
     </span>
     <span class='ocr_line' id='line_1_42' title="bbox 244 1630 375 1657; baseline 0.008 -7"><span class='ocrx_word' id='word_1_252' title='bbox 244 1630 375 1657; x_wconf 78' lang='lat' dir='ltr'>uraturae,</span> 
     </span>
    </p>

    <p class='ocr_par' dir='ltr' id='par_1_23' title="bbox 224 1659 1292 1736">
     <span class='ocr_line' id='line_1_43' title="bbox 262 1659 1292 1701; baseline 0.006 -12"><span class='ocrx_word' id='word_1_253' title='bbox 262 1659 350 1690; x_wconf 93' lang='lat' dir='ltr'>Prout</span> <span class='ocrx_word' id='word_1_254' title='bbox 365 1669 398 1689; x_wconf 79' lang='lat' dir='ltr'>ex</span> <span class='ocrx_word' id='word_1_255' title='bbox 414 1660 534 1691; x_wconf 89' lang='lat' dir='ltr'>Tenore</span> <span class='ocrx_word' id='word_1_256' title='bbox 548 1659 808 1699; x_wconf 63' lang='lat' dir='ltr'>Appunetuamenii</span> <span class='ocrx_word' id='word_1_257' title='bbox 831 1660 897 1692; x_wconf 90' lang='lat' dir='ltr'>inde</span> <span class='ocrx_word' id='word_1_258' title='bbox 917 1661 1044 1693; x_wconf 67' lang='lat' dir='ltr'>confesti</span> <span class='ocrx_word' id='word_1_259' title='bbox 1066 1661 1178 1701; x_wconf 78' lang='lat' dir='ltr'>plenius</span> <span class='ocrx_word' id='word_1_260' title='bbox 1198 1665 1292 1695; x_wconf 90' lang='lat' dir='ltr'>conti-</span> 
     </span>
     <span class='ocr_line' id='line_1_44' title="bbox 224 1707 324 1736; baseline -0.01 -8"><span class='ocrx_word' id='word_1_261' title='bbox 224 1707 324 1736; x_wconf 84' lang='lat' dir='ltr'>netur,</span> 
     </span>
    </p>

    <p class='ocr_par' dir='ltr' id='par_1_24' title="bbox 258 1736 446 1776">
     <span class='ocr_line' id='line_1_45' title="bbox 258 1736 446 1776; baseline 0.011 -10"><span class='ocrx_word' id='word_1_262' title='bbox 258 1736 327 1767; x_wconf 88' lang='lat' dir='ltr'>Nos</span> <span class='ocrx_word' id='word_1_263' title='bbox 343 1738 446 1776; x_wconf 84' lang='lat' dir='ltr'>igitur,</span> 
     </span>
    </p>

    <p class='ocr_par' dir='ltr' id='par_1_25' title="bbox 224 1774 1290 1854">
     <span class='ocr_line' id='line_1_46' title="bbox 257 1774 1290 1817; baseline 0.005 -12"><span class='ocrx_word' id='word_1_264' title='bbox 257 1774 371 1806; x_wconf 86' lang='lat' dir='ltr'>Bonum</span> <span class='ocrx_word' id='word_1_265' title='bbox 385 1775 481 1814; x_wconf 82' lang='lat' dir='ltr'>Pacis,</span> <span class='ocrx_word' id='word_1_266' title='bbox 501 1775 632 1816; x_wconf 84' lang='lat' dir='ltr'>Qietis,</span> <span class='ocrx_word' id='word_1_267' title='bbox 650 1776 684 1808; x_wconf 76' lang='grc' dir='ltr'>δε</span> <span class='ocrx_word' id='word_1_268' title='bbox 707 1775 884 1809; x_wconf 77' lang='lat' dir='ltr'>Concordiae</span> <span class='ocrx_word' id='word_1_269' title='bbox 907 1778 1067 1817; x_wconf 89' lang='lat' dir='ltr'>hujusmodi</span> <span class='ocrx_word' id='word_1_270' title='bbox 1090 1778 1201 1810; x_wconf 75' lang='lat' dir='ltr'>sinceris</span> <span class='ocrx_word' id='word_1_271' title='bbox 1220 1778 1290 1810; x_wconf 86' lang='lat' dir='ltr'>affe-</span> 
     </span>
     <span class='ocr_line' id='line_1_47' title="bbox 224 1813 536 1854; baseline 0 -9"><span class='ocrx_word' id='word_1_272' title='bbox 224 1813 318 1845; x_wconf 67' lang='lat' dir='ltr'>&amp;ibus</span> <span class='ocrx_word' id='word_1_273' title='bbox 332 1814 518 1845; x_wconf 72' lang='lat' dir='ltr'>desiderantes</span> <span class='ocrx_word' id='word_1_274' title='bbox 527 1839 536 1854; x_wconf 93' lang='lat'>‚</span> 
     </span>
    </p>

    <p class='ocr_par' dir='ltr' id='par_1_26' title="bbox 222 1852 1290 1929">
     <span class='ocr_line' id='line_1_48' title="bbox 263 1852 1290 1897; baseline 0.004 -15"><span class='ocrx_word' id='word_1_275' title='bbox 263 1852 311 1883; x_wconf 91' lang='lat' dir='ltr'>De</span> <span class='ocrx_word' id='word_1_276' title='bbox 330 1853 427 1883; x_wconf 77' lang='lat' dir='ltr'>vesti-is</span> <span class='ocrx_word' id='word_1_277' title='bbox 449 1853 578 1885; x_wconf 88' lang='lat' dir='ltr'>fidelitate</span> <span class='ocrx_word' id='word_1_278' title='bbox 598 1855 715 1894; x_wconf 85' lang='lat' dir='ltr'>probata</span> <span class='ocrx_word' id='word_1_279' title='bbox 735 1855 769 1886; x_wconf 93' lang='lat'>&amp;</span> <span class='ocrx_word' id='word_1_280' title='bbox 797 1855 1052 1895; x_wconf 70' lang='lat' dir='ltr'>circumspecnone</span> <span class='ocrx_word' id='word_1_281' title='bbox 1068 1857 1188 1897; x_wconf 88' lang='lat' dir='ltr'>provida</span> <span class='ocrx_word' id='word_1_282' title='bbox 1202 1856 1290 1895; x_wconf 90' lang='lat' dir='ltr'>pluri-</span> 
     </span>
     <span class='ocr_line' id='line_1_49' title="bbox 222 1892 518 1929; baseline -0.003 -6"><span class='ocrx_word' id='word_1_283' title='bbox 222 1892 304 1923; x_wconf 77' lang='lat' dir='ltr'>mum</span> <span class='ocrx_word' id='word_1_284' title='bbox 323 1892 499 1922; x_wconf 78' lang='lat' dir='ltr'>confidentes</span> <span class='ocrx_word' id='word_1_285' title='bbox 510 1917 518 1929; x_wconf 85' lang='lat'>,</span> 
     </span>
    </p>

    <p class='ocr_par' dir='ltr' id='par_1_27' title="bbox 220 1929 1290 2038">
     <span class='ocr_line' id='line_1_50' title="bbox 258 1929 1288 1970; baseline 0.003 -9"><span class='ocrx_word' id='word_1_286' title='bbox 258 1929 320 1961; x_wconf 91' lang='lat' dir='ltr'>Vos</span> <span class='ocrx_word' id='word_1_287' title='bbox 335 1930 390 1961; x_wconf 89' lang='lat' dir='ltr'>Sex</span> <span class='ocrx_word' id='word_1_288' title='bbox 403 1931 548 1968; x_wconf 78' lang='lat' dir='ltr'>Facimus,</span> <span class='ocrx_word' id='word_1_289' title='bbox 568 1931 795 1970; x_wconf 87' lang='lat' dir='ltr'>Constituimus,</span> <span class='ocrx_word' id='word_1_290' title='bbox 814 1932 847 1963; x_wconf 90' lang='lat'>&amp;</span> <span class='ocrx_word' id='word_1_291' title='bbox 863 1932 1039 1964; x_wconf 88' lang='lat' dir='ltr'>Ordinamus</span> <span class='ocrx_word' id='word_1_292' title='bbox 1055 1932 1168 1964; x_wconf 91' lang='lat' dir='ltr'>nostros</span> <span class='ocrx_word' id='word_1_293' title='bbox 1192 1933 1288 1964; x_wconf 83' lang='lat' dir='ltr'>Com-</span> 
     </span>
     <span class='ocr_line' id='line_1_51' title="bbox 220 1968 1290 2038; baseline 0.005 -40"><span class='ocrx_word' id='word_1_294' title='bbox 220 1968 376 2038; x_wconf 41' lang='lat' dir='ltr'>}nissaiiiog</span> <span class='ocrx_word' id='word_1_295' title='bbox 404 1969 562 2009; x_wconf 77' lang='lat' dir='ltr'>Deputatos</span> <span class='ocrx_word' id='word_1_296' title='bbox 578 1993 587 2008; x_wconf 87' lang='lat'>‚</span> <span class='ocrx_word' id='word_1_297' title='bbox 611 1970 765 2009; x_wconf 64' lang='lat' dir='ltr'>Faciores,</span> <span class='ocrx_word' id='word_1_298' title='bbox 792 1971 1046 2011; x_wconf 75' lang='lat' dir='ltr'>procuratoresque</span> <span class='ocrx_word' id='word_1_299' title='bbox 1061 1995 1071 2010; x_wconf 88' lang='lat'>,</span> <span class='ocrx_word' id='word_1_300' title='bbox 1095 1982 1129 2002; x_wconf 87' lang='lat' dir='ltr'>ac</span> <span class='ocrx_word' id='word_1_301' title='bbox 1151 1972 1290 2003; x_wconf 83' lang='lat' dir='ltr'>Nuncios</span> 
     </span>
    </p>

    <p class='ocr_par' dir='ltr' id='par_1_28' title="bbox 217 2017 1290 2513">
     <span class='ocr_line' id='line_1_52' title="bbox 251 2017 367 2046; baseline 0.017 -9"><span class='ocrx_word' id='word_1_302' title='bbox 251 2017 310 2038; x_wconf 87' lang='lat' dir='ltr'>ecia</span> <span class='ocrx_word' id='word_1_303' title='bbox 321 2017 349 2038; x_wconf 80' lang='lat' dir='ltr'>es</span> <span class='ocrx_word' id='word_1_304' title='bbox 357 2030 367 2046; x_wconf 89' lang='lat'>,</span> 
     </span>
     <span class='ocr_line' id='line_1_53' title="bbox 231 2018 1290 2088; baseline 0.005 -13"><span class='ocrx_word' id='word_1_305' title='bbox 231 2018 368 2076; x_wconf 72' lang='lat' dir='ltr'>pDantes</span> <span class='ocrx_word' id='word_1_306' title='bbox 381 2047 414 2077; x_wconf 62' lang='grc' dir='ltr'>ὃς</span> <span class='ocrx_word' id='word_1_307' title='bbox 432 2045 632 2077; x_wconf 76' lang='lat' dir='ltr'>Concedentes</span> <span class='ocrx_word' id='word_1_308' title='bbox 647 2048 747 2084; x_wconf 82' lang='lat' dir='ltr'>vobis,</span> <span class='ocrx_word' id='word_1_309' title='bbox 767 2048 800 2078; x_wconf 69' lang='grc' dir='ltr'>ὅ(</span> <span class='ocrx_word' id='word_1_310' title='bbox 817 2047 924 2078; x_wconf 79' lang='lat' dir='ltr'>Tribus</span> <span class='ocrx_word' id='word_1_311' title='bbox 939 2048 1068 2080; x_wconf 68' lang='lat' dir='ltr'>vestrum</span> <span class='ocrx_word' id='word_1_312' title='bbox 1091 2049 1228 2088; x_wconf 90' lang='lat' dir='ltr'>(quorum</span> <span class='ocrx_word' id='word_1_313' title='bbox 1250 2049 1290 2080; x_wconf 88' lang='lat' dir='ltr'>al—</span> 
     </span>
     <span class='ocr_line' id='line_1_54' title="bbox 218 2084 1290 2126; baseline 0.003 -11"><span class='ocrx_word' id='word_1_314' title='bbox 218 2092 311 2115; x_wconf 86' lang='lat' dir='ltr'>terum</span> <span class='ocrx_word' id='word_1_315' title='bbox 326 2084 454 2115; x_wconf 81' lang='lat' dir='ltr'>vestrum</span> <span class='ocrx_word' id='word_1_316' title='bbox 470 2096 536 2123; x_wconf 80' lang='lat' dir='ltr'>vos,</span> <span class='ocrx_word' id='word_1_317' title='bbox 555 2086 661 2123; x_wconf 68' lang='lat' dir='ltr'>praefiiti</span> <span class='ocrx_word' id='word_1_318' title='bbox 677 2086 777 2116; x_wconf 82' lang='lat' dir='ltr'>David</span> <span class='ocrx_word' id='word_1_319' title='bbox 792 2087 825 2117; x_wconf 84' lang='lat'>&amp;</span> <span class='ocrx_word' id='word_1_320' title='bbox 844 2086 992 2117; x_wconf 74' lang='lat' dir='ltr'>lVilliclme</span> <span class='ocrx_word' id='word_1_321' title='bbox 1009 2090 1103 2126; x_wconf 80' lang='lat' dir='ltr'>Bray,</span> <span class='ocrx_word' id='word_1_322' title='bbox 1120 2098 1210 2118; x_wconf 88' lang='lat' dir='ltr'>unum</span> <span class='ocrx_word' id='word_1_323' title='bbox 1232 2089 1290 2119; x_wconf 84' lang='lat' dir='ltr'>effe</span> 
     </span>
     <span class='ocr_line' id='line_1_55' title="bbox 221 2123 1289 2165; baseline 0.004 -12"><span class='ocrx_word' id='word_1_324' title='bbox 221 2123 368 2159; x_wconf 86' lang='lat' dir='ltr'>volumus)</span> <span class='ocrx_word' id='word_1_325' title='bbox 388 2123 562 2154; x_wconf 86' lang='lat' dir='ltr'>Potestatem</span> <span class='ocrx_word' id='word_1_326' title='bbox 578 2124 737 2161; x_wconf 82' lang='lat' dir='ltr'>generalem</span> <span class='ocrx_word' id='word_1_327' title='bbox 753 2126 786 2156; x_wconf 74' lang='grc' dir='ltr'>δε</span> <span class='ocrx_word' id='word_1_328' title='bbox 801 2124 968 2164; x_wconf 80' lang='lat' dir='ltr'>plenariam,</span> <span class='ocrx_word' id='word_1_329' title='bbox 986 2136 1019 2157; x_wconf 87' lang='lat' dir='ltr'>ac</span> <span class='ocrx_word' id='word_1_330' title='bbox 1041 2126 1214 2157; x_wconf 87' lang='lat' dir='ltr'>Mandatum</span> <span class='ocrx_word' id='word_1_331' title='bbox 1228 2126 1289 2165; x_wconf 90' lang='lat' dir='ltr'>spe-</span> 
     </span>
     <span class='ocr_line' id='line_1_56' title="bbox 221 2162 1289 2203; baseline 0.004 -11"><span class='ocrx_word' id='word_1_332' title='bbox 221 2162 307 2200; x_wconf 83' lang='lat' dir='ltr'>ciale,</span> <span class='ocrx_word' id='word_1_333' title='bbox 320 2172 371 2199; x_wconf 89' lang='lat' dir='ltr'>pro</span> <span class='ocrx_word' id='word_1_334' title='bbox 385 2162 482 2192; x_wconf 87' lang='lat' dir='ltr'>Nobis</span> <span class='ocrx_word' id='word_1_335' title='bbox 497 2164 530 2193; x_wconf 69' lang='grc' dir='ltr'>δε</span> <span class='ocrx_word' id='word_1_336' title='bbox 545 2162 679 2200; x_wconf 83' lang='lat' dir='ltr'>Nomine</span> <span class='ocrx_word' id='word_1_337' title='bbox 694 2162 810 2201; x_wconf 84' lang='lat' dir='ltr'>nostro,</span> <span class='ocrx_word' id='word_1_338' title='bbox 826 2173 895 2193; x_wconf 87' lang='lat' dir='ltr'>cum</span> <span class='ocrx_word' id='word_1_339' title='bbox 912 2164 1289 2203; x_wconf 73' lang='lat' dir='ltr'>Ambaffiatoribus,Com—</span> 
     </span>
     <span class='ocr_line' id='line_1_57' title="bbox 223 2199 1289 2243; baseline 0.004 -13"><span class='ocrx_word' id='word_1_340' title='bbox 223 2200 364 2237; x_wconf 67' lang='lat' dir='ltr'>millariis,</span> <span class='ocrx_word' id='word_1_341' title='bbox 392 2199 642 2239; x_wconf 84' lang='lat' dir='ltr'>Procuratoribus,</span> <span class='ocrx_word' id='word_1_342' title='bbox 665 2202 721 2231; x_wconf 89' lang='lat' dir='ltr'>sive</span> <span class='ocrx_word' id='word_1_343' title='bbox 740 2201 880 2239; x_wconf 86' lang='lat' dir='ltr'>Nunciis,</span> <span class='ocrx_word' id='word_1_344' title='bbox 911 2202 1052 2233; x_wconf 85' lang='lat' dir='ltr'>Cariffimi</span> <span class='ocrx_word' id='word_1_345' title='bbox 1078 2203 1289 2243; x_wconf 86' lang='lat' dir='ltr'>Consanguinei</span> 
     </span>
     <span class='ocr_line' id='line_1_58' title="bbox 218 2238 1287 2281; baseline 0.002 -11"><span class='ocrx_word' id='word_1_346' title='bbox 218 2238 330 2277; x_wconf 84' lang='lat' dir='ltr'>nostri,</span> <span class='ocrx_word' id='word_1_347' title='bbox 350 2238 465 2278; x_wconf 76' lang='lat' dir='ltr'>Phihppi</span> <span class='ocrx_word' id='word_1_348' title='bbox 483 2242 655 2277; x_wconf 79' lang='lat' dir='ltr'>Primogeniti</span> <span class='ocrx_word' id='word_1_349' title='bbox 671 2239 708 2275; x_wconf 54' lang='grc' dir='ltr'>(ξίν</span> <span class='ocrx_word' id='word_1_350' title='bbox 727 2241 851 2270; x_wconf 80' lang='lat' dir='ltr'>Haerea&#39;ir</span> <span class='ocrx_word' id='word_1_351' title='bbox 884 2240 978 2280; x_wconf 81' lang='lat' dir='ltr'>raefati</span> <span class='ocrx_word' id='word_1_352' title='bbox 994 2250 1077 2281; x_wconf 81' lang='lat' dir='ltr'>nuper</span> <span class='ocrx_word' id='word_1_353' title='bbox 1103 2245 1187 2272; x_wconf 70' lang='lat' dir='ltr'>Ducis</span> <span class='ocrx_word' id='word_1_354' title='bbox 1213 2246 1287 2272; x_wconf 91' lang='lat' dir='ltr'>Bur-</span> 
     </span>
     <span class='ocr_line' id='line_1_59' title="bbox 217 2278 1288 2322; baseline 0.005 -15"><span class='ocrx_word' id='word_1_355' title='bbox 217 2278 345 2316; x_wconf 68' lang='lat' dir='ltr'>gundiae,</span> <span class='ocrx_word' id='word_1_356' title='bbox 363 2278 406 2307; x_wconf 89' lang='lat' dir='ltr'>seu</span> <span class='ocrx_word' id='word_1_357' title='bbox 428 2278 485 2308; x_wconf 88' lang='lat' dir='ltr'>aliis</span> <span class='ocrx_word' id='word_1_358' title='bbox 510 2279 753 2322; x_wconf 84' lang='lat' dir='ltr'>quibuscumque,</span> <span class='ocrx_word' id='word_1_359' title='bbox 773 2289 826 2317; x_wconf 86' lang='lat' dir='ltr'>pro</span> <span class='ocrx_word' id='word_1_360' title='bbox 876 2282 943 2310; x_wconf 89' lang='lat' dir='ltr'>atria</span> <span class='ocrx_word' id='word_1_361' title='bbox 967 2280 1022 2312; x_wconf 89' lang='lat' dir='ltr'>sive</span> <span class='ocrx_word' id='word_1_362' title='bbox 1038 2279 1188 2312; x_wconf 88' lang='lat' dir='ltr'>Comitatu</span> <span class='ocrx_word' id='word_1_363' title='bbox 1206 2281 1288 2312; x_wconf 80' lang='lat' dir='ltr'>Fian-</span> 
     </span>
     <span class='ocr_line' id='line_1_60' title="bbox 221 2316 1289 2359; baseline 0.005 -14"><span class='ocrx_word' id='word_1_364' title='bbox 221 2317 290 2346; x_wconf 82' lang='lat' dir='ltr'>driae</span> <span class='ocrx_word' id='word_1_365' title='bbox 316 2316 480 2354; x_wconf 70' lang='lat' dir='ltr'>supradic&#39;iae</span> <span class='ocrx_word' id='word_1_366' title='bbox 503 2318 536 2347; x_wconf 90' lang='lat' dir='ltr'>ad</span> <span class='ocrx_word' id='word_1_367' title='bbox 558 2317 616 2348; x_wconf 84' lang='lat' dir='ltr'>hoc</span> <span class='ocrx_word' id='word_1_368' title='bbox 638 2318 779 2349; x_wconf 81' lang='lat' dir='ltr'>sufficiens</span> <span class='ocrx_word' id='word_1_369' title='bbox 804 2317 979 2349; x_wconf 86' lang='lat' dir='ltr'>Mandatum</span> <span class='ocrx_word' id='word_1_370' title='bbox 1003 2329 1036 2350; x_wconf 89' lang='lat' dir='ltr'>ac</span> <span class='ocrx_word' id='word_1_371' title='bbox 1057 2319 1210 2359; x_wconf 83' lang='lat' dir='ltr'>legitimam</span> <span class='ocrx_word' id='word_1_372' title='bbox 1231 2319 1289 2351; x_wconf 91' lang='lat' dir='ltr'>Po-</span> 
     </span>
     <span class='ocr_line' id='line_1_61' title="bbox 222 2354 1289 2397; baseline 0.005 -13"><span class='ocrx_word' id='word_1_373' title='bbox 222 2354 348 2385; x_wconf 86' lang='lat' dir='ltr'>testatem</span> <span class='ocrx_word' id='word_1_374' title='bbox 373 2354 558 2386; x_wconf 74' lang='lat' dir='ltr'>sufficientem</span> <span class='ocrx_word' id='word_1_375' title='bbox 584 2358 611 2385; x_wconf 90' lang='lat' dir='ltr'>in</span> <span class='ocrx_word' id='word_1_376' title='bbox 637 2356 689 2387; x_wconf 85' lang='lat' dir='ltr'>hac</span> <span class='ocrx_word' id='word_1_377' title='bbox 715 2366 791 2394; x_wconf 87' lang='lat' dir='ltr'>parte</span> <span class='ocrx_word' id='word_1_378' title='bbox 813 2356 1004 2395; x_wconf 83' lang='lat' dir='ltr'>habentibus,</span> <span class='ocrx_word' id='word_1_379' title='bbox 1031 2358 1110 2396; x_wconf 87' lang='lat' dir='ltr'>super</span> <span class='ocrx_word' id='word_1_380' title='bbox 1136 2358 1261 2396; x_wconf 89' lang='lat' dir='ltr'>Treugis</span> <span class='ocrx_word' id='word_1_381' title='bbox 1279 2382 1289 2397; x_wconf 88' lang='lat'>,</span> 
     </span>
     <span class='ocr_line' id='line_1_62' title="bbox 223 2393 1287 2434; baseline 0.005 -11"><span class='ocrx_word' id='word_1_382' title='bbox 223 2395 256 2423; x_wconf 72' lang='grc' dir='ltr'>ὅ(</span> <span class='ocrx_word' id='word_1_383' title='bbox 276 2393 450 2424; x_wconf 82' lang='lat' dir='ltr'>Guerrarum</span> <span class='ocrx_word' id='word_1_384' title='bbox 475 2394 679 2434; x_wconf 80' lang='lat' dir='ltr'>Abstinentiis,</span> <span class='ocrx_word' id='word_1_385' title='bbox 703 2395 973 2434; x_wconf 88' lang='lat' dir='ltr'>Securitatibusque,</span> <span class='ocrx_word' id='word_1_386' title='bbox 997 2398 1030 2428; x_wconf 89' lang='lat'>&amp;</span> <span class='ocrx_word' id='word_1_387' title='bbox 1055 2397 1114 2428; x_wconf 90' lang='lat' dir='ltr'>aliis</span> <span class='ocrx_word' id='word_1_388' title='bbox 1135 2396 1232 2428; x_wconf 86' lang='lat' dir='ltr'>Rebus</span> <span class='ocrx_word' id='word_1_389' title='bbox 1254 2408 1287 2428; x_wconf 87' lang='lat' dir='ltr'>ac</span> 
     </span>
     <span class='ocr_line' id='line_1_63' title="bbox 224 2431 1288 2475; baseline 0.006 -14"><span class='ocrx_word' id='word_1_390' title='bbox 224 2431 351 2462; x_wconf 82' lang='lat' dir='ltr'>Materiis</span> <span class='ocrx_word' id='word_1_391' title='bbox 382 2432 418 2462; x_wconf 89' lang='lat' dir='ltr'>de</span> <span class='ocrx_word' id='word_1_392' title='bbox 448 2443 528 2463; x_wconf 86' lang='lat' dir='ltr'>novo</span> <span class='ocrx_word' id='word_1_393' title='bbox 554 2435 768 2464; x_wconf 90' lang='lat' dir='ltr'>occurrentibus</span> <span class='ocrx_word' id='word_1_394' title='bbox 791 2435 825 2465; x_wconf 74' lang='grc' dir='ltr'>δε</span> <span class='ocrx_word' id='word_1_395' title='bbox 847 2436 1076 2473; x_wconf 73' lang='lat' dir='ltr'>emergentibus,</span> <span class='ocrx_word' id='word_1_396' title='bbox 1103 2435 1260 2467; x_wconf 68' lang='lat' dir='ltr'>Tra-standi</span> <span class='ocrx_word' id='word_1_397' title='bbox 1278 2459 1288 2475; x_wconf 91' lang='lat'>,</span> 
     </span>
     <span class='ocr_line' id='line_1_64' title="bbox 222 2469 1206 2513; baseline 0.006 -14"><span class='ocrx_word' id='word_1_398' title='bbox 222 2469 418 2511; x_wconf 81' lang='lat' dir='ltr'>Conferendi,</span> <span class='ocrx_word' id='word_1_399' title='bbox 436 2470 658 2510; x_wconf 89' lang='lat' dir='ltr'>Concordandi,</span> <span class='ocrx_word' id='word_1_400' title='bbox 677 2471 896 2510; x_wconf 86' lang='lat' dir='ltr'>Concludendi,</span> <span class='ocrx_word' id='word_1_401' title='bbox 914 2475 947 2505; x_wconf 63' lang='grc' dir='ltr'>ὃς</span> <span class='ocrx_word' id='word_1_402' title='bbox 964 2473 1206 2513; x_wconf 66' lang='lat' dir='ltr'>Appon&amp;uandi,</span> 
     </span>
    </p>

    <p class='ocr_par' dir='ltr' id='par_1_29' title="bbox 221 2508 1287 2665">
     <span class='ocr_line' id='line_1_65' title="bbox 260 2508 1287 2552; baseline 0.007 -15"><span class='ocrx_word' id='word_1_403' title='bbox 260 2508 415 2546; x_wconf 52' lang='lat' dir='ltr'>Dictaque</span> <span class='ocrx_word' id='word_1_404' title='bbox 436 2509 584 2547; x_wconf 80' lang='lat' dir='ltr'>Treugas,</span> <span class='ocrx_word' id='word_1_405' title='bbox 610 2510 786 2541; x_wconf 88' lang='lat' dir='ltr'>Guerrarum</span> <span class='ocrx_word' id='word_1_406' title='bbox 811 2511 1016 2549; x_wconf 83' lang='lat' dir='ltr'>Abstinentias‚</span> <span class='ocrx_word' id='word_1_407' title='bbox 1047 2512 1080 2542; x_wconf 91' lang='lat'>&amp;</span> <span class='ocrx_word' id='word_1_408' title='bbox 1103 2512 1287 2552; x_wconf 89' lang='lat' dir='ltr'>Securitatcs,</span> 
     </span>
     <span class='ocr_line' id='line_1_66' title="bbox 222 2545 1285 2590; baseline 0.006 -14"><span class='ocrx_word' id='word_1_409' title='bbox 222 2545 257 2576; x_wconf 82' lang='lat' dir='ltr'>ad</span> <span class='ocrx_word' id='word_1_410' title='bbox 277 2547 382 2576; x_wconf 68' lang='lat' dir='ltr'>Terias</span> <span class='ocrx_word' id='word_1_411' title='bbox 425 2546 578 2585; x_wconf 86' lang='lat' dir='ltr'>Dominia,</span> <span class='ocrx_word' id='word_1_412' title='bbox 603 2550 636 2579; x_wconf 76' lang='grc' dir='ltr'>δε</span> <span class='ocrx_word' id='word_1_413' title='bbox 661 2549 741 2580; x_wconf 87' lang='lat' dir='ltr'>Loca</span> <span class='ocrx_word' id='word_1_414' title='bbox 764 2549 832 2588; x_wconf 81' lang='lat' dir='ltr'>alia,</span> <span class='ocrx_word' id='word_1_415' title='bbox 859 2557 917 2579; x_wconf 90' lang='lat' dir='ltr'>tam</span> <span class='ocrx_word' id='word_1_416' title='bbox 938 2550 1022 2589; x_wconf 83' lang='lat' dir='ltr'>ipsius</span> <span class='ocrx_word' id='word_1_417' title='bbox 1045 2549 1120 2580; x_wconf 83' lang='lat' dir='ltr'>Phili</span> <span class='ocrx_word' id='word_1_418' title='bbox 1151 2555 1180 2590; x_wconf 83' lang='lat' dir='ltr'>i,</span> <span class='ocrx_word' id='word_1_419' title='bbox 1199 2553 1285 2590; x_wconf 68' lang='lat' dir='ltr'>quam</span> 
     </span>
     <span class='ocr_line' id='line_1_67' title="bbox 221 2569 1286 2628; baseline 0.008 -15"><span class='ocrx_word' id='word_1_420' title='bbox 221 2583 350 2623; x_wconf 87' lang='lat' dir='ltr'>Nostra,</span> <span class='ocrx_word' id='word_1_421' title='bbox 369 2569 595 2624; x_wconf 76' lang='lat' dir='ltr'>C&#39;ommutandi,</span> <span class='ocrx_word' id='word_1_422' title='bbox 611 2586 806 2627; x_wconf 78' lang='lat' dir='ltr'>prorogandi,</span> <span class='ocrx_word' id='word_1_423' title='bbox 835 2586 1042 2628; x_wconf 78' lang='lat' dir='ltr'>Proiongandi,</span> <span class='ocrx_word' id='word_1_424' title='bbox 1066 2590 1100 2621; x_wconf 90' lang='lat'>&amp;</span> <span class='ocrx_word' id='word_1_425' title='bbox 1150 2590 1286 2621; x_wconf 83' lang='lat' dir='ltr'>xtenden-</span> 
     </span>
     <span class='ocr_line' id='line_1_68' title="bbox 221 2622 868 2665; baseline 0.005 -12"><span class='ocrx_word' id='word_1_426' title='bbox 221 2623 268 2660; x_wconf 80' lang='lat' dir='ltr'>di,</span> <span class='ocrx_word' id='word_1_427' title='bbox 288 2633 400 2653; x_wconf 88' lang='lat' dir='ltr'>necnon</span> <span class='ocrx_word' id='word_1_428' title='bbox 415 2622 587 2654; x_wconf 86' lang='lat' dir='ltr'>Resumendi</span> <span class='ocrx_word' id='word_1_429' title='bbox 599 2647 608 2662; x_wconf 93' lang='lat'>,</span> <span class='ocrx_word' id='word_1_430' title='bbox 625 2625 658 2656; x_wconf 89' lang='lat'>&amp;</span> <span class='ocrx_word' id='word_1_431' title='bbox 676 2625 847 2656; x_wconf 85' lang='lat' dir='ltr'>Renovandi</span> <span class='ocrx_word' id='word_1_432' title='bbox 858 2650 868 2665; x_wconf 90' lang='lat'>,</span> 
     </span>
    </p>

    <p class='ocr_par' dir='ltr' id='par_1_30' title="bbox 221 2660 1286 3276">
     <span class='ocr_line' id='line_1_69' title="bbox 260 2660 1285 2703; baseline 0.009 -13"><span class='ocrx_word' id='word_1_433' title='bbox 260 2660 298 2691; x_wconf 87' lang='lat' dir='ltr'>Et</span> <span class='ocrx_word' id='word_1_434' title='bbox 312 2663 463 2699; x_wconf 67' lang='lat' dir='ltr'>praesertim</span> <span class='ocrx_word' id='word_1_435' title='bbox 479 2663 669 2701; x_wconf 87' lang='lat' dir='ltr'>quascumque</span> <span class='ocrx_word' id='word_1_436' title='bbox 682 2663 864 2702; x_wconf 83' lang='lat' dir='ltr'>Captivitates</span> <span class='ocrx_word' id='word_1_437' title='bbox 878 2666 1019 2703; x_wconf 82' lang='lat' dir='ltr'>injuriosas</span> <span class='ocrx_word' id='word_1_438' title='bbox 1031 2666 1218 2698; x_wconf 88' lang='lat' dir='ltr'>Subditorum</span> <span class='ocrx_word' id='word_1_439' title='bbox 1232 2677 1285 2698; x_wconf 91' lang='lat' dir='ltr'>no-</span> 
     </span>
     <span class='ocr_line' id='line_1_70' title="bbox 222 2698 1286 2744; baseline 0.008 -15"><span class='ocrx_word' id='word_1_440' title='bbox 222 2698 347 2730; x_wconf 87' lang='lat' dir='ltr'>strorum</span> <span class='ocrx_word' id='word_1_441' title='bbox 365 2701 397 2730; x_wconf 83' lang='lat'>&amp;</span> <span class='ocrx_word' id='word_1_442' title='bbox 415 2700 569 2739; x_wconf 80' lang='lat' dir='ltr'>Ligeorum</span> <span class='ocrx_word' id='word_1_443' title='bbox 586 2710 849 2741; x_wconf 86' lang='lat' dir='ltr'>quorumcumque,</span> <span class='ocrx_word' id='word_1_444' title='bbox 867 2714 900 2733; x_wconf 92' lang='lat' dir='ltr'>ac</span> <span class='ocrx_word' id='word_1_445' title='bbox 914 2703 1070 2742; x_wconf 85' lang='lat' dir='ltr'>Captiones</span> <span class='ocrx_word' id='word_1_446' title='bbox 1093 2705 1205 2744; x_wconf 88' lang='lat' dir='ltr'>injustas</span> <span class='ocrx_word' id='word_1_447' title='bbox 1230 2707 1286 2737; x_wconf 90' lang='lat' dir='ltr'>sive</span> 
     </span>
     <span class='ocr_line' id='line_1_71' title="bbox 222 2737 1285 2784; baseline 0.008 -17"><span class='ocrx_word' id='word_1_448' title='bbox 222 2737 456 2776; x_wconf 81' lang='lat' dir='ltr'>Depiaedationes</span> <span class='ocrx_word' id='word_1_449' title='bbox 472 2740 489 2758; x_wconf 61' lang='lat'>²*</span> <span class='ocrx_word' id='word_1_450' title='bbox 504 2738 781 2778; x_wconf 80' lang='lat' dir='ltr'>Merchandisaruni,</span> <span class='ocrx_word' id='word_1_451' title='bbox 800 2741 927 2780; x_wconf 85' lang='lat' dir='ltr'>Rerum,</span> <span class='ocrx_word' id='word_1_452' title='bbox 945 2744 977 2774; x_wconf 90' lang='lat'>&amp;</span> <span class='ocrx_word' id='word_1_453' title='bbox 998 2742 1146 2774; x_wconf 90' lang='lat' dir='ltr'>Bonorum</span> <span class='ocrx_word' id='word_1_454' title='bbox 1161 2745 1285 2784; x_wconf 88' lang='lat' dir='ltr'>suorum,</span> 
     </span>
     <span class='ocr_line' id='line_1_72' title="bbox 222 2776 1285 2822; baseline 0.008 -16"><span class='ocrx_word' id='word_1_455' title='bbox 222 2786 336 2807; x_wconf 79' lang='lat' dir='ltr'>necnon</span> <span class='ocrx_word' id='word_1_456' title='bbox 352 2777 401 2807; x_wconf 86' lang='lat' dir='ltr'>alia</span> <span class='ocrx_word' id='word_1_457' title='bbox 422 2776 554 2815; x_wconf 76' lang='lat' dir='ltr'>Dampna</span> <span class='ocrx_word' id='word_1_458' title='bbox 570 2779 602 2808; x_wconf 71' lang='grc' dir='ltr'>ὃ(</span> <span class='ocrx_word' id='word_1_459' title='bbox 620 2780 796 2818; x_wconf 61' lang='lat' dir='ltr'>praeiudicia,</span> <span class='ocrx_word' id='word_1_460' title='bbox 814 2789 871 2810; x_wconf 87' lang='lat' dir='ltr'>tarn</span> <span class='ocrx_word' id='word_1_461' title='bbox 899 2781 1038 2819; x_wconf 89' lang='lat' dir='ltr'>personis,</span> <span class='ocrx_word' id='word_1_462' title='bbox 1057 2783 1142 2820; x_wconf 69' lang='lat' dir='ltr'>quam</span> <span class='ocrx_word' id='word_1_463' title='bbox 1167 2782 1285 2822; x_wconf 89' lang='lat' dir='ltr'>Rebus,</span> 
     </span>
     <span class='ocr_line' id='line_1_73' title="bbox 222 2814 1285 2860; baseline 0.008 -16"><span class='ocrx_word' id='word_1_464' title='bbox 222 2814 391 2845; x_wconf 90' lang='lat' dir='ltr'>eorumdem</span> <span class='ocrx_word' id='word_1_465' title='bbox 409 2815 568 2853; x_wconf 84' lang='lat' dir='ltr'>Ligeorum</span> <span class='ocrx_word' id='word_1_466' title='bbox 585 2817 618 2847; x_wconf 89' lang='lat'>&amp;</span> <span class='ocrx_word' id='word_1_467' title='bbox 632 2817 818 2848; x_wconf 88' lang='lat' dir='ltr'>Subditorum</span> <span class='ocrx_word' id='word_1_468' title='bbox 835 2818 1000 2850; x_wconf 87' lang='lat' dir='ltr'>nostrorum</span> <span class='ocrx_word' id='word_1_469' title='bbox 1015 2831 1285 2860; x_wconf 89' lang='lat' dir='ltr'>quorumcumque,</span> 
     </span>
     <span class='ocr_line' id='line_1_74' title="bbox 221 2853 1285 2899; baseline 0.007 -15"><span class='ocrx_word' id='word_1_470' title='bbox 221 2855 292 2885; x_wconf 85' lang='lat' dir='ltr'>citra</span> <span class='ocrx_word' id='word_1_471' title='bbox 316 2854 348 2884; x_wconf 64' lang='grc' dir='ltr'>ὃς</span> <span class='ocrx_word' id='word_1_472' title='bbox 375 2853 444 2884; x_wconf 92' lang='lat' dir='ltr'>ultra</span> <span class='ocrx_word' id='word_1_473' title='bbox 468 2853 569 2893; x_wconf 86' lang='lat' dir='ltr'>Mare,</span> <span class='ocrx_word' id='word_1_474' title='bbox 586 2856 704 2887; x_wconf 89' lang='lat' dir='ltr'>ubilibet</span> <span class='ocrx_word' id='word_1_475' title='bbox 723 2857 901 2888; x_wconf 79' lang='lat' dir='ltr'>existentium</span> <span class='ocrx_word' id='word_1_476' title='bbox 924 2859 957 2889; x_wconf 73' lang='grc' dir='ltr'>δε</span> <span class='ocrx_word' id='word_1_477' title='bbox 978 2858 1218 2899; x_wconf 87' lang='lat' dir='ltr'>constitutorum,</span> <span class='ocrx_word' id='word_1_478' title='bbox 1237 2871 1285 2899; x_wconf 86' lang='lat' dir='ltr'>per</span> 
     </span>
     <span class='ocr_line' id='line_1_75' title="bbox 222 2891 1285 2934; baseline 0.008 -13"><span class='ocrx_word' id='word_1_479' title='bbox 222 2892 344 2922; x_wconf 85' lang='lat' dir='ltr'>modurn</span> <span class='ocrx_word' id='word_1_480' title='bbox 361 2891 488 2930; x_wconf 85' lang='lat' dir='ltr'>Piratiae,</span> <span class='ocrx_word' id='word_1_481' title='bbox 505 2895 550 2924; x_wconf 85' lang='lat' dir='ltr'>seu</span> <span class='ocrx_word' id='word_1_482' title='bbox 572 2893 635 2924; x_wconf 70' lang='lat' dir='ltr'>aii-:is</span> <span class='ocrx_word' id='word_1_483' title='bbox 661 2896 921 2934; x_wconf 83' lang='lat' dir='ltr'>qualitercumque,</span> <span class='ocrx_word' id='word_1_484' title='bbox 938 2906 986 2934; x_wconf 88' lang='lat' dir='ltr'>per</span> <span class='ocrx_word' id='word_1_485' title='bbox 1013 2897 1147 2928; x_wconf 90' lang='lat' dir='ltr'>Subditos</span> <span class='ocrx_word' id='word_1_486' title='bbox 1169 2899 1285 2929; x_wconf 75' lang='lat' dir='ltr'>moder-</span> 
     </span>
     <span class='ocr_line' id='line_1_76' title="bbox 223 2930 1283 2976; baseline 0.006 -15"><span class='ocrx_word' id='word_1_487' title='bbox 223 2941 275 2961; x_wconf 89' lang='lat' dir='ltr'>nos</span> <span class='ocrx_word' id='word_1_488' title='bbox 297 2931 407 2968; x_wconf 85' lang='lat' dir='ltr'>praefati</span> <span class='ocrx_word' id='word_1_489' title='bbox 431 2930 547 2970; x_wconf 80' lang='lat' dir='ltr'>Philippi</span> <span class='ocrx_word' id='word_1_490' title='bbox 567 2941 599 2962; x_wconf 87' lang='lat' dir='ltr'>ac</span> <span class='ocrx_word' id='word_1_491' title='bbox 620 2932 754 2964; x_wconf 88' lang='lat' dir='ltr'>Subditos</span> <span class='ocrx_word' id='word_1_492' title='bbox 778 2935 885 2972; x_wconf 80' lang='lat' dir='ltr'>praefati</span> <span class='ocrx_word' id='word_1_493' title='bbox 901 2945 989 2972; x_wconf 86' lang='lat' dir='ltr'>nuper</span> <span class='ocrx_word' id='word_1_494' title='bbox 1005 2939 1088 2965; x_wconf 81' lang='lat' dir='ltr'>Ducis</span> <span class='ocrx_word' id='word_1_495' title='bbox 1100 2937 1283 2976; x_wconf 80' lang='lat' dir='ltr'>Burgundiae,</span> 
     </span>
     <span class='ocr_line' id='line_1_77' title="bbox 222 2969 1283 3014; baseline 0.007 -15"><span class='ocrx_word' id='word_1_496' title='bbox 222 2970 384 3000; x_wconf 81' lang='lat' dir='ltr'>durantibus</span> <span class='ocrx_word' id='word_1_497' title='bbox 404 2969 529 3006; x_wconf 70' lang='lat' dir='ltr'>Treugis</span> <span class='ocrx_word' id='word_1_498' title='bbox 547 2971 579 3001; x_wconf 84' lang='lat'>&amp;</span> <span class='ocrx_word' id='word_1_499' title='bbox 604 2971 781 3002; x_wconf 90' lang='lat' dir='ltr'>Guerrarum</span> <span class='ocrx_word' id='word_1_500' title='bbox 803 2973 986 3003; x_wconf 85' lang='lat' dir='ltr'>Abstinentiis</span> <span class='ocrx_word' id='word_1_501' title='bbox 1010 2975 1235 3014; x_wconf 89' lang='lat' dir='ltr'>quibuscumque</span> <span class='ocrx_word' id='word_1_502' title='bbox 1255 2978 1283 3006; x_wconf 92' lang='lat' dir='ltr'>in</span> 
     </span>
     <span class='ocr_line' id='line_1_78' title="bbox 223 3009 1284 3053; baseline 0.007 -15"><span class='ocrx_word' id='word_1_503' title='bbox 223 3012 274 3039; x_wconf 80' lang='lat' dir='ltr'>hac</span> <span class='ocrx_word' id='word_1_504' title='bbox 295 3017 370 3046; x_wconf 81' lang='lat' dir='ltr'>parte</span> <span class='ocrx_word' id='word_1_505' title='bbox 383 3009 456 3038; x_wconf 66' lang='lat' dir='ltr'>initis</span> <span class='ocrx_word' id='word_1_506' title='bbox 470 3009 503 3039; x_wconf 63' lang='grc' dir='ltr'>ὃς</span> <span class='ocrx_word' id='word_1_507' title='bbox 520 3010 621 3046; x_wconf 84' lang='lat' dir='ltr'>captis,</span> <span class='ocrx_word' id='word_1_508' title='bbox 641 3011 908 3049; x_wconf 80' lang='lat' dir='ltr'>quomodocunque</span> <span class='ocrx_word' id='word_1_509' title='bbox 925 3011 1012 3050; x_wconf 64' lang='lat' dir='ltr'>fadia,</span> <span class='ocrx_word' id='word_1_510' title='bbox 1029 3013 1117 3051; x_wconf 87' lang='lat' dir='ltr'>illata,</span> <span class='ocrx_word' id='word_1_511' title='bbox 1135 3015 1168 3045; x_wconf 68' lang='grc' dir='ltr'>ὃ(</span> <span class='ocrx_word' id='word_1_512' title='bbox 1186 3024 1284 3053; x_wconf 89' lang='lat' dir='ltr'>perpe-</span> 
     </span>
     <span class='ocr_line' id='line_1_79' title="bbox 222 3047 1284 3092; baseline 0.006 -15"><span class='ocrx_word' id='word_1_513' title='bbox 222 3056 306 3084; x_wconf 83' lang='lat' dir='ltr'>trata,</span> <span class='ocrx_word' id='word_1_514' title='bbox 322 3047 417 3076; x_wconf 79' lang='lat' dir='ltr'>debite</span> <span class='ocrx_word' id='word_1_515' title='bbox 431 3048 567 3085; x_wconf 80' lang='lat' dir='ltr'>reparari,</span> <span class='ocrx_word' id='word_1_516' title='bbox 586 3047 743 3087; x_wconf 79' lang='lat' dir='ltr'>restaurari,</span> <span class='ocrx_word' id='word_1_517' title='bbox 759 3050 896 3088; x_wconf 81' lang='lat' dir='ltr'>resarciri,</span> <span class='ocrx_word' id='word_1_518' title='bbox 915 3051 948 3081; x_wconf 69' lang='grc' dir='ltr'>ὅ(</span> <span class='ocrx_word' id='word_1_519' title='bbox 969 3051 1131 3090; x_wconf 88' lang='lat' dir='ltr'>reformari,</span> <span class='ocrx_word' id='word_1_520' title='bbox 1157 3052 1284 3092; x_wconf 89' lang='lat' dir='ltr'>alioquin</span> 
     </span>
     <span class='ocr_line' id='line_1_80' title="bbox 221 3084 1282 3129; baseline 0.008 -15"><span class='ocrx_word' id='word_1_521' title='bbox 221 3095 322 3115; x_wconf 82' lang='lat' dir='ltr'>verum</span> <span class='ocrx_word' id='word_1_522' title='bbox 335 3086 367 3116; x_wconf 62' lang='grc' dir='ltr'>ὃς</span> <span class='ocrx_word' id='word_1_523' title='bbox 382 3085 552 3124; x_wconf 86' lang='lat' dir='ltr'>legittimum</span> <span class='ocrx_word' id='word_1_524' title='bbox 569 3084 699 3118; x_wconf 76' lang='lat' dir='ltr'>Interesse</span> <span class='ocrx_word' id='word_1_525' title='bbox 714 3088 915 3127; x_wconf 69' lang='lat' dir='ltr'>praedictorum</span> <span class='ocrx_word' id='word_1_526' title='bbox 931 3088 1146 3127; x_wconf 88' lang='lat' dir='ltr'>Captivatorum</span> <span class='ocrx_word' id='word_1_527' title='bbox 1161 3091 1194 3122; x_wconf 92' lang='lat'>&amp;</span> <span class='ocrx_word' id='word_1_528' title='bbox 1206 3091 1282 3129; x_wconf 90' lang='lat' dir='ltr'>Inju—</span> 
     </span>
     <span class='ocr_line' id='line_1_81' title="bbox 221 3123 1284 3167; baseline 0.008 -15"><span class='ocrx_word' id='word_1_529' title='bbox 221 3124 355 3153; x_wconf 85' lang='lat' dir='ltr'>1iatorum</span> <span class='ocrx_word' id='word_1_530' title='bbox 366 3147 375 3161; x_wconf 90' lang='lat'>,</span> <span class='ocrx_word' id='word_1_531' title='bbox 392 3133 507 3154; x_wconf 85' lang='lat' dir='ltr'>necnon</span> <span class='ocrx_word' id='word_1_532' title='bbox 524 3133 623 3154; x_wconf 88' lang='lat' dir='ltr'>verum</span> <span class='ocrx_word' id='word_1_533' title='bbox 639 3123 774 3156; x_wconf 88' lang='lat' dir='ltr'>Valorcm</span> <span class='ocrx_word' id='word_1_534' title='bbox 793 3126 849 3157; x_wconf 88' lang='lat' dir='ltr'>sive</span> <span class='ocrx_word' id='word_1_535' title='bbox 873 3126 1105 3158; x_wconf 87' lang='lat' dir='ltr'>AEstimationem</span> <span class='ocrx_word' id='word_1_536' title='bbox 1130 3130 1284 3167; x_wconf 74' lang='lat' dir='ltr'>praediCm-</span> 
     </span>
     <span class='ocr_line' id='line_1_82' title="bbox 223 3162 1283 3206; baseline 0.008 -15"><span class='ocrx_word' id='word_1_537' title='bbox 223 3171 286 3190; x_wconf 87' lang='lat' dir='ltr'>turn</span> <span class='ocrx_word' id='word_1_538' title='bbox 306 3162 582 3198; x_wconf 85' lang='lat' dir='ltr'>Merchandisarum,</span> <span class='ocrx_word' id='word_1_539' title='bbox 601 3162 731 3201; x_wconf 85' lang='lat' dir='ltr'>Rerum,</span> <span class='ocrx_word' id='word_1_540' title='bbox 750 3165 781 3195; x_wconf 74' lang='grc' dir='ltr'>δε</span> <span class='ocrx_word' id='word_1_541' title='bbox 799 3164 963 3202; x_wconf 76' lang='lat' dir='ltr'>Bonorum,</span> <span class='ocrx_word' id='word_1_542' title='bbox 982 3167 1036 3195; x_wconf 71' lang='lat' dir='ltr'>una</span> <span class='ocrx_word' id='word_1_543' title='bbox 1052 3176 1120 3197; x_wconf 89' lang='lat' dir='ltr'>cum</span> <span class='ocrx_word' id='word_1_544' title='bbox 1142 3167 1283 3206; x_wconf 81' lang='lat' dir='ltr'>Dampnis</span> 
     </span>
     <span class='ocr_line' id='line_1_83' title="bbox 223 3198 1282 3244; baseline 0.007 -14"><span class='ocrx_word' id='word_1_545' title='bbox 223 3200 256 3230; x_wconf 85' lang='lat'>&amp;</span> <span class='ocrx_word' id='word_1_546' title='bbox 274 3198 421 3238; x_wconf 80' lang='lat' dir='ltr'>Expensis,</span> <span class='ocrx_word' id='word_1_547' title='bbox 439 3201 468 3230; x_wconf 92' lang='lat' dir='ltr'>in</span> <span class='ocrx_word' id='word_1_548' title='bbox 484 3201 536 3231; x_wconf 88' lang='lat' dir='ltr'>hac</span> <span class='ocrx_word' id='word_1_549' title='bbox 559 3209 636 3237; x_wconf 87' lang='lat' dir='ltr'>parte</span> <span class='ocrx_word' id='word_1_550' title='bbox 658 3203 905 3241; x_wconf 84' lang='lat' dir='ltr'>contingentibus,</span> <span class='ocrx_word' id='word_1_551' title='bbox 925 3203 1057 3242; x_wconf 83' lang='lat' dir='ltr'>Petendi,</span> <span class='ocrx_word' id='word_1_552' title='bbox 1076 3205 1230 3244; x_wconf 85' lang='lat' dir='ltr'>Exigendi,</span> <span class='ocrx_word' id='word_1_553' title='bbox 1248 3208 1282 3238; x_wconf 94' lang='lat'>&amp;</span> 
     </span>
     <span class='ocr_line' id='line_1_84' title="bbox 222 3237 604 3276; baseline 0.008 -10"><span class='ocrx_word' id='word_1_554' title='bbox 222 3246 294 3267; x_wconf 88' lang='lat' dir='ltr'>cum</span> <span class='ocrx_word' id='word_1_555' title='bbox 305 3237 412 3268; x_wconf 67' lang='lat' dir='ltr'>effee&#39;m</span> <span class='ocrx_word' id='word_1_556' title='bbox 428 3238 604 3276; x_wconf 86' lang='lat' dir='ltr'>Obtinendi,</span> 
     </span>
    </p>

    <p class='ocr_par' dir='ltr' id='par_1_31' title="bbox 220 3273 1284 3659">
     <span class='ocr_line' id='line_1_85' title="bbox 261 3273 1284 3320; baseline 0.008 -16"><span class='ocrx_word' id='word_1_557' title='bbox 261 3273 299 3305; x_wconf 88' lang='lat' dir='ltr'>Et</span> <span class='ocrx_word' id='word_1_558' title='bbox 313 3275 511 3315; x_wconf 80' lang='lat' dir='ltr'>consimiliter,</span> <span class='ocrx_word' id='word_1_559' title='bbox 530 3279 547 3307; x_wconf 81' lang='grc' dir='ltr'>ὲ</span> <span class='ocrx_word' id='word_1_560' title='bbox 564 3278 721 3312; x_wconf 79' lang='lat' dir='ltr'>converso,</span> <span class='ocrx_word' id='word_1_561' title='bbox 741 3278 759 3308; x_wconf 84' lang='lat' dir='ltr'>si</span> <span class='ocrx_word' id='word_1_562' title='bbox 783 3278 941 3316; x_wconf 87' lang='lat' dir='ltr'>hujusmodi</span> <span class='ocrx_word' id='word_1_563' title='bbox 965 3279 1008 3310; x_wconf 89' lang='lat' dir='ltr'>Ca</span> <span class='ocrx_word' id='word_1_564' title='bbox 1029 3282 1148 3311; x_wconf 86' lang='lat' dir='ltr'>tivitates</span> <span class='ocrx_word' id='word_1_565' title='bbox 1168 3283 1284 3320; x_wconf 89' lang='lat' dir='ltr'>injurio-</span> 
     </span>
     <span class='ocr_line' id='line_1_86' title="bbox 222 3291 1282 3356; baseline 0.007 -12"><span class='ocrx_word' id='word_1_566' title='bbox 222 3312 276 3351; x_wconf 86' lang='lat' dir='ltr'>sae,</span> <span class='ocrx_word' id='word_1_567' title='bbox 293 3322 340 3343; x_wconf 83' lang='lat' dir='ltr'>aut</span> <span class='ocrx_word' id='word_1_568' title='bbox 356 3312 605 3353; x_wconf 75' lang='lat' dir='ltr'>Depraedationes‚</span> <span class='ocrx_word' id='word_1_569' title='bbox 624 3315 680 3345; x_wconf 84' lang='lat' dir='ltr'>five</span> <span class='ocrx_word' id='word_1_570' title='bbox 696 3315 866 3356; x_wconf 83' lang='lat' dir='ltr'>Captiones,</span> <span class='ocrx_word' id='word_1_571' title='bbox 883 3327 929 3348; x_wconf 88' lang='lat' dir='ltr'>aut</span> <span class='ocrx_word' id='word_1_572' title='bbox 943 3318 993 3348; x_wconf 87' lang='lat' dir='ltr'>alia</span> <span class='ocrx_word' id='word_1_573' title='bbox 1008 3291 1142 3356; x_wconf 72' lang='lat' dir='ltr'>Dampna</span> <span class='ocrx_word' id='word_1_574' title='bbox 1155 3321 1188 3350; x_wconf 73' lang='grc' dir='ltr'>δε</span> <span class='ocrx_word' id='word_1_575' title='bbox 1204 3320 1282 3351; x_wconf 84' lang='lat' dir='ltr'>Prae-</span> 
     </span>
     <span class='ocr_line' id='line_1_87' title="bbox 221 3352 1283 3396; baseline 0.008 -14"><span class='ocrx_word' id='word_1_576' title='bbox 221 3352 340 3390; x_wconf 82' lang='lat' dir='ltr'>judicia,</span> <span class='ocrx_word' id='word_1_577' title='bbox 359 3360 393 3382; x_wconf 80' lang='lat' dir='ltr'>ex</span> <span class='ocrx_word' id='word_1_578' title='bbox 412 3352 493 3384; x_wconf 89' lang='lat' dir='ltr'>Parte</span> <span class='ocrx_word' id='word_1_579' title='bbox 512 3353 666 3391; x_wconf 83' lang='lat' dir='ltr'>Ligeorum</span> <span class='ocrx_word' id='word_1_580' title='bbox 690 3355 724 3385; x_wconf 91' lang='lat'>&amp;</span> <span class='ocrx_word' id='word_1_581' title='bbox 747 3355 933 3385; x_wconf 79' lang='lat' dir='ltr'>Subditoriim</span> <span class='ocrx_word' id='word_1_582' title='bbox 956 3356 1118 3388; x_wconf 87' lang='lat' dir='ltr'>nostrorum</span> <span class='ocrx_word' id='word_1_583' title='bbox 1146 3368 1283 3396; x_wconf 90' lang='lat' dir='ltr'>quorum-</span> 
     </span>
     <span class='ocr_line' id='line_1_88' title="bbox 224 3390 1282 3431; baseline 0.006 -10"><span class='ocrx_word' id='word_1_584' title='bbox 224 3399 366 3428; x_wconf 84' lang='lat' dir='ltr'>cumque,</span> <span class='ocrx_word' id='word_1_585' title='bbox 384 3390 501 3421; x_wconf 87' lang='lat' dir='ltr'>ubilibet</span> <span class='ocrx_word' id='word_1_586' title='bbox 514 3392 707 3431; x_wconf 77' lang='lat' dir='ltr'>existentium,</span> <span class='ocrx_word' id='word_1_587' title='bbox 723 3393 884 3424; x_wconf 78' lang='lat' dir='ltr'>durantibus</span> <span class='ocrx_word' id='word_1_588' title='bbox 897 3395 1020 3431; x_wconf 83' lang='lat' dir='ltr'>Treugis</span> <span class='ocrx_word' id='word_1_589' title='bbox 1034 3395 1091 3426; x_wconf 83' lang='lat' dir='ltr'>five</span> <span class='ocrx_word' id='word_1_590' title='bbox 1106 3395 1282 3428; x_wconf 86' lang='lat' dir='ltr'>Guerrarum</span> 
     </span>
     <span class='ocr_line' id='line_1_89' title="bbox 220 3428 1281 3473; baseline 0.008 -16"><span class='ocrx_word' id='word_1_591' title='bbox 220 3428 406 3458; x_wconf 88' lang='lat' dir='ltr'>Abstinentiis</span> <span class='ocrx_word' id='word_1_592' title='bbox 426 3429 582 3466; x_wconf 67' lang='lat' dir='ltr'>praedietis,</span> <span class='ocrx_word' id='word_1_593' title='bbox 599 3440 750 3468; x_wconf 87' lang='lat' dir='ltr'>perpetrata</span> <span class='ocrx_word' id='word_1_594' title='bbox 771 3432 815 3462; x_wconf 91' lang='lat' dir='ltr'>seu</span> <span class='ocrx_word' id='word_1_595' title='bbox 842 3433 911 3462; x_wconf 86' lang='lat' dir='ltr'>illata</span> <span class='ocrx_word' id='word_1_596' title='bbox 933 3433 1013 3463; x_wconf 80' lang='lat' dir='ltr'>fuisse</span> <span class='ocrx_word' id='word_1_597' title='bbox 1034 3442 1080 3464; x_wconf 89' lang='lat' dir='ltr'>aut</span> <span class='ocrx_word' id='word_1_598' title='bbox 1101 3434 1158 3464; x_wconf 85' lang='lat' dir='ltr'>effe</span> <span class='ocrx_word' id='word_1_599' title='bbox 1182 3435 1281 3473; x_wconf 89' lang='lat' dir='ltr'>Repe-</span> 
     </span>
     <span class='ocr_line' id='line_1_90' title="bbox 220 3467 1279 3511; baseline 0.007 -14"><span class='ocrx_word' id='word_1_600' title='bbox 220 3469 342 3505; x_wconf 88' lang='lat' dir='ltr'>rientur,</span> <span class='ocrx_word' id='word_1_601' title='bbox 361 3477 404 3497; x_wconf 75' lang='lat' dir='ltr'>eas</span> <span class='ocrx_word' id='word_1_602' title='bbox 419 3467 452 3498; x_wconf 85' lang='lat'>&amp;</span> <span class='ocrx_word' id='word_1_603' title='bbox 467 3470 697 3499; x_wconf 55' lang='lat' dir='ltr'>&amp;conformiter</span> <span class='ocrx_word' id='word_1_604' title='bbox 715 3469 891 3507; x_wconf 75' lang='lat' dir='ltr'>Reparandi,</span> <span class='ocrx_word' id='word_1_605' title='bbox 911 3472 944 3502; x_wconf 71' lang='grc' dir='ltr'>δε</span> <span class='ocrx_word' id='word_1_606' title='bbox 967 3471 1174 3509; x_wconf 85' lang='lat' dir='ltr'>Reformandi,</span> <span class='ocrx_word' id='word_1_607' title='bbox 1192 3474 1242 3511; x_wconf 65' lang='grc' dir='ltr'>ὃς,</span> <span class='ocrx_word' id='word_1_608' title='bbox 1260 3474 1279 3504; x_wconf 85' lang='lat' dir='ltr'>fi</span> 
     </span>
     <span class='ocr_line' id='line_1_91' title="bbox 225 3506 1280 3549; baseline 0.008 -15"><span class='ocrx_word' id='word_1_609' title='bbox 225 3506 372 3543; x_wconf 84' lang='lat' dir='ltr'>expediens</span> <span class='ocrx_word' id='word_1_610' title='bbox 393 3506 483 3535; x_wconf 86' lang='lat' dir='ltr'>visum</span> <span class='ocrx_word' id='word_1_611' title='bbox 508 3506 591 3537; x_wconf 90' lang='lat' dir='ltr'>fuerit</span> <span class='ocrx_word' id='word_1_612' title='bbox 610 3516 656 3537; x_wconf 86' lang='lat' dir='ltr'>aut</span> <span class='ocrx_word' id='word_1_613' title='bbox 677 3518 888 3546; x_wconf 86' lang='lat' dir='ltr'>opportunum,</span> <span class='ocrx_word' id='word_1_614' title='bbox 906 3520 958 3547; x_wconf 91' lang='lat' dir='ltr'>pro</span> <span class='ocrx_word' id='word_1_615' title='bbox 979 3510 1139 3547; x_wconf 81' lang='lat' dir='ltr'>hujusmodi</span> <span class='ocrx_word' id='word_1_616' title='bbox 1154 3510 1280 3549; x_wconf 84' lang='lat' dir='ltr'>Repara-</span> 
     </span>
     <span class='ocr_line' id='line_1_92' title="bbox 220 3543 1278 3584; baseline 0.008 -11"><span class='ocrx_word' id='word_1_617' title='bbox 220 3545 322 3574; x_wconf 89' lang='lat' dir='ltr'>mentis</span> <span class='ocrx_word' id='word_1_618' title='bbox 335 3545 366 3575; x_wconf 72' lang='grc' dir='ltr'>ὃ(</span> <span class='ocrx_word' id='word_1_619' title='bbox 382 3543 661 3583; x_wconf 81' lang='lat' dir='ltr'>Reformationibus,</span> <span class='ocrx_word' id='word_1_620' title='bbox 676 3556 709 3575; x_wconf 78' lang='lat' dir='ltr'>ex</span> <span class='ocrx_word' id='word_1_621' title='bbox 723 3556 798 3584; x_wconf 80' lang='lat' dir='ltr'>pai-te</span> <span class='ocrx_word' id='word_1_622' title='bbox 807 3546 953 3578; x_wconf 67' lang='lat' dir='ltr'>dic&#39;torum</span> <span class='ocrx_word' id='word_1_623' title='bbox 966 3548 1151 3580; x_wconf 89' lang='lat' dir='ltr'>Subditorum</span> <span class='ocrx_word' id='word_1_624' title='bbox 1166 3550 1278 3581; x_wconf 91' lang='lat' dir='ltr'>nostro-</span> 
     </span>
     <span class='ocr_line' id='line_1_93' title="bbox 220 3581 1278 3627; baseline 0.008 -16"><span class='ocrx_word' id='word_1_625' title='bbox 220 3592 283 3612; x_wconf 90' lang='lat' dir='ltr'>rum</span> <span class='ocrx_word' id='word_1_626' title='bbox 299 3582 411 3619; x_wconf 79' lang='lat' dir='ltr'>fiendis,</span> <span class='ocrx_word' id='word_1_627' title='bbox 431 3592 499 3612; x_wconf 88' lang='lat' dir='ltr'>curn</span> <span class='ocrx_word' id='word_1_628' title='bbox 516 3581 640 3613; x_wconf 89' lang='lat' dir='ltr'>Partibus</span> <span class='ocrx_word' id='word_1_629' title='bbox 651 3584 768 3614; x_wconf 69' lang='lat' dir='ltr'>adverus</span> <span class='ocrx_word' id='word_1_630' title='bbox 786 3585 961 3624; x_wconf 80' lang='lat' dir='ltr'>paciscendi,</span> <span class='ocrx_word' id='word_1_631' title='bbox 979 3586 1180 3627; x_wconf 80' lang='lat' dir='ltr'>Trauligendi,</span> <span class='ocrx_word' id='word_1_632' title='bbox 1194 3588 1278 3619; x_wconf 90' lang='lat' dir='ltr'>Con-</span> 
     </span>
     <span class='ocr_line' id='line_1_94' title="bbox 221 3620 856 3659; baseline 0.002 -8"><span class='ocrx_word' id='word_1_633' title='bbox 221 3621 369 3658; x_wconf 86' lang='lat' dir='ltr'>veniendi,</span> <span class='ocrx_word' id='word_1_634' title='bbox 389 3621 422 3651; x_wconf 88' lang='lat'>&amp;</span> <span class='ocrx_word' id='word_1_635' title='bbox 436 3620 617 3651; x_wconf 88' lang='lat' dir='ltr'>amicabiliter</span> <span class='ocrx_word' id='word_1_636' title='bbox 632 3620 856 3659; x_wconf 86' lang='lat' dir='ltr'>Componendi,</span> 
     </span>
    </p>

    <p class='ocr_par' dir='ltr' id='par_1_32' title="bbox 221 3659 1278 3735">
     <span class='ocr_line' id='line_1_95' title="bbox 259 3659 1278 3727; baseline 0.007 -38"><span class='ocrx_word' id='word_1_637' title='bbox 259 3659 304 3690; x_wconf 82' lang='lat' dir='ltr'>Ac</span> <span class='ocrx_word' id='word_1_638' title='bbox 328 3660 425 3689; x_wconf 88' lang='lat' dir='ltr'>omnia</span> <span class='ocrx_word' id='word_1_639' title='bbox 445 3660 478 3691; x_wconf 76' lang='grc' dir='ltr'>δε</span> <span class='ocrx_word' id='word_1_640' title='bbox 500 3659 619 3727; x_wconf 51' lang='grc' dir='ltr'>Γιηῆἓὶᾱ,</span> <span class='ocrx_word' id='word_1_641' title='bbox 645 3668 724 3698; x_wconf 84' lang='lat' dir='ltr'>quae,</span> <span class='ocrx_word' id='word_1_642' title='bbox 751 3670 781 3690; x_wconf 91' lang='lat' dir='ltr'>ut</span> <span class='ocrx_word' id='word_1_643' title='bbox 799 3662 995 3698; x_wconf 69' lang='lat' dir='ltr'>praemittitur,</span> <span class='ocrx_word' id='word_1_644' title='bbox 1013 3663 1165 3703; x_wconf 69' lang='lat' dir='ltr'>Trac‘tata,</span> <span class='ocrx_word' id='word_1_645' title='bbox 1184 3664 1278 3695; x_wconf 88' lang='lat' dir='ltr'>Com-</span> 
     </span>
     <span class='ocr_line' id='line_1_96' title="bbox 221 3698 531 3735; baseline 0 -9"><span class='ocrx_word' id='word_1_646' title='bbox 221 3705 340 3734; x_wconf 79' lang='lat' dir='ltr'>mutata,</span> <span class='ocrx_word' id='word_1_647' title='bbox 361 3698 531 3735; x_wconf 83' lang='lat' dir='ltr'>Prorogara,</span> 
     </span>
    </p>
   </div>
   <div class='ocr_carea' id='block_1_15' title="bbox 225 3735 1549 3782">
    <p class='ocr_par' dir='ltr' id='par_1_33' title="bbox 225 3735 1549 3782">
     <span class='ocr_line' id='line_1_97' title="bbox 225 3735 1549 3782; baseline 0.008 -18"><span class='ocrx_word' id='word_1_648' title='bbox 225 3735 312 3772; x_wconf 83' lang='lat' dir='ltr'>clusa,</span> <span class='ocrx_word' id='word_1_649' title='bbox 330 3737 362 3766; x_wconf 60' lang='grc' dir='ltr'>ὃς</span> <span class='ocrx_word' id='word_1_650' title='bbox 386 3736 586 3773; x_wconf 77' lang='lat' dir='ltr'>AppunCtuata</span> <span class='ocrx_word' id='word_1_651' title='bbox 607 3735 725 3772; x_wconf 87' lang='lat' dir='ltr'>fuerint,</span> <span class='ocrx_word' id='word_1_652' title='bbox 741 3746 809 3766; x_wconf 91' lang='lat' dir='ltr'>cum</span> <span class='ocrx_word' id='word_1_653' title='bbox 834 3738 915 3767; x_wconf 92' lang='lat' dir='ltr'>ornni</span> <span class='ocrx_word' id='word_1_654' title='bbox 936 3738 1109 3777; x_wconf 81' lang='lat' dir='ltr'>Securitate,</span> <span class='ocrx_word' id='word_1_655' title='bbox 1128 3741 1222 3772; x_wconf 90' lang='lat' dir='ltr'>debita</span> <span class='ocrx_word' id='word_1_656' title='bbox 1242 3744 1276 3773; x_wconf 74' lang='grc' dir='ltr'>δε</span> <span class='ocrx_word' id='word_1_657' title='bbox 1307 3753 1361 3780; x_wconf 88' lang='lat' dir='ltr'>qua</span> <span class='ocrx_word' id='word_1_658' title='bbox 1383 3742 1470 3773; x_wconf 86' lang='lat' dir='ltr'>indies</span> <span class='ocrx_word' id='word_1_659' title='bbox 1492 3753 1549 3782; x_wconf 78' lang='lat' dir='ltr'>ejus</span> 
     </span>
    </p>
   </div>
   <div class='ocr_carea' id='block_1_16' title="bbox 1321 197 2512 1086">
    <p class='ocr_par' dir='ltr' id='par_1_34' title="bbox 1321 197 2512 354">
     <span class='ocr_line' id='line_1_98' title="bbox 1349 197 2512 238; baseline 0.003 -12"><span class='ocrx_word' id='word_1_660' title='bbox 1349 197 1417 226; x_wconf 89' lang='lat' dir='ltr'>ediri</span> <span class='ocrx_word' id='word_1_661' title='bbox 1564 232 1566 234; x_wconf 27' lang='lat'>¹</span> <span class='ocrx_word' id='word_1_662' title='bbox 2427 207 2512 238; x_wconf 86' lang='lat'>1419.</span> 
     </span>
     <span class='ocr_line' id='line_1_99' title="bbox 1329 206 2512 278; baseline 0.003 -12"><span class='ocrx_word' id='word_1_663' title='bbox 1329 206 1542 273; x_wconf 68' lang='lat' dir='ltr'>pSeciiriiaies,</span> <span class='ocrx_word' id='word_1_664' title='bbox 1559 237 1687 276; x_wconf 82' lang='lat' dir='ltr'>insuper,</span> <span class='ocrx_word' id='word_1_665' title='bbox 1704 238 1923 278; x_wconf 83' lang='lat' dir='ltr'>obligationes,</span> <span class='ocrx_word' id='word_1_666' title='bbox 1938 240 1972 270; x_wconf 88' lang='lat'>&amp;</span> <span class='ocrx_word' id='word_1_667' title='bbox 1989 236 2144 270; x_wconf 83' lang='lat' dir='ltr'>Cautiones</span> <span class='ocrx_word' id='word_1_668' title='bbox 2167 237 2330 269; x_wconf 79' lang='lat' dir='ltr'>consimiles</span> <span class='ocrx_word' id='word_1_669' title='bbox 2349 238 2387 268; x_wconf 86' lang='lat' dir='ltr'>ab·</span> <span class='ocrx_word' id='word_1_670' title='bbox 2401 241 2464 266; x_wconf 78' lang='lat' dir='ltr'>Hm.</span> <span class='ocrx_word' id='word_1_671' title='bbox 2484 247 2512 274; x_wconf 89' lang='lat'>5.</span> 
     </span>
     <span class='ocr_line' id='line_1_100' title="bbox 1321 272 2390 316; baseline 0.006 -13"><span class='ocrx_word' id='word_1_672' title='bbox 1321 273 1425 304; x_wconf 88' lang='lat' dir='ltr'>eodem</span> <span class='ocrx_word' id='word_1_673' title='bbox 1444 272 1565 311; x_wconf 85' lang='lat' dir='ltr'>Philippo</span> <span class='ocrx_word' id='word_1_674' title='bbox 1601 276 1645 306; x_wconf 88' lang='lat' dir='ltr'>seu</span> <span class='ocrx_word' id='word_1_675' title='bbox 1665 277 1746 314; x_wconf 80' lang='lat' dir='ltr'>ipsius</span> <span class='ocrx_word' id='word_1_676' title='bbox 1765 279 1795 308; x_wconf 93' lang='lat' dir='ltr'>in</span> <span class='ocrx_word' id='word_1_677' title='bbox 1810 278 1864 309; x_wconf 91' lang='lat' dir='ltr'>hac</span> <span class='ocrx_word' id='word_1_678' title='bbox 1883 286 1958 315; x_wconf 88' lang='lat' dir='ltr'>parte</span> <span class='ocrx_word' id='word_1_679' title='bbox 1976 276 2186 308; x_wconf 85' lang='lat' dir='ltr'>Commiffariis</span> <span class='ocrx_word' id='word_1_680' title='bbox 2207 278 2264 309; x_wconf 84' lang='lat' dir='ltr'>sive</span> <span class='ocrx_word' id='word_1_681' title='bbox 2286 276 2390 316; x_wconf 88' lang='lat' dir='ltr'>Depu-</span> 
     </span>
     <span class='ocr_line' id='line_1_101' title="bbox 1321 312 2151 354; baseline 0.004 -12"><span class='ocrx_word' id='word_1_682' title='bbox 1321 313 1381 342; x_wconf 89' lang='lat' dir='ltr'>tatis</span> <span class='ocrx_word' id='word_1_683' title='bbox 1392 337 1400 349; x_wconf 84' lang='lat'>,</span> <span class='ocrx_word' id='word_1_684' title='bbox 1420 312 1554 350; x_wconf 89' lang='lat' dir='ltr'>Petendi,</span> <span class='ocrx_word' id='word_1_685' title='bbox 1599 315 1724 354; x_wconf 85' lang='lat' dir='ltr'>xigendi,</span> <span class='ocrx_word' id='word_1_686' title='bbox 1742 315 1897 354; x_wconf 88' lang='lat' dir='ltr'>Stipulandi</span> <span class='ocrx_word' id='word_1_687' title='bbox 1913 317 1946 347; x_wconf 90' lang='lat'>&amp;</span> <span class='ocrx_word' id='word_1_688' title='bbox 1963 314 2151 354; x_wconf 90' lang='lat' dir='ltr'>Recipiendi‚</span> 
     </span>
    </p>

    <p class='ocr_par' dir='ltr' id='par_1_35' title="bbox 1321 349 2394 574">
     <span class='ocr_line' id='line_1_102' title="bbox 1361 349 2394 394; baseline 0.006 -14"><span class='ocrx_word' id='word_1_689' title='bbox 1361 349 1529 389; x_wconf 79' lang='lat' dir='ltr'>Caeteraque</span> <span class='ocrx_word' id='word_1_690' title='bbox 1549 353 1648 382; x_wconf 90' lang='lat' dir='ltr'>omnia</span> <span class='ocrx_word' id='word_1_691' title='bbox 1670 353 1704 383; x_wconf 74' lang='grc' dir='ltr'>δε</span> <span class='ocrx_word' id='word_1_692' title='bbox 1727 354 1832 393; x_wconf 90' lang='lat' dir='ltr'>fingula</span> <span class='ocrx_word' id='word_1_693' title='bbox 1854 353 2008 392; x_wconf 84' lang='lat' dir='ltr'>Faciendi,</span> <span class='ocrx_word' id='word_1_694' title='bbox 2027 353 2222 391; x_wconf 84' lang='lat' dir='ltr'>Excercendi,</span> <span class='ocrx_word' id='word_1_695' title='bbox 2239 355 2273 385; x_wconf 92' lang='lat'>&amp;</span> <span class='ocrx_word' id='word_1_696' title='bbox 2298 354 2394 394; x_wconf 83' lang='lat' dir='ltr'>Expe-</span> 
     </span>
     <span class='ocr_line' id='line_1_103' title="bbox 1322 388 2391 432; baseline 0.006 -15"><span class='ocrx_word' id='word_1_697' title='bbox 1322 388 1417 418; x_wconf 88' lang='lat' dir='ltr'>diendi</span> <span class='ocrx_word' id='word_1_698' title='bbox 1428 412 1437 427; x_wconf 92' lang='lat'>,</span> <span class='ocrx_word' id='word_1_699' title='bbox 1456 398 1520 426; x_wconf 82' lang='lat' dir='ltr'>quae</span> <span class='ocrx_word' id='word_1_700' title='bbox 1536 390 1566 419; x_wconf 88' lang='lat' dir='ltr'>in</span> <span class='ocrx_word' id='word_1_701' title='bbox 1586 389 1756 430; x_wconf 85' lang='lat' dir='ltr'>Praemiffis,</span> <span class='ocrx_word' id='word_1_702' title='bbox 1774 401 1820 423; x_wconf 91' lang='lat' dir='ltr'>aut</span> <span class='ocrx_word' id='word_1_703' title='bbox 1835 393 1930 431; x_wconf 88' lang='lat' dir='ltr'>aliquo</span> <span class='ocrx_word' id='word_1_704' title='bbox 1946 389 2161 422; x_wconf 84' lang='lat' dir='ltr'>Praemifforum</span> <span class='ocrx_word' id='word_1_705' title='bbox 2171 414 2182 430; x_wconf 90' lang='lat'>,</span> <span class='ocrx_word' id='word_1_706' title='bbox 2199 393 2232 423; x_wconf 92' lang='lat'>&amp;</span> <span class='ocrx_word' id='word_1_707' title='bbox 2245 393 2320 424; x_wconf 85' lang='lat' dir='ltr'>circa</span> <span class='ocrx_word' id='word_1_708' title='bbox 2338 403 2370 424; x_wconf 92' lang='lat' dir='ltr'>ea</span> <span class='ocrx_word' id='word_1_709' title='bbox 2381 418 2391 432; x_wconf 85' lang='lat'>,</span> 
     </span>
     <span class='ocr_line' id='line_1_104' title="bbox 1321 426 2390 471; baseline 0.007 -15"><span class='ocrx_word' id='word_1_710' title='bbox 1321 426 1367 457; x_wconf 90' lang='lat' dir='ltr'>seu</span> <span class='ocrx_word' id='word_1_711' title='bbox 1382 437 1483 457; x_wconf 90' lang='lat' dir='ltr'>eorum</span> <span class='ocrx_word' id='word_1_712' title='bbox 1499 427 1630 466; x_wconf 84' lang='lat' dir='ltr'>aliquod,</span> <span class='ocrx_word' id='word_1_713' title='bbox 1648 429 1799 461; x_wconf 80' lang='lat' dir='ltr'>necessaria</span> <span class='ocrx_word' id='word_1_714' title='bbox 1813 431 1917 462; x_wconf 88' lang='lat' dir='ltr'>fuerint</span> <span class='ocrx_word' id='word_1_715' title='bbox 1930 431 1974 462; x_wconf 87' lang='lat' dir='ltr'>seu</span> <span class='ocrx_word' id='word_1_716' title='bbox 1990 430 2212 469; x_wconf 90' lang='lat' dir='ltr'>quomodolibet</span> <span class='ocrx_word' id='word_1_717' title='bbox 2226 440 2369 469; x_wconf 85' lang='lat' dir='ltr'>oportuna</span> <span class='ocrx_word' id='word_1_718' title='bbox 2379 456 2390 471; x_wconf 88' lang='lat'>,</span> 
     </span>
     <span class='ocr_line' id='line_1_105' title="bbox 1323 464 2392 507; baseline 0.007 -12"><span class='ocrx_word' id='word_1_719' title='bbox 1323 466 1355 496; x_wconf 89' lang='lat'>&amp;</span> <span class='ocrx_word' id='word_1_720' title='bbox 1374 475 1438 503; x_wconf 84' lang='lat' dir='ltr'>quae</span> <span class='ocrx_word' id='word_1_721' title='bbox 1453 465 1567 504; x_wconf 81' lang='lat' dir='ltr'>qualitas</span> <span class='ocrx_word' id='word_1_722' title='bbox 1584 464 1783 507; x_wconf 80' lang='lat' dir='ltr'>Negotiorum</span> <span class='ocrx_word' id='word_1_723' title='bbox 1799 469 1977 507; x_wconf 90' lang='lat' dir='ltr'>hujusmodi,</span> <span class='ocrx_word' id='word_1_724' title='bbox 1993 469 2030 500; x_wconf 93' lang='lat' dir='ltr'>de</span> <span class='ocrx_word' id='word_1_725' title='bbox 2047 469 2087 500; x_wconf 88' lang='lat' dir='ltr'>sui</span> <span class='ocrx_word' id='word_1_726' title='bbox 2100 478 2195 499; x_wconf 87' lang='lat' dir='ltr'>natura</span> <span class='ocrx_word' id='word_1_727' title='bbox 2215 469 2249 500; x_wconf 91' lang='lat'>&amp;</span> <span class='ocrx_word' id='word_1_728' title='bbox 2273 471 2392 502; x_wconf 90' lang='lat' dir='ltr'>consue-</span> 
     </span>
     <span class='ocr_line' id='line_1_106' title="bbox 1323 503 2390 573; baseline 0.007 -40"><span class='ocrx_word' id='word_1_729' title='bbox 1323 503 1420 548; x_wconf 76' lang='lat' dir='ltr'>tudine</span> <span class='ocrx_word' id='word_1_730' title='bbox 1430 527 1440 542; x_wconf 87' lang='lat'>,</span> <span class='ocrx_word' id='word_1_731' title='bbox 1451 505 1548 573; x_wconf 73' lang='lat' dir='ltr'>sexigit¹</span> <span class='ocrx_word' id='word_1_732' title='bbox 1560 504 1594 535; x_wconf 72' lang='grc' dir='ltr'>ὃ(</span> <span class='ocrx_word' id='word_1_733' title='bbox 1609 506 1741 544; x_wconf 89' lang='lat' dir='ltr'>requirit,</span> <span class='ocrx_word' id='word_1_734' title='bbox 1759 508 1844 538; x_wconf 86' lang='lat' dir='ltr'>etiam</span> <span class='ocrx_word' id='word_1_735' title='bbox 1859 508 1879 538; x_wconf 88' lang='lat' dir='ltr'>si</span> <span class='ocrx_word' id='word_1_736' title='bbox 1892 508 1954 539; x_wconf 84' lang='lat' dir='ltr'>talia</span> <span class='ocrx_word' id='word_1_737' title='bbox 1966 508 2019 540; x_wconf 82' lang='lat' dir='ltr'>sint</span> <span class='ocrx_word' id='word_1_738' title='bbox 2036 518 2101 547; x_wconf 87' lang='lat' dir='ltr'>quae</span> <span class='ocrx_word' id='word_1_739' title='bbox 2117 506 2291 539; x_wconf 82' lang='lat' dir='ltr'>Mandatum</span> <span class='ocrx_word' id='word_1_740' title='bbox 2302 511 2390 549; x_wconf 86' lang='lat' dir='ltr'>magis</span> 
     </span>
     <span class='ocr_line' id='line_1_107' title="bbox 1323 551 1565 574; baseline 0.008 -3"><span class='ocrx_word' id='word_1_741' title='bbox 1323 551 1436 573; x_wconf 80' lang='lat' dir='ltr'>exi⁰ant</span> <span class='ocrx_word' id='word_1_742' title='bbox 1482 553 1565 574; x_wconf 89' lang='lat' dir='ltr'>eciae</span> 
     </span>
    </p>

    <p class='ocr_par' dir='ltr' id='par_1_36' title="bbox 1322 554 2390 774">
     <span class='ocr_line' id='line_1_108' title="bbox 1362 554 2390 624; baseline 0.006 -13"><span class='ocrx_word' id='word_1_743' title='bbox 1362 554 1588 612; x_wconf 47' lang='lat' dir='ltr'>&amp;omnituentes</span> <span class='ocrx_word' id='word_1_744' title='bbox 1602 579 1696 612; x_wconf 88' lang='lat' dir='ltr'>Vobis</span> <span class='ocrx_word' id='word_1_745' title='bbox 1707 582 1742 613; x_wconf 90' lang='lat'>&amp;</span> <span class='ocrx_word' id='word_1_746' title='bbox 1759 582 1864 613; x_wconf 89' lang='lat' dir='ltr'>Tribus</span> <span class='ocrx_word' id='word_1_747' title='bbox 1879 583 2010 616; x_wconf 78' lang='lat' dir='ltr'>vestrfim</span> <span class='ocrx_word' id='word_1_748' title='bbox 2037 585 2174 624; x_wconf 87' lang='lat' dir='ltr'>(quorum</span> <span class='ocrx_word' id='word_1_749' title='bbox 2196 584 2316 616; x_wconf 84' lang='lat' dir='ltr'>alterum</span> <span class='ocrx_word' id='word_1_750' title='bbox 2338 591 2390 617; x_wconf 79' lang='lat' dir='ltr'>ve-</span> 
     </span>
     <span class='ocr_line' id='line_1_109' title="bbox 1324 618 2390 664; baseline 0.006 -15"><span class='ocrx_word' id='word_1_751' title='bbox 1324 618 1416 650; x_wconf 72' lang='lat' dir='ltr'>strum</span> <span class='ocrx_word' id='word_1_752' title='bbox 1436 631 1505 659; x_wconf 81' lang='lat' dir='ltr'>vos,</span> <span class='ocrx_word' id='word_1_753' title='bbox 1525 619 1632 657; x_wconf 84' lang='lat' dir='ltr'>praefati</span> <span class='ocrx_word' id='word_1_754' title='bbox 1650 621 1753 650; x_wconf 86' lang='lat' dir='ltr'>David</span> <span class='ocrx_word' id='word_1_755' title='bbox 1766 621 1800 650; x_wconf 93' lang='lat'>&amp;</span> <span class='ocrx_word' id='word_1_756' title='bbox 1826 621 1975 653; x_wconf 81' lang='lat' dir='ltr'>Willielme</span> <span class='ocrx_word' id='word_1_757' title='bbox 1993 627 2089 664; x_wconf 86' lang='lat' dir='ltr'>Bray,</span> <span class='ocrx_word' id='word_1_758' title='bbox 2107 634 2198 655; x_wconf 90' lang='lat' dir='ltr'>unum</span> <span class='ocrx_word' id='word_1_759' title='bbox 2223 622 2281 654; x_wconf 87' lang='lat' dir='ltr'>effe</span> <span class='ocrx_word' id='word_1_760' title='bbox 2303 624 2390 656; x_wconf 90' lang='lat' dir='ltr'>volu-</span> 
     </span>
     <span class='ocr_line' id='line_1_110' title="bbox 1323 658 2390 698; baseline 0.007 -11"><span class='ocrx_word' id='word_1_761' title='bbox 1323 658 1397 694; x_wconf 90' lang='lat' dir='ltr'>mus)</span> <span class='ocrx_word' id='word_1_762' title='bbox 1417 660 1493 689; x_wconf 88' lang='lat' dir='ltr'>circa</span> <span class='ocrx_word' id='word_1_763' title='bbox 1506 658 1648 689; x_wconf 82' lang='lat' dir='ltr'>Praemifla</span> <span class='ocrx_word' id='word_1_764' title='bbox 1662 660 1760 690; x_wconf 86' lang='lat' dir='ltr'>omnia</span> <span class='ocrx_word' id='word_1_765' title='bbox 1775 659 1808 690; x_wconf 91' lang='lat'>&amp;</span> <span class='ocrx_word' id='word_1_766' title='bbox 1823 659 1930 697; x_wconf 87' lang='lat' dir='ltr'>singula</span> <span class='ocrx_word' id='word_1_767' title='bbox 1939 684 1950 698; x_wconf 90' lang='lat'>,</span> <span class='ocrx_word' id='word_1_768' title='bbox 1966 662 2023 692; x_wconf 77' lang='lat' dir='ltr'>una</span> <span class='ocrx_word' id='word_1_769' title='bbox 2035 672 2102 693; x_wconf 91' lang='lat' dir='ltr'>cum</span> <span class='ocrx_word' id='word_1_770' title='bbox 2116 672 2216 693; x_wconf 89' lang='lat' dir='ltr'>eorum</span> <span class='ocrx_word' id='word_1_771' title='bbox 2236 661 2390 696; x_wconf 82' lang='lat' dir='ltr'>Incidenti-</span> 
     </span>
     <span class='ocr_line' id='line_1_111' title="bbox 1322 696 2390 741; baseline 0.006 -15"><span class='ocrx_word' id='word_1_772' title='bbox 1322 696 1391 734; x_wconf 85' lang='lat' dir='ltr'>bus,</span> <span class='ocrx_word' id='word_1_773' title='bbox 1416 697 1641 736; x_wconf 85' lang='lat' dir='ltr'>emergentibus,</span> <span class='ocrx_word' id='word_1_774' title='bbox 1665 697 1908 736; x_wconf 86' lang='lat' dir='ltr'>dependentibus,</span> <span class='ocrx_word' id='word_1_775' title='bbox 1933 701 1967 731; x_wconf 95' lang='lat'>&amp;</span> <span class='ocrx_word' id='word_1_776' title='bbox 1987 702 2141 739; x_wconf 81' lang='lat' dir='ltr'>connexis,</span> <span class='ocrx_word' id='word_1_777' title='bbox 2158 701 2282 740; x_wconf 79' lang='lat' dir='ltr'>plenarie</span> <span class='ocrx_word' id='word_1_778' title='bbox 2304 711 2390 741; x_wconf 86' lang='lat' dir='ltr'>expe-</span> 
     </span>
     <span class='ocr_line' id='line_1_112' title="bbox 1322 734 1685 774; baseline 0.003 -10"><span class='ocrx_word' id='word_1_779' title='bbox 1322 734 1440 774; x_wconf 85' lang='lat' dir='ltr'>dienda,</span> <span class='ocrx_word' id='word_1_780' title='bbox 1460 735 1545 767; x_wconf 85' lang='lat' dir='ltr'>Vices</span> <span class='ocrx_word' id='word_1_781' title='bbox 1559 735 1685 774; x_wconf 86' lang='lat' dir='ltr'>nostras,</span> 
     </span>
    </p>

    <p class='ocr_par' dir='ltr' id='par_1_37' title="bbox 1321 772 2392 1035">
     <span class='ocr_line' id='line_1_113' title="bbox 1361 772 2387 816; baseline 0.006 -12"><span class='ocrx_word' id='word_1_782' title='bbox 1361 772 1563 805; x_wconf 81' lang='lat' dir='ltr'>promittentes</span> <span class='ocrx_word' id='word_1_783' title='bbox 1576 774 1706 814; x_wconf 87' lang='lat' dir='ltr'>insuper,</span> <span class='ocrx_word' id='word_1_784' title='bbox 1725 783 1759 805; x_wconf 78' lang='lat' dir='ltr'>ex</span> <span class='ocrx_word' id='word_1_785' title='bbox 1772 775 2042 814; x_wconf 87' lang='lat' dir='ltr'>superhabundanti,</span> <span class='ocrx_word' id='word_1_786' title='bbox 2056 775 2134 807; x_wconf 70' lang='lat' dir='ltr'>bona</span> <span class='ocrx_word' id='word_1_787' title='bbox 2153 777 2226 816; x_wconf 83' lang='lat' dir='ltr'>fide,</span> <span class='ocrx_word' id='word_1_788' title='bbox 2242 779 2277 810; x_wconf 69' lang='grc' dir='ltr'>ὃς</span> <span class='ocrx_word' id='word_1_789' title='bbox 2295 780 2387 810; x_wconf 87' lang='lat' dir='ltr'>verbo</span> 
     </span>
     <span class='ocr_line' id='line_1_114' title="bbox 1323 812 2390 852; baseline 0.006 -10"><span class='ocrx_word' id='word_1_790' title='bbox 1323 813 1421 851; x_wconf 86' lang='lat' dir='ltr'>regio,</span> <span class='ocrx_word' id='word_1_791' title='bbox 1437 812 1506 843; x_wconf 86' lang='lat' dir='ltr'>Nos</span> <span class='ocrx_word' id='word_1_792' title='bbox 1521 813 1647 851; x_wconf 89' lang='lat' dir='ltr'>Ratum,</span> <span class='ocrx_word' id='word_1_793' title='bbox 1663 815 1696 845; x_wconf 89' lang='lat'>&amp;</span> <span class='ocrx_word' id='word_1_794' title='bbox 1709 812 1852 852; x_wconf 85' lang='lat' dir='ltr'>Gratum,</span> <span class='ocrx_word' id='word_1_795' title='bbox 1869 815 1902 844; x_wconf 91' lang='lat'>&amp;</span> <span class='ocrx_word' id='word_1_796' title='bbox 1925 814 2053 845; x_wconf 80' lang='lat' dir='ltr'>Firmum</span> <span class='ocrx_word' id='word_1_797' title='bbox 2075 815 2216 846; x_wconf 89' lang='lat' dir='ltr'>habituros</span> <span class='ocrx_word' id='word_1_798' title='bbox 2239 825 2334 848; x_wconf 90' lang='lat' dir='ltr'>totum</span> <span class='ocrx_word' id='word_1_799' title='bbox 2355 820 2390 851; x_wconf 69' lang='grc' dir='ltr'>ὃς</span> 
     </span>
     <span class='ocr_line' id='line_1_115' title="bbox 1321 851 2390 892; baseline 0.007 -12"><span class='ocrx_word' id='word_1_800' title='bbox 1321 851 1458 888; x_wconf 87' lang='lat' dir='ltr'>quicquid</span> <span class='ocrx_word' id='word_1_801' title='bbox 1503 861 1530 881; x_wconf 89' lang='lat' dir='ltr'>er</span> <span class='ocrx_word' id='word_1_802' title='bbox 1553 861 1623 888; x_wconf 86' lang='lat' dir='ltr'>vos,</span> <span class='ocrx_word' id='word_1_803' title='bbox 1642 861 1689 882; x_wconf 86' lang='lat' dir='ltr'>aut</span> <span class='ocrx_word' id='word_1_804' title='bbox 1709 851 1784 883; x_wconf 90' lang='lat' dir='ltr'>Tres</span> <span class='ocrx_word' id='word_1_805' title='bbox 1807 851 1935 883; x_wconf 72' lang='lat' dir='ltr'>vestrum</span> <span class='ocrx_word' id='word_1_806' title='bbox 1961 854 2099 892; x_wconf 89' lang='lat' dir='ltr'>(quorum</span> <span class='ocrx_word' id='word_1_807' title='bbox 2122 853 2241 884; x_wconf 87' lang='lat' dir='ltr'>alterurn</span> <span class='ocrx_word' id='word_1_808' title='bbox 2261 855 2390 887; x_wconf 68' lang='lat' dir='ltr'>vestrum</span> 
     </span>
     <span class='ocr_line' id='line_1_116' title="bbox 1322 889 2392 964; baseline 0.007 -8"><span class='ocrx_word' id='word_1_809' title='bbox 1322 889 1985 962; x_wconf 49' lang='lat' dir='ltr'>3³55.pse,fiisswiiag‘i‘affl&#39;ffe&#39;sszcffszlfi</span> <span class='ocrx_word' id='word_1_810' title='bbox 2002 891 2392 964; x_wconf 49' lang='lat' dir='ltr'>”i‘zssrli&#39;cgi‘iitli‘i&#39;ffissiltifi</span> 
     </span>
     <span class='ocr_line' id='line_1_117' title="bbox 1324 950 2002 1035; baseline 0.007 -40"><span class='ocrx_word' id='word_1_811' title='bbox 1324 950 1493 1033; x_wconf 57' lang='lat' dir='ltr'>Prfem’issis,</span> <span class='ocrx_word' id='word_1_812' title='bbox 1512 967 1560 1035; x_wconf 59' lang='grc' dir='ltr'>δὲζ</span> <span class='ocrx_word' id='word_1_813' title='bbox 1561 951 1671 1005; x_wconf 75' lang='lat' dir='ltr'>singulis</span> <span class='ocrx_word' id='word_1_814' title='bbox 1687 952 1911 999; x_wconf 64' lang='lat' dir='ltr'>Praem’ifforum.</span> <span class='ocrx_word' id='word_1_815' title='bbox 1992 953 2002 970; x_wconf 59' lang='lat'><strong><em>³</em></strong></span> 
     </span>
    </p>

    <p class='ocr_par' dir='ltr' id='par_1_38' title="bbox 1362 1013 2353 1086">
     <span class='ocr_line' id='line_1_118' title="bbox 1377 1013 1588 1035; baseline 0.009 -3"><span class='ocrx_word' id='word_1_816' title='bbox 1377 1014 1394 1032; x_wconf 91' lang='lat' dir='ltr'>n</span> <span class='ocrx_word' id='word_1_817' title='bbox 1416 1013 1453 1034; x_wconf 91' lang='lat' dir='ltr'>cu</span> <span class='ocrx_word' id='word_1_818' title='bbox 1465 1015 1495 1035; x_wconf 86' lang='lat' dir='ltr'>us</span> <span class='ocrx_word' id='word_1_819' title='bbox 1562 1014 1588 1034; x_wconf 94' lang='lat' dir='ltr'>c.</span> 
     </span>
     <span class='ocr_line' id='line_1_119' title="bbox 1362 1014 2353 1086; baseline 0.006 -14"><span class='ocrx_word' id='word_1_820' title='bbox 1362 1041 1431 1074; x_wconf 82' lang='lat' dir='ltr'>Dat.</span> <span class='ocrx_word' id='word_1_821' title='bbox 1451 1014 1479 1073; x_wconf 77' lang='lat' dir='ltr'>in</span> <span class='ocrx_word' id='word_1_822' title='bbox 1494 1027 1607 1073; x_wconf 64' lang='lat' dir='ltr'>Palatio</span> <span class='ocrx_word' id='word_1_823' title='bbox 1624 1045 1701 1082; x_wconf 82' lang='lat' dir='ltr'>Regis</span> <span class='ocrx_word' id='word_1_824' title='bbox 1716 1043 1791 1083; x_wconf 87' lang='lat' dir='ltr'>apud</span> <span class='ocrx_word' id='word_1_825' title='bbox 1809 1045 2066 1086; x_wconf 79' lang='lat' dir='ltr'>Wstmonasterium</span> <span class='ocrx_word' id='word_1_826' title='bbox 2082 1047 2128 1077; x_wconf 87' lang='lat' dir='ltr'>xii.</span> <span class='ocrx_word' id='word_1_827' title='bbox 2146 1045 2192 1077; x_wconf 89' lang='lat' dir='ltr'>die</span> <span class='ocrx_word' id='word_1_828' title='bbox 2206 1045 2353 1078; x_wconf 70' lang='lat' dir='ltr'>O&amp;obris.</span> 
     </span>
    </p>
   </div>
   <div class='ocr_carea' id='block_1_17' title="bbox 2004 1123 2273 1165">
    <p class='ocr_par' dir='ltr' id='par_1_39' title="bbox 2004 1123 2273 1165">
     <span class='ocr_line' id='line_1_120' title="bbox 2004 1123 2273 1165; baseline 0.019 -13"><span class='ocrx_word' id='word_1_829' title='bbox 2004 1125 2058 1152; x_wconf 82' lang='lat' dir='ltr'>Per</span> <span class='ocrx_word' id='word_1_830' title='bbox 2070 1123 2153 1163; x_wconf 76' lang='lat' dir='ltr'>ipficm</span> <span class='ocrx_word' id='word_1_831' title='bbox 2168 1130 2273 1165; x_wconf 85' lang='lat' dir='ltr'>Regem.</span> 
     </span>
    </p>
   </div>
   <div class='ocr_carea' id='block_1_18' title="bbox 1574 1264 2154 1313">
    <p class='ocr_par' dir='ltr' id='par_1_40' title="bbox 1574 1264 2154 1313">
     <span class='ocr_line' id='line_1_121' title="bbox 1574 1264 2154 1313; baseline 0.007 -18"><span class='ocrx_word' id='word_1_832' title='bbox 1574 1265 1632 1295; x_wconf 89' lang='lat' dir='ltr'>Pro</span> <span class='ocrx_word' id='word_1_833' title='bbox 1653 1266 1820 1297; x_wconf 84' lang='lat' dir='ltr'>Secretario</span> <span class='ocrx_word' id='word_1_834' title='bbox 1844 1266 1942 1298; x_wconf 85' lang='lat' dir='ltr'>Ducis</span> <span class='ocrx_word' id='word_1_835' title='bbox 1965 1264 2154 1313; x_wconf 79' lang='lat' dir='ltr'>Burgundiae.</span> 
     </span>
    </p>
   </div>
   <div class='ocr_carea' id='block_1_19' title="bbox 1321 1345 2542 1888">
    <p class='ocr_par' dir='ltr' id='par_1_41' title="bbox 1323 1345 2538 1430">
     <span class='ocr_line' id='line_1_122' title="bbox 1323 1345 2538 1404; baseline 0.004 -27"><span class='ocrx_word' id='word_1_836' title='bbox 1323 1345 1437 1404; x_wconf 81' lang='lat' dir='ltr'>REX</span> <span class='ocrx_word' id='word_1_837' title='bbox 1449 1370 1458 1386; x_wconf 91' lang='lat'>‚</span> <span class='ocrx_word' id='word_1_838' title='bbox 1474 1357 1524 1385; x_wconf 89' lang='lat' dir='ltr'>per</span> <span class='ocrx_word' id='word_1_839' title='bbox 1549 1347 1655 1379; x_wconf 87' lang='lat' dir='ltr'>Literas</span> <span class='ocrx_word' id='word_1_840' title='bbox 1674 1348 1731 1380; x_wconf 82' lang='lat' dir='ltr'>suas</span> <span class='ocrx_word' id='word_1_841' title='bbox 1752 1348 1898 1388; x_wconf 87' lang='lat' dir='ltr'>Patentes,</span> <span class='ocrx_word' id='word_1_842' title='bbox 1915 1350 1999 1389; x_wconf 89' lang='lat' dir='ltr'>usque</span> <span class='ocrx_word' id='word_1_843' title='bbox 2025 1350 2141 1382; x_wconf 87' lang='lat' dir='ltr'>Festum</span> <span class='ocrx_word' id='word_1_844' title='bbox 2162 1353 2296 1383; x_wconf 87' lang='lat' dir='ltr'>omniurn</span> <span class='ocrx_word' id='word_1_845' title='bbox 2318 1351 2388 1383; x_wconf 83' lang='lat' dir='ltr'>San-</span> <span class='ocrx_word' id='word_1_846' title='bbox 2404 1351 2482 1383; x_wconf 87' lang='lat' dir='ltr'>Ann.</span> <span class='ocrx_word' id='word_1_847' title='bbox 2494 1351 2538 1382; x_wconf 76' lang='lat' dir='ltr'>D,</span> 
     </span>
     <span class='ocr_line' id='line_1_123' title="bbox 1395 1386 2515 1430; baseline 0.005 -15"><span class='ocrx_word' id='word_1_848' title='bbox 1395 1386 1511 1416; x_wconf 62' lang='lat' dir='ltr'>&amp;orum</span> <span class='ocrx_word' id='word_1_849' title='bbox 1535 1388 1670 1424; x_wconf 79' lang='lat' dir='ltr'>proximo</span> <span class='ocrx_word' id='word_1_850' title='bbox 1692 1387 1818 1419; x_wconf 88' lang='lat' dir='ltr'>futurum</span> <span class='ocrx_word' id='word_1_851' title='bbox 1834 1388 1976 1420; x_wconf 87' lang='lat' dir='ltr'>duraturas</span> <span class='ocrx_word' id='word_1_852' title='bbox 2009 1389 2128 1428; x_wconf 90' lang='lat' dir='ltr'>suscepit</span> <span class='ocrx_word' id='word_1_853' title='bbox 2143 1391 2172 1421; x_wconf 91' lang='lat' dir='ltr'>in</span> <span class='ocrx_word' id='word_1_854' title='bbox 2185 1391 2307 1430; x_wconf 90' lang='lat' dir='ltr'>salvum,</span> <span class='ocrx_word' id='word_1_855' title='bbox 2326 1391 2389 1422; x_wconf 87' lang='lat' dir='ltr'>&amp;c.</span> <span class='ocrx_word' id='word_1_856' title='bbox 2425 1398 2515 1429; x_wconf 89' lang='lat'>1419.</span> 
     </span>
    </p>

    <p class='ocr_par' dir='ltr' id='par_1_42' title="bbox 1321 1411 2503 1469">
     <span class='ocr_line' id='line_1_124' title="bbox 1321 1411 2503 1469; baseline 0.008 -17"><span class='ocrx_word' id='word_1_857' title='bbox 1321 1425 1432 1453; x_wconf 85' lang='lat' dir='ltr'>Henrici</span> <span class='ocrx_word' id='word_1_858' title='bbox 1444 1425 1476 1453; x_wconf 84' lang='lat' dir='ltr'>de</span> <span class='ocrx_word' id='word_1_859' title='bbox 1491 1424 1654 1469; x_wconf 79' lang='lat' dir='ltr'>Chauffour,</span> <span class='ocrx_word' id='word_1_860' title='bbox 1673 1425 1874 1465; x_wconf 79' lang='lat' dir='ltr'>Armigerum,</span> <span class='ocrx_word' id='word_1_861' title='bbox 1894 1429 1927 1459; x_wconf 90' lang='lat'>&amp;</span> <span class='ocrx_word' id='word_1_862' title='bbox 1952 1411 2128 1465; x_wconf 72' lang='lat' dir='ltr'>Magistrum</span> <span class='ocrx_word' id='word_1_863' title='bbox 2149 1432 2290 1468; x_wconf 84' lang='lat' dir='ltr'>Georgium</span> <span class='ocrx_word' id='word_1_864' title='bbox 2318 1429 2388 1461; x_wconf 72' lang='lat' dir='ltr'><em>d‘O-</em></span> <span class='ocrx_word' id='word_1_865' title='bbox 2404 1433 2457 1458; x_wconf 77' lang='lat' dir='ltr'>An·</span> <span class='ocrx_word' id='word_1_866' title='bbox 2473 1439 2503 1465; x_wconf 84' lang='lat'>7·</span> 
     </span>
    </p>

    <p class='ocr_par' dir='ltr' id='par_1_43' title="bbox 1323 1462 2542 1723">
     <span class='ocr_line' id='line_1_125' title="bbox 1453 1462 2486 1507; baseline 0.006 -14"><span class='ocrx_word' id='word_1_867' title='bbox 1453 1462 1640 1495; x_wconf 87' lang='lat' dir='ltr'>Secretarium</span> <span class='ocrx_word' id='word_1_868' title='bbox 1654 1489 1663 1502; x_wconf 86' lang='lat'>,</span> <span class='ocrx_word' id='word_1_869' title='bbox 1690 1463 1904 1502; x_wconf 76' lang='lat' dir='ltr'>consanguinei</span> <span class='ocrx_word' id='word_1_870' title='bbox 1924 1465 2014 1505; x_wconf 85' lang='lat' dir='ltr'>Regis</span> <span class='ocrx_word' id='word_1_871' title='bbox 2036 1470 2120 1497; x_wconf 84' lang='lat' dir='ltr'>Ducis</span> <span class='ocrx_word' id='word_1_872' title='bbox 2142 1469 2307 1506; x_wconf 78' lang='lat' dir='ltr'>Burgundiae</span> <span class='ocrx_word' id='word_1_873' title='bbox 2322 1490 2332 1507; x_wconf 97' lang='lat'>,</span> <span class='ocrx_word' id='word_1_874' title='bbox 2360 1470 2388 1499; x_wconf 91' lang='lat' dir='ltr'>in</span> <span class='ocrx_word' id='word_1_875' title='bbox 2405 1473 2440 1496; x_wconf 85' lang='grc' dir='ltr'>Η.</span> <span class='ocrx_word' id='word_1_876' title='bbox 2457 1477 2486 1504; x_wconf 86' lang='lat'>5-</span> 
     </span>
     <span class='ocr_line' id='line_1_126' title="bbox 1420 1485 2463 1545; baseline 0.005 -14"><span class='ocrx_word' id='word_1_877' title='bbox 1420 1485 1510 1540; x_wconf 61' lang='lat' dir='ltr'>Pegis</span> <span class='ocrx_word' id='word_1_878' title='bbox 1533 1502 1569 1532; x_wconf 90' lang='lat' dir='ltr'>de</span> <span class='ocrx_word' id='word_1_879' title='bbox 1589 1501 1691 1534; x_wconf 82' lang='lat' dir='ltr'>Mante</span> <span class='ocrx_word' id='word_1_880' title='bbox 1709 1503 1744 1533; x_wconf 91' lang='lat' dir='ltr'>ad</span> <span class='ocrx_word' id='word_1_881' title='bbox 1769 1503 1887 1542; x_wconf 84' lang='lat' dir='ltr'>praesens</span> <span class='ocrx_word' id='word_1_882' title='bbox 1911 1505 2078 1542; x_wconf 82' lang='lat' dir='ltr'>existentes,</span> <span class='ocrx_word' id='word_1_883' title='bbox 2096 1506 2132 1536; x_wconf 90' lang='lat' dir='ltr'>ab</span> <span class='ocrx_word' id='word_1_884' title='bbox 2154 1507 2222 1537; x_wconf 90' lang='lat' dir='ltr'>inde</span> <span class='ocrx_word' id='word_1_885' title='bbox 2237 1507 2324 1545; x_wconf 90' lang='lat' dir='ltr'>usque</span> <span class='ocrx_word' id='word_1_886' title='bbox 2336 1506 2389 1537; x_wconf 92' lang='lat' dir='ltr'>Ci-</span> <span class='ocrx_word' id='word_1_887' title='bbox 2404 1511 2463 1535; x_wconf 76' lang='lat' dir='ltr'>Par.</span> 
     </span>
     <span class='ocr_line' id='line_1_127' title="bbox 1323 1539 2541 1579; baseline 0.008 -10"><span class='ocrx_word' id='word_1_888' title='bbox 1323 1548 1438 1570; x_wconf 82' lang='lat' dir='ltr'>vitatem</span> <span class='ocrx_word' id='word_1_889' title='bbox 1459 1539 1591 1579; x_wconf 79' lang='lat' dir='ltr'>parisius,</span> <span class='ocrx_word' id='word_1_890' title='bbox 1609 1551 1679 1572; x_wconf 90' lang='lat' dir='ltr'>cum</span> <span class='ocrx_word' id='word_1_891' title='bbox 1703 1541 1870 1573; x_wconf 87' lang='lat' dir='ltr'>Duodecim</span> <span class='ocrx_word' id='word_1_892' title='bbox 1892 1541 2019 1574; x_wconf 89' lang='lat' dir='ltr'>Personis</span> <span class='ocrx_word' id='word_1_893' title='bbox 2054 1544 2178 1576; x_wconf 89' lang='lat' dir='ltr'>Armatis</span> <span class='ocrx_word' id='word_1_894' title='bbox 2191 1545 2237 1576; x_wconf 84' lang='lat' dir='ltr'>vel</span> <span class='ocrx_word' id='word_1_895' title='bbox 2258 1554 2318 1576; x_wconf 89' lang='lat' dir='ltr'>non</span> <span class='ocrx_word' id='word_1_896' title='bbox 2332 1546 2389 1576; x_wconf 86' lang='lat' dir='ltr'>Ar-</span> <span class='ocrx_word' id='word_1_897' title='bbox 2405 1549 2495 1573; x_wconf 68' lang='lat' dir='ltr'>Nom·</span> <span class='ocrx_word' id='word_1_898' title='bbox 2512 1553 2541 1579; x_wconf 89' lang='grc'>7·</span> 
     </span>
     <span class='ocr_line' id='line_1_128' title="bbox 1324 1566 2542 1624; baseline 0.007 -17"><span class='ocrx_word' id='word_1_899' title='bbox 1324 1579 1423 1622; x_wconf 72' lang='lat' dir='ltr'>matis,</span> <span class='ocrx_word' id='word_1_900' title='bbox 1447 1588 1481 1610; x_wconf 91' lang='lat' dir='ltr'>ac</span> <span class='ocrx_word' id='word_1_901' title='bbox 1505 1578 1669 1622; x_wconf 80' lang='lat' dir='ltr'>Duodecim</span> <span class='ocrx_word' id='word_1_902' title='bbox 1691 1580 1777 1624; x_wconf 86' lang='lat' dir='ltr'>Equis</span> <span class='ocrx_word' id='word_1_903' title='bbox 1797 1581 1826 1609; x_wconf 90' lang='lat' dir='ltr'>in</span> <span class='ocrx_word' id='word_1_904' title='bbox 1850 1579 1998 1613; x_wconf 85' lang='lat' dir='ltr'>Comitiva</span> <span class='ocrx_word' id='word_1_905' title='bbox 2018 1566 2080 1621; x_wconf 73' lang='lat' dir='ltr'>iiia,</span> <span class='ocrx_word' id='word_1_906' title='bbox 2107 1584 2162 1613; x_wconf 77' lang='lat' dir='ltr'>una</span> <span class='ocrx_word' id='word_1_907' title='bbox 2185 1593 2254 1615; x_wconf 90' lang='lat' dir='ltr'>cum</span> <span class='ocrx_word' id='word_1_908' title='bbox 2279 1583 2390 1623; x_wconf 85' lang='lat' dir='ltr'>Libris,</span> <span class='ocrx_word' id='word_1_909' title='bbox 2406 1588 2441 1611; x_wconf 85' lang='lat' dir='ltr'>H·</span> <span class='ocrx_word' id='word_1_910' title='bbox 2451 1589 2542 1620; x_wconf 75' lang='lat' dir='ltr'><em>5-P-1·</em></span> 
     </span>
     <span class='ocr_line' id='line_1_129' title="bbox 1324 1616 2514 1660; baseline 0.004 -15"><span class='ocrx_word' id='word_1_911' title='bbox 1324 1616 1424 1646; x_wconf 85' lang='lat' dir='ltr'>Literis</span> <span class='ocrx_word' id='word_1_912' title='bbox 1438 1639 1447 1654; x_wconf 88' lang='lat'><em>‚</em></span> <span class='ocrx_word' id='word_1_913' title='bbox 1475 1616 1610 1648; x_wconf 89' lang='lat' dir='ltr'>Manticis</span> <span class='ocrx_word' id='word_1_914' title='bbox 1625 1642 1635 1656; x_wconf 91' lang='lat'>,</span> <span class='ocrx_word' id='word_1_915' title='bbox 1661 1618 1763 1657; x_wconf 84' lang='lat' dir='ltr'>Bonis,</span> <span class='ocrx_word' id='word_1_916' title='bbox 1788 1618 1887 1650; x_wconf 90' lang='lat' dir='ltr'>Rebus</span> <span class='ocrx_word' id='word_1_917' title='bbox 1933 1622 1967 1652; x_wconf 74' lang='grc' dir='ltr'>δε</span> <span class='ocrx_word' id='word_1_918' title='bbox 1985 1619 2130 1651; x_wconf 85' lang='lat' dir='ltr'>Hernesiis</span> <span class='ocrx_word' id='word_1_919' title='bbox 2149 1622 2219 1660; x_wconf 86' lang='lat' dir='ltr'>suis,</span> <span class='ocrx_word' id='word_1_920' title='bbox 2246 1621 2389 1654; x_wconf 86' lang='lat' dir='ltr'>transeun-</span> <span class='ocrx_word' id='word_1_921' title='bbox 2406 1631 2445 1650; x_wconf 85' lang='lat' dir='ltr'>m.</span> <span class='ocrx_word' id='word_1_922' title='bbox 2468 1631 2514 1656; x_wconf 86' lang='lat'>¹4·</span> 
     </span>
     <span class='ocr_line' id='line_1_130' title="bbox 1324 1643 2389 1723; baseline 0.006 -38"><span class='ocrx_word' id='word_1_923' title='bbox 1324 1654 1382 1723; x_wconf 58' lang='lat' dir='ltr'>go,</span> <span class='ocrx_word' id='word_1_924' title='bbox 1400 1655 1433 1686; x_wconf 71' lang='grc' dir='ltr'>ὅ(</span> <span class='ocrx_word' id='word_1_925' title='bbox 1460 1655 1562 1686; x_wconf 86' lang='lat' dir='ltr'>exinde</span> <span class='ocrx_word' id='word_1_926' title='bbox 1585 1656 1672 1695; x_wconf 88' lang='lat' dir='ltr'>usque</span> <span class='ocrx_word' id='word_1_927' title='bbox 1692 1657 1872 1688; x_wconf 85' lang='lat' dir='ltr'>Praesentiam</span> <span class='ocrx_word' id='word_1_928' title='bbox 1895 1643 1983 1698; x_wconf 53' lang='lat' dir='ltr'>Regis</span> <span class='ocrx_word' id='word_1_929' title='bbox 2003 1659 2080 1691; x_wconf 79' lang='lat' dir='ltr'>salvo</span> <span class='ocrx_word' id='word_1_930' title='bbox 2100 1661 2133 1692; x_wconf 90' lang='lat'>&amp;</span> <span class='ocrx_word' id='word_1_931' title='bbox 2146 1661 2243 1691; x_wconf 82' lang='lat' dir='ltr'>secure</span> <span class='ocrx_word' id='word_1_932' title='bbox 2270 1660 2389 1693; x_wconf 89' lang='lat' dir='ltr'>redeun-</span> 
     </span>
    </p>

    <p class='ocr_par' dir='ltr' id='par_1_44' title="bbox 1345 1703 1380 1723">
     <span class='ocr_line' id='line_1_131' title="bbox 1345 1703 1380 1723; baseline -0.029 0"><span class='ocrx_word' id='word_1_933' title='bbox 1345 1703 1380 1723; x_wconf 90' lang='lat' dir='ltr'>o:</span> 
     </span>
    </p>

    <p class='ocr_par' dir='ltr' id='par_1_45' title="bbox 1323 1731 2503 1809">
     <span class='ocr_line' id='line_1_132' title="bbox 1360 1731 2503 1776; baseline 0.008 -16"><span class='ocrx_word' id='word_1_934' title='bbox 1360 1732 1378 1750; x_wconf 67' lang='lat'>²*</span> <span class='ocrx_word' id='word_1_935' title='bbox 1400 1731 1523 1762; x_wconf 89' lang='lat' dir='ltr'>Proviso</span> <span class='ocrx_word' id='word_1_936' title='bbox 1538 1731 1645 1771; x_wconf 85' lang='lat' dir='ltr'>semper</span> <span class='ocrx_word' id='word_1_937' title='bbox 1661 1732 1739 1772; x_wconf 90' lang='lat' dir='ltr'>quod</span> <span class='ocrx_word' id='word_1_938' title='bbox 1760 1733 1812 1771; x_wconf 88' lang='lat' dir='ltr'>ipsi</span> <span class='ocrx_word' id='word_1_939' title='bbox 1836 1735 2008 1774; x_wconf 81' lang='lat' dir='ltr'>quicquam,</span> <span class='ocrx_word' id='word_1_940' title='bbox 2026 1736 2089 1767; x_wconf 85' lang='lat' dir='ltr'>&amp;c.</span> <span class='ocrx_word' id='word_1_941' title='bbox 2108 1735 2241 1776; x_wconf 88' lang='lat' dir='ltr'>quodque</span> <span class='ocrx_word' id='word_1_942' title='bbox 2261 1737 2311 1775; x_wconf 81' lang='lat' dir='ltr'>ipsi</span> <span class='ocrx_word' id='word_1_943' title='bbox 2329 1738 2393 1769; x_wconf 91' lang='lat' dir='ltr'>nul·</span> <span class='ocrx_word' id='word_1_944' title='bbox 2407 1733 2427 1753; x_wconf 63' lang='lat'>²*</span> <span class='ocrx_word' id='word_1_945' title='bbox 2447 1734 2503 1761; x_wconf 68' lang='lat' dir='ltr'>IX·</span> 
     </span>
     <span class='ocr_line' id='line_1_133' title="bbox 1323 1769 2473 1809; baseline 0.004 -8"><span class='ocrx_word' id='word_1_946' title='bbox 1323 1770 1382 1801; x_wconf 91' lang='lat' dir='ltr'>lum</span> <span class='ocrx_word' id='word_1_947' title='bbox 1398 1769 1587 1809; x_wconf 87' lang='lat' dir='ltr'>Castrorum,</span> <span class='ocrx_word' id='word_1_948' title='bbox 1603 1772 1662 1802; x_wconf 89' lang='lat' dir='ltr'>&amp;c.</span> <span class='ocrx_word' id='word_1_949' title='bbox 2408 1772 2464 1799; x_wconf 84' lang='lat'>80⁶</span> <span class='ocrx_word' id='word_1_950' title='bbox 2470 1797 2473 1799; x_wconf 89' lang='lat'>-</span> 
     </span>
    </p>

    <p class='ocr_par' dir='ltr' id='par_1_46' title="bbox 1359 1808 1581 1847">
     <span class='ocr_line' id='line_1_134' title="bbox 1359 1808 1581 1847; baseline -0.005 -9"><span class='ocrx_word' id='word_1_951' title='bbox 1359 1808 1394 1838; x_wconf 93' lang='lat' dir='ltr'>In</span> <span class='ocrx_word' id='word_1_952' title='bbox 1409 1810 1504 1847; x_wconf 84' lang='lat' dir='ltr'>cujus,</span> <span class='ocrx_word' id='word_1_953' title='bbox 1520 1809 1581 1840; x_wconf 89' lang='lat' dir='ltr'>&amp;c.</span> 
     </span>
    </p>

    <p class='ocr_par' dir='ltr' id='par_1_47' title="bbox 1360 1846 2306 1888">
     <span class='ocr_line' id='line_1_135' title="bbox 1360 1846 2306 1888; baseline 0.003 -10"><span class='ocrx_word' id='word_1_954' title='bbox 1360 1846 1450 1878; x_wconf 89' lang='lat' dir='ltr'>Teste</span> <span class='ocrx_word' id='word_1_955' title='bbox 1462 1847 1545 1888; x_wconf 80' lang='lat' dir='ltr'>Rege</span> <span class='ocrx_word' id='word_1_956' title='bbox 1559 1848 1633 1887; x_wconf 85' lang='lat' dir='ltr'>apud</span> <span class='ocrx_word' id='word_1_957' title='bbox 1647 1848 1753 1879; x_wconf 81' lang='lat' dir='ltr'>Villam</span> <span class='ocrx_word' id='word_1_958' title='bbox 1764 1847 1846 1888; x_wconf 78' lang='lat' dir='ltr'>fimm</span> <span class='ocrx_word' id='word_1_959' title='bbox 1861 1850 1893 1879; x_wconf 85' lang='lat' dir='ltr'>de</span> <span class='ocrx_word' id='word_1_960' title='bbox 1910 1852 2010 1880; x_wconf 84' lang='lat' dir='ltr'>Mante</span> <span class='ocrx_word' id='word_1_961' title='bbox 2026 1851 2082 1882; x_wconf 80' lang='lat' dir='ltr'>xiv.</span> <span class='ocrx_word' id='word_1_962' title='bbox 2098 1850 2144 1881; x_wconf 88' lang='lat' dir='ltr'>die</span> <span class='ocrx_word' id='word_1_963' title='bbox 2158 1849 2306 1883; x_wconf 56' lang='lat' dir='ltr'>Oikobris.</span> 
     </span>
    </p>
   </div>
   <div class='ocr_carea' id='block_1_20' title="bbox 1988 1927 2260 1967">
    <p class='ocr_par' dir='ltr' id='par_1_48' title="bbox 1988 1927 2260 1967">
     <span class='ocr_line' id='line_1_136' title="bbox 1988 1927 2260 1967; baseline 0.004 -11"><span class='ocrx_word' id='word_1_964' title='bbox 1988 1929 2043 1957; x_wconf 85' lang='lat' dir='ltr'>Per</span> <span class='ocrx_word' id='word_1_965' title='bbox 2059 1927 2142 1967; x_wconf 73' lang='lat' dir='ltr'>ipfiaem</span> <span class='ocrx_word' id='word_1_966' title='bbox 2156 1931 2260 1965; x_wconf 76' lang='lat' dir='ltr'>Regem.</span> 
     </span>
    </p>
   </div>
   <div class='ocr_carea' id='block_1_21' title="bbox 1335 2013 2126 2017">
    <p class='ocr_par' dir='ltr' id='par_1_49' title="bbox 1335 2013 2126 2017">
     <span class='ocr_line' id='line_1_137' title="bbox 1335 2013 2126 2017; baseline 0 0"><span class='ocrx_word' id='word_1_967' title='bbox 1335 2013 2126 2017; x_wconf 95' lang='lat' dir='ltr'> </span> 
     </span>
    </p>
   </div>
   <div class='ocr_carea' id='block_1_22' title="bbox 1400 2067 2309 2116">
    <p class='ocr_par' dir='ltr' id='par_1_50' title="bbox 1400 2067 2309 2116">
     <span class='ocr_line' id='line_1_138' title="bbox 1400 2067 2309 2116; baseline 0.001 -14"><span class='ocrx_word' id='word_1_968' title='bbox 1400 2072 1459 2103; x_wconf 88' lang='lat' dir='ltr'>Pro</span> <span class='ocrx_word' id='word_1_969' title='bbox 1477 2072 1564 2103; x_wconf 83' lang='lat' dir='ltr'>certis</span> <span class='ocrx_word' id='word_1_970' title='bbox 1583 2069 1715 2115; x_wconf 71' lang='lat' dir='ltr'>PerfimIs</span> <span class='ocrx_word' id='word_1_971' title='bbox 1731 2068 1776 2102; x_wconf 81' lang='lat' dir='ltr'>ad</span> <span class='ocrx_word' id='word_1_972' title='bbox 1792 2071 1910 2103; x_wconf 82' lang='lat' dir='ltr'>Ducem</span> <span class='ocrx_word' id='word_1_973' title='bbox 1934 2067 2111 2116; x_wconf 82' lang='lat' dir='ltr'>Burgundiae</span> <span class='ocrx_word' id='word_1_974' title='bbox 2129 2069 2309 2112; x_wconf 74' lang='lat' dir='ltr'>trarfituris.</span> 
     </span>
    </p>
   </div>
   <div class='ocr_carea' id='block_1_23' title="bbox 1318 2157 2534 2816">
    <p class='ocr_par' dir='ltr' id='par_1_51' title="bbox 1326 2157 2534 2248">
     <span class='ocr_line' id='line_1_139' title="bbox 1326 2157 2534 2214; baseline 0 -24"><span class='ocrx_word' id='word_1_975' title='bbox 1326 2157 1461 2214; x_wconf 80' lang='lat' dir='ltr'>REX,</span> <span class='ocrx_word' id='word_1_976' title='bbox 1480 2168 1529 2196; x_wconf 89' lang='lat' dir='ltr'>per</span> <span class='ocrx_word' id='word_1_977' title='bbox 1548 2159 1655 2189; x_wconf 88' lang='lat' dir='ltr'>Literas</span> <span class='ocrx_word' id='word_1_978' title='bbox 1673 2158 1730 2189; x_wconf 80' lang='lat' dir='ltr'>suas</span> <span class='ocrx_word' id='word_1_979' title='bbox 1749 2157 1895 2196; x_wconf 79' lang='lat' dir='ltr'>Patentes,</span> <span class='ocrx_word' id='word_1_980' title='bbox 1916 2158 2001 2198; x_wconf 90' lang='lat' dir='ltr'>usque</span> <span class='ocrx_word' id='word_1_981' title='bbox 2019 2158 2137 2190; x_wconf 85' lang='lat' dir='ltr'>Sextum</span> <span class='ocrx_word' id='word_1_982' title='bbox 2156 2158 2233 2190; x_wconf 89' lang='lat' dir='ltr'>diem</span> <span class='ocrx_word' id='word_1_983' title='bbox 2248 2158 2390 2190; x_wconf 90' lang='lat' dir='ltr'>Novem·</span> <span class='ocrx_word' id='word_1_984' title='bbox 2402 2169 2478 2201; x_wconf 52' lang='lat' dir='ltr'>Arm„</span> <span class='ocrx_word' id='word_1_985' title='bbox 2492 2168 2534 2200; x_wconf 61' lang='lat' dir='ltr'>D,</span> 
     </span>
     <span class='ocr_line' id='line_1_140' title="bbox 1403 2197 2513 2248; baseline 0.002 -21"><span class='ocrx_word' id='word_1_986' title='bbox 1403 2198 1459 2228; x_wconf 89' lang='lat' dir='ltr'>bris</span> <span class='ocrx_word' id='word_1_987' title='bbox 1475 2198 1610 2235; x_wconf 81' lang='lat' dir='ltr'>proximo</span> <span class='ocrx_word' id='word_1_988' title='bbox 1626 2198 1752 2228; x_wconf 83' lang='lat' dir='ltr'>futurum</span> <span class='ocrx_word' id='word_1_989' title='bbox 1769 2198 1905 2228; x_wconf 81' lang='lat' dir='ltr'>inclusive</span> <span class='ocrx_word' id='word_1_990' title='bbox 1917 2197 2073 2236; x_wconf 87' lang='lat' dir='ltr'>duraturas,</span> <span class='ocrx_word' id='word_1_991' title='bbox 2092 2198 2208 2236; x_wconf 88' lang='lat' dir='ltr'>suscepit</span> <span class='ocrx_word' id='word_1_992' title='bbox 2227 2199 2255 2228; x_wconf 92' lang='lat' dir='ltr'>in</span> <span class='ocrx_word' id='word_1_993' title='bbox 2274 2198 2389 2236; x_wconf 77' lang='lat' dir='ltr'>salvum,</span> <span class='ocrx_word' id='word_1_994' title='bbox 2428 2216 2513 2248; x_wconf 65' lang='lat'>1419,</span> 
     </span>
    </p>

    <p class='ocr_par' dir='ltr' id='par_1_52' title="bbox 1318 2234 2515 2658">
     <span class='ocr_line' id='line_1_141' title="bbox 1321 2234 2498 2283; baseline 0.002 -18"><span class='ocrx_word' id='word_1_995' title='bbox 1321 2234 1382 2265; x_wconf 71' lang='grc' dir='ltr'>ὅτε.</span> <span class='ocrx_word' id='word_1_996' title='bbox 1401 2235 1566 2267; x_wconf 89' lang='lat' dir='ltr'>Dominum</span> <span class='ocrx_word' id='word_1_997' title='bbox 1585 2235 1746 2274; x_wconf 84' lang='lat' dir='ltr'>Johannem</span> <span class='ocrx_word' id='word_1_998' title='bbox 1766 2236 1798 2266; x_wconf 86' lang='lat' dir='ltr'>de</span> <span class='ocrx_word' id='word_1_999' title='bbox 1817 2235 1906 2266; x_wconf 84' lang='lat' dir='ltr'>Saulx</span> <span class='ocrx_word' id='word_1_1000' title='bbox 1924 2235 2071 2274; x_wconf 81' lang='lat' dir='ltr'>Militem,</span> <span class='ocrx_word' id='word_1_1001' title='bbox 2090 2240 2238 2266; x_wconf 84' lang='lat' dir='ltr'>Dominum</span> <span class='ocrx_word' id='word_1_1002' title='bbox 2257 2237 2290 2266; x_wconf 86' lang='lat' dir='ltr'>de</span> <span class='ocrx_word' id='word_1_1003' title='bbox 2304 2241 2388 2267; x_wconf 82' lang='lat' dir='ltr'>cour-</span> <span class='ocrx_word' id='word_1_1004' title='bbox 2402 2252 2452 2275; x_wconf 51' lang='lat' dir='ltr'>An,</span> <span class='ocrx_word' id='word_1_1005' title='bbox 2469 2257 2498 2283; x_wconf 72' lang='lat'>7,</span> 
     </span>
     <span class='ocr_line' id='line_1_142' title="bbox 1321 2273 2482 2320; baseline 0.003 -19"><span class='ocrx_word' id='word_1_1006' title='bbox 1321 2276 1411 2313; x_wconf 79' lang='lat' dir='ltr'>tiron,</span> <span class='ocrx_word' id='word_1_1007' title='bbox 1429 2275 1575 2305; x_wconf 81' lang='lat' dir='ltr'>Andream</span> <span class='ocrx_word' id='word_1_1008' title='bbox 1594 2276 1627 2304; x_wconf 83' lang='lat' dir='ltr'>de</span> <span class='ocrx_word' id='word_1_1009' title='bbox 1646 2274 1752 2305; x_wconf 83' lang='lat' dir='ltr'>Vallins</span> <span class='ocrx_word' id='word_1_1010' title='bbox 1772 2273 1899 2305; x_wconf 83' lang='lat' dir='ltr'>Militem</span> <span class='ocrx_word' id='word_1_1011' title='bbox 1911 2299 1919 2311; x_wconf 92' lang='lat'>,</span> <span class='ocrx_word' id='word_1_1012' title='bbox 1951 2274 2125 2315; x_wconf 85' lang='lat' dir='ltr'>Magistrum</span> <span class='ocrx_word' id='word_1_1013' title='bbox 2142 2275 2304 2314; x_wconf 81' lang='lat' dir='ltr'>Johannem</span> <span class='ocrx_word' id='word_1_1014' title='bbox 2328 2278 2387 2305; x_wconf 74' lang='lat' dir='ltr'>Mi-</span> <span class='ocrx_word' id='word_1_1015' title='bbox 2397 2290 2433 2315; x_wconf 50' lang='lat' dir='ltr'>H·</span> <span class='ocrx_word' id='word_1_1016' title='bbox 2455 2295 2482 2320; x_wconf 57' lang='lat'>5,</span> 
     </span>
     <span class='ocr_line' id='line_1_143' title="bbox 1321 2310 2515 2353; baseline 0.001 -10"><span class='ocrx_word' id='word_1_1017' title='bbox 1321 2310 1360 2341; x_wconf 67' lang='grc' dir='ltr'>[εἰ</span> <span class='ocrx_word' id='word_1_1018' title='bbox 1370 2336 1379 2351; x_wconf 82' lang='grc'>,</span> <span class='ocrx_word' id='word_1_1019' title='bbox 1410 2312 1583 2353; x_wconf 88' lang='lat' dir='ltr'>Magistrum</span> <span class='ocrx_word' id='word_1_1020' title='bbox 1600 2312 1761 2352; x_wconf 78' lang='lat' dir='ltr'>Johannem</span> <span class='ocrx_word' id='word_1_1021' title='bbox 1781 2312 1869 2342; x_wconf 77' lang='lat' dir='ltr'>Doule</span> <span class='ocrx_word' id='word_1_1022' title='bbox 1879 2336 1889 2351; x_wconf 91' lang='lat'>,</span> <span class='ocrx_word' id='word_1_1023' title='bbox 1912 2316 2051 2352; x_wconf 82' lang='lat' dir='ltr'>Hugonem</span> <span class='ocrx_word' id='word_1_1024' title='bbox 2068 2316 2184 2353; x_wconf 82' lang='lat' dir='ltr'>Rapiont</span> <span class='ocrx_word' id='word_1_1025' title='bbox 2198 2337 2208 2353; x_wconf 98' lang='lat'>,</span> <span class='ocrx_word' id='word_1_1026' title='bbox 2238 2314 2386 2344; x_wconf 79' lang='lat' dir='ltr'>Ymbertum</span> <span class='ocrx_word' id='word_1_1027' title='bbox 2400 2324 2464 2352; x_wconf 83' lang='lat' dir='ltr'>lbid.</span> <span class='ocrx_word' id='word_1_1028' title='bbox 2479 2333 2515 2353; x_wconf 57' lang='lat' dir='ltr'>m,</span> 
     </span>
     <span class='ocr_line' id='line_1_144' title="bbox 1319 2350 2449 2397; baseline 0.001 -17"><span class='ocrx_word' id='word_1_1029' title='bbox 1319 2350 1351 2380; x_wconf 89' lang='lat' dir='ltr'>de</span> <span class='ocrx_word' id='word_1_1030' title='bbox 1369 2355 1494 2391; x_wconf 78' lang='lat' dir='ltr'>Campis,</span> <span class='ocrx_word' id='word_1_1031' title='bbox 1512 2354 1624 2382; x_wconf 83' lang='lat' dir='ltr'>Petrum</span> <span class='ocrx_word' id='word_1_1032' title='bbox 1644 2351 1780 2389; x_wconf 82' lang='lat' dir='ltr'>Corderii,</span> <span class='ocrx_word' id='word_1_1033' title='bbox 1798 2351 1960 2382; x_wconf 79' lang='lat' dir='ltr'>Nicholaum</span> <span class='ocrx_word' id='word_1_1034' title='bbox 1977 2352 2009 2382; x_wconf 82' lang='lat' dir='ltr'>de</span> <span class='ocrx_word' id='word_1_1035' title='bbox 2022 2351 2182 2392; x_wconf 73' lang='lat' dir='ltr'>Vanbuffi’t,</span> <span class='ocrx_word' id='word_1_1036' title='bbox 2201 2353 2234 2383; x_wconf 89' lang='lat'>&amp;</span> <span class='ocrx_word' id='word_1_1037' title='bbox 2253 2356 2386 2397; x_wconf 53' lang='lat' dir='ltr'>Reyinuqz-</span> <span class='ocrx_word' id='word_1_1038' title='bbox 2405 2372 2449 2391; x_wconf 40' lang='lat'>,2-</span> 
     </span>
     <span class='ocr_line' id='line_1_145' title="bbox 1321 2389 2383 2431; baseline 0 -12"><span class='ocrx_word' id='word_1_1039' title='bbox 1321 2389 1384 2420; x_wconf 86' lang='lat' dir='ltr'>dum</span> <span class='ocrx_word' id='word_1_1040' title='bbox 1403 2394 1503 2428; x_wconf 89' lang='lat' dir='ltr'>Marc,</span> <span class='ocrx_word' id='word_1_1041' title='bbox 1531 2391 1615 2431; x_wconf 88' lang='lat' dir='ltr'>usque</span> <span class='ocrx_word' id='word_1_1042' title='bbox 1635 2389 1815 2421; x_wconf 77' lang='lat' dir='ltr'>Praesentiam</span> <span class='ocrx_word' id='word_1_1043' title='bbox 1835 2389 1941 2429; x_wconf 82' lang='lat' dir='ltr'>Regis,</span> <span class='ocrx_word' id='word_1_1044' title='bbox 1967 2401 2035 2422; x_wconf 91' lang='lat' dir='ltr'>cum</span> <span class='ocrx_word' id='word_1_1045' title='bbox 2056 2390 2184 2422; x_wconf 89' lang='lat' dir='ltr'>Centum</span> <span class='ocrx_word' id='word_1_1046' title='bbox 2203 2391 2333 2422; x_wconf 76' lang='lat' dir='ltr'>Personis</span> <span class='ocrx_word' id='word_1_1047' title='bbox 2353 2400 2383 2420; x_wconf 89' lang='lat' dir='ltr'>in</span> 
     </span>
     <span class='ocr_line' id='line_1_146' title="bbox 1320 2427 2385 2467; baseline -0.001 -7"><span class='ocrx_word' id='word_1_1048' title='bbox 1320 2427 1470 2460; x_wconf 84' lang='lat' dir='ltr'>Comitiva</span> <span class='ocrx_word' id='word_1_1049' title='bbox 1488 2429 1532 2460; x_wconf 86' lang='lat' dir='ltr'>sua</span> <span class='ocrx_word' id='word_1_1050' title='bbox 1567 2430 1612 2460; x_wconf 89' lang='lat' dir='ltr'>vel</span> <span class='ocrx_word' id='word_1_1051' title='bbox 1631 2429 1702 2460; x_wconf 82' lang='lat' dir='ltr'>infra</span> <span class='ocrx_word' id='word_1_1052' title='bbox 1740 2429 1877 2467; x_wconf 72' lang='lat' dir='ltr'>Atinatis,</span> <span class='ocrx_word' id='word_1_1053' title='bbox 1895 2430 1941 2460; x_wconf 85' lang='lat' dir='ltr'>vel</span> <span class='ocrx_word' id='word_1_1054' title='bbox 1960 2440 2019 2460; x_wconf 90' lang='lat' dir='ltr'>non</span> <span class='ocrx_word' id='word_1_1055' title='bbox 2039 2429 2178 2467; x_wconf 71' lang='lat' dir='ltr'>Atinatis,</span> <span class='ocrx_word' id='word_1_1056' title='bbox 2205 2439 2238 2460; x_wconf 85' lang='lat' dir='ltr'>ac</span> <span class='ocrx_word' id='word_1_1057' title='bbox 2257 2438 2326 2460; x_wconf 91' lang='lat' dir='ltr'>cum</span> <span class='ocrx_word' id='word_1_1058' title='bbox 2343 2427 2385 2458; x_wconf 93' lang='lat' dir='ltr'>E—</span> 
     </span>
     <span class='ocr_line' id='line_1_147' title="bbox 1319 2452 2384 2512; baseline 0 -15"><span class='ocrx_word' id='word_1_1059' title='bbox 1319 2469 1394 2506; x_wconf 82' lang='lat' dir='ltr'>quis,</span> <span class='ocrx_word' id='word_1_1060' title='bbox 1414 2467 1517 2507; x_wconf 86' lang='lat' dir='ltr'>Bonis,</span> <span class='ocrx_word' id='word_1_1061' title='bbox 1537 2453 1655 2506; x_wconf 64' lang='lat' dir='ltr'>Rebus,</span> <span class='ocrx_word' id='word_1_1062' title='bbox 1674 2452 1783 2505; x_wconf 71' lang='lat' dir='ltr'>Libris,</span> <span class='ocrx_word' id='word_1_1063' title='bbox 1802 2467 1922 2506; x_wconf 80' lang='lat' dir='ltr'>LiteriS,</span> <span class='ocrx_word' id='word_1_1064' title='bbox 1941 2467 2094 2512; x_wconf 75' lang='lat' dir='ltr'>Manticis,</span> <span class='ocrx_word' id='word_1_1065' title='bbox 2118 2467 2310 2506; x_wconf 78' lang='lat' dir='ltr'>&amp;jocalibus</span> <span class='ocrx_word' id='word_1_1066' title='bbox 2328 2465 2384 2498; x_wconf 79' lang='lat' dir='ltr'>suis</span> 
     </span>
     <span class='ocr_line' id='line_1_148' title="bbox 1318 2505 2387 2549; baseline -0.001 -13"><span class='ocrx_word' id='word_1_1067' title='bbox 1318 2507 1461 2538; x_wconf 88' lang='lat' dir='ltr'>veniendo</span> <span class='ocrx_word' id='word_1_1068' title='bbox 1477 2530 1486 2545; x_wconf 91' lang='lat'>,</span> <span class='ocrx_word' id='word_1_1069' title='bbox 1514 2507 1548 2537; x_wconf 90' lang='lat'>&amp;</span> <span class='ocrx_word' id='word_1_1070' title='bbox 1574 2507 1676 2537; x_wconf 89' lang='lat' dir='ltr'>abinde</span> <span class='ocrx_word' id='word_1_1071' title='bbox 1692 2507 1726 2537; x_wconf 88' lang='lat' dir='ltr'>ad</span> <span class='ocrx_word' id='word_1_1072' title='bbox 1745 2506 1997 2545; x_wconf 79' lang='lat' dir='ltr'>Gonsanguineum</span> <span class='ocrx_word' id='word_1_1073' title='bbox 2016 2505 2104 2545; x_wconf 85' lang='lat' dir='ltr'>Regis</span> <span class='ocrx_word' id='word_1_1074' title='bbox 2119 2505 2238 2549; x_wconf 79' lang='lat' dir='ltr'>Ducem</span> <span class='ocrx_word' id='word_1_1075' title='bbox 2259 2508 2387 2544; x_wconf 81' lang='lat' dir='ltr'>Burgun-</span> 
     </span>
     <span class='ocr_line' id='line_1_149' title="bbox 1319 2543 2385 2583; baseline -0.001 -9"><span class='ocrx_word' id='word_1_1076' title='bbox 1319 2545 1371 2574; x_wconf 82' lang='lat' dir='ltr'>diae</span> <span class='ocrx_word' id='word_1_1077' title='bbox 1389 2545 1572 2583; x_wconf 88' lang='lat' dir='ltr'>transeundo,</span> <span class='ocrx_word' id='word_1_1078' title='bbox 1591 2546 1625 2576; x_wconf 85' lang='lat'>&amp;</span> <span class='ocrx_word' id='word_1_1079' title='bbox 1644 2545 1746 2576; x_wconf 90' lang='lat' dir='ltr'>deinde</span> <span class='ocrx_word' id='word_1_1080' title='bbox 1763 2544 1797 2574; x_wconf 90' lang='lat' dir='ltr'>ad</span> <span class='ocrx_word' id='word_1_1081' title='bbox 1815 2544 1996 2574; x_wconf 89' lang='lat' dir='ltr'>Praesentiam</span> <span class='ocrx_word' id='word_1_1082' title='bbox 2016 2543 2106 2582; x_wconf 88' lang='lat' dir='ltr'>Regis</span> <span class='ocrx_word' id='word_1_1083' title='bbox 2124 2543 2289 2581; x_wconf 72' lang='lat' dir='ltr'>praediistam</span> <span class='ocrx_word' id='word_1_1084' title='bbox 2305 2553 2385 2574; x_wconf 82' lang='lat' dir='ltr'>reve-</span> 
     </span>
     <span class='ocr_line' id='line_1_150' title="bbox 1320 2582 2386 2651; baseline 0 -39"><span class='ocrx_word' id='word_1_1085' title='bbox 1320 2583 1425 2651; x_wconf 47' lang='lat' dir='ltr'>niendio</span> <span class='ocrx_word' id='word_1_1086' title='bbox 1442 2606 1452 2621; x_wconf 87' lang='lat'><strong>‚</strong></span> <span class='ocrx_word' id='word_1_1087' title='bbox 1475 2594 1509 2615; x_wconf 90' lang='lat' dir='ltr'>ac</span> <span class='ocrx_word' id='word_1_1088' title='bbox 1528 2583 1647 2614; x_wconf 90' lang='lat' dir='ltr'>demum</span> <span class='ocrx_word' id='word_1_1089' title='bbox 1667 2583 1752 2621; x_wconf 90' lang='lat' dir='ltr'>usque</span> <span class='ocrx_word' id='word_1_1090' title='bbox 1769 2582 1924 2614; x_wconf 87' lang='lat' dir='ltr'>Civitatem</span> <span class='ocrx_word' id='word_1_1091' title='bbox 1941 2582 2058 2613; x_wconf 87' lang='lat' dir='ltr'>Parisius</span> <span class='ocrx_word' id='word_1_1092' title='bbox 2075 2582 2152 2615; x_wconf 77' lang='lat' dir='ltr'>salvo</span> <span class='ocrx_word' id='word_1_1093' title='bbox 2172 2582 2205 2614; x_wconf 89' lang='lat'>&amp;</span> <span class='ocrx_word' id='word_1_1094' title='bbox 2223 2582 2319 2614; x_wconf 80' lang='lat' dir='ltr'>secure</span> <span class='ocrx_word' id='word_1_1095' title='bbox 2338 2591 2386 2613; x_wconf 89' lang='lat' dir='ltr'>re-</span> 
     </span>
     <span class='ocr_line' id='line_1_151' title="bbox 1318 2621 1452 2658; baseline 0.007 -7"><span class='ocrx_word' id='word_1_1096' title='bbox 1318 2621 1393 2651; x_wconf 88' lang='lat' dir='ltr'>deun</span> <span class='ocrx_word' id='word_1_1097' title='bbox 1414 2632 1452 2658; x_wconf 63' lang='grc' dir='ltr'>ος</span> 
     </span>
    </p>

    <p class='ocr_par' dir='ltr' id='par_1_53' title="bbox 1319 2657 2383 2736">
     <span class='ocr_line' id='line_1_152' title="bbox 1356 2657 2383 2698; baseline 0.002 -10"><span class='ocrx_word' id='word_1_1098' title='bbox 1356 2659 1475 2690; x_wconf 89' lang='lat' dir='ltr'>Proviso</span> <span class='ocrx_word' id='word_1_1099' title='bbox 1491 2660 1599 2697; x_wconf 86' lang='lat' dir='ltr'>semper</span> <span class='ocrx_word' id='word_1_1100' title='bbox 1613 2658 1691 2698; x_wconf 89' lang='lat' dir='ltr'>quod</span> <span class='ocrx_word' id='word_1_1101' title='bbox 1708 2657 1758 2696; x_wconf 86' lang='lat' dir='ltr'>ipfi</span> <span class='ocrx_word' id='word_1_1102' title='bbox 1779 2659 1951 2697; x_wconf 88' lang='lat' dir='ltr'>quicquam,</span> <span class='ocrx_word' id='word_1_1103' title='bbox 1967 2659 2028 2691; x_wconf 86' lang='lat' dir='ltr'>&amp;c.</span> <span class='ocrx_word' id='word_1_1104' title='bbox 2045 2659 2079 2691; x_wconf 74' lang='grc' dir='ltr'>δε</span> <span class='ocrx_word' id='word_1_1105' title='bbox 2098 2659 2177 2698; x_wconf 90' lang='lat' dir='ltr'>quod</span> <span class='ocrx_word' id='word_1_1106' title='bbox 2200 2658 2250 2698; x_wconf 82' lang='lat' dir='ltr'>ipsi</span> <span class='ocrx_word' id='word_1_1107' title='bbox 2273 2658 2383 2690; x_wconf 89' lang='lat' dir='ltr'>nullum</span> 
     </span>
     <span class='ocr_line' id='line_1_153' title="bbox 1319 2697 1583 2736; baseline 0.004 -8"><span class='ocrx_word' id='word_1_1108' title='bbox 1319 2697 1505 2736; x_wconf 77' lang='lat' dir='ltr'>Castrorum,</span> <span class='ocrx_word' id='word_1_1109' title='bbox 1523 2699 1583 2729; x_wconf 88' lang='lat' dir='ltr'>&amp;c.</span> 
     </span>
    </p>

    <p class='ocr_par' dir='ltr' id='par_1_54' title="bbox 1357 2735 1579 2774">
     <span class='ocr_line' id='line_1_154' title="bbox 1357 2735 1579 2774; baseline 0 -8"><span class='ocrx_word' id='word_1_1110' title='bbox 1357 2735 1388 2766; x_wconf 90' lang='lat' dir='ltr'>In</span> <span class='ocrx_word' id='word_1_1111' title='bbox 1404 2737 1500 2774; x_wconf 84' lang='lat' dir='ltr'>cujus,</span> <span class='ocrx_word' id='word_1_1112' title='bbox 1518 2737 1579 2768; x_wconf 93' lang='lat' dir='ltr'>&amp;c.</span> 
     </span>
    </p>

    <p class='ocr_par' dir='ltr' id='par_1_55' title="bbox 1357 2772 2308 2816">
     <span class='ocr_line' id='line_1_155' title="bbox 1357 2772 2308 2816; baseline 0.001 -11"><span class='ocrx_word' id='word_1_1113' title='bbox 1357 2774 1447 2806; x_wconf 88' lang='lat' dir='ltr'>Teste</span> <span class='ocrx_word' id='word_1_1114' title='bbox 1465 2774 1549 2816; x_wconf 87' lang='lat' dir='ltr'>Rege</span> <span class='ocrx_word' id='word_1_1115' title='bbox 1563 2773 1636 2814; x_wconf 86' lang='lat' dir='ltr'>apud</span> <span class='ocrx_word' id='word_1_1116' title='bbox 1649 2772 1756 2804; x_wconf 83' lang='lat' dir='ltr'>Villam</span> <span class='ocrx_word' id='word_1_1117' title='bbox 1765 2773 1847 2813; x_wconf 70' lang='lat' dir='ltr'>fitam</span> <span class='ocrx_word' id='word_1_1118' title='bbox 1863 2774 1896 2805; x_wconf 81' lang='lat' dir='ltr'>de</span> <span class='ocrx_word' id='word_1_1119' title='bbox 1913 2778 2015 2806; x_wconf 84' lang='lat' dir='ltr'>Mante</span> <span class='ocrx_word' id='word_1_1120' title='bbox 2028 2776 2085 2807; x_wconf 83' lang='lat' dir='ltr'>xvii</span> <span class='ocrx_word' id='word_1_1121' title='bbox 2101 2774 2147 2806; x_wconf 90' lang='lat' dir='ltr'>die</span> <span class='ocrx_word' id='word_1_1122' title='bbox 2160 2774 2308 2806; x_wconf 59' lang='lat' dir='ltr'>Odiobris.</span> 
     </span>
    </p>
   </div>
   <div class='ocr_carea' id='block_1_24' title="bbox 1979 2851 2249 2891">
    <p class='ocr_par' dir='ltr' id='par_1_56' title="bbox 1979 2851 2249 2891">
     <span class='ocr_line' id='line_1_156' title="bbox 1979 2851 2249 2891; baseline -0.011 -8"><span class='ocrx_word' id='word_1_1123' title='bbox 1979 2855 2035 2883; x_wconf 88' lang='lat' dir='ltr'>Per</span> <span class='ocrx_word' id='word_1_1124' title='bbox 2048 2851 2131 2891; x_wconf 78' lang='lat' dir='ltr'>ipsum</span> <span class='ocrx_word' id='word_1_1125' title='bbox 2145 2853 2249 2889; x_wconf 83' lang='lat' dir='ltr'>Regem.</span> 
     </span>
    </p>
   </div>
   <div class='ocr_carea' id='block_1_25' title="bbox 1324 2929 2134 2934">
    <p class='ocr_par' dir='ltr' id='par_1_57' title="bbox 1324 2929 2134 2934">
     <span class='ocr_line' id='line_1_157' title="bbox 1324 2929 2134 2934; baseline 0 0"><span class='ocrx_word' id='word_1_1126' title='bbox 1324 2929 2134 2934; x_wconf 95' lang='lat' dir='ltr'> </span> 
     </span>
    </p>
   </div>
   <div class='ocr_carea' id='block_1_26' title="bbox 1315 2973 2378 3071">
    <p class='ocr_par' dir='ltr' id='par_1_58' title="bbox 1315 2973 2378 3071">
     <span class='ocr_line' id='line_1_158' title="bbox 1315 2973 2378 3023; baseline -0.001 -14"><span class='ocrx_word' id='word_1_1127' title='bbox 1315 2980 1409 3023; x_wconf 84' lang='lat' dir='ltr'>Super</span> <span class='ocrx_word' id='word_1_1128' title='bbox 1424 2980 1519 3016; x_wconf 70' lang='lat' dir='ltr'>Pace,</span> <span class='ocrx_word' id='word_1_1129' title='bbox 1544 2981 1580 3016; x_wconf 53' lang='grc' dir='ltr'>(ῥ’</span> <span class='ocrx_word' id='word_1_1130' title='bbox 1599 2981 1718 3011; x_wconf 83' lang='lat' dir='ltr'>Statuto</span> <span class='ocrx_word' id='word_1_1131' title='bbox 1736 2981 1767 3010; x_wconf 87' lang='lat' dir='ltr'>in</span> <span class='ocrx_word' id='word_1_1132' title='bbox 1786 2977 1921 3023; x_wconf 83' lang='lat' dir='ltr'>Anglia,</span> <span class='ocrx_word' id='word_1_1133' title='bbox 1938 2973 2067 3018; x_wconf 73' lang='lat' dir='ltr'>Ecclesiae</span> <span class='ocrx_word' id='word_1_1134' title='bbox 2087 2976 2223 3007; x_wconf 75' lang='lat' dir='ltr'>Romane</span> <span class='ocrx_word' id='word_1_1135' title='bbox 2234 2973 2378 3022; x_wconf 73' lang='lat' dir='ltr'>prejudi-</span> 
     </span>
     <span class='ocr_line' id='line_1_159' title="bbox 1527 3023 2169 3071; baseline -0.003 -12"><span class='ocrx_word' id='word_1_1136' title='bbox 1527 3030 1646 3069; x_wconf 80' lang='lat' dir='ltr'>cativo,</span> <span class='ocrx_word' id='word_1_1137' title='bbox 1673 3025 1818 3071; x_wconf 67' lang='lat' dir='ltr'>Refpmfio</span> <span class='ocrx_word' id='word_1_1138' title='bbox 1831 3023 1878 3061; x_wconf 74' lang='lat' dir='ltr'>ad</span> <span class='ocrx_word' id='word_1_1139' title='bbox 1899 3027 1981 3070; x_wconf 68' lang='lat' dir='ltr'>Papae</span> <span class='ocrx_word' id='word_1_1140' title='bbox 1999 3025 2169 3057; x_wconf 74' lang='lat' dir='ltr'>IVuncium.</span> 
     </span>
    </p>
   </div>
   <div class='ocr_carea' id='block_1_27' title="bbox 1315 3107 2377 3593">
    <p class='ocr_par' dir='ltr' id='par_1_59' title="bbox 1315 3107 2377 3593">
     <span class='ocr_line' id='line_1_160' title="bbox 1315 3107 2377 3158; baseline 0 -14"><span class='ocrx_word' id='word_1_1141' title='bbox 1315 3111 1375 3155; x_wconf 76' lang='lat' dir='ltr'>Ista</span> <span class='ocrx_word' id='word_1_1142' title='bbox 1405 3113 1548 3158; x_wconf 72' lang='lat' dir='ltr'>Responsio</span> <span class='ocrx_word' id='word_1_1143' title='bbox 1573 3122 1638 3144; x_wconf 77' lang='lat' dir='ltr'>erat</span> <span class='ocrx_word' id='word_1_1144' title='bbox 1675 3109 1749 3143; x_wconf 81' lang='lat' dir='ltr'>data</span> <span class='ocrx_word' id='word_1_1145' title='bbox 1767 3137 1777 3153; x_wconf 88' lang='lat'>,</span> <span class='ocrx_word' id='word_1_1146' title='bbox 1821 3108 1974 3157; x_wconf 78' lang='lat' dir='ltr'>Magistro</span> <span class='ocrx_word' id='word_1_1147' title='bbox 2005 3109 2150 3144; x_wconf 89' lang='lat' dir='ltr'>Henrico</span> <span class='ocrx_word' id='word_1_1148' title='bbox 2185 3107 2377 3144; x_wconf 82' lang='lat' dir='ltr'>Grenefelde</span> 
     </span>
     <span class='ocr_line' id='line_1_161' title="bbox 1362 3157 2375 3205; baseline -0.003 -12"><span class='ocrx_word' id='word_1_1149' title='bbox 1362 3162 1608 3200; x_wconf 81' lang='lat' dir='ltr'>Prothonotario,</span> <span class='ocrx_word' id='word_1_1150' title='bbox 1637 3170 1690 3204; x_wconf 89' lang='lat' dir='ltr'>per</span> <span class='ocrx_word' id='word_1_1151' title='bbox 1717 3157 1907 3205; x_wconf 76' lang='lat' dir='ltr'>Magistrum</span> <span class='ocrx_word' id='word_1_1152' title='bbox 1934 3157 2117 3205; x_wconf 83' lang='lat' dir='ltr'>Philippum</span> <span class='ocrx_word' id='word_1_1153' title='bbox 2146 3158 2283 3205; x_wconf 86' lang='lat' dir='ltr'>Morgan</span> <span class='ocrx_word' id='word_1_1154' title='bbox 2299 3180 2309 3197; x_wconf 93' lang='lat'><em>‚</em></span> <span class='ocrx_word' id='word_1_1155' title='bbox 2342 3162 2375 3190; x_wconf 84' lang='lat' dir='ltr'>in</span> 
     </span>
     <span class='ocr_line' id='line_1_162' title="bbox 1359 3205 2375 3246; baseline -0.003 -5"><span class='ocrx_word' id='word_1_1156' title='bbox 1359 3211 1420 3242; x_wconf 88' lang='lat' dir='ltr'>Die</span> <span class='ocrx_word' id='word_1_1157' title='bbox 1445 3209 1548 3241; x_wconf 63' lang='lat' dir='ltr'>Sanfli</span> <span class='ocrx_word' id='word_1_1158' title='bbox 1577 3206 1742 3240; x_wconf 85' lang='lat' dir='ltr'>Michaelis</span> <span class='ocrx_word' id='word_1_1159' title='bbox 1768 3211 1799 3239; x_wconf 88' lang='lat' dir='ltr'>in</span> <span class='ocrx_word' id='word_1_1160' title='bbox 1823 3210 1933 3241; x_wconf 83' lang='lat' dir='ltr'>Monte</span> <span class='ocrx_word' id='word_1_1161' title='bbox 1958 3205 2078 3241; x_wconf 84' lang='lat' dir='ltr'>Tumba</span> <span class='ocrx_word' id='word_1_1162' title='bbox 2105 3209 2206 3246; x_wconf 73' lang='lat' dir='ltr'>(viz.</span> <span class='ocrx_word' id='word_1_1163' title='bbox 2231 3209 2301 3241; x_wconf 79' lang='lat' dir='ltr'><strong><em>xw‘.</em></strong></span> <span class='ocrx_word' id='word_1_1164' title='bbox 2325 3205 2375 3239; x_wconf 84' lang='lat' dir='ltr'>die</span> 
     </span>
     <span class='ocr_line' id='line_1_163' title="bbox 1361 3253 2372 3301; baseline -0.003 -12"><span class='ocrx_word' id='word_1_1165' title='bbox 1361 3254 1513 3298; x_wconf 58' lang='lat' dir='ltr'>anbi-is)</span> <span class='ocrx_word' id='word_1_1166' title='bbox 1531 3254 1613 3301; x_wconf 77' lang='lat' dir='ltr'>apud</span> <span class='ocrx_word' id='word_1_1167' title='bbox 1630 3258 1766 3297; x_wconf 84' lang='lat' dir='ltr'>Mante,</span> <span class='ocrx_word' id='word_1_1168' title='bbox 1790 3256 1826 3289; x_wconf 86' lang='lat' dir='ltr'>de</span> <span class='ocrx_word' id='word_1_1169' title='bbox 1852 3254 2009 3289; x_wconf 78' lang='lat' dir='ltr'>Mandata</span> <span class='ocrx_word' id='word_1_1170' title='bbox 2035 3254 2171 3288; x_wconf 86' lang='lat' dir='ltr'>Domini</span> <span class='ocrx_word' id='word_1_1171' title='bbox 2197 3253 2317 3300; x_wconf 83' lang='lat' dir='ltr'>Regis,</span> <span class='ocrx_word' id='word_1_1172' title='bbox 2340 3258 2372 3287; x_wconf 84' lang='lat' dir='ltr'>in</span> 
     </span>
     <span class='ocr_line' id='line_1_164' title="bbox 1355 3302 2374 3354; baseline -0.002 -17"><span class='ocrx_word' id='word_1_1173' title='bbox 1355 3304 1511 3345; x_wconf 51' lang='lat' dir='ltr'>Praesentia</span> <span class='ocrx_word' id='word_1_1174' title='bbox 1538 3303 1670 3350; x_wconf 70' lang='lat' dir='ltr'>ejusdem</span> <span class='ocrx_word' id='word_1_1175' title='bbox 1699 3304 1834 3338; x_wconf 85' lang='lat' dir='ltr'>Domini</span> <span class='ocrx_word' id='word_1_1176' title='bbox 1861 3303 1959 3350; x_wconf 85' lang='lat' dir='ltr'>Regis</span> <span class='ocrx_word' id='word_1_1177' title='bbox 1979 3326 1989 3342; x_wconf 89' lang='lat'>‚</span> <span class='ocrx_word' id='word_1_1178' title='bbox 2025 3306 2061 3342; x_wconf 60' lang='grc' dir='ltr'>ὠ·</span> <span class='ocrx_word' id='word_1_1179' title='bbox 2094 3302 2200 3337; x_wconf 90' lang='lat' dir='ltr'>Ducis</span> <span class='ocrx_word' id='word_1_1180' title='bbox 2228 3302 2374 3354; x_wconf 55' lang='lat' dir='ltr'>Gloucef</span> 
     </span>
     <span class='ocr_line' id='line_1_165' title="bbox 1360 3349 2372 3401; baseline -0.003 -16"><span class='ocrx_word' id='word_1_1181' title='bbox 1360 3351 1439 3385; x_wconf 81' lang='lat' dir='ltr'>sti-iae</span> <span class='ocrx_word' id='word_1_1182' title='bbox 1458 3374 1467 3387; x_wconf 60' lang='lat'>2</span> <span class='ocrx_word' id='word_1_1183' title='bbox 1507 3353 1658 3399; x_wconf 85' lang='lat' dir='ltr'>Hugonis</span> <span class='ocrx_word' id='word_1_1184' title='bbox 1693 3353 1763 3386; x_wconf 83' lang='lat' dir='ltr'>Fitz</span> <span class='ocrx_word' id='word_1_1185' title='bbox 1791 3351 1897 3397; x_wconf 81' lang='lat' dir='ltr'>Hugh</span> <span class='ocrx_word' id='word_1_1186' title='bbox 1925 3354 2097 3386; x_wconf 77' lang='lat' dir='ltr'>Camerarii</span> <span class='ocrx_word' id='word_1_1187' title='bbox 2113 3377 2124 3394; x_wconf 87' lang='lat'>,</span> <span class='ocrx_word' id='word_1_1188' title='bbox 2166 3354 2202 3389; x_wconf 61' lang='grc' dir='ltr'>(ᾖν</span> <span class='ocrx_word' id='word_1_1189' title='bbox 2235 3349 2372 3401; x_wconf 74' lang='lat' dir='ltr'>Walter!</span> 
     </span>
     <span class='ocr_line' id='line_1_166' title="bbox 1359 3396 2372 3446; baseline -0.003 -13"><span class='ocrx_word' id='word_1_1190' title='bbox 1359 3399 1587 3446; x_wconf 68' lang='lat' dir='ltr'>Hungeiford,</span> <span class='ocrx_word' id='word_1_1191' title='bbox 1614 3401 1773 3446; x_wconf 78' lang='lat' dir='ltr'>Seneftalli</span> <span class='ocrx_word' id='word_1_1192' title='bbox 1799 3401 1950 3445; x_wconf 80' lang='lat' dir='ltr'>Hospitii,</span> <span class='ocrx_word' id='word_1_1193' title='bbox 1981 3404 2018 3439; x_wconf 67' lang='grc' dir='ltr'>ὠ·</span> <span class='ocrx_word' id='word_1_1194' title='bbox 2050 3397 2199 3445; x_wconf 84' lang='lat' dir='ltr'>Magistri</span> <span class='ocrx_word' id='word_1_1195' title='bbox 2215 3396 2372 3445; x_wconf 83' lang='lat' dir='ltr'>Jobannis</span> 
     </span>
     <span class='ocr_line' id='line_1_167' title="bbox 1358 3446 2370 3494; baseline -0.005 -12"><span class='ocrx_word' id='word_1_1196' title='bbox 1358 3450 1478 3483; x_wconf 68' lang='lat' dir='ltr'>Kemoe</span> <span class='ocrx_word' id='word_1_1197' title='bbox 1505 3450 1603 3481; x_wconf 66' lang='lat' dir='ltr'>Eleeli</span> <span class='ocrx_word' id='word_1_1198' title='bbox 1634 3450 1771 3494; x_wconf 79' lang='lat' dir='ltr'>Roffensis</span> <span class='ocrx_word' id='word_1_1199' title='bbox 1791 3452 1827 3487; x_wconf 56' lang='grc' dir='ltr'>εἰ]</span> <span class='ocrx_word' id='word_1_1200' title='bbox 1849 3447 1981 3491; x_wconf 84' lang='lat' dir='ltr'>Custodis</span> <span class='ocrx_word' id='word_1_1201' title='bbox 2004 3451 2128 3482; x_wconf 80' lang='lat' dir='ltr'>Privati</span> <span class='ocrx_word' id='word_1_1202' title='bbox 2156 3446 2275 3492; x_wconf 86' lang='lat' dir='ltr'>Sigilli,</span> <span class='ocrx_word' id='word_1_1203' title='bbox 2301 3449 2370 3478; x_wconf 79' lang='lat' dir='ltr'>An-</span> 
     </span>
     <span class='ocr_line' id='line_1_168' title="bbox 1354 3496 2369 3544; baseline -0.001 -16"><span class='ocrx_word' id='word_1_1204' title='bbox 1354 3509 1390 3528; x_wconf 85' lang='lat' dir='ltr'>no</span> <span class='ocrx_word' id='word_1_1205' title='bbox 1421 3499 1547 3529; x_wconf 80' lang='lat' dir='ltr'>Domini</span> <span class='ocrx_word' id='word_1_1206' title='bbox 1574 3498 1756 3540; x_wconf 74' lang='lat' dir='ltr'>Millefimo‚</span> <span class='ocrx_word' id='word_1_1207' title='bbox 1793 3496 2111 3544; x_wconf 69' lang='lat' dir='ltr'>Qadrt&#39;ngentfimo,</span> <span class='ocrx_word' id='word_1_1208' title='bbox 2144 3496 2271 3526; x_wconf 88' lang='lat' dir='ltr'>Decimo</span> <span class='ocrx_word' id='word_1_1209' title='bbox 2299 3496 2369 3527; x_wconf 88' lang='lat' dir='ltr'>No-</span> 
     </span>
     <span class='ocr_line' id='line_1_169' title="bbox 1354 3540 2291 3593; baseline -0.002 -17"><span class='ocrx_word' id='word_1_1210' title='bbox 1354 3558 1411 3587; x_wconf 85' lang='lat' dir='ltr'>no,</span> <span class='ocrx_word' id='word_1_1211' title='bbox 1436 3547 1479 3577; x_wconf 85' lang='lat' dir='ltr'>Et</span> <span class='ocrx_word' id='word_1_1212' title='bbox 1505 3547 1595 3577; x_wconf 81' lang='lat' dir='ltr'>Anno</span> <span class='ocrx_word' id='word_1_1213' title='bbox 1620 3548 1713 3593; x_wconf 82' lang='lat' dir='ltr'>Regni</span> <span class='ocrx_word' id='word_1_1214' title='bbox 1743 3547 1842 3592; x_wconf 82' lang='lat' dir='ltr'>Regis</span> <span class='ocrx_word' id='word_1_1215' title='bbox 1860 3543 1994 3578; x_wconf 90' lang='lat' dir='ltr'>Henrici</span> <span class='ocrx_word' id='word_1_1216' title='bbox 2014 3540 2133 3584; x_wconf 80' lang='lat' dir='ltr'>Quiriti</span> <span class='ocrx_word' id='word_1_1217' title='bbox 2150 3543 2291 3586; x_wconf 79' lang='lat' dir='ltr'>Septimo.</span> 
     </span>
    </p>
   </div>
   <div class='ocr_carea' id='block_1_28' title="bbox 1311 3624 2558 3689">
    <p class='ocr_par' dir='ltr' id='par_1_60' title="bbox 1311 3624 2558 3689">
     <span class='ocr_line' id='line_1_170' title="bbox 1311 3624 2558 3689; baseline 0.002 -32"><span class='ocrx_word' id='word_1_1218' title='bbox 1311 3627 1399 3689; x_wconf 86' lang='lat' dir='ltr'>ET</span> <span class='ocrx_word' id='word_1_1219' title='bbox 1419 3628 1552 3665; x_wconf 60' lang='lat' dir='ltr'>pizino,</span> <span class='ocrx_word' id='word_1_1220' title='bbox 1571 3629 1665 3665; x_wconf 81' lang='lat' dir='ltr'>quoad</span> <span class='ocrx_word' id='word_1_1221' title='bbox 1681 3628 1807 3667; x_wconf 88' lang='lat' dir='ltr'>Pacem,</span> <span class='ocrx_word' id='word_1_1222' title='bbox 1826 3628 1860 3659; x_wconf 88' lang='lat' dir='ltr'>ad</span> <span class='ocrx_word' id='word_1_1223' title='bbox 1884 3636 1969 3666; x_wconf 90' lang='lat' dir='ltr'>quam</span> <span class='ocrx_word' id='word_1_1224' title='bbox 1989 3625 2206 3663; x_wconf 81' lang='lat' dir='ltr'>exhortandam,</span> <span class='ocrx_word' id='word_1_1225' title='bbox 2223 3624 2260 3656; x_wconf 91' lang='lat' dir='ltr'>de</span> <span class='ocrx_word' id='word_1_1226' title='bbox 2277 3625 2367 3657; x_wconf 87' lang='lat' dir='ltr'>Man·</span> <span class='ocrx_word' id='word_1_1227' title='bbox 2381 3636 2455 3668; x_wconf 47' lang='lat' dir='ltr'>Arm,</span> <span class='ocrx_word' id='word_1_1228' title='bbox 2470 3637 2512 3670; x_wconf 51' lang='grc' dir='ltr'>Β.</span> <span class='ocrx_word' id='word_1_1229' title='bbox 2555 3652 2558 3655; x_wconf 86' lang='grc'>.</span> 
     </span>
    </p>
   </div>
   <div class='ocr_carea' id='block_1_29' title="bbox 1383 3662 2493 3716">
    <p class='ocr_par' dir='ltr' id='par_1_61' title="bbox 1383 3662 2493 3716">
     <span class='ocr_line' id='line_1_171' title="bbox 1383 3662 2493 3716; baseline 0.009 -21"><span class='ocrx_word' id='word_1_1230' title='bbox 1383 3668 1450 3697; x_wconf 84' lang='lat' dir='ltr'>dato</span> <span class='ocrx_word' id='word_1_1231' title='bbox 1465 3666 1623 3711; x_wconf 60' lang='lat' dir='ltr'>Saaniffimi</span> <span class='ocrx_word' id='word_1_1232' title='bbox 1637 3671 1747 3698; x_wconf 82' lang='lat' dir='ltr'>Domini</span> <span class='ocrx_word' id='word_1_1233' title='bbox 1759 3667 1857 3707; x_wconf 78' lang='lat' dir='ltr'>nostri,</span> <span class='ocrx_word' id='word_1_1234' title='bbox 1875 3666 1954 3697; x_wconf 74' lang='lat' dir='ltr'>venit</span> <span class='ocrx_word' id='word_1_1235' title='bbox 1964 3663 2114 3702; x_wconf 57' lang='lat' dir='ltr'>pl&#39;aedffiffls</span> <span class='ocrx_word' id='word_1_1236' title='bbox 2129 3662 2265 3695; x_wconf 67' lang='lat' dir='ltr'>NunClUS</span> <span class='ocrx_word' id='word_1_1237' title='bbox 2280 3675 2365 3709; x_wconf 55' lang='lat' dir='ltr'>§gre-</span> <span class='ocrx_word' id='word_1_1238' title='bbox 2405 3685 2493 3716; x_wconf 81' lang='lat'>1419.</span> 
     </span>
    </p>
   </div>
   <div class='ocr_carea' id='block_1_30' title="bbox 580 3697 2478 3751">
    <p class='ocr_par' dir='ltr' id='par_1_62' title="bbox 580 3697 2478 3751">
     <span class='ocr_line' id='line_1_172' title="bbox 580 3697 2478 3751; baseline 0.005 -25"><span class='ocrx_word' id='word_1_1239' title='bbox 580 3697 722 3735; x_wconf 87' lang='lat' dir='ltr'>esumpta,</span> <span class='ocrx_word' id='word_1_1240' title='bbox 740 3698 774 3728; x_wconf 63' lang='grc' dir='ltr'>ἅ</span> <span class='ocrx_word' id='word_1_1241' title='bbox 792 3698 957 3736; x_wconf 89' lang='lat' dir='ltr'>Renovata,</span> <span class='ocrx_word' id='word_1_1242' title='bbox 975 3699 1174 3739; x_wconf 82' lang='lat' dir='ltr'>Concordata,</span> <span class='ocrx_word' id='word_1_1243' title='bbox 1194 3702 1277 3733; x_wconf 82' lang='lat' dir='ltr'>Con-</span> <span class='ocrx_word' id='word_1_1244' title='bbox 1308 3706 1388 3742; x_wconf 87' lang='lat' dir='ltr'>gius,</span> <span class='ocrx_word' id='word_1_1245' title='bbox 1414 3715 1466 3741; x_wconf 90' lang='lat' dir='ltr'>pro</span> <span class='ocrx_word' id='word_1_1246' title='bbox 1489 3715 1569 3749; x_wconf 75' lang='lat' dir='ltr'>cujus</span> <span class='ocrx_word' id='word_1_1247' title='bbox 1591 3705 1814 3737; x_wconf 86' lang='lat' dir='ltr'>Transmiffione</span> <span class='ocrx_word' id='word_1_1248' title='bbox 1841 3706 1874 3735; x_wconf 88' lang='lat'>&amp;</span> <span class='ocrx_word' id='word_1_1249' title='bbox 1896 3704 2016 3741; x_wconf 83' lang='lat' dir='ltr'>benigna</span> <span class='ocrx_word' id='word_1_1250' title='bbox 2039 3700 2156 3733; x_wconf 86' lang='lat' dir='ltr'>Paterna</span> <span class='ocrx_word' id='word_1_1251' title='bbox 2176 3702 2364 3742; x_wconf 68' lang='lat' dir='ltr'>Affecstrone,</span> <span class='ocrx_word' id='word_1_1252' title='bbox 2377 3718 2430 3743; x_wconf 65' lang='lat' dir='ltr'>An,</span> <span class='ocrx_word' id='word_1_1253' title='bbox 2449 3725 2478 3751; x_wconf 69' lang='lat'>7,</span> 
     </span>
    </p>
   </div>
   <div class='ocr_carea' id='block_1_31' title="bbox 1575 3739 2461 3788">
    <p class='ocr_par' dir='ltr' id='par_1_63' title="bbox 1575 3739 2461 3788">
     <span class='ocr_line' id='line_1_173' title="bbox 1575 3739 2461 3788; baseline -0.003 -14"><span class='ocrx_word' id='word_1_1254' title='bbox 1575 3743 1726 3775; x_wconf 77' lang='lat' dir='ltr'>paternitas</span> <span class='ocrx_word' id='word_1_1255' title='bbox 1746 3743 1908 3774; x_wconf 90' lang='lat' dir='ltr'>Dominum</span> <span class='ocrx_word' id='word_1_1256' title='bbox 1932 3740 2061 3770; x_wconf 91' lang='lat' dir='ltr'>nostrum</span> <span class='ocrx_word' id='word_1_1257' title='bbox 2094 3739 2363 3786; x_wconf 76' lang='lat' dir='ltr'>Metuendiffitnum</span> <span class='ocrx_word' id='word_1_1258' title='bbox 2378 3757 2407 3780; x_wconf 80' lang='lat' dir='ltr'><em>H</em></span> <span class='ocrx_word' id='word_1_1259' title='bbox 2432 3762 2461 3788; x_wconf 43' lang='lat'>5·</span> 
     </span>
    </p>
   </div>
   <div class='ocr_carea' id='block_1_32' title="bbox 223 3772 2504 3859">
    <p class='ocr_par' dir='ltr' id='par_1_64' title="bbox 223 3772 2504 3859">
     <span class='ocr_line' id='line_1_174' title="bbox 223 3772 2504 3825; baseline 0.005 -24"><span class='ocrx_word' id='word_1_1260' title='bbox 223 3772 356 3808; x_wconf 79' lang='lat' dir='ltr'>honesta,</span> <span class='ocrx_word' id='word_1_1261' title='bbox 384 3773 518 3804; x_wconf 89' lang='lat' dir='ltr'>Nomine</span> <span class='ocrx_word' id='word_1_1262' title='bbox 543 3774 641 3804; x_wconf 89' lang='lat' dir='ltr'>nostro</span> <span class='ocrx_word' id='word_1_1263' title='bbox 665 3774 826 3811; x_wconf 84' lang='lat' dir='ltr'>Firmaiidi,</span> <span class='ocrx_word' id='word_1_1264' title='bbox 850 3785 883 3805; x_wconf 84' lang='lat' dir='ltr'>ac</span> <span class='ocrx_word' id='word_1_1265' title='bbox 904 3775 1068 3806; x_wconf 88' lang='lat' dir='ltr'>sufficientes</span> <span class='ocrx_word' id='word_1_1266' title='bbox 1089 3780 1275 3818; x_wconf 82' lang='lat' dir='ltr'>Securitatcs,</span> <span class='ocrx_word' id='word_1_1267' title='bbox 1308 3781 1463 3811; x_wconf 87' lang='lat' dir='ltr'>Favoribus</span> <span class='ocrx_word' id='word_1_1268' title='bbox 1478 3782 1653 3820; x_wconf 87' lang='lat' dir='ltr'>prosequitur</span> <span class='ocrx_word' id='word_1_1269' title='bbox 1668 3782 1809 3822; x_wconf 79' lang='lat' dir='ltr'>gratiosis,</span> <span class='ocrx_word' id='word_1_1270' title='bbox 1825 3778 1971 3810; x_wconf 78' lang='lat' dir='ltr'>Celsitudo</span> <span class='ocrx_word' id='word_1_1271' title='bbox 1987 3777 2079 3816; x_wconf 75' lang='lat' dir='ltr'>Regia</span> <span class='ocrx_word' id='word_1_1272' title='bbox 2094 3779 2186 3823; x_wconf 72' lang='lat' dir='ltr'>eidem</span> <span class='ocrx_word' id='word_1_1273' title='bbox 2213 3779 2364 3825; x_wconf 58' lang='lat' dir='ltr'>San-{titan</span> <span class='ocrx_word' id='word_1_1274' title='bbox 2378 3776 2421 3818; x_wconf 44' lang='lat'>15}</span> <span class='ocrx_word' id='word_1_1275' title='bbox 2438 3791 2504 3819; x_wconf 68' lang='lat' dir='ltr'>Bm,</span> 
     </span>
     <span class='ocr_line' id='line_1_175' title="bbox 224 3810 2480 3859; baseline 0.004 -19"><span class='ocrx_word' id='word_1_1276' title='bbox 224 3810 436 3849; x_wconf 79' lang='lat' dir='ltr'>Obligationes,</span> <span class='ocrx_word' id='word_1_1277' title='bbox 454 3813 487 3843; x_wconf 92' lang='lat'>&amp;</span> <span class='ocrx_word' id='word_1_1278' title='bbox 511 3812 678 3851; x_wconf 83' lang='lat' dir='ltr'>Cautiones,</span> <span class='ocrx_word' id='word_1_1279' title='bbox 694 3821 750 3843; x_wconf 85' lang='lat' dir='ltr'>tam</span> <span class='ocrx_word' id='word_1_1280' title='bbox 771 3812 890 3851; x_wconf 72' lang='lat' dir='ltr'>Reales,</span> <span class='ocrx_word' id='word_1_1281' title='bbox 916 3815 1002 3850; x_wconf 69' lang='lat' dir='ltr'>quam</span> <span class='ocrx_word' id='word_1_1282' title='bbox 1027 3815 1203 3856; x_wconf 88' lang='lat' dir='ltr'>Personales,</span> <span class='ocrx_word' id='word_1_1283' title='bbox 1225 3828 1277 3856; x_wconf 87' lang='lat' dir='ltr'>pro</span> <span class='ocrx_word' id='word_1_1284' title='bbox 1307 3827 1341 3848; x_wconf 63' lang='lat' dir='ltr'>ex</span> <span class='ocrx_word' id='word_1_1285' title='bbox 1364 3818 1468 3849; x_wconf 88' lang='lat' dir='ltr'>Cordis</span> <span class='ocrx_word' id='word_1_1286' title='bbox 1493 3820 1577 3859; x_wconf 85' lang='lat' dir='ltr'>Regii</span> <span class='ocrx_word' id='word_1_1287' title='bbox 1601 3822 1759 3858; x_wconf 87' lang='lat' dir='ltr'>integritate</span> <span class='ocrx_word' id='word_1_1288' title='bbox 1779 3843 1790 3857; x_wconf 94' lang='lat'>,</span> <span class='ocrx_word' id='word_1_1289' title='bbox 1821 3817 1906 3849; x_wconf 78' lang='lat' dir='ltr'>velud</span> <span class='ocrx_word' id='word_1_1290' title='bbox 1931 3816 1992 3847; x_wconf 90' lang='lat' dir='ltr'>suus</span> <span class='ocrx_word' id='word_1_1291' title='bbox 2017 3816 2225 3848; x_wconf 85' lang='lat' dir='ltr'>Devotiffimus</span> <span class='ocrx_word' id='word_1_1292' title='bbox 2253 3818 2338 3849; x_wconf 81' lang='lat' dir='ltr'>Filius</span> <span class='ocrx_word' id='word_1_1293' title='bbox 2353 3841 2365 3858; x_wconf 89' lang='lat'>,</span> <span class='ocrx_word' id='word_1_1294' title='bbox 2379 3832 2480 3857; x_wconf 69' lang='lat' dir='ltr'>cmm,</span> 
     </span>
    </p>
   </div>
   <div class='ocr_carea' id='block_1_33' title="bbox 223 3847 1691 3896">
    <p class='ocr_par' dir='ltr' id='par_1_65' title="bbox 223 3847 1691 3896">
     <span class='ocr_line' id='line_1_176' title="bbox 223 3847 1691 3896; baseline 0.007 -18"><span class='ocrx_word' id='word_1_1295' title='bbox 223 3847 324 3878; x_wconf 84' lang='lat' dir='ltr'>Nobis</span> <span class='ocrx_word' id='word_1_1296' title='bbox 343 3851 376 3880; x_wconf 76' lang='grc' dir='ltr'>δε</span> <span class='ocrx_word' id='word_1_1297' title='bbox 399 3850 532 3880; x_wconf 88' lang='lat' dir='ltr'>Nomine</span> <span class='ocrx_word' id='word_1_1298' title='bbox 553 3851 666 3885; x_wconf 75' lang='lat' dir='ltr'>nostro,</span> <span class='ocrx_word' id='word_1_1299' title='bbox 683 3850 761 3888; x_wconf 87' lang='lat' dir='ltr'>super</span> <span class='ocrx_word' id='word_1_1300' title='bbox 783 3851 836 3881; x_wconf 89' lang='lat' dir='ltr'>hiis</span> <span class='ocrx_word' id='word_1_1301' title='bbox 854 3851 1007 3889; x_wconf 85' lang='lat' dir='ltr'>Faciendi,</span> <span class='ocrx_word' id='word_1_1302' title='bbox 1032 3854 1063 3883; x_wconf 87' lang='lat'>&amp;</span> <span class='ocrx_word' id='word_1_1303' title='bbox 1087 3854 1277 3886; x_wconf 90' lang='lat' dir='ltr'>Promittendi</span> <span class='ocrx_word' id='word_1_1304' title='bbox 1308 3856 1419 3887; x_wconf 86' lang='lat' dir='ltr'>Gratias</span> <span class='ocrx_word' id='word_1_1305' title='bbox 1433 3858 1488 3896; x_wconf 83' lang='lat' dir='ltr'>agit</span> <span class='ocrx_word' id='word_1_1306' title='bbox 1506 3859 1691 3896; x_wconf 86' lang='lat' dir='ltr'>multiplices:</span> 
     </span>
    </p>
   </div>
   <div class='ocr_carea' id='block_1_34' title="bbox 225 3887 1277 3932">
    <p class='ocr_par' dir='ltr' id='par_1_66' title="bbox 225 3887 1277 3932">
     <span class='ocr_line' id='line_1_177' title="bbox 225 3887 1277 3932; baseline 0.009 -16"><span class='ocrx_word' id='word_1_1307' title='bbox 225 3887 303 3921; x_wconf 76' lang='lat' dir='ltr'>quod</span> <span class='ocrx_word' id='word_1_1308' title='bbox 313 3887 460 3925; x_wconf 56' lang='lat' dir='ltr'>Trachia,</span> <span class='ocrx_word' id='word_1_1309' title='bbox 478 3888 637 3927; x_wconf 87' lang='lat' dir='ltr'>Conclusa,</span> <span class='ocrx_word' id='word_1_1310' title='bbox 652 3888 848 3926; x_wconf 84' lang='lat' dir='ltr'>Concordata,</span> <span class='ocrx_word' id='word_1_1311' title='bbox 863 3888 908 3919; x_wconf 90' lang='lat' dir='ltr'>vel</span> <span class='ocrx_word' id='word_1_1312' title='bbox 925 3889 1118 3929; x_wconf 69' lang='lat' dir='ltr'>Appuneruaia</span> <span class='ocrx_word' id='word_1_1313' title='bbox 1134 3894 1277 3932; x_wconf 80' lang='lat' dir='ltr'>hujusmo-</span> 
     </span>
    </p>
   </div>
   <div class='ocr_carea' id='block_1_35' title="bbox 1345 3867 2508 3942">
    <p class='ocr_par' dir='ltr' id='par_1_67' title="bbox 1345 3867 2508 3942">
     <span class='ocr_line' id='line_1_178' title="bbox 1345 3867 2508 3942; baseline 0.003 -18"><span class='ocrx_word' id='word_1_1314' title='bbox 1345 3894 1400 3932; x_wconf 80' lang='lat' dir='ltr'>Et,</span> <span class='ocrx_word' id='word_1_1315' title='bbox 1428 3904 1528 3933; x_wconf 84' lang='lat' dir='ltr'>quanta</span> <span class='ocrx_word' id='word_1_1316' title='bbox 1550 3895 1658 3928; x_wconf 88' lang='lat' dir='ltr'>Mentis</span> <span class='ocrx_word' id='word_1_1317' title='bbox 1678 3895 1845 3926; x_wconf 87' lang='lat' dir='ltr'>Devotione</span> <span class='ocrx_word' id='word_1_1318' title='bbox 1884 3892 2071 3931; x_wconf 88' lang='lat' dir='ltr'>Operumque</span> <span class='ocrx_word' id='word_1_1319' title='bbox 2091 3893 2279 3925; x_wconf 88' lang='lat' dir='ltr'>sollicitudine</span> <span class='ocrx_word' id='word_1_1320' title='bbox 2296 3917 2306 3933; x_wconf 94' lang='lat'>,</span> <span class='ocrx_word' id='word_1_1321' title='bbox 2331 3894 2367 3926; x_wconf 85' lang='lat' dir='ltr'>ad</span> <span class='ocrx_word' id='word_1_1322' title='bbox 2380 3867 2508 3942; x_wconf 35' lang='lat' dir='ltr'>{mg-7251</span> 
     </span>
    </p>
   </div>
   <div class='ocr_carea' id='block_1_36' title="bbox 224 3915 2459 4040">
    <p class='ocr_par' dir='ltr' id='par_1_68' title="bbox 224 3915 2459 4040">
     <span class='ocr_line' id='line_1_179' title="bbox 225 3915 2459 3978; baseline 0.005 -26"><span class='ocrx_word' id='word_1_1323' title='bbox 225 3923 253 3952; x_wconf 89' lang='lat' dir='ltr'>di</span> <span class='ocrx_word' id='word_1_1324' title='bbox 272 3923 344 3954; x_wconf 86' lang='lat' dir='ltr'>Rata</span> <span class='ocrx_word' id='word_1_1325' title='bbox 355 3925 518 3956; x_wconf 85' lang='lat' dir='ltr'>habebimus</span> <span class='ocrx_word' id='word_1_1326' title='bbox 531 3928 563 3956; x_wconf 61' lang='grc' dir='ltr'>ὃς</span> <span class='ocrx_word' id='word_1_1327' title='bbox 579 3927 684 3966; x_wconf 88' lang='lat' dir='ltr'>Grata,</span> <span class='ocrx_word' id='word_1_1328' title='bbox 699 3938 753 3958; x_wconf 90' lang='lat' dir='ltr'>nec</span> <span class='ocrx_word' id='word_1_1329' title='bbox 766 3928 869 3963; x_wconf 82' lang='lat' dir='ltr'>aliquid</span> <span class='ocrx_word' id='word_1_1330' title='bbox 886 3927 1101 3959; x_wconf 76' lang='lat' dir='ltr'>procurabimus</span> <span class='ocrx_word' id='word_1_1331' title='bbox 1125 3941 1171 3962; x_wconf 87' lang='lat' dir='ltr'>aut</span> <span class='ocrx_word' id='word_1_1332' title='bbox 1191 3934 1276 3963; x_wconf 87' lang='lat' dir='ltr'>facie·</span> <span class='ocrx_word' id='word_1_1333' title='bbox 1308 3933 1478 3971; x_wconf 81' lang='lat' dir='ltr'>praemiffam</span> <span class='ocrx_word' id='word_1_1334' title='bbox 1502 3933 1606 3964; x_wconf 90' lang='lat' dir='ltr'>Pacem</span> <span class='ocrx_word' id='word_1_1335' title='bbox 1625 3932 1832 3972; x_wconf 83' lang='lat' dir='ltr'>procurandam</span> <span class='ocrx_word' id='word_1_1336' title='bbox 1852 3915 1944 3966; x_wconf 59' lang='lat' dir='ltr'>Regia</span> <span class='ocrx_word' id='word_1_1337' title='bbox 1963 3930 2111 3963; x_wconf 90' lang='lat' dir='ltr'>Celsitudo</span> <span class='ocrx_word' id='word_1_1338' title='bbox 2139 3934 2280 3971; x_wconf 69' lang='lat' dir='ltr'>extiterat,</span> <span class='ocrx_word' id='word_1_1339' title='bbox 2300 3943 2367 3977; x_wconf 78' lang='lat' dir='ltr'>pro·</span> <span class='ocrx_word' id='word_1_1340' title='bbox 2382 3952 2410 3978; x_wconf 62' lang='lat'>9„</span> <span class='ocrx_word' id='word_1_1341' title='bbox 2427 3946 2459 3973; x_wconf 60' lang='grc' dir='ltr'>Βἓ</span> 
     </span>
     <span class='ocr_line' id='line_1_180' title="bbox 224 3963 2372 4040; baseline 0.003 -46"><span class='ocrx_word' id='word_1_1342' title='bbox 224 3971 288 3994; x_wconf 85' lang='lat' dir='ltr'>mus</span> <span class='ocrx_word' id='word_1_1343' title='bbox 303 3971 352 4000; x_wconf 84' lang='lat' dir='ltr'>per</span> <span class='ocrx_word' id='word_1_1344' title='bbox 366 3963 444 4001; x_wconf 87' lang='lat' dir='ltr'>quod</span> <span class='ocrx_word' id='word_1_1345' title='bbox 459 3965 608 4004; x_wconf 67' lang='lat' dir='ltr'>Trastata,</span> <span class='ocrx_word' id='word_1_1346' title='bbox 623 3965 783 4005; x_wconf 70' lang='lat' dir='ltr'>Conclusi,</span> <span class='ocrx_word' id='word_1_1347' title='bbox 799 3965 980 3998; x_wconf 79' lang='lat' dir='ltr'>Concordata</span> <span class='ocrx_word' id='word_1_1348' title='bbox 991 3990 1000 4005; x_wconf 91' lang='lat'>,</span> <span class='ocrx_word' id='word_1_1349' title='bbox 1018 3968 1061 3999; x_wconf 89' lang='lat' dir='ltr'>vel</span> <span class='ocrx_word' id='word_1_1350' title='bbox 1076 3968 1275 4007; x_wconf 72' lang='lat' dir='ltr'>Appunstuata</span> <span class='ocrx_word' id='word_1_1351' title='bbox 1308 3972 1387 4004; x_wconf 88' lang='lat' dir='ltr'>fundi</span> <span class='ocrx_word' id='word_1_1352' title='bbox 1399 3971 1510 4009; x_wconf 78' lang='lat' dir='ltr'>Ingenii</span> <span class='ocrx_word' id='word_1_1353' title='bbox 1525 3973 1567 4004; x_wconf 90' lang='lat' dir='ltr'>vir</span> <span class='ocrx_word' id='word_1_1354' title='bbox 1582 3971 1725 4010; x_wconf 82' lang='lat' dir='ltr'>Magister</span> <span class='ocrx_word' id='word_1_1355' title='bbox 1739 3969 1870 4001; x_wconf 78' lang='lat' dir='ltr'>Ricardus</span> <span class='ocrx_word' id='word_1_1356' title='bbox 1895 3968 2063 4009; x_wconf 72' lang='lat' dir='ltr'>Flemmyng,</span> <span class='ocrx_word' id='word_1_1357' title='bbox 2080 3969 2174 4002; x_wconf 75' lang='lat' dir='ltr'>Sacrae</span> <span class='ocrx_word' id='word_1_1358' title='bbox 2196 3971 2372 4040; x_wconf 54' lang='lat' dir='ltr'>Thoel‘ssffi</span> 
     </span>
    </p>
   </div>
  </div>
 </body>
</html>
