2562 4274
13 339 86 370 Ann
110 335 152 366 D.

45 360 130 416 14{0.

18 420 80 444 Heu.
106 415 134 444 6.

26 988 147 1024 ¹x.476.

0 3718 6 3723 ·
55 3673 191 3712 ²''X-477·

6 3731 7 3735 Ἰ
56 3747 190 3779 Anno.

85 3796 172 3827 ¹430·

56 3829 109 3853 Aa.
125 3837 153 3860 9.

5 3882 14 3905 Ὺ
53 3865 141 3930 ἔζη-1166
158 3911 187 3936 9,
204 3895 314 3922 Burton
330 3888 431 3921 Militis
450 3893 566 3932 Maioris
584 3893 665 3924 Villae
684 3893 786 3923 nostrae
802 3893 932 3932 Baionae,
950 3894 983 3924 &
1004 3893 1140 3931 Johannir
1153 3893 1262 3923 Gentill

52 3944 81 3967 H
107 3944 134 3968 6.

40 3986 90 4005 *m-
109 3988 151 4005 11.

727 247 836 288 ET
921 245 1187 288 ACTA

174 336 280 369 fafflm
302 335 348 368 feu
367 343 549 375 perpetratam
565 336 594 365 in
608 335 641 366 &
660 343 757 365 contra
771 334 888 364 alterum
906 329 1226 374 praedietorumsiibdi-

175 385 253 414 tum,
271 375 316 405 vel
331 374 465 405 Subditos
479 375 619 412 ejusdem,
636 375 665 404 in
679 374 768 404 Portu
782 373 893 410 aliquo,
912 380 1097 409 praeterquam
1110 379 1140 411 in
1155 367 1228 398 Por-

174 423 205 445 tu
219 415 250 443 in
268 422 325 452 quo
340 413 451 444 dietum
463 412 624 452 Navigium
639 421 685 443 aut
706 412 780 441 dicta
798 410 921 449 Navigia
938 410 1084 441 Armatum
1102 410 1157 436 {ive
1174 408 1228 437 Ar-

175 461 249 484 mata
260 452 344 482 fuerit
365 452 412 483 vel
426 452 544 490 fuerint,
563 461 622 481 non
637 450 741 481 ducent
756 450 801 479 seu
816 450 881 479 duci
901 449 1022 487 facient,
1039 448 1088 478 nisi
1105 446 1134 474 vi
1149 445 1227 477 Ven-

171 499 287 527 torum,
304 498 353 520 aut
368 489 565 521 Persecutione
577 488 763 519 Inimicorum
779 488 850 518 illius
866 488 953 526 Regis
975 489 1052 524 cujus
1065 486 1228 516 Armatores

171 528 333 567 hujusmodi
352 526 412 560 sunt
430 528 557 566 Subditi,
571 528 615 558 seu
635 526 820 557 Subditorum
839 528 872 558 &
893 525 1078 557 Vassallorum
1097 522 1228 561 suorum,

167 576 217 599 aut
230 567 359 604 Turbine
371 567 419 597 vel
435 565 449 596 Ι
521 566 558 595 lsu
570 565 658 595 Maris
671 565 722 594 sint
736 566 811 595 artati
822 589 831 603 ,
850 565 964 603 Qiibus
978 563 1144 593 cessantibus
1158 561 1228 592 dieti

172 606 335 637 Amatores
356 605 464 636 dictam
519 604 590 634 'isam
614 603 647 633 ad
666 603 797 641 Locum,
816 605 843 634 in
859 614 917 642 quo
936 601 1045 632 dictum
1067 600 1226 640 Navigium

173 646 219 675 seu
241 644 365 683 Navigia
381 644 530 675 Armatum
553 642 609 673 five
628 642 744 673 Armara
767 642 848 673 fuerit
864 642 908 672 vel
925 640 1043 677 fuerint,
1061 639 1166 670 ducere
1187 648 1228 668 te—

171 691 303 714 neantur:

209 721 247 752 Et
282 721 304 751 fi
318 720 405 750 dicrae
416 717 608 757 Fideiufforiae
619 718 773 749 Cautiones
786 717 952 748 sufficientes
966 726 1015 756 per
1028 714 1228 756 ipsosOfficia-

172 761 231 791 rios
245 744 276 790 ᾗ
315 760 356 788 ios
369 758 415 788 seu
431 758 438 787 i
470 766 552 787 orum
568 757 647 787 Loca
663 766 785 787 tenentes
799 756 899 794 Captae
912 756 1032 791 fuerint,
1049 755 1082 784 &
1094 753 1225 784 dietiAr-

171 807 293 828 mamres
327 795 435 834 ujusmo
457 795 597 833 iNavigii
611 795 655 825 seu
675 795 868 834 Navigiorum
883 795 972 832 aliqua
990 793 1066 823 Mala
1088 801 1230 832 perpetra-

168 838 278 873 verint,
296 834 527 871 utsupradietum
541 833 598 871 est,
617 835 778 864 Armatores
800 834 832 864 ὃς
855 832 1037 871 Fidejuffores
1059 831 1226 861 eorumdem

171 874 308 912 praediCta
322 872 400 903 Mala
412 874 448 904 &
463 872 595 911 Dampna
603 895 613 910 ,
633 882 680 909 per
694 872 765 909 ipsos
776 881 943 909 perpetrata,
962 878 993 900 ut
1002 870 1161 908 praefertur,
1172 870 1228 898 una

169 921 240 943 cum
264 911 420 950 Dampnis‚
436 911 585 949 Expenlis,
604 912 637 942 &
658 909 805 948 hitereffe,
823 911 940 940 Solvere
963 909 997 939 &
1023 907 1165 938 Relarc‘ire
1188 916 1229 938 te-

174 959 292 982 neantur
306 950 382 981 Parti
395 950 481 980 laesae:

209 989 229 1009 ³²
241 988 279 1020 Et
316 989 338 1019 fi
351 988 421 1019 diffl
435 985 579 1017 officiales
590 985 689 1035 Regii,
704 985 748 1017 seu
766 985 886 1026 ipsorum
905 986 985 1017 Loca
999 992 1140 1022 tenenteS‚
1158 993 1231 1024 prae-

171 1026 260 1059 dietas
273 1012 442 1058 sufficientes
456 1025 646 1062 Fideiufforias
662 1026 814 1055 (datitiones
831 1025 970 1062 Recipere
984 1033 1042 1055 non
1058 1025 1228 1062 curaverint,

172 1074 203 1097 ut
219 1066 377 1105 praefertur,
397 1066 430 1095 &
451 1063 585 1093 Armator
601 1064 656 1094 five
672 1065 831 1094 Armatores
855 1063 1013 1102 hujusmodi
1029 1062 1155 1101 ·Navigii
1172 1063 1227 1092 five

172 1104 368 1141 Navigiorum
383 1102 546 1140 Depraedati
561 1102 662 1133 fuerint
680 1104 724 1133 seu
746 1104 892 1140 ceperint,
909 1112 955 1132 aut
976 1101 1088 1138 aliquod
1114 1101 1226 1131 Malum

169 1143 216 1173 seu
232 1141 404 1181 Dampnum
417 1141 551 1178 fecerint,
570 1149 614 1171 aut
629 1151 676 1178 per
693 1140 802 1172 Gentes
819 1141 899 1179 iplius
917 1141 1051 1179 Navigii,
1072 1139 1114 1168 vel
1129 1142 1154 1168 in
1166 1140 1228 1177 ipsis

171 1181 303 1219 Navigiis
316 1179 480 1218 existentes,
498 1180 526 1209 in
541 1180 635 1216 aliquo
658 1188 756 1210 contra
777 1179 953 1216 praesentium
967 1179 1118 1209 Tenorem
1132 1178 1162 1208 T
1165 1188 1226 1208 reu-

171 1229 271 1258 garum
284 1219 368 1249 fuerit
382 1218 590 1257 Attemptatum
606 1219 633 1246 in
649 1217 732 1248 dietis
746 1218 853 1254 Regnis
864 1241 872 1255 ,
890 1227 934 1247 aut
949 1228 1048 1248 eorum
1057 1218 1160 1256 altero,
1174 1216 1228 1246 Pa-

171 1257 281 1295 triisve,
299 1257 414 1295 Terris,
431 1255 597 1293 Dominiis,
615 1264 662 1286 aut
680 1257 842 1286 Territoriis
863 1257 975 1295 alicujus
1000 1256 1113 1295 Regum
1130 1256 1226 1293 praedi—

174 1296 308 1335 (storum,
327 1297 355 1325 in
378 1296 410 1325 &
424 1303 520 1325 contra
534 1294 669 1324 Subditos
687 1296 719 1326 &
736 1294 868 1325 vassallos
881 1295 958 1331 suoi,
979 1294 1023 1324 seu
1045 1296 1158 1330 alicuju.-
1178 1303 1229 1323 co-

173 1345 257 1373 rum,
275 1335 320 1364 seu
335 1333 458 1371 ipsorum
471 1332 550 1363 Bona
562 1342 766 1372 quecumque,
783 1333 925 1363 officiale,-
942 1333 1024 1371 Regu·
1043 1332 1230 1370 praedistihu-

174 1372 295 1411 jusmodi
319 1372 569 1410 Depraedationes,
587 1370 761 1410 Cmriones,
780 1371 873 1409 Mala,
893 1372 925 1402 &
950 1371 1102 1410 D.impna,
1124 1381 1170 1407 per
1189 1370 1231 1399 di-

174 1412 236 1441 &os
250 1412 410 1442 Armatores
423 1421 470 1448 per
491 1419 588 1447 etrata,
607 1410 721 1441 sicut&
737 1410 799 1440 Pars
816 1411 1012 1449 Attemptans,
1031 1411 1104 1440 Parti
1119 1408 1231 1448 Damp-

175 1449 295 1480 nificat-:e
309 1450 416 1480 realiter
431 1449 470 1479 So
479 1458 544 1479 vere
560 1448 593 1478 ὅτ
608 1447 767 1479 Restituere
780 1456 940 1486 teneantur,

211 1489 300 1528 Sapei·
313 1489 414 1526 quibus
427 1488 495 1518 dieti
511 1487 619 1525 Reges,
637 1488 670 1518 &
684 1497 783 1518 eorum
799 1496 932 1526 uterque,
951 1494 1082 1524 quatenus
1098 1485 1233 1516 Personas

177 1527 250 1565 suas,
280 1526 400 1566 Regna,
424 1525 542 1562 Terras,
568 1525 686 1563 Patrias,
706 1525 862 1564 Dominia,
883 1526 937 1556 live
958 1525 1111 1554 Territoria
1130 1533 1230 1554 eorum

177 1566 343 1603 concernit,
362 1565 482 1603 facient,
497 1565 544 1594 vel
561 1563 619 1594 fieri
632 1564 752 1601 facient,
769 1574 818 1603 per
837 1565 898 1594 suos
912 1563 1073 1595 officiarios
1089 1563 1121 1592 δε
1140 1562 1231 1591 Mini-

176 1603 396 1642 str0s‚Justitiae
411 1603 675 1641 complementum,
694 1612 807 1633 necnon
823 1604 1019 1633 executionem
1041 1601 1069 1630 in
1090 1601 1173 1630 Bonis
1188 1601 1232 1630 di-

176 1642 292 1672 storum
309 1643 508 1680 Armatorum,
526 1640 742 1671 Officiariorum
754 1641 887 1679 suorum,
905 1642 950 1671 seu
965 1640 988 1670 F
990 1638 1235 1678 idejufforum,se-

178 1681 310 1712 cundum
328 1680 407 1719 quod
423 1679 509 1710 Casus
523 1681 624 1716 exiget.

213 1718 227 1749 I
237 1727 341 1757 ΤΕΜ,
359 1721 431 1749 inter
446 1718 531 1756 Nos,
551 1717 785 1756 Ambaffiatores,
803 1717 858 1747 five
873 1716 1020 1754 Nuncios,
1039 1716 1073 1746 &
1090 1714 1234 1749 Commis-

177 1756 259 1787 sarios
274 1757 442 1795 praedictos,
461 1755 642 1786 Nominibus
663 1756 764 1793 quibus
786 1755 882 1793 supra,
898 1755 1133 1794 Concordatum,
1153 1755 1236 1786 Con-

178 1795 305 1834 clusum,
332 1797 365 1826 &
388 1794 625 1833 Appunctuatum
649 1794 706 1831 est,
725 1794 898 1824 considerata
919 1794 1036 1824 utilitate
1059 1794 1236 1832 Reipublicae

177 1834 317 1872 utriusque
332 1833 502 1872 Regnorum
519 1833 552 1862 &
566 1830 692 1862 Partium
707 1832 921 1871 praedictarum,
939 1832 972 1862 ὃς
988 1840 1017 1861 ut
1039 1832 1182 1863 Praemissa
1201 1844 1237 1864 eo

179 1872 288 1941 §firmius
303 1879 383 1911 atque
395 1870 508 1901 solidius
521 1871 718 1908 observentur,
735 1871 813 1910 quod
829 1870 929 1910 sigillis
946 1870 1042 1909 Regiis
1057 1873 1237 1904 communita

193 1919 290 1940 uertnt.

217 1985 302 2025 Nos,
322 1984 555 2024 Ambaffiatores‚
575 1985 631 2016 sive
648 1983 776 2022 Nuncii,
795 1985 977 2024 praedictique
986 1986 1182 2018 Procuratores
1195 1987 1239 2018 su-

179 2026 340 2065 prascripti,
356 2023 556 2063 Promisimus,
572 2023 840 2061 Concluiimus,·&
864 2024 1128 2063 Appunnuavimus
1140 2050 1149 2058 ,
1166 2026 1239 2057 Pro-

182 2065 321 2094 mittimus
359 2062 581 2100 Concludimus‚
600 2064 633 2094 &
651 2062 881 2100 Appundmamus
899 2063 978 2102 quod
993 2059 1240 2104 praefatus‚‘8ere-

179 2102 309 2134 niffimus
326 2086 475 2139 f‘n'nceps,
493 2105 553 2131 Rex
566 2100 690 2140 Castellae
704 2099 741 2135 όν
756 2104 882 2138 Legionis
896 2103 953 2132 suas
967 2103 1084 2134 Litteras
1100 2103 1241 2142 Parentes,

179 2141 361 2181 praesentium
377 2140 558 2176 Treugarum
570 2139 819 2176 Confirmatorias,
838 2141 1030 2179 Laudatorias,
1048 2144 1080 2172 ὅ(
1091 2142 1242 2179 Approba-

181 2180 283 2249 tsorilals,
300 2188 369 2210 cum
385 2177 512 2219 Clauficla
527 2188 561 2208 ex
575 2177 652 2209 certzi
666 2178 794 2216 scientia,
812 2179 860 2209 sub
875 2179 973 2218 Sigillo
987 2182 1076 2221 magis
1097 2182 1241 2212 autentico

198 2230 206 2248 1
227 2227 235 2246 1
257 2226 310 2248 atas

207 2226 441 2292 gPromt’ttendo,
460 2254 537 2285 bona
550 2254 635 2292 Fide,
652 2256 685 2286 &
709 2256 736 2285 in
753 2254 853 2286 Verbo
869 2255 980 2295 Regio,
998 2257 1077 2296 quod
1098 2257 1243 2297 praedietas

184 2294 328 2335 Treugas‚
347 2305 380 2326 ac
395 2295 492 2325 onmia
505 2294 556 2324 alia
573 2295 606 2325 ὃς
625 2295 726 2331 lingula
747 2294 776 2324 in
793 2294 905 2325 Litteris
925 2296 1040 2332 ipsarum
1062 2296 1242 2336 Treugarum

185 2343 335 2370 contenta,
354 2343 402 2370 per
419 2332 446 2362 se
462 2333 585 2363 Tenebit
599 2333 632 2363 ὃς
656 2332 840 2370 Observabit,
857 2343 890 2363 ac
906 2343 954 2372 per
972 2334 1105 2365 Subditos
1126 2336 1158 2367 δε
1176 2334 1243 2366 Vas-

184 2372 267 2403 salios
280 2372 389 2402 Tener-i
406 2372 440 2402 &
453 2370 606 2401 Observari
623 2372 722 2408 faciet,
741 2381 824 2409 prout
839 2373 867 2401 in
882 2372 986 2402 eisdem
1001 2374 1181 2410 continetur,

221 2410 303 2442 Bona
317 2410 385 2442 Fide
395 2433 404 2448 ,
422 2411 455 2441 &
469 2410 523 2441 abs
538 2419 572 2440 ue
587 2411 669 2440 omni
683 2410 880 2450 Deceptione,
899 2410 1004 2447 Maiori
1018 2411 1146 2443 Civitatis
1161 2411 1242 2444 Baio-

183 2458 230 2480 nae
242 2449 344 2487 faciet,
361 2450 432 2479 inter
449 2448 525 2479 Nata
536 2458 551 2478 e
565 2447 685 2478 Domini
702 2450 863 2487 proximum
877 2450 909 2480 ὃ(
918 2449 1047 2480 Primum
1057 2450 1145 2481 Diem
1155 2450 1244 2482 Men-

185 2487 220 2517 sm
237 2488 333 2518 Martii
347 2496 416 2518 tunc
435 2488 567 2524 proximo
579 2489 731 2526 sequentis,
751 2487 857 2518 realiter
871 2489 905 2519 &
921 2498 990 2518 cum
1005 2488 1111 2520 effeetu
1127 2491 1246 2527 liberari,

184 2525 349 2558 dummodo
364 2526 520 2556 consimiles
538 2526 654 2555 Litteras
661 2525 911 2564 Confirmatorias,
931 2527 1128 2566 Laudatorias,
1143 2529 1245 2568 &Ap-

185 2566 358 2604 probatorias
372 2565 550 2604 Treugarum
564 2563 792 2595 Christianiffimi
813 2568 890 2602 Regis
911 2565 1024 2603 Angllae
1051 2564 1090 2601 &⁴
1107 2570 1246 2606 Franciae,

187 2602 227 2639 (β’
241 2607 352 2634 Domini
369 2604 526 2641 Hiberniae,
545 2604 659 2642 recipiat
673 2603 708 2633 ab
722 2603 823 2634 eodem
838 2603 962 2641 Majore.

229 2678 262 2710 ln
277 2691 402 2720 quorum
418 2682 549 2712 omnium
565 2680 597 2712 ὅσ
622 2680 795 2719 singulorum
816 2679 1032 2711 Testimonium
1051 2688 1134 2720 atque
1148 2681 1249 2712 Fidem

190 2717 278 2757 Nos,

230 2798 357 2835 Samius,

229 2837 343 2872 Petrus,

229 2872 268 2903 Et
285 2876 384 2902 Frater
402 2870 562 2910 Johannes,

229 2911 468 2981 Rmbaffiatores,
486 2909 541 2942 five
556 2910 590 2941 N
593 2911 688 2948 uncii,
705 2911 737 2941 &
756 2910 957 2942 Procuratores
972 2910 1115 2952 praediffl,

259 2960 294 2988 c,

233 2991 277 3019 W
275 2987 417 3025 illielmus,

233 3026 391 3064 Radulphus

234 3065 271 3095 Et
292 3048 474 3102 Williefmus,

234 3103 430 3133 Commissarii
444 3101 571 3141 praedicti
580 3125 589 3140 ,

234 3142 329 3181 sigilla
346 3141 440 3171 nostra
458 3140 641 3172 Praesentibus
661 3139 845 3197 apposuimus.

234 3180 302 3211 Dat⁴
323 3179 447 3210 London.
466 3179 572 3209 octavo
591 3180 637 3210 die
656 3179 836 3209 novembris
848 3201 858 3216 ,
882 3177 970 3209 Anno
996 3178 1119 3209 Domini
1138 3178 1257 3210 Millefi-

200 3229 270 3258 mo,
288 3216 592 3257 QiadringentesimO,
610 3218 759 3248 tricesimo.
1100 3220 1102 3225 ’

783 3293 969 3324 NORW1c.

786 3332 1076 3362 CRoMEWELL.

786 3369 1080 3408 LYNDEWODE,

236 3295 500 3326 Asa-muciam.

229 3334 412 3364 Peritos
432 3332 648 3362 CARILLo.

237 3370 674 3409 FRATERJOHANNE&

202 3448 257 3480 Sub
265 3447 379 3489 fingulis
395 3446 493 3485 Sigillis
512 3445 744 3485 Amhaffiatorum
761 3444 799 3480 ὠ
814 3446 1060 3487 Commifflzriorum.

240 3486 424 3528 Confirmatur
438 3486 495 3516 haec
512 3489 615 3523 Treuga
632 3496 666 3514 ex
678 3491 759 3523 parte
775 3487 863 3521 Regis.

239 3525 331 3556 Teste
338 3522 458 3564 praefhto
478 3524 586 3564 Custode
604 3524 676 3562 apud
691 3522 797 3563 Wstm.
815 3533 852 3554 xv
871 3522 917 3553 die
933 3521 1121 3554 Novembris.

242 3655 269 3682 ἢ*
289 3658 337 3690 De
358 3654 526 3688 ‘Traflando
549 3666 615 3687 cnm
638 3652 766 3702 Regibus
790 3660 968 3701 Aragonum
995 3658 1030 3693 (α’-
1056 3658 1218 3688 Navarrae.

262 3738 329 3770 EX
346 3739 508 3778 Omnibus,
525 3740 558 3771 ad
577 3749 662 3779 quos,
682 3741 743 3772 &c.
763 3739 896 3771 Salutem.

300 3777 395 3808 Sciatis
410 3779 488 3817 quod
502 3779 586 3816 Nos,

244 3814 293 3845 De
311 3814 486 3858 Discretione
500 3819 532 3849 δε
545 3815 697 3854 industria,
717 3815 889 3847 Venerabilis
910 3817 940 3846 in
961 3816 1078 3847 Christo
1094 3816 1198 3855 Patris,
1217 3818 1259 3846 E-

205 3852 299 3892 piscopi
319 3855 470 3894 Bayocenfis
486 3879 495 3893 ,
520 3866 552 3886 ac
573 3855 744 3886 dileetorum
767 3856 801 3886 δε
822 3854 942 3886 fidelium
963 3855 1125 3886 nostrorum
1151 3854 1257 3885 Thomae

208 3930 252 3962 Le
272 3941 321 3960 um
337 3929 492 3968 Doctoris,
508 3933 629 3969 plenarie
644 3931 834 3970 confidentes,

268 3968 364 3998 osdem
373 3992 382 4006 ,
402 3967 597 4001 venerabilem
607 3973 732 4007 Patrem,
749 3969 892 4008 Thomam,
905 3968 1162 4008 &Johannem‚ac
1172 3970 1257 4000 Duos

202 4008 390 4045 eorumdem,
418 4006 567 4046 Fecimus,
584 4008 810 4045 Censtituimus,
828 4007 1014 4045 creavimus,
1029 4009 1073 4038 seu
1096 4010 1182 4039 etiam
1197 4007 1258 4038 Or-

199 4045 359 4076 dinavitnus
381 4044 492 4074 nostros
509 4055 609 4084 verm,
629 4057 738 4085 certos,
755 4047 925 4085 legittimos,
944 4047 978 4077 &
994 4046 1162 4077 indubitatos
1184 4047 1257 4077 Pro-

199 4093 357 4127 curatores,
376 4083 514 4127 ᾼᾶοτεε,
534 4084 729 4122 Negotiorum
746 4085 898 4125 Gestooes,
915 4095 948 4117 ac
969 4085 1054 4116 etiam
1067 4084 1203 4117 Nuncios
1220 4085 1255 4117 &

197 4121 416 4154 Commissarios
429 4120 541 4153 nostros
554 4123 699 4162 speciales3
715 4124 846 4154 videlicet
856 4147 865 4161 ,

1272 241 1745 284 PUBLICA⁴
2248 245 2324 292 167

1307 327 1352 357 Ad
1370 327 1582 366 Tractandum,
1609 326 1826 365 Ordinandum,
1844 325 2078 364 Disponendum,
2100 324 2322 364 Invenicndurn,
2340 329 2415 361 Αηη,
2430 327 2473 358 D.

1269 364 1440 395 Faciendum
1451 388 1460 403 ,
1475 365 1731 409 Contrahendum,
1751 366 1783 396 ὃς
1801 365 2040 409 Concludendum
2050 387 2058 402 ,
2079 365 2214 407 perpetuo
2229 363 2273 393 vel
2288 366 2320 407 ad
2363 376 2449 408 1430.

1271 412 1380 442 tempus
1387 426 1396 441 ,
1416 403 1514 433 nostro
1529 404 1683 442 Nomine,
1702 405 1734 434 &
1748 413 1799 447 pro
1813 403 1928 441 Nobis,
1946 403 1991 432 Re
2011 413 2051 432 nis
2072 403 2172 432 nostris
2195 401 2319 431 Franciae
2342 414 2405 437 Hm.
2425 408 2456 434 6.

1268 443 1302 510 ἒς
1313 442 1445 486 ,Αηςιίειῆ
1463 444 1496 473 &
1521 442 1667 472 Dominiis
1688 441 1804 480 nostris,
1822 451 1854 472 ac
1868 450 1920 481 pro
1942 451 1982 470 no
2010 442 2045 471 ris
2058 440 2182 470 Vassallis
2196 441 2229 471 &
2247 439 2322 470 Sub—

1290 489 1331 510 itis

1307 503 1385 548 Ct'im
1396 541 1405 556 ,
1423 517 1606 548 Sereniffimis
1618 516 1809 556 Principibus,
1829 518 1967 548 Fratribus
1981 527 2013 547 ac
2033 515 2252 556 Consanguineis
2267 525 2322 545 no-

1270 555 1330 585 stris
1347 555 1566 594 praecariffimis,
2171 556 2173 558 ’

1307 594 1443 634 Alfonsb,
1463 593 1520 624 Dei
1533 593 1635 632 gratia,
1652 596 1827 631 Aragonum,
1846 593 1957 631 Siciliae,
1974 591 2122 630 Valenciae,
2137 590 2197 626 &c.
2217 594 2304 630 Rege,

1273 633 1461 704 S'ZIOhange’
1476 632 1574 663 eadem
1592 631 1708 670 Gratia,
1722 635 1791 670 Rege
1812 634 1972 668 Navarrae,
1991 629 2106 669 Infante
2121 633 2270 668 Aragoniae
2287 628 2326 664 &-

1292 682 1323 700 lc]
1335 683 1368 700 1ae
1434 682 1462 699 Ἔ.

1311 709 1348 740 Et
1371 695 1502 739 bomina
1524 706 1668 745 Blanchd,
1685 707 1762 738 dieta
1782 706 1896 747 Gratia,
1914 706 2033 745 Regina,
2050 706 2174 737 Haerede
2196 706 2229 737 &
2254 706 2327 738 Pro-

1272 747 1399 787 prietaria
1410 747 1478 777 dieti
1495 747 1591 785 Regni
1606 746 1639 775 N
1643 756 1765 785 avarrae,
1783 747 1845 777 ὅτε.

1311 784 1420 824 Simul,
1440 786 1484 815 seu
1502 785 1666 822 vseparatim,
1681 793 1734 821 pro
1755 784 1830 823 ipsis,
1851 793 2006 822 eorumque
2025 783 2054 813 R
2090 784 2148 821 nis,
2167 783 2200 814 ὃ(
2221 783 2327 813 Domi-

1272 825 1341 892 pilils,
1359 823 1526 854 Haeredibus
1536 846 1545 862 ,
1560 824 1593 855 ὃς
1606 822 1815 854 Succefforibus
1830 823 1897 861 suis,
1914 832 1948 853 ac
1963 832 2060 852 eorum
2074 822 2196 852 bubditis
2209 823 2242 852 &
2255 820 2326 853 Vas·

1282 873 1297 892 a
1319 873 1339 892 is

1310 885 1439 931 N’ecnon
1456 911 1524 932 curn
1538 911 1658 940 eorum,
1675 901 1719 932 seu
1733 898 1840 929 alterius
1858 897 2024 928 eorumdem
2043 897 2178 936 Regum,
2196 897 2327 928 &etiam

1273 937 1412 978 Regince,
1434 940 1640 979 Procuratore,
1663 939 1708 970 seu
1729 937 1977 974 procuratoribus,
2006 935 2183 973 Nunciisque
2205 935 2329 972 speciali-

1272 976 1342 1016 bus,
1356 979 1435 1009 abeis
1451 980 1631 1016 conjunffim
1645 978 1690 1009 vel
1699 977 1808 1008 divisim
1824 975 1988 1006 habentibus
1997 975 2032 1005 ad
2040 972 2210 1013 Infrascripta
2218 974 2329 1011 plenam

1276 1015 1308 1045 ὃς
1329 1015 1516 1048 sufficientem
1533 1017 1723 1054 potestatem,

1312 1054 1517 1093 Quoscumque
1538 1055 1687 1086 Traeiatus
1699 1077 1709 1092 ,
1728 1051 2013 1089 Confoederationes‚
2030 1049 2130 1088 Pana,
2149 1048 2330 1080 Conventio-

1273 1101 1339 1130 neS,
1359 1093 1532 1131 Alligantias,
1549 1095 1711 1131 Amicitias,
1729 1091 1895 1129 pactiones,
1912 1089 2128 1127 Promiffiones,
2147 1088 2279 1126 Foedera,
2295 1089 2329 1119 &

1273 1129 1420 1168 Ligamina
1435 1141 1639 1169 quaecumque,
1659 1131 1695 1162 Et
1710 1131 1806 1160 omnia
1819 1129 1869 1159 alia
1889 1130 1922 1160 &
1937 1127 2054 1166 singula,
2071 1136 2134 1166 quae
2157 1127 2187 1156 in
2203 1126 2332 1157 Praemis-

1271 1168 1302 1197 sis
1315 1169 1347 1199 ὃς
1364 1170 1437 1199 circa
1454 1169 1597 1201 Prae‘miff:
1619 1168 1765 1200 neceffaria
1780 1168 1881 1197 fuerint
1901 1167 1944 1197 seu
1965 1176 2049 1197 etiam
2070 1173 2227 1203 oportuna,
2244 1173 2330 1202 prout

1271 1206 1332 1244 ips1s
1360 1207 1608 1247 Procuratoribus,
1626 1209 1682 1238 sive
1706 1205 1916 1237 Commiffariis
1931 1229 1941 1244 ,
1963 1214 2009 1236 aut
2044 1204 2169 1243 ipsorum
2201 1203 2329 1234 Duobus

1273 1244 1408 1312 (fquorum
1427 1246 1594 1314 Ρςῖζιεὼᾶυτη
1611 1245 1770 1285 Johannem
1787 1242 1895 1274 Gentill
1906 1253 1996 1276 unum
2012 1243 2069 1273 effe
2085 1243 2224 1278 volumus)
2241 1242 2331 1273 visum

1289 1292 1358 1313 uerit
1371 1293 1403 1313 ex
1425 1294 1439 1313 e
1459 1294 1513 1320 ire,

1311 1294 1423 1351 Damuf}
1437 1322 1545 1361 insuper
1567 1321 1601 1351 ὅ(
1617 1320 1813 1352 Concedimus
1835 1320 1917 1351 dietis
1935 1318 2170 1350 Procuratoribus
2190 1318 2329 1349 &Com-

1276 1360 1400 1389 missariis
1415 1359 1531 1398 nostris,
1551 1360 1584 1390 &
1599 1369 1702 1391 eorum
1719 1359 1858 1397 Duobus,
1878 1368 1908 1389 ut
1946 1358 2102 1394 raedicitur,
2122 1358 2232 1395 plenam
2248 1358 2281 1388 &
2301 1357 2334 1386 li-

1275 1397 1371 1427 beram
1384 1398 1556 1429 Potestatem
1569 1398 1602 1429 ὃ(
1617 1397 1732 1435 speciale
1748 1396 1917 1427 Mandatum
1957 1396 2076 1426 raemissa
2088 1396 2185 1425 omnia
2198 1396 2229 1426 &
2242 1395 2335 1433 fingu-

1274 1437 1336 1474 gula
1346 1458 1355 1473 ,
1370 1446 1439 1466 curn
1454 1436 1686 1474 Dependentibus
1698 1445 1732 1467 ex
1748 1436 1804 1472 eis,
1821 1434 2056 1474 Emergentibus,
2072 1433 2282 1472 IncidentibuS,
2299 1434 2333 1464 &

1276 1474 1438 1513 Connexis,
1457 1474 1605 1513 Faciendi,
1621 1474 1781 1511 Firmandi,
1802 1473 1987 1511 Roborandi,
2003 1483 2036 1503 ac
2045 1473 2128 1502 etiam
2143 1472 2270 1504 Vallandi
2286 1480 2334 1509 per

1272 1512 1491 1552 juramentum,
1507 1513 1553 1544 vel
1562 1513 1741 1551 Juramenta,
1759 1520 1805 1542 aut
1815 1510 1877 1542 alias
1890 1511 2148 1549 qualitercumque,
2164 1519 2246 1548 prout
2263 1519 2336 1547 prae-

1275 1550 1357 1581 dictis
1372 1550 1604 1582 Procuratoribus
1618 1552 1673 1582 five
1686 1549 1893 1581 Commiffiriis
1909 1548 2026 1587 nostris,
2044 1557 2091 1579 aut
2111 1548 2234 1586 ipsorum
2249 1547 2336 1580 Duo-

1278 1590 1330 1619 bus
1346 1589 1502 1628 praedietis,
1521 1590 1612 1621 visum
1626 1590 1708 1620 fuerit
1721 1588 1870 1627 expedire,

1318 1627 1396 1666 Qae
1411 1630 1509 1658 omnia
1524 1629 1557 1659 &
1573 1628 1675 1667 singula
1690 1626 1842 1665 supradicta
1851 1649 1860 1665 ,
1879 1635 1926 1664 per
1940 1626 2071 1665 praefatos
2086 1624 2284 1655 Procuratores
2291 1623 2337 1656 seu

1280 1664 1499 1696 Commiffarios
1518 1666 1647 1703 nostros,
1662 1675 1709 1697 aut
1726 1665 1810 1696 Duos
1832 1665 1999 1694 eorumdem
2021 1663 2188 1702 praedidtos,
2207 1663 2339 1694 Tranata

1280 1704 1326 1734 vel
1340 1703 1515 1741 Traetanda,
1532 1704 1555 1734 F
1557 1706 1654 1735 irmata
1671 1703 1717 1735 vel
1731 1702 1754 1733 F
1756 1703 1898 1740 irmanda,
1915 1702 2062 1732 Roborata
2081 1701 2126 1731 vel
2141 1701 2338 1739 Roboranda,

1279 1741 1385 1772 Vallata
1398 1742 1444 1773 vel
1461 1741 1611 1781 Vallanda,
1627 1743 1673 1773 seu
1688 1742 1750 1772 alias
1766 1741 1922 1778 Facienda,
1941 1742 1969 1770 in
1978 1739 2148 1777 Praemiffis,
2166 1739 2200 1771 δε
2213 1740 2288 1770 circa
2302 1748 2336 1770 ea

1279 1781 1313 1810 &
1335 1790 1434 1810 eorum
1469 1782 1631 1821 quodlibet,
1656 1779 1850 1811 Promittimus
1864 1802 1873 1817 ,
1898 1780 1926 1809 in
1947 1778 2045 1809 Verbo
2069 1778 2182 1821 Regio,
2209 1777 2338 1815 Ratum,

1280 1818 1420 1857 Gratum,
1439 1820 1472 1850 &
1486 1820 1614 1851 Firmum
1630 1829 1682 1849 nos
1701 1820 1839 1857 perpetuo
1854 1818 2012 1856 habituros,
2027 1827 2059 1847 ac
2073 1825 2158 1847 etum
2174 1815 2343 1847 inviolabili-

1282 1866 1324 1888 ter
1338 1857 1493 1888 observare.

1319 1895 1354 1925 In
1370 1896 1467 1934 cujus,
1483 1897 1544 1927 &c.

1281 1971 1316 2003 N
1333 1932 1548 2003 Terlrtlgfizaesato
1563 1933 1671 1974 Custode
1683 1932 1756 1972 apud
1775 1932 2050 1974 Wstmonasterium,
2065 1931 2181 1963 decimo
2202 1931 2278 1962 sexto
2294 1931 2339 1963 die

1318 1981 1373 2002 ove
1466 1995 1473 2003 ⁸
1718 2011 1771 2040 Per
1783 2012 1876 2040 Breve
1890 2010 1922 2040 de
1932 2011 2051 2039 Privato
2065 2007 2163 2047 Sigillo-

1442 2142 1494 2174 De
1520 2136 1661 2181 Potestase
1684 2135 1850 2171 Trae'iandi
1873 2148 1943 2170 cum
1965 2138 2044 2183 Rege
2066 2138 2179 2169 Daciae.

1287 2223 1413 2280 REX
1424 2223 1592 2271 Omnibus,
1609 2223 1644 2254 ad
1660 2233 1747 2262 quos,
1765 2222 1826 2254 &c.
1843 2220 1978 2253 Salutem.

1382 2263 1482 2294 Sciatis
1495 2262 1574 2301 quod
1593 2262 1677 2300 Nos,

2362 2220 2440 2253 Ann.
2451 2222 2492 2252 D:

2387 2269 2475 2300 1430.

1285 2299 1291 2304 ‘
1320 2300 1371 2331 De
1383 2300 1565 2338 discretione,
1583 2301 1755 2331 dileetorum
1770 2299 1953 2336 nostrorum,
1970 2296 2101 2337 Magistri
2110 2295 2251 2328 Wllielmi
2264 2299 2341 2335 Spre-
2358 2302 2410 2329 An.
2424 2309 2453 2333 9.

1285 2350 1338 2370 ver
1359 2340 1471 2380 Legum
1491 2339 1648 2377 Doctoris,
1664 2349 1699 2370 ac
1723 2337 1866 2378 Johannir
1881 2335 2022 2376 Grymesby
2041 2336 2199 2376 Armigeti,
2222 2336 2343 2375 plenarie
2360 2340 2394 2369 Η.
2411 2339 2441 2364 6.

1286 2377 1460 2409 confidentes

1322 2401 1476 2455 Eosdem,’
1489 2415 1684 2454 Wllielmum,
1701 2415 1735 2446 &
1755 2414 1931 2455 Johannem,
1958 2412 2103 2452 Fecimus,
2119 2411 2346 2452 Constituimus,

1286 2455 1467 2493 Creaffimus,
1486 2456 1520 2486 &
1537 2455 1740 2486 Ordinavimus
1755 2454 1867 2484 nostros
1879 2460 1978 2490 veros,
1997 2451 2272 2491 certos,legitimos,
2289 2451 2344 2482 suf-

1285 2494 1409 2525 ficientes
1429 2494 1462 2524 δε
1486 2493 1656 2524 indubitatos
1680 2493 1896 2528 Procuratores,
1914 2490 2052 2529 ractores,
2069 2490 2267 2529 Negotiorum
2283 2489 2347 2522 Ge-

1287 2533 1391 2571 storeS,
1407 2543 1440 2563 ac
1462 2533 1547 2563 etiam
1564 2532 1698 2563 Nuncios
1711 2555 1722 2569 ,
1741 2529 1981 2567 Ambaffiatores,
2000 2529 2033 2561 &
2056 2528 2276 2561 Commissarios
2294 2538 2349 2560 no-

1288 2572 1359 2602 stros
1373 2571 1518 2609 speciales,
1531 2571 1589 2601 viz.

1326 2610 1371 2641 Ad
1385 2609 1599 2647 Tractandum,
1616 2607 1815 2638 Ordinandum
1825 2630 1834 2644 ‚
1849 2605 2066 2644 Disponendum
2076 2629 2086 2644 ,
2100 2605 2279 2644 Ineundum,
2297 2605 2351 2636 Fa-

1288 2649 1420 2680 ciendum
1430 2671 1440 2686 ,
1469 2647 1704 2678 Contrahendum
1720 2669 1730 2685 ,
1756 2647 1789 2678 &
1814 2645 2074 2683 Concludendum‚
2100 2647 2237 2683 perpetuo
2256 2644 2302 2675 vel
2316 2644 2351 2675 ad

1290 2697 1417 2727 tempus,
1435 2687 1552 2717 nomine
1565 2685 1681 2723 nostro,
1698 2686 1731 2715 &
1743 2694 1795 2722 pro
1808 2684 1928 2721 Nobis,
1946 2683 2072 2722 Regnis‚
2087 2685 2121 2714 δε
2137 2683 2283 2713 Dominiis
2297 2691 2351 2712 no-

1292 2726 1351 2756 stris
1361 2749 1370 2764 ,
1383 2735 1444 2794 &do
1457 2724 1574 2763 Nobis,
1591 2725 1624 2755 ὃς
1634 2722 1846 2754 Successbribus
1859 2721 1979 2760 nostris,
1994 2731 2029 2752 ac
2044 2732 2097 2760 pro
2111 2721 2212 2752 nostris
2227 2721 2351 2752 vassallis

1293 2766 1326 2796 ὅ(
1342 2765 1380 2795 Su
1423 2764 1466 2793 itis

1327 2804 1345 2822 ³*
1362 2802 1461 2839 Cum,
1473 2786 1657 2833 'Sereniffimo
1679 2799 1827 2839 Principe,
1843 2798 1941 2830 Fratre
1961 2798 1994 2829 &
2010 2797 2165 2829 Avunculo
2184 2796 2283 2828 nostro
2303 2807 2351 2828 ca-

1293 2841 1415 2879 rissimo,
1434 2844 1502 2878 Rege
1515 2843 1627 2878 Daciae,
1641 2841 1816 2876 Norwegiae,
1832 2841 1958 2874 Sweciae,
1976 2834 2035 2870 &a
2053 2835 2228 2874 ipfiusqueR
2266 2836 2307 2866 nis
2317 2838 2351 2867 &

1294 2880 1461 2915 Dominiis,
1476 2878 1660 2916 Haeredibus,
1677 2878 1711 2908 &
1724 2876 1933 2908 Successoribus
1949 2873 2020 2912 suis,
2038 2884 2071 2905 ac
2092 2884 2145 2915 pro
2159 2875 2211 2904 suis
2255 2874 2352 2904 affallis

1293 2921 1327 2950 ὃ(
1343 2918 1487 2955 Subditis,
1503 2927 1616 2947 necnon
1630 2925 1698 2946 cum
1714 2916 1794 2952 ipsius
1808 2913 1895 2952 Regis
1911 2912 2111 2951 Procuratore,
2125 2912 2170 2944 seu
2183 2911 2354 2944 Procurato-

1294 2959 1387 2993 ribus,
1407 2955 1588 2992 Nunciisque
1613 2953 1790 2990 specialibus,
1814 2953 1849 2982 ab
1873 2961 1908 2981 eo
1931 2951 2097 2982 habentibus
2118 2951 2154 2982 ad
2179 2950 2354 2989 Infrascripta

1295 2996 1407 3034 plenam
1423 2994 1456 3023 &
1470 2992 1654 3023 sufficientem
1669 2990 1854 3028 Potestatem,

1334 3031 1540 3071 Qioscumque
1562 3030 1730 3067 Tractatus,
1746 3027 2026 3064 Confoederationes,
2047 3025 2148 3066 Pacta,
2167 3025 2352 3059 Conventio-

1295 3082 1362 3107 nes,
1395 3069 1571 3107 Alligantias,
1592 3068 1754 3105 Amicitias,
1780 3066 1943 3102 Paniones,
1969 3065 2171 3096 Promiffiones
2181 3088 2191 3104 ,
2213 3066 2350 3104 Foedera,

1298 3112 1331 3141 &
1347 3109 1490 3147 Ligamina
1506 3115 1694 3146 quaecumque
1709 3107 1741 3137 &
1751 3106 1848 3135 omnia
1860 3105 1910 3134 alia
1923 3105 1957 3135 &
1973 3104 2091 3143 singula,
2107 3113 2171 3143 quae
2185 3105 2214 3133 in
2223 3104 2354 3136 Praemis-

1297 3149 1329 3178 sis
1343 3149 1376 3178 ὅ(
1389 3148 1463 3177 circa
1481 3145 1624 3176 Praemiffa
1638 3143 1788 3176 necessaria
1801 3143 1903 3174 fuerint
1923 3142 1967 3173 seu
1988 3144 2072 3173 etiam
2095 3150 2251 3182 oportuna,
2271 3151 2352 3182 prout

1299 3187 1360 3224 ipsis
1382 3184 1632 3221 Procuratoribus,
1657 3181 1927 3220 Ambaffiatoribus,
1950 3181 2006 3212 five
2026 3180 2230 3212 Commiffiriis
2253 3181 2354 3212 nostris

1295 3224 1385 3256 visum
1401 3223 1481 3253 suerit
1495 3222 1638 3260 expedite,

1335 3262 1445 3292 Damus
1461 3261 1566 3299 insuper
1583 3261 1615 3290 ὃ(
1629 3258 1826 3289 Concedimus
1840 3256 2179 3295 dietisProcuratoribus,
2196 3257 2252 3288 five
2259 3256 2352 3288 Com-

1296 3300 1422 3330 misiariis
1437 3299 1552 3336 nostris,
1568 3298 1678 3338 plenam
1692 3299 1725 3329 &
1740 3297 1856 3326 liberam
1871 3295 2042 3326 Potestatem
2058 3296 2091 3326 &
2105 3295 2219 3333 speciale
2231 3295 2352 3326 Manda-

1296 3348 1361 3371 tum
1377 3337 1520 3368 Praemissa
1542 3337 1640 3367 omnia
1663 3336 1695 3366 ὃ(
1719 3335 1839 3373 singula,
1855 3343 1924 3364 cum
1944 3333 2177 3371 Dependentibus
2191 3343 2223 3364 ex
2239 3335 2294 3372 eis,
2311 3333 2352 3364 E-

1296 3377 1482 3415 mergentibus
1498 3397 1507 3413 ,
1532 3374 1737 3410 IncidentibuS,
1761 3374 1794 3403 &
1825 3371 1988 3410 Connexis,
2015 3372 2161 3411 Faciendi,
2187 3372 2351 3410 Firmandi,

1295 3414 1482 3451 Roborandi,
1499 3424 1532 3444 ac
1546 3415 1629 3444 etiam
1644 3411 1768 3443 Vallandi
1782 3421 1831 3451 per
1840 3409 2038 3448 Juramentum
2049 3410 2095 3441 vel
2106 3409 2286 3449 Juramenta,
2303 3420 2350 3441 aut

1295 3456 1358 3486 alias
1372 3453 1626 3491 qualitercumque,
1644 3459 1726 3487 prout
1743 3449 1883 3487 praedictis
1896 3448 2164 3487 Ambaffiatoribus,
2179 3448 2352 3480 Procurato-

1295 3494 1383 3529 ribus,
1402 3491 1455 3522 sive
1471 3489 1594 3520 Nunciis
1612 3488 1715 3519 nostris
1728 3487 1817 3517 visum
1830 3487 1912 3517 fuerit
1929 3487 2074 3525 expedire,

1336 3532 1414 3569 Quae
1426 3529 1522 3560 omnia
1538 3529 1571 3560 ὃς
1593 3527 1701 3564 singula
1721 3525 1873 3564 supradidta
1909 3534 1957 3563 per
1972 3526 2101 3563 praefatos
2120 3524 2350 3563 Cemmissarios,

1297 3569 1512 3605 Procuratores,
1528 3568 1583 3597 sive
1599 3566 1732 3597 Nuncios
1751 3564 1860 3594 nostros
1882 3547 2017 3594 ³rraetata
2038 3565 2081 3595 vel
2095 3564 2256 3594 Tractanda
2290 3563 2349 3593 Fir-

1299 3617 1371 3638 mata
1387 3607 1430 3638 vel
1447 3605 1614 3642 Firmanda,
1632 3603 1781 3634 Roborata
1793 3602 1837 3632 vel
1853 3600 2045 3641 Roboranda,
2064 3601 2169 3632 Vallata
2181 3602 2225 3632 vel
2239 3586 2352 3632 V³allan-

1297 3648 1349 3683 da,
1367 3645 1410 3675 seu
1424 3644 1484 3673 alias
1499 3643 1635 3674 Facienda
1648 3643 1676 3671 in
1692 3640 1855 3677 Praemiffis,
1873 3641 1906 3671 &
1920 3641 1995 3671 circa
2011 3650 2061 3678 ea,
2078 3641 2111 3671 &
2125 3649 2224 3671 eorum
2238 3639 2348 3678 quodli-

1298 3687 1363 3722 bet,
1387 3682 1583 3712 Promittimus
1604 3680 1689 3717 Nos,
1707 3680 1735 3709 in
1760 3678 1857 3709 Verbo
1882 3677 1996 3716 Regio,
2015 3678 2138 3715 Rarum,
2155 3677 2296 3717 Gratum,
2313 3678 2348 3709 δε

1297 3724 1428 3755 Firmum
1443 3722 1578 3758 perpetuo
1591 3719 1749 3756 habituros,
1766 3726 1799 3748 ac
1815 3717 1901 3747 etiam
1916 3717 2112 3749 inviolabiliter
2129 3715 2276 3747 observari.

1335 3760 1367 3791 In
1381 3760 1459 3790 cu‘us
1494 3760 1556 3788 &c.

1351 3769 1440 3830 Test¹e
1453 3781 1572 3835 ssraefam
1588 3794 1697 3835 custode
1714 3793 1788 3832 apud
1801 3792 1907 3833 Wstm.
1926 3794 2000 3824 xxiv.
2014 3792 2060 3824 dte
2072 3791 2263 3824 Novembris.

1781 3871 1836 3899 Per
1852 3870 1945 3899 Breve
1964 3869 1996 3899 de
2014 3871 2133 3900 Privato
2148 3867 2248 3907 Sigillo-

2397 2375 2462 2405 lbid.

2369 2806 2502 2844 *X.÷730
