2562 4274
783 181 894 225 ET
979 183 1241 226 ACTA

32 269 109 303 Ann.
128 267 168 300 D·
223 267 266 301 Et*
277 269 363 308 Nos,
381 265 529 308 Henricus,
547 268 605 299 Dei
619 267 719 300 Gratis*⁴
732 288 742 308 -,
765 267 825 300 Rex
838 268 967 308 Angliae,
985 272 1079 300 Haeres
1094 269 1132 305 (θ’
1146 273 1246 308 Regem

54 318 140 349 1421.
183 310 269 346 Regni
280 311 417 345 Franciae‚
435 308 473 343 ὠ
488 311 620 338 Dominus
632 308 787 346 Hiberniae,

36 354 98 377 Hm.
117 357 145 384 5.
222 347 367 378 Habentes
375 353 480 377 certam
496 348 530 377 &
545 346 728 377 indubitatam
750 347 881 375 notitiam
900 345 936 376 de
950 345 1041 384 Pace,
1059 349 1127 378 inita
1144 349 1177 379 δε
1192 347 1239 377 fir-

185 394 258 416 mata
272 386 343 415 inter
359 386 434 422 Nos,
454 386 509 414 five
523 385 683 422 Deputatos
698 384 826 421 nostros,
842 393 876 414 ex
891 385 946 414 una
967 394 1059 422 parte,
1076 387 1128 424 &,
1147 386 1240 423 Egre-

185 426 248 464 gios
262 422 347 454 Viros
381 423 543 461 Raphaelem
558 422 688 461 spinula,
706 423 739 453 &
760 422 924 460 Stephanum
944 423 1077 453 Lomelini
1091 448 1100 461 ,
1122 424 1241 455 Ambas-

186 463 297 493 fiatores
308 483 318 499 ,
359 461 557 491 ‘ommissarios
571 485 580 498 ,
606 462 640 491 &
661 461 693 490 N
699 462 798 491 uncios
818 461 888 491 dieti
905 461 1052 501 Magnifici
1067 463 1102 493 &
1116 462 1241 493 Potentis

186 500 248 531 Viri
262 499 368 529 Thomae
383 500 415 529 de
430 499 627 539 Campofregoso
639 498 818 538 Januexfium
832 502 915 529 Ducis
929 501 963 531 &
976 500 1241 532 NobilisCommu-

182 539 224 569 nis
236 537 335 575 Januae
368 547 401 568 ex
414 538 514 576 altera,

182 614 200 646 s
223 576 314 615 Cujus
334 560 413 607 Pacis
433 576 587 615 Capitula',
613 575 649 605 de
669 576 759 607 verbo
780 577 811 606 iii
826 577 968 616 verbum,
984 576 1108 615 superius
1120 577 1181 608 sunt
1198 578 1241 606 in-

195 624 250 646 erta

226 638 276 684 D}
289 654 365 684 certa
376 653 505 690 scientia,
522 653 556 682 &
571 651 650 682 nuno
665 675 675 690 ,
697 652 772 691 juris
795 653 842 683 seu
856 653 950 691 Fani,
970 653 1074 684 errore
1088 653 1184 691 ducti,
1201 652 1243 682 di-

189 692 266 722 etam
282 692 388 723 Pacem
405 694 438 723 &
453 689 583 728 Capitula
597 690 676 720 Pacis
698 691 858 729 praediciae,
876 692 999 729 superius
1011 693 1163 729 descripta,
1181 700 1243 730 gra-

187 738 278 761 tanter
292 740 361 761 acce
381 738 468 759 tantes
481 752 491 767 ,
520 728 751 766 Approbavimus
763 752 773 768 ‚
792 730 1019 769 Ratificavimus,
1034 730 1067 761 δε
1081 729 1244 760 Confirma-

187 777 269 806 mus,
286 769 320 798 &
333 791 342 805 ‚
363 741 549 798 lPraesentium
567 767 685 798 Tenore
699 791 709 806 ,
735 767 937 806 Approbamus
950 793 960 807 ,
983 768 1167 800 Ratificamus
1182 791 1192 807 ,
1209 769 1243 799 &

185 802 422 844 Confirmamus,
1169 826 1171 829 -

223 844 418 874 Decernentes
437 844 544 874 diistam
563 844 670 875 Pacem
684 867 694 883 ,
716 846 746 875 in
769 845 862 876 forma
882 846 928 876 sua
941 869 950 883 ,
972 845 1114 883 nichilque
1128 854 1245 883 praeter-

186 882 287 920 misso,
306 892 355 920 per
375 882 443 912 Nos
458 905 468 920 ,
494 884 527 914 &
549 883 731 920 quoscunque
751 883 931 914 Successores
946 884 1074 920 nostros,
1093 893 1126 913 ac
1139 882 1245 913 Vaffil-

184 922 227 951 los
240 945 250 959 ,
275 920 376 959 Ligeos
391 944 401 959 ‚
424 922 458 952 &
478 921 611 951 Subditos
632 921 744 951 nostros
758 945 768 959 ,
784 923 924 960 perpetuis
939 922 1036 953 futuris
1052 922 1245 960 temporibus,

183 959 377 991 inviolabiliter
393 959 534 991 observari
546 959 657 989 debere.

222 1033 257 1066 In
279 1044 402 1074 quorum
423 1034 555 1064 omnium
575 1033 610 1076 &
631 1034 804 1073 singulorum
825 1037 910 1067 fidem
933 1037 967 1068 δε
988 1036 1182 1068 testimonium
1197 1038 1246 1068 lias

185 1074 292 1105 nostras
306 1074 436 1103 Patentes
451 1072 557 1103 Literas
572 1071 661 1110 Sigilli
677 1074 766 1105 nostri
781 1075 900 1107 fecimus
917 1076 1088 1114 appensione
1106 1078 1218 1107 muniri.

224 1150 293 1181 Dat.
311 1149 384 1187 apud
401 1147 676 1192 Wstrzzonasterium,
695 1152 832 1183 vicefimo
852 1152 928 1184 sexto
949 1153 996 1183 die
1011 1153 1168 1191 octobris,
1186 1153 1247 1183 An-

187 1200 227 1220 no
248 1189 369 1219 Domini
392 1187 548 1219 Millelimo
561 1213 571 1228 ‚
597 1189 902 1230 Qadringentesimo,
917 1191 1065 1223 Vicesimo
1079 1191 1197 1229 Primo,
1214 1193 1247 1223 &

188 1228 285 1267 Regni
299 1226 388 1257 nostri
403 1225 509 1257 Nono.

695 1269 749 1298 Per
762 1271 855 1299 Breve
869 1269 900 1299 de
914 1271 1034 1298 Privato
1046 1266 1144 1306 sigillo.

472 1389 499 1416 ἕ(
518 1394 566 1424 De
585 1386 776 1434 Restitutione
794 1392 972 1426 Prulluum.

160 1499 167 1505 .
192 1479 247 1534 R
259 1475 325 1545 {a}
353 1479 381 1506 V
382 1479 472 1507 icariis
494 1479 524 1507 in
542 1475 731 1515 Spiritualibus
748 1473 1003 1516 Archiepifiopattis
1017 1476 1249 1518 Rothomagenfir,

315 1522 401 1546 utem.

225 1551 399 1584 Mandamus
420 1553 503 1585 vobis
523 1553 603 1592 quod
615 1576 625 1592 ‚
647 1553 784 1584 dilectum
805 1554 888 1584 nobis
903 1576 913 1592 ,
938 1553 1110 1584 Gullielmum
1123 1556 1251 1592 Euvrie,

177 1591 361 1631 'Magistrum
383 1593 413 1623 in
436 1592 552 1623 Artibus
566 1615 576 1630 ,
598 1594 631 1623 &
647 1592 838 1623 Bachalarium
850 1592 1007 1622 formatum
1021 1593 1052 1622 in
1067 1592 1230 1630 Theologia
1242 1615 1251 1630 ,

161 1652 167 1659 .
187 1640 278 1668 nuper
294 1629 436 1698 (guratum
447 1630 580 1662 Ecclefiae
594 1630 768 1661 Parochialis
781 1629 817 1661 de
831 1629 984 1667 Esprevssla
998 1653 1008 1668 ,
1023 1630 1111 1660 dietae
1126 1630 1251 1662 Dioece-

161 1688 169 1697 .
189 1670 222 1701 sis
257 1677 288 1700 ut
321 1670 369 1700 icit

228 1692 292 1744 ’Qui
307 1692 541 1745 Sacr'amentum,
556 1706 686 1737 debitum
701 1706 736 1737 de
749 1705 943 1737 conservando
957 1707 1122 1744 praesentem
1134 1707 1251 1745 Pacem,

191 1748 265 1776 inter
277 1744 507 1783 praecariffimum
521 1747 634 1774 Patrem
647 1743 765 1785 nostrum
778 1748 901 1775 Franciae
917 1746 951 1777 &
964 1747 1023 1775 Nos
1038 1745 1201 1776 conclusam
1217 1747 1250 1777 ὅ(

187 1783 412 1821 coneordatam,
430 1783 499 1814 fecit
513 1783 547 1814 ὅ(
562 1782 705 1821 praestitit,

221 1822 402 1852 Omnimoda
419 1822 569 1858 Arreragia
581 1821 604 1850 F
606 1821 740 1852 rustuum
755 1823 789 1854 &
804 1821 1002 1853 Proventuum
1018 1822 1088 1853 dieii
1101 1820 1250 1861 Beneficii,

186 1860 248 1896 &c.
263 1868 344 1898 prout
355 1863 384 1888 in
397 1859 522 1898 similibus
535 1860 568 1889 de
581 1857 757 1899 Rqslitutione
772 1863 886 1890 Literis.

187 1938 207 1969 b
223 1898 314 1942 Teste
328 1897 411 1937 Rege
425 1897 500 1936 apud
513 1897 635 1938 Castrum
641 1896 723 1937 ficum
737 1898 898 1938 Rothomagi
906 1921 916 1937 ‚
933 1899 1047 1938 Qarto
1062 1898 1108 1931 die
1115 1898 1254 1930 Novem-

209 1947 254 1966 ris.

546 2064 595 2096 De
613 2061 901 2097 Permutationibus.

35 2149 112 2182 Ann,
125 2149 168 2181 D,
189 2147 277 2204 RE
287 2145 319 2177 X
333 2172 343 2187 ,
368 2147 490 2180 Dileffls
512 2148 562 2178 fibi
584 2148 613 2177 in
624 2147 755 2191 'Christo
769 2173 778 2186 ,
805 2152 915 2179 Decano
929 2148 966 2184 ὠν
982 2149 1103 2189 capitulo
1116 2153 1252 2185 Ecclesiae

58 2197 111 2229 142
120 2201 144 2221 1-
264 2185 433 2226 Collegiatae
447 2189 537 2218 beatae
554 2185 656 2216 Mariae
672 2186 813 2218 Rotonde
827 2187 1023 2227 Rothomagi‚
1042 2191 1176 2223 Salutem.

34 2233 89 2257 Aa,
105 2240 133 2265 9,
227 2223 307 2254 Cum
344 2227 440 2257 dilecti
455 2226 554 2263 nobis,
572 2225 717 2264 Johannes
733 2226 765 2256 de
778 2228 885 2264 Mara,
903 2226 1068 2259 Canonicus
1082 2229 1252 2260 Praebenda-

35 2272 70 2295 H.
90 2278 119 2304 5.
191 2264 285 2308 tusin
305 2248 430 2295 ficclesia
451 2263 584 2308 praedie'ca
604 2263 847 2308 Rothomagenfis
866 2264 1009 2296 Dioecesis
1023 2290 1032 2303 ,
1058 2269 1092 2299 δε
1114 2268 1252 2307 Magister

35 2307 103 2334 md,
117 2317 154 2336 m,
191 2302 305 2338 Egtdius
319 2304 350 2332 de
364 2306 484 2342 Campis,
505 2303 676 2332 Licentiatus
694 2312 722 2332 in
739 2303 863 2341 Legibus
876 2327 886 2341 ,
912 2303 1034 2334 Curatus
1049 2305 1183 2337 Ecclesiae
1198 2307 1251 2337 Pa-

35 2354 81 2373 21,
192 2340 321 2371 rochialis
335 2341 372 2372 de
384 2341 473 2372 Piron
487 2339 710 2371 Constantiensis
724 2341 866 2372 Dioecesis
876 2365 885 2378 ‚
904 2342 1043 2373 Beneficia
1059 2344 1103 2374 sua
1115 2346 1249 2384 praedicta

191 2378 354 2417 intendant,
369 2388 400 2410 ut
410 2380 548 2418 asserunt,
567 2379 729 2409 adinvicem
743 2378 896 2411 Canonice
912 2381 1092 2420 Permunne,

229 2416 297 2447 Nos
318 2418 412 2449 diebos
435 2417 645 2448 Canonicatum
667 2419 701 2449 ὃς
723 2416 911 2448 Praebendam
924 2442 934 2456 ,
953 2430 1002 2456 per
1018 2421 1250 2460 Relignationem

189 2455 321 2493 praediffl
343 2456 507 2496 Johannis,
533 2465 568 2487 ex
591 2456 669 2486 causa
690 2456 852 2494 hujusmodi
867 2457 1083 2490 permutationis
1099 2461 1251 2502 faciendae,

189 2503 318 2525 vacantes
332 2496 366 2527 ὃς
379 2496 410 2525 in
426 2494 565 2526 Manibus
577 2494 679 2526 nostris
695 2495 781 2532 pleno
792 2495 860 2534 jure
872 2496 1018 2527 existentes
1027 2521 1035 2535 ,

228 2532 365 2570 Quorum
385 2534 501 2572 quidem
524 2532 717 2564 Canonicatfis
739 2535 771 2564 &
792 2534 959 2565 Praebendae
972 2534 1096 2568 Collatio
1110 2540 1143 2569 ὃς
1155 2541 1251 2570 omni-

187 2573 275 2601 moda
291 2570 446 2611 Dispositio
461 2573 544 2602 nobis
559 2572 711 2603 noscuntur
725 2573 880 2611 pertinere,

224 2608 348 2640 Praefaro
360 2611 475 2649 Egidio,
494 2620 563 2642 cum
578 2610 753 2650 suisJuribus
768 2611 801 2641 δε
814 2610 990 2643 Pertinentiis
1006 2615 1137 2645 universis
1153 2639 1163 2654 ,
1183 2621 1252 2647 Con-

182 2646 300 2687 ftrimus
315 2650 349 2680 &
362 2653 502 2679 Donamus
510 2672 520 2688 ‚

225 2686 395 2718 Mandantes
415 2688 499 2718 vobis
518 2695 653 2725 quatenus
673 2687 762 2725 ipsum
780 2689 908 2726 Egidium
921 2713 930 2726 ‚
949 2689 995 2720 seu
1009 2691 1066 2728 ejus
1082 2691 1253 2724 Procurato-

189 2734 252 2754 rem
263 2749 271 2762 ,
289 2726 318 2755 in
332 2725 519 2764 Corporalem
536 2725 743 2756 possessionem
756 2726 902 2757 distorum
919 2727 1113 2760 Canonicatcis
1127 2733 1160 2763 &
1176 2732 1252 2763 Prae,

188 2763 358 2830 bessi-dae‚·ex
374 2765 452 2796 causa
466 2764 617 2804 praedic'lta,
635 2766 745 2803 ponatis
758 2766 791 2796 &
805 2765 957 2805 inducatis,
976 2767 1021 2798 seu
1035 2770 1104 2806 poni
1123 2771 1156 2801 δε
1169 2771 1254 2803 indu—

189 2810 217 2831 ci
245 2811 351 2839 aciatis,

226 2838 379 2878 Ipsumque
391 2842 418 2870 in
434 2840 620 2872 Canonicum
635 2842 668 2873 ὃς
684 2842 808 2873 Fratrem
823 2843 975 2880 recipiatis,
995 2843 1113 2875 Stallum
1128 2847 1155 2876 in
1170 2847 1253 2880 Cho-

189 2887 242 2914 10,
260 2879 294 2909 ὃς
311 2879 427 2909 Locum
442 2881 471 2909 in
484 2879 621 2917 Capitulo
631 2904 640 2916 ,
657 2890 740 2917 prout
756 2882 843 2911 moris
857 2881 915 2919 est,
934 2881 1097 2920 assignantes
1112 2885 1222 2925 eidem,

227 2916 358 2947 Necnon
378 2917 469 2955 ipsum
492 2919 618 2955 Egidi'um
638 2919 787 2949 Fructibus
800 2943 809 2956 ,
828 2919 1080 2958 obventionibus,
1098 2923 1236 2955 Proficuis

189 2954 224 2984 &
238 2954 463 2993 Emolumentis‘,
482 2956 515 2985 ad
530 2956 644 2986 eosdem
662 2957 850 2994 spectantibus
864 2981 873 2994 ,
900 2960 940 2988 uti
956 2960 990 2989 &
1004 2961 1123 2997 gaudere
1137 2951 1253 3000 permstff

134 3020 136 3023 .
189 2994 271 3060 tat{s;
289 2994 418 3064 adhibi&
431 2993 680 3035 Soletnpnitatibus
694 2996 726 3025 in
739 2995 836 3026 talibus
852 2995 911 3027 sieri
925 2998 1073 3029 consuetis.

243 3042 261 3060 n
276 3042 352 3070 cujus
420 3043 447 3063 c.

191 3107 212 3139 b
226 3068 317 3114 Teste
336 3055 419 3111 R’ege
437 3071 511 3110 apud
530 3070 655 3110 Calbrum
670 3071 750 3111 ficum
771 3072 947 3111 Rothomagi‚
965 3074 1041 3106 sexto
1056 3076 1102 3107 die
1116 3078 1255 3112 Novem-

214 3116 258 3137 ris„

880 3153 934 3179 Per
947 3149 1030 3190 ipfiaem
1044 3156 1148 3192 Regem.

341 3222 512 3256 Consimiles
527 3222 635 3257 Literas
649 3224 754 3258 habent
768 3225 928 3267 subscripti,
947 3227 1096 3269 videlicet,

230 3300 367 3339 Magister
381 3301 537 3331 Gullielmus
549 3301 574 3331 le
589 3301 692 3331 Hamel
705 3325 714 3340 ,
738 3303 858 3336 Persona
871 3305 1006 3337 Ecciefiae
1022 3306 1117 3338 Sanrf‘ci
1133 3308 1255 3351 Georgii

192 3337 228 3369 de
242 3339 435 3371 Grauanchon
446 3340 685 3384 Rothomagenfis
693 3341 849 3383 Dioecesis,
867 3346 900 3376 &
913 3344 1069 3375 Gullielmus
1081 3346 1105 3376 le
1118 3351 1257 3386 Setgneurs

196 3376 363 3416 capellanus
377 3378 501 3417 Capellae
514 3378 611 3409 Saneti
625 3379 752 3410 Thomae
767 3381 894 3413 Martiris
906 3384 935 3413 in
950 3382 1076 3415 Ecclelia
1089 3385 1255 3420 SanctiAn-

197 3415 289 3447 thonii
302 3417 338 3448 de
351 3416 464 3448 Vienne
477 3417 600 3455 ejusdem
613 3417 773 3457 Dioecefis‚
792 3421 854 3452 ἃς.

211 3530 217 3536 .
231 3491 377 3538 Johqnnes
391 3492 414 3522 le
428 3497 584 3540 Eqnqueron
595 3491 764 3540 Capellanus
778 3493 904 3540 Capellae
925 3493 1023 3528 Sansti
1032 3496 1170 3537 Johannis
1184 3502 1255 3542 Bap-

196 3531 285 3569 tistae,
302 3542 330 3561 iri
345 3531 470 3562 Ecclesia
485 3531 647 3569 Collegiata
660 3531 753 3563 Beatae
769 3532 873 3564 Mariae
894 3534 1036 3566 Medunte
1050 3538 1184 3571 Fundatae
1219 3544 1254 3573 δε

194 3569 351 3608 Radulphus
369 3570 475 3600 Paloun
497 3569 634 3609 Magister
656 3571 686 3601 in
708 3570 823 3602 Artibus
846 3573 880 3604 ὃς
902 3575 930 3603 in
953 3574 1116 3613 Medicina,
1136 3564 1255 3611 Persona

194 3606 330 3676 {egleliae
350 3608 519 3640 Parochialis
540 3609 636 3640 Saneti
655 3608 735 3640 Petri
750 3609 786 3641 de
806 3610 908 3650 Bonge
928 3610 1086 3650 Bajocensis
1098 3614 1254 3658 Dioecesis,

234 3720 330 3765 Petrus
352 3722 478 3763 Sauvage
497 3722 666 3761 Capelianus
679 3747 689 3763 ‚
713 3725 846 3762 optinens
865 3725 1051 3758 Praebendam
1066 3726 1255 3764 Eleemosinae

195 3757 293 3789 Sanni
314 3760 462 3794 Salvatoris
482 3764 512 3793 in
534 3763 662 3794 Ecclefia
680 3762 892 3796 Constantiensi
906 3789 916 3803 ‚
949 3768 983 3797 δε
1005 3770 1204 3805 Inguerrandus
1224 3773 1256 3802 de

195 3800 408 3835 Camporotundo
431 3801 599 3840 Capelianus
622 3801 747 3840 Capellae
767 3803 812 3833 seu
827 3802 872 3833 Ca
892 3804 999 3835 ellaniae
1012 3805 1137 3838 Decima
1149 3809 1185 3840 de
1198 3810 1257 3841 Po-

196 3835 266 3866 terel
279 3836 424 3875 vulgariter
436 3850 606 3879 nuncupatae
614 3840 848 3873 Constancienfis
861 3813 1020 3883 lgioecesis,
1038 3846 1100 3876 &c-

235 3909 394 3942 Gullielmus
420 3915 546 3948 Britains
567 3917 690 3949 Curatus
712 3917 846 3948 Ecclefiae
867 3917 1037 3951 Parochialis
1062 3920 1098 3951 de
1117 3924 1259 3956 Villaban·

199 3949 284 3980 doms
296 3948 522 3985 constanciensis
536 3955 678 3988 Dioecesis
711 3958 744 3988 ὃς
758 3955 907 3986 Nicholaus
926 3961 1007 3995 Ogier
1021 3959 1189 3998 Capellanus
1203 3964 1260 3995 Ca-

199 3987 283 4066 ἔὲἒέῗ
295 3987 526 4059 ἷὲἑιέῖαρεηαηίεε
537 3993 636 4028 Sancti
650 3979 769 4027 Martini
783 3995 862 4033 supra
876 3994 989 4028 Ulnam
1004 3996 1160 4036 Bajocensis
1172 4002 1260 4035 Dioc-

240 4120 314 4151 Yom.
334 4121 383 4150 1V.
404 4120 436 4150 P.
456 4119 505 4157 IV,

2355 290 2433 321 Ann.
2446 287 2488 326 D,

2376 333 2431 368 142
2439 335 2464 359 r'„

2358 371 2421 395 Heri.
2441 378 2468 403 5.

2375 405 2395 426 *Κ
2415 407 2451 434 Χ.

1283 441 1425 502 REX,
1442 447 1599 491 Venerabili
1610 450 1642 493 in
1662 449 1780 482 Christo
1801 453 1891 493 Patri,
1910 455 2032 495 Episc'opo
2047 453 2202 497 Baioceni,
2220 459 2264 491 vel
2278 460 2336 497 ejus
2359 453 2389 479 ¹5
2394 454 2418 479 7·

1354 484 1469 516 Vicario
1483 485 1631 524 Generali,
1648 488 1780 520 Salutem.
2354 487 2403 509 ΑΠ’
2420 492 2448 516 9·

1320 522 1498 560 Quibusdam
1520 527 1602 555 certis
1621 527 1653 556 &
1673 527 1762 557 arduis
1784 529 1818 560 de
1834 531 1935 569 causis,
1951 531 2018 562 Nos
2035 535 2234 573 moventibus,
2251 535 2337 567 vobis
2355 526 2389 547 H.
2411 530 2438 555 5⁶

1284 559 1455 592 Mandamus
1473 563 1552 605 quod
1567 563 1635 607 ‘Vos
1652 565 1938 612 (praefatesspifiope,
1956 571 2000 600 vel
2015 571 2160 611 Vicarie,)
2180 575 2208 603 in
2223 574 2335 613 propria
2352 564 2443 586 Norm.

1283 598 1403 642 Persona
1423 600 1585 644 *vestra-litis
1605 604 1679 646 apud
1698 603 1864 636 Concilium
1883 605 2012 639 nostrum
2034 609 2215 648 Rorhornagi
2263 613 2335 643 infra
2354 602 2385 624 H.
2406 606 2422 630 5
2428 618 2432 623 ’
2445 606 2473 624 '⁷³

1285 637 1462 681 deecim
1486 638 1558 683 pies
1570 662 1580 677 ,
1605 650 1620 670 a
1639 640 1697 670 Die
1718 641 1803 673 Datae
1827 644 2023 682 Praesentium,
2040 649 2072 677 ad
2085 636 2242 680 avisandun'i
2257 650 2337 688 super
2352 646 2397 663 ²⁰·
2410 634 2439 664 d*

1284 684 1366 706 certis
1376 677 1520 720 ¹Negotiis
1535 702 1544 715 ,
1570 678 1723 710 Honorem
1737 704 1747 717 ,
1772 681 1901 713 Laudem
1918 706 1927 720 ‚
1950 685 1983 715 ὃς
2006 683 2213 718 Exaltationem
2235 687 2339 719 Divini

1285 714 1492 783 ἕῗητὲιὲτῖιίιέὒὸὂῑ
1515 716 1629 747 Bonum
1650 717 1836 750 Subditorum
1859 722 1892 752 ὃς
1912 722 2049 754 Fidelium
2067 725 2252 764 nostrorum,
2268 736 2342 757 con-

1287 836 1314 859 tu
1318 791 1376 859 ¹Acci
1378 791 1426 859 ἐῶ
1429 777 1618 859 έὲιῖἷάίεηάυῐη
1634 803 1681 832 ea,
1697 803 1779 833 quae,
1797 804 1831 826 ex
1847 806 1923 834 parte
1940 798 2051 838 nostra,
2071 802 2154 832 vobis
2167 810 2343 840 exponentur

1324 867 1360 897 Et
1375 867 1434 898 hoc
1448 853 1601 899 nullatenus
1612 871 1757 901 omittatis.

1289 905 1513 976 N'AEziffiblsssege
1528 908 1600 946 apud
1613 907 1819 948 Castrumsteum
1836 911 1995 952 Rothomagi
2008 937 2017 952 ,
2034 914 2172 946 vicesimo
2183 916 2289 949 octavo
2302 918 2346 949 die

1506 361 1532 387 *ἒ
1563 366 1608 397 De
1624 367 1765 400 veniendo
1785 368 1828 401 ad
1846 371 2011 405 Concilium
2029 375 2127 419 Regis.

1419 1020 1584 1053 Confimilia
1597 1022 1693 1055 Brevia
1709 1024 1865 1065 diriguntur
1880 1026 2053 1067 subscriptis,
2072 1027 2220 1070 videlicet,

1291 1098 1488 1167 Geyr’gzelriabili
1509 1098 1538 1128 in
1557 1096 1678 1130 Christo
1696 1099 1771 1132 Patri
1791 1099 1916 1141 Episcopo
1935 1104 2052 1145 Sagienst
2067 1127 2077 1144 ,
2102 1106 2146 1136 seu
2162 1107 2219 1146 ejus
2232 1107 2350 1140 vicario

1327 1160 1437 1204 Vicaria
1449 1175 1577 1205 Generali
1590 1176 1710 1216 Episcopi
1724 1178 1901 1219 Lexovienfis
1913 1204 1921 1219 ‚
1940 1181 1998 1219 ipso
2013 1181 2156 1221 Episcopo
2175 1185 2205 1213 in
2219 1184 2352 1216 Remotis

1291 1222 1438 1327 εἰῗίἓῗνὶο
1458 1250 1584 1282 Generali
1608 1251 1727 1292 Episcopi
1743 1253 1905 1295 Ebroicenfis
1919 1278 1930 1295 ,
1948 1257 2006 1295 ipso
2021 1257 2163 1298 Episcopo
2177 1261 2205 1290 in
2218 1260 2353 1293 Remotis

1293 1300 1308 1320 a
1330 1300 1364 1320 eri
1378 1300 1401 1320 e.

1577 1417 1638 1449 Pro
1654 1414 1796 1448 Arthuro
1818 1419 1930 1451 comite
1946 1419 2079 1470 d'Yvery.

1298 1499 1388 1557 RE
1399 1500 1446 1539 X,
1465 1500 1570 1545 dilec'to
1587 1501 1620 1531 &
1634 1500 1709 1531 fideli
1721 1501 1788 1540 suo,
1805 1500 1933 1540 Jobanni
1946 1505 2039 1542 Burgh
2054 1502 2227 1547 Armigero‚
2245 1506 2352 1542 Balljvo
2373 1503 2448 1535 Ann.
2462 1502 2505 1537 D2'

1374 1539 1424 1570 suo
1435 1539 1471 1569 de
1485 1538 1600 1577 Gisors,
1619 1538 1754 1571 Salutem.
2394 1553 2480 1583 142¹»

1332 1576 1430 1608 Sciatis
1445 1577 1544 1616 quod,
2369 1588 2422 1612 An.
2436 1594 2466 1619 9.

1330 1616 1431 1654 Cum,
1449 1616 1601 1647 carissimus
1617 1614 1713 1647 Frater
1725 1616 1838 1656 noster,
1854 1618 1999 1649 Arthurus
2012 1624 2102 1650 Comes
2115 1622 2228 1663 d'Yvery
2241 1634 2350 1657 certum
2371 1626 2406 1649 H.
2423 1631 2451 1657 5·

1295 1655 1465 1686 Numerum
1486 1654 1651 1698 Hominum
1669 1656 1704 1685 ad
1724 1654 1863 1688 Arma'&
1881 1657 2000 1689 aliorum
2017 1681 2026 1696 ,
2045 1669 2078 1689 ex
2090 1660 2142 1690 hiis
2159 1671 2231 1699 quos
2243 1664 2276 1693 ad
2294 1664 2353 1694 Im-
2371 1661 2436 1688 ibid.
2452 1668 2488 1688 m„

1294 1693 1477 1732 pendendum
1499 1692 1677 1730 Obsequiiun
1699 1693 1840 1725 carissimo
1861 1697 1943 1725 Patri
1962 1696 2047 1737 nostro
2069 1701 2191 1729 Franciae
2212 1701 2246 1732 ὃς
2266 1703 2353 1733 Nobis
2375 1707 2420 1736 ¹9·

1295 1742 1384 1772 nuper
1397 1732 1491 1762 secum
1507 1731 1542 1762 de
1556 1732 1676 1768 partibus
1688 1732 1837 1764 Britanniae
1851 1733 1984 1773 adduxit,
2010 1736 2044 1767 ad
2058 1737 2166 1768 easdem
2181 1737 2275 1772 Partes
2287 1743 2355 1773 mit-

1297 1781 1354 1803 tere
1371 1770 1437 1802 velit
1450 1771 1482 1801 δε
1497 1769 1637 1808 intendat,

1332 1809 1447 1839 Idcirco
1461 1808 1660 1844 assignavimus
1675 1819 1728 1840 vos
1737 1833 1746 1847 ,

1332 1847 1382 1879 De
1395 1848 1474 1886 cujus
1485 1844 1632 1885 fidelitate,
1647 1847 1902 1886 circumspefflone
1913 1874 1923 1888 ,
1948 1851 1981 1881 &
1995 1851 2130 1883 industri-3.
2144 1853 2227 1891 plene
2239 1855 2358 1887 confidi-

1296 1896 1359 1918 mus

1335 1910 1383 1956 Ad
1396 1924 1489 1956 diastos
1503 1924 1648 1954 Homines
1660 1925 1694 1955 ad
1710 1922 1816 1963 Arma,
1833 1926 1866 1956 &
1880 1926 1966 1964 alios,

1335 1964 1421 2002 Quos
1435 1973 1485 2002 per
1500 1962 1668 2001 Praesentez,
1687 1966 1743 1994 una
1766 1974 1833 1995 cum
1856 1963 1961 2003 Equis,
1976 1965 2078 2004 Bonis,
2096 1968 2213 2009 Rebus,
2230 1972 2263 2002 &
2278 1972 2356 2003 Her-

1296 2002 1376 2033 nesiis
1395 2001 1447 2036 suis
1468 2002 1586 2041 propriis
1601 2026 1611 2038 ,
1635 2003 1661 2031 in
1685 2002 1790 2032 salvum
1813 2003 1845 2034 &
1861 2004 1989 2034 securum
2005 2004 2194 2038 Condqum
2208 2009 2356 2047 nostrum,

1295 2051 1327 2071 ac
1351 2042 1380 2070 in
1396 2040 1615 2071 Proteffionem
1632 2063 1641 2078 ,
1666 2041 1696 2070 T
1699 2042 1855 2080 uitionem,
1873 2042 1906 2072 &
1923 2042 2130 2076 Defenfionem
2145 2047 2252 2078 nostras
2268 2047 2356 2081 susce-

1296 2080 1388 2118 pimus
1401 2079 1528 2116 speciales
1536 2103 1546 2116 ,

1333 2117 1367 2148 In
1386 2118 1482 2148 eundo
1502 2117 1595 2148 versus
1618 2118 1711 2148 Partes
1726 2117 1885 2156 praedichis,
1902 2129 1951 2156 per
1963 2118 2111 2152 Ducatum
2125 2123 2256 2155 nostrum
2271 2126 2357 2158 Nora

1295 2157 1434 2194 manniae,
1451 2156 1487 2186 de
1504 2155 1589 2187 Loco
1602 2156 1638 2186 ad
1653 2156 1788 2194 Locum,
1806 2156 1883 2188 salvo
1898 2159 1931 2189 &
1943 2158 2039 2189 secure
2052 2159 2302 2203 Conducendum,
2321 2166 2356 2198 ὃς

1296 2194 1434 2226 Conduci
1449 2195 1628 2233 faciendum,

1333 2232 1371 2263 Et
1390 2233 1463 2270 ipsos
1485 2234 1518 2264 &
1542 2243 1641 2264 eorum
1662 2233 1818 2272 quemlibet
1839 2235 2105 2276 Manutenendum,
2124 2237 2336 2280 Protegendum
2354 2246 2357 2249 “

1295 2273 1329 2304 &
1345 2271 1568 2303 Defendendum
1578 2294 1586 2310 ‚
2345 2267 2355 2282 ²

1334 2309 1522 2350 Prohibentes
1537 2333 1546 2348 ,
1568 2320 1603 2341 ex
1626 2319 1703 2348 parte
1724 2310 1821 2342 nostra
1833 2335 1843 2350 ,
1865 2313 1999 2343 omnibus
2020 2315 2054 2344 &
2074 2314 2183 2354 singulis
2198 2316 2337 2350 Fidelibu's

1297 2348 1409 2388 Ligeis,
1425 2350 1457 2379 ὅ(
1471 2350 1594 2392 Subditis
1609 2349 1728 2387 nostris,
1746 2351 1784 2379 ne
1799 2351 1862 2388 quis
1877 2359 1976 2381 eorum
1994 2352 2113 2389 praefatis
2129 2354 2307 2388 Hominibus
2319 2343 2356 2389 ad

1297 2388 1399 2424 Arma,
1418 2388 1451 2420 &
1464 2388 1521 2417 aliis
1534 2387 1694 2425 antediffls,
1713 2397 1758 2418 aut
1773 2398 1874 2419 eorum
1890 2390 1991 2428 alicui,
2006 2391 2034 2419 in
2049 2392 2145 2423 eundo
2157 2395 2248 2425 versus
2262 2395 2358 2428 Partes

1296 2425 1461 2464 praedicstas,
1480 2435 1510 2456 ut
1526 2426 1696 2462 praedictum
1712 2426 1768 2465 est,
1789 2426 1939 2465 Injuriam‚
1960 2427 2146 2468 Molestiam,
2164 2431 2335 2473 Dampnum
2349 2456 2360 2474 ,
2394 2444 2395 2447 ¹

1297 2464 1490 2502 Violentiam,
1509 2463 1752 2502 Impedimentum
1767 2465 1899 2504 aliquod,
1915 2466 1959 2495 seu
1976 2466 2140 2498 Gravamen
2155 2471 2270 2510 inferat,

1334 2503 1383 2534 Set
1403 2503 1476 2540 ipsos
1490 2526 1500 2542 ,
1525 2504 1558 2533 &
1577 2513 1676 2543 eorum
1699 2504 1877 2541 quemlibet,
1897 2504 2014 2542 pacifice
2028 2507 2061 2537 ὃς
2075 2507 2212 2548 honeste,
2228 2508 2340 2543 transire

1296 2552 1329 2572 ac
1354 2540 1492 2571 Vicftualia
1507 2563 1517 2578 ,
1540 2551 1592 2579 pro
1612 2541 1648 2571 Se
1667 2542 1700 2572 &
1724 2541 1811 2580 Equis
1832 2543 1883 2573 suis
1904 2543 2056 2575 necessana
2080 2545 2112 2576 δε
2127 2556 2286 2588 oportuna,
2306 2537 2359 2582 sui}

1296 2581 1460 2618 Sumptibus
1468 2604 1477 2617 ,
1495 2580 1598 2610 habere
1610 2581 1766 2618 permittat,

1334 2618 1371 2649 Et
1385 2643 1394 2656 ,
1416 2619 1436 2648 si
1460 2618 1527 2656 quid
1550 2619 1588 2648 eis
1607 2643 1614 2655 ,
1637 2628 1683 2648 aut
1699 2628 1799 2648 eorum
1813 2619 1912 2658 alicui,
1932 2620 2109 2652 forisfactum
2125 2622 2182 2654 five
2197 2623 2358 2661 injuriatum

1297 2657 1379 2688 fuerit
1394 2680 1403 2695 ,
1430 2657 1457 2687 id
1472 2657 1510 2686 eis
1524 2680 1533 2695 ,
1552 2658 1585 2688 ὃς
1597 2666 1698 2687 eorum
1715 2658 1849 2696 cuilibet,
1866 2658 1922 2689 line
1932 2659 2079 2698 dilatione,
2097 2663 2201 2700 corrigi
2214 2664 2247 2694 ὃς
2261 2665 2358 2697 debite

1297 2696 1461 2734 reformari,
1479 2696 1511 2725 ὃς
1527 2695 1664 2733 praesentis
1680 2695 1769 2725 nostri
1783 2696 1847 2727 salvi
1867 2696 2042 2728 Conductfis
2061 2699 2203 2731 beneficio
2218 2703 2246 2732 in
2262 2707 2361 2735 omni-

1298 2735 1349 2764 bus
1365 2735 1405 2764 uti
1419 2736 1451 2765 &
1469 2734 1591 2771 gaudere
1604 2735 1704 2773 faciat,

1335 2772 1454 2803 Proviso
1475 2773 1584 2811 semper
1605 2772 1686 2811 quod
1711 2773 1796 2803 iidem
1816 2771 1962 2805 Homines
1975 2775 2008 2805 ad
2026 2774 2114 2806 Arma
2128 2800 2137 2813 ‚
2158 2776 2192 2808 &
2208 2776 2252 2809 alii
2267 2780 2358 2818 supra-

1297 2810 1386 2848 diffi,
1403 2812 1576 2849 quicquam,
1594 2812 1674 2879 Ἑοά
1690 2811 1719 2840 in
1738 2811 1827 2842 nostri
1847 2811 2059 2851 Contemptum
2081 2814 2125 2845 vel
2139 2814 2357 2858 Praejudicium,

1296 2859 1344 2881 aut
1367 2849 1469 2887 Populi
1489 2849 1578 2880 nostri
1634 2859 1772 2887 ampnum
1788 2873 1798 2889 ,
1823 2850 1974 2889 aliqualiter
1998 2851 2100 2883 cedere
2120 2853 2223 2893 valeat,
2243 2866 2301 2886 non
2317 2867 2357 2889 at-

1298 2896 1454 2926 temptent,
1472 2889 1518 2919 seu
1532 2890 1690 2925 attemptari
1703 2888 1820 2926 faciant,

1337 2927 1374 2957 Et
1397 2927 1475 2964 quod
1498 2927 1548 2964 ipsi
1570 2927 1678 2957 nullum
1700 2926 1867 2957 Castrorum
1880 2950 1889 2965 ‚
1914 2928 2139 2967 Fortalitiorum‚
2158 2930 2203 2961 seu
2219 2931 2355 2964 Villarum

1297 2966 1457 2995 nostrarum
1474 2965 1645 2995 firmatarum
1658 2988 1668 3002 ,
1691 2965 1792 3003 absque
1813 2966 1920 3003 speciali
1942 2966 2054 2997 licentia
2069 2966 2291 3005 Capitaneorum
2305 2982 2355 3002 eo-

1298 3003 1429 3034 rumdem
1441 3025 1449 3040 ‚
1468 3005 1571 3033 intrent
1585 3005 1687 3041 quovis
1699 3004 1807 3041 modo,

1335 3041 1373 3072 Et
1388 3041 1454 3071 ideo
1474 3042 1555 3072 vobis
1573 3041 1744 3072 Mandamus
1765 3042 1845 3080 quod
1859 3044 1933 3072 circa
1948 3043 2091 3074 Praemiffa
2106 3044 2253 3085 diligenter
2264 3048 2353 3079 inten-

1296 3080 1378 3118 datis,
1397 3081 1431 3111 &
1446 3090 1476 3110 ea
1488 3080 1590 3110 faciatis
1603 3081 1636 3111 &
1650 3082 1827 3119 exequamini
1839 3082 1869 3110 in
1884 3082 1978 3112 forma
1992 3083 2144 3120 praediffli:

1334 3117 1446 3148 Damus
1468 3128 1561 3148 autern
1583 3119 1715 3149 universis
1739 3120 1771 3149 δε
1795 3119 1905 3158 lingulis
1925 3120 2084 3158 Capitaneis
2098 3145 2107 3159 ,
2127 3122 2303 3162 castellanis,
2322 3126 2356 3155 &

1296 3166 1395 3187 eorum
1413 3156 1668 3195 Locatenentibus‚
1686 3156 1829 3188 Gentibus
1846 3158 2001 3189 Armorum
2019 3160 2052 3189 ὃς
2072 3160 2108 3190 de
2129 3161 2235 3192 TraCtu
2246 3185 2254 3200 ,
2274 3162 2355 3194 Balli-

1297 3197 1340 3225 vis
1353 3218 1363 3234 ,
1388 3194 1612 3226 Vicecomitibus
1628 3205 1692 3233 sac
1716 3196 1772 3226 aliis
1793 3195 1949 3227 Officiariis
1965 3220 1975 3235 ,
1999 3197 2140 3229 Ministris
2156 3224 2164 3237 ‚
2195 3200 2302 3239 Ligeis,
2320 3205 2355 3233 δε

1297 3232 1420 3265 Subditis
1436 3233 1555 3271 nostris,
1574 3233 1692 3264 Tenore
1708 3233 1886 3265 Piaesentium
1902 3258 1912 3273 ,
1936 3235 2052 3266 firmiter
2075 3238 2102 3267 in
2121 3237 2261 3269 Mandatis
2275 3241 2356 3278 quud

1298 3273 1398 3310 vobis,
1415 3273 1445 3303 in
1465 3273 1632 3314 executione
1654 3272 1865 3303 Praemissorum
1882 3296 1891 3310 ,
1909 3283 1977 3303 cum
1996 3285 2044 3312 per
2058 3285 2109 3305 vos
2122 3285 2156 3306 ex
2169 3286 2245 3314 parte
2258 3278 2357 3309 nostra

1298 3311 1401 3341 fuerint
1417 3321 1445 3341 re
1469 3312 1556 3348 uiliti,
1576 3309 1755 3342 Intendentes
1771 3311 1838 3350 sint,
1857 3311 2045 3343 Consulemes
2058 3337 2067 3351 ,
2091 3315 2124 3345 ὃς
2139 3315 2310 3347 Auxiliantes
2328 3318 2357 3348 in

1298 3349 1432 3380 omnibus
1465 3349 1610 3386 iligenter‚

1333 3388 1372 3419 Et
1409 3388 1468 3417 ubd
1486 3386 1615 3430 praedicti
1627 3387 1790 3427 Capitanei,
1807 3388 1841 3420 ὃς
1857 3398 1958 3419 eorum
1975 3389 2181 3423 Locatenentes
2194 3416 2204 3430 ,
2222 3393 2258 3424 de
2273 3393 2356 3425 Gen-

1297 3427 1371 3457 tibus
1428 3427 1596 3456 arnilionum
1616 3426 1634 3445 ²*
1654 3428 1762 3456 suarum
1778 3451 1787 3463 ,
1813 3429 1846 3458 &
1868 3428 1903 3458 de
1917 3427 2088 3459 Retinentiis
2101 3431 2168 3469 suis,
2185 3442 2238 3469 pro
2254 3441 2353 3463 execu-

1298 3467 1378 3496 tione
1393 3465 1626 3502 Praemifforum,
1644 3466 1726 3494 vobis
1741 3465 1876 3504 assignent
1891 3490 1900 3504 ,
1919 3476 1952 3496 ac
1968 3467 2111 3498 intendere
2124 3470 2157 3499 δε
2171 3472 2297 3500 auxiliare
2312 3471 2351 3501 fa-

1296 3506 1389 3541 ciant,
1407 3503 1442 3533 ad
1456 3503 1624 3533 Numerum
1639 3504 1676 3533 de
1692 3513 1751 3541 quo
1765 3515 1814 3541 per
1829 3515 1880 3535 vos
1894 3506 1922 3534 in
1937 3515 1967 3535 ea
1982 3515 2057 3541 parte
2070 3507 2170 3538 fuerint
2182 3509 2316 3546 requiliti,

1335 3541 1459 3572 Dimissa
1485 3550 1580 3572 tamen
1606 3543 1635 3571 in
1655 3541 1869 3573 Garnisionibus
1887 3543 2028 3580 praedieti's
2047 3547 2202 3577 rationabili
2224 3546 2351 3579 Stuffurfi

1296 3591 1350 3619 pro
1365 3579 1437 3611 salva
1451 3579 1590 3610 Custodia
1605 3579 1781 3611 eorumdem.

1335 3618 1369 3648 In
1382 3620 1475 3657 cujus,
1495 3619 1556 3648 &c.

1334 3657 1425 3687 Teste
1448 3656 1529 3695 Rege
1547 3656 1620 3694 apud
1644 3655 1767 3696 Castrum
1781 3656 1863 3696 stium
1877 3656 2053 3698 Rothomagi,
2072 3660 2205 3691 vicesimo
2216 3671 2297 3692 nono
2311 3662 2356 3692 die

2392 3443 2470 3474 ³1⁴¹>ss

2377 3484 2440 3520 ¹53-

1276 3692 1279 3695 *
1298 3695 1486 3727 Novembris.

1987 3738 2040 3764 Per
2054 3737 2135 3775 ipfim]
2150 3739 2253 3774 Regem.

1616 3858 1665 3889 De
1683 3855 1907 3890 Subdiaconam
1924 3855 2046 3890 Collato.

1302 3943 1355 3997 R
1365 3940 1390 3970 E
1400 3939 1431 3970 X
1458 3943 1566 3970 Decano
1578 3939 1616 3976 ὠ·
1632 3940 1753 3979 capitulo
1765 3940 1898 3971 Ecclefiae
1915 3940 2079 3979 Collegiatae
2100 3941 2188 3973 beatae
2205 3942 2308 3977 Mariae
2323 3946 2360 3978 de
2380 3917 2511 3997 2¹21?

1378 3978 1534 4023 Audeliaco
1550 3979 1778 4023 Rothomagensi
1794 3979 1941 4022 Dioecese,
1957 3979 2090 4010 Salutem.
2379 4003 2430 4026 An.
2448 4006 2476 4031 9‘

1326 4016 1452 4064 ‘Vobisz
1471 4018 1590 4048 Tenore
1604 4017 1804 4061 Praesentium,
1823 4017 2021 4064 S¹g¹3¹fic³ffi⁰5
2035 4019 2115 4064 quod
2130 4019 2272 4052 Officium
2288 4023 2362 4055 Sub·
2384 4041 2418 4063 H.
2439 4045 2465 4071 5,

1304 4055 1469 4086 diaconatus
1487 4065 1598 4094 magnae
1620 4055 1715 4085 Miffie
1737 4066 1764 4084 in
1784 4055 1909 4085 Ecclelia
1924 4056 2060 4093 praedidta
2074 4081 2084 4094 ‚
2101 4067 2201 4089 vacans
2215 4062 2248 4091 &
2261 4062 2295 4092 ad
2311 4073 2363 4092 no-
2383 4074 2447 4101 lfa-d·
2463 4081 2501 4101 m,

1306 4094 1392 4125 stram
1407 4093 1607 4127 Donationem
1627 4093 1676 4132 Ju
1685 4103 1709 4124 R
1718 4102 1736 4124 a
1764 4093 1794 4123 R
1804 4103 1821 4123 a
1833 4103 1854 4123 G
1865 4104 1882 4124 A
1891 4102 1912 4125 L
1922 4103 1933 4125 1
1943 4100 1973 4126 κε
1998 4095 2122 4134 [Ρεξὶεηε
2146 4106 2175 4129 ut
2189 4099 2305 4136 dicitur,
2323 4102 2365 4130 di<
2385 4119 2429 4140 2„

1784 4131 1809 4162 F
1826 4141 1844 4162 2
2292 4138 2369 4170 laeto
