2562 4274
3 3051 5 3069 i

2 2986 3 3007 l

0 3020 5 3090 l

2 3098 7 3144 l

2 3151 9 3247 l

0 2941 2 2954 l

0 2956 2 2975 1

12 3535 15 3545 i

13 3547 16 3554 v

0 3310 5 3446 ἐς

2 3472 9 3659 i

7 3354 11 3366 ι

8 3385 13 3408 2

10 3415 13 3433 Ξ

8 3712 9 3719 l

742 181 856 223 ET
938 179 1202 223 ACTA

29 296 105 328 Arm.
113 294 157 328 D.

51 345 137 376 1420.

30 384 93 408 Hen.
113 385 142 412 5.

524 363 576 396 De
594 357 758 393 Praebena'is
775 361 878 392 Datis.

32 458 83 483 An.
99 452 126 479 8.
207 446 335 479 ohannes
351 446 383 476 de
395 445 516 486 Ellineto
535 444 700 484 Capelianus
714 443 798 476 habet
814 444 921 476 Literas
935 443 1023 484 Regis
1038 443 1075 476 de
1090 441 1232 474 Collatio-

32 498 66 521 H.
86 501 113 527 5.
216 496 254 516 ne
270 485 305 516 ad
319 484 530 516 Canonicatum
545 485 578 515 &
592 483 776 513 Praebendam
787 506 796 521 ,

33 532 98 560 ibid.
113 539 147 558 m.
210 524 295 562 Qios
309 534 398 561 nuper
413 523 560 561 optinebat
574 523 603 552 in
615 519 742 552 Ecclesia
755 520 915 553 Cathedrali
927 520 1073 561 Bajocenfi
1091 517 1230 559 Magister

40 580 68 603 ¹7
75 591 81 597 ,
174 562 330 593 Gallielmus
343 561 434 602 Rus'lly
442 584 463 605 ,-

210 601 265 633 Per
286 600 418 632 Mortem
440 598 563 638 ejusdem
588 596 726 628 Gullielmi
747 598 848 629 liberos
869 599 904 630 δε
921 606 1052 630 vacantes
1065 604 1095 628 ut
1109 596 1231 634 dicitur,

173 639 207 673 &
223 641 253 671 in
270 640 400 670 manibus
417 637 448 669 R
485 638 506 667 is
516 636 591 675 Jure
602 636 719 675 Regaliae
735 636 898 675 existentes,
1211 672 1216 678 .

210 677 247 709 Et
267 678 428 716 diriguntur
482 676 558 706 iterae
579 674 633 705 illae
651 679 760 705 Decano
783 675 821 711 ὠ·
847 673 970 714 Capitulo
984 673 1116 705 Ecclesiae
1131 671 1234 710 praedi-

175 717 251 756 ἀπ,
268 716 315 747 seu
333 714 451 746 Vicariis
463 715 492 743 in
506 712 697 751 Spiritualibus
711 713 836 752 ibidem,
852 713 925 744 Sede
941 721 1077 749 vacante,
1087 711 1167 750 quod
1178 719 1232 748 po-

174 764 242 786 nant
262 755 351 791 ipsum
375 751 534 791 Johannem
546 774 555 789 ‚
581 752 627 783 vel
649 752 707 790 ejus
730 753 950 783 Procuratorem
967 774 977 791 ,
995 752 1025 781 in
1040 750 1234 788 Corporalem

177 791 405 829 Posseffionem,
423 792 485 823 &c.
502 791 530 819 in
545 790 640 821 forma
655 790 798 822 consueta.

177 870 199 901 b
213 830 304 876 [Teste
317 829 401 869 Rege
414 830 444 860 in
458 830 604 860 Excercitu
612 828 664 869 suo
684 836 748 860 ante
764 828 875 859 Meleun
890 851 900 866 ,
925 828 1062 860 vicesimo
1078 826 1124 858 die
1138 825 1237 856 oeto-

199 879 245 900 ris.

858 907 911 934 Per
926 903 1008 945 ipsum
1022 906 1126 942 Regem.

215 983 355 1024 Eustasius
369 985 401 1013 de
411 986 475 1014 Mai
488 982 556 1012 vilio
565 981 731 1019 Capellanus
741 980 878 1019 Magister
892 982 921 1011 in
931 980 1046 1012 Artibus
1057 981 1090 1012 &
1100 981 1129 1010 in
1135 979 1239 1010 Theo—

179 1024 253 1062 logia
275 1023 392 1053 Doctor
404 1045 414 1059 ‚
437 982 522 1051 hager
541 1021 702 1051 consimiles
722 1020 830 1051 Literas
840 1020 874 1051 ad
888 1019 1100 1051 Canonicatum
1115 1020 1148 1050 &
1162 1018 1241 1049 Prae-

181 1062 305 1094 bendam
319 1060 416 1092 Saneti
433 1059 581 1090 Mellonis.

234 1140 404 1172 Confimsses
420 1140 529 1171 Literas
542 1139 648 1171 habent
661 1139 826 1210 giblfcritpti,
843 1141 893 1173 sub
907 1141 990 1172 Datis
1006 1138 1184 1178 subscriptis,

637 1189 667 1210 vi
688 1189 704 1209 e
724 1189 758 1210 ce
779 1202 789 1217 ,

45 1250 107 1279 Ibid.

118 1296 136 1323 5
218 1255 334 1287 Thomas
350 1258 498 1285 Mantamt
516 1254 683 1294 Capellanus
701 1279 710 1294 ‚
739 1256 912 1287 Licentiatus
924 1256 954 1285 in
971 1263 1093 1299 utroque
1105 1254 1192 1293 Jure,
1208 1251 1243 1284 ad

44 1299 81 1317 m·
104 1299 112 1315 1
139 1309 146 1316 ι

181 1294 392 1326 Canonicatum
409 1296 442 1326 &
461 1293 647 1325 Praebendarn
664 1296 694 1325 in
707 1294 834 1326 Ecclesia
848 1293 1008 1325 Cathedrali
1022 1293 1173 1333 BaJocensi.

219 1371 352 1402 Ricardus
375 1371 524 1401 Lombardi
539 1370 705 1440 CaXellanus
721 1394 731 1410 ,
750 1370 887 1410 Magister
903 1372 931 1401 in
947 1371 1078 1408 Artibus,
1093 1369 1129 1401 ad
1144 1368 1244 1414 Cano-

182 1411 310 1441 nicatum
325 1411 359 1440 &
374 1409 562 1441 Praebendam
596 1419 612 1439 e
629 1409 741 1453 Gaurus
754 1410 904 1452 vulgariter
918 1419 1132 1450 nuncupatum,
1150 1407 1246 1439 mEc-

183 1447 269 1481 clefia
281 1447 443 1479 Cathedrali
457 1449 546 1479 beatae
560 1447 663 1478 Mariae
676 1448 841 1487 BaJocenlis.

45 1527 112 1556 Ibid.
222 1524 338 1555 Thomas
353 1527 499 1555 Mantamt
521 1523 690 1562 Capellanus
740 1526 769 1554 in
783 1533 905 1563 utroque
918 1524 987 1563 Jure
1002 1523 1175 1554 Licentiatus
1186 1545 1197 1566 ³.
1210 1521 1246 1552 ad

47 1577 84 1595 m.
103 1574 146 1593 12·
187 1562 399 1596 canonicatum
417 1564 450 1595 &
463 1562 650 1594 Praebendam
660 1567 690 1594 in
705 1549 833 1595 Ecclesia
856 1562 1014 1602 Collegiata
1035 1563 1071 1593 de
1090 1561 1248 1600 Mortaing.

47 1642 113 1670 lbid.
228 1638 365 1679 Magister
382 1638 531 1678 Johannes
544 1642 641 1670 Vinieu
659 1639 826 1676 Capellanus
838 1639 874 1669 ad
894 1638 1106 1669 Canonicatum
1121 1639 1154 1670 &
1170 1636 1250 1668 Prae-

49 1690 88 1710 m.
110 1688 152 1708 ιι.
188 1678 315 1709 bendam
329 1679 359 1708 in
376 1677 503 1708 Ecclesia
517 1677 677 1708 Catbedrali
692 1678 780 1709 beatae
798 1677 903 1709 Mariae
918 1677 1083 1716 Bajocenfis.

52 1802 73 1823 ¹¹²
89 1802 129 1830 X·
145 1800 191 1828 2⁶·
499 1799 527 1826 *ε
549 1805 608 1836 Pro
626 1802 762 1849 Epiftopo
776 1800 953 1846 Ebroicenfi'.

53 1879 131 1911 Ann-
146 1877 189 1908 D·
265 1885 348 1926 EX,
363 1886 486 1919 Dileffls
508 1887 542 1918 ὃς
558 1885 698 1918 Fidelibus
720 1886 788 1926 suis,
807 1887 993 1918 Thesaurario
1007 1885 1107 1917 nostro
1121 1886 1256 1918 Generali

82 1926 168 1957 1420·
276 1925 470 1958 Normanniae
484 1949 495 1964 ,
517 1936 551 1956 ac
574 1925 734 1956 Praesrdenti
756 1928 789 1958 &
811 1925 952 1956 Gentibus
973 1925 1010 1956 de
1025 1925 1149 1956 Camera
1162 1924 1257 1955 nostra

55 1963 110 1987 An.
125 1957 153 1984 3·
195 1963 275 1995 Com
296 1973 414 1996 otorum
430 1988 440 2003 ,
463 1973 577 1995 necnon
592 1964 725 1995 universis
747 1966 781 1995 ὅς
798 1964 912 2002 singulis
928 1964 1051 2002 BalliviS,
1069 1964 1257 1994 Vicecomiti-

57 2001 98 2041 Ηχ
118 2005 147 2031 5-
193 2003 263 2041 bus,
311 2004 506 2042 eceptoribus,
524 2001 694 2041 officiariis,
715 2002 871 2042 Ministris,
888 2003 998 2042 Ligeis,
1015 2003 1049 2034 ὃς
1062 2002 1189 2033 Subditis
1204 2011 1258 2032 no·

58 2035 124 2063 1⁶¹d·
139 2043 175 2061 m·
195 2041 276 2079 stris,
295 2051 419 2081 quorum
433 2040 566 2079 interest,
585 2040 719 2072 Salutem.

60 2072 185 2110 1¹7·d07s·
232 2080 310 2119 Quia
328 2080 430 2118 Diem,
449 2079 608 2111 Venerabili
624 2081 652 2110 in
671 2078 789 2110 Christo
804 2079 900 2118 Patri,
917 2079 1004 2109 Paulo
1021 2079 1053 2109 de
1071 2083 1236 2118 crapanica‚

235 2119 336 2158 Qiem
356 2121 486 2187 Qodozinus
498 2122 618 2149 Summus
632 2117 765 2157 Pontifex
780 2118 815 2149 ad
834 2118 1038 2157 Episcopatum
1052 2117 1256 2150 Ebroicensem

196 2167 236 2192 nu
259 2167 288 2187 er
324 2167 386 2188 τον]
407 2166 427 2188 it

229 2167 275 2226 gd
293 2167 455 2227 ficiendurix
478 2198 512 2228 &
536 2194 725 2233 praestandum
747 2195 828 2225 nobis
841 2195 1024 2235 corporaliter
1042 2195 1256 2227 Sacramentum

197 2233 348 2265 Fidelitatis
362 2257 372 2272 ,
396 2234 475 2273 quod
491 2235 573 2265 nobis
584 2258 594 2273 ,
614 2235 720 2266 ratione
732 2233 951 2272 Temporalium
968 2233 1155 2273 Episcopatus
1168 2233 1257 2272 illius,

198 2273 291 2306 facere
305 2272 391 2304 debet
406 2273 439 2304 &
455 2281 581 2311 tenetur,

238 2310 341 2349 Usque
363 2311 478 2342 Festum
502 2311 646 2342 Omnium
665 2311 853 2351 Sane'torum,
868 2312 1002 2351 proximo
1013 2312 1073 2351 jam
1087 2313 1260 2349 venturum,

199 2357 252 2387 per
265 2359 317 2379 nos
328 2350 479 2381 limitatum
495 2350 529 2381 &
542 2349 707 2388 praefixum,

241 2386 330 2419 Prout
346 2398 394 2427 per
410 2388 515 2420 Literas
530 2388 636 2420 nostras
649 2412 660 2428 ,
683 2389 763 2427 super
786 2389 851 2420 inde
863 2388 1008 2421 confeelms
1017 2413 1027 2428 ‚
1043 2388 1153 2427 plenius
1168 2387 1263 2419 conti-

202 2433 288 2457 netur

239 2449 344 2503 Usque
363 2464 477 2496 Festum
499 2464 665 2497 Nativitatis
685 2465 781 2497 Sancti
799 2466 941 2505 Johannis
961 2466 1110 2504 Baptistae,
1128 2465 1262 2503 proximo

203 2502 334 2534 futurum
349 2525 360 2543 2
385 2503 422 2535 de
443 2503 544 2535 Gratia.
563 2503 660 2536 nostra
682 2505 810 2544 speciali,
829 2505 1050 2544 Prorogavimus
1067 2505 1100 2536 ὅ(
1114 2504 1266 2544 Elongavi-

242 2551 274 2572 us

201 2550 351 2618 mVobis,
367 2579 401 2611 &
419 2580 535 2611 cuilibet
549 2579 678 2612 vestrum
711 2590 797 2620 prout
811 2582 846 2612 ad
859 2591 925 2612 eum
938 2582 1122 2620 pertinuerit,
1142 2580 1266 2611 Manda-

201 2626 269 2648 tum
286 2618 414 2656 quatinus
429 2618 627 2650 Procuratores
641 2604 722 2656 ipfi'us
738 2620 871 2658 Episcopi
893 2621 991 2651 omnia
1009 2619 1212 2658 Temporalia,
1231 2619 1266 2651 ad

203 2655 407 2695 Episcopatum
430 2656 598 2694 praedieturn
616 2680 626 2696 ,
649 2657 721 2688 infra
742 2659 891 2689 Ducatum
911 2658 1039 2688 nostrum
1061 2658 1269 2697 Normanniae,

206 2704 242 2725 ac
259 2694 399 2733 Regnum
412 2694 560 2732 Franciae,
577 2696 606 2726 in
623 2695 750 2727 Partibus
766 2698 849 2726 nobis
863 2697 1008 2735 subjec'tis,
1027 2698 1268 2734 pertinentia,vi-

207 2742 247 2763 ce
259 2733 293 2764 &
313 2733 431 2764 nomine
443 2733 519 2773 ἥψω
533 2732 668 2774 Epifiopi,
686 2734 771 2773 usque
780 2734 896 2765 Festum
908 2735 1003 2766 Sanffi
1014 2735 1152 2772 Johannis
1167 2735 1270 2766 habere

211 2771 250 2802 &
271 2780 430 2809 occupare,
453 2774 488 2803 δε
507 2772 578 2811 ipsos
602 2773 740 2811 Frudlus,
765 2772 904 2804 Redditus
916 2797 926 2812 ,
953 2774 986 2804 &
1001 2773 1162 2805 Proventus
1174 2797 1184 2812 ,
1203 2774 1269 2804 inde

210 2810 430 2849 provenientes,
447 2810 560 2842 interim
575 2810 687 2849 levare,
704 2811 856 2850 colligere,
877 2812 910 2842 &
927 2813 1089 2850 percipere,
1114 2812 1146 2843 &
1163 2814 1218 2850 eis,
1237 2812 1271 2843 ad

213 2847 295 2878 usum
316 2849 350 2879 δε
367 2846 528 2886 proficuum
542 2848 655 2888 praefati
673 2853 726 2888 Epi
740 2854 815 2889 copi,
841 2850 960 2887 pacifice
974 2851 1060 2881 uti&
1076 2850 1195 2889 gaudere
1211 2861 1273 2888 per-

212 2886 343 2924 mittatis,
360 2885 461 2924 absque
476 2885 672 2917 molestatione
684 2898 719 2918 ve
742 2888 953 2926 impedimento
975 2898 1179 2928 quocumque;
1199 2890 1275 2921 salvo

213 2923 326 2963 semper
336 2924 408 2964 Jure
421 2923 518 2955 nostro
534 2925 567 2956 ὃς
582 2925 613 2955 in
629 2926 764 2956 omnibus
782 2927 883 2956 alieno.

218 2998 347 3068 bri'g'eflae
364 2999 448 3042 Rege
470 3002 500 3032 in
521 3003 664 3032 Excercitu
672 3002 810 3042 suo-ante
822 3001 952 3041 Meleon,
969 3002 1107 3035 vicesimo
1122 3003 1167 3035 die
1182 3004 1278 3036 0610-

911 3081 964 3109 Per
974 3078 1056 3120 ipfiem
1071 3082 1174 3118 Regem.

275 3220 372 3264 Super
389 3217 492 3250 Terris
510 3218 757 3265 Alienigenarum
772 3220 808 3254 de
828 3222 1064 3255 Proclamatione
1075 3221 1231 3267 facienda.

75 3305 156 3337 Ana.
170 3300 360 3363 D,REX
385 3301 558 3334 Vicecorniti
574 3302 736 3343 Devoniae‚
753 3304 884 3337 Salutem.

99 3354 183 3382 1420.
289 3379 295 3385 ¹
322 3340 403 3371 Cum
426 3340 573 3385 Dominus
589 3344 626 3371 E.
641 3351 730 3380 nuper
747 3347 807 3373 Rex
830 3345 961 3385 Angliae,
976 3346 1101 3378 Proavus
1118 3347 1230 3386 noster,
1251 3349 1279 3379 in

82 3388 135 3412 An.
150 3385 176 3412 8,
223 3377 412 3410 Parhamento
435 3379 485 3410 suo
499 3402 509 3418 ‚
534 3389 562 3409 m
586 3379 705 3411 Ostabis
717 3381 829 3412 Sanetae
842 3383 1004 3422 Trinitatis,
1024 3386 1111 3416 Anno
1127 3386 1226 3424 Regni
1241 3387 1281 3417 sui

81 3427 116 3450 H.
137 3432 165 3458 5,
223 3416 447 3456 Qadragefimo
462 3419 562 3456 tertio,
579 3427 677 3457 tento,
695 3428 729 3449 ex
749 3419 884 3451 consensu
901 3423 984 3452 totius
998 3423 1126 3454 Concilii
1139 3425 1197 3462 sui,
1214 3435 1281 3456 cau-

82 3462 167 3497 claus,
185 3454 246 3490 8,sa
261 3454 401 3495 Guerrae,
418 3456 490 3487 inter
507 3456 597 3494 ipsum
607 3456 752 3488 Proavum
767 3458 897 3489 nostrum
911 3461 944 3490 ὃς
961 3461 1022 3491 illos
1037 3462 1072 3492 de
1083 3462 1198 3493 Francia
1208 3472 1277 3495 tunc

82 3503 117 3526 H.
126 3508 153 3535 5,
161 3509 197 3529 m,
223 3502 312 3525 motae
325 3517 336 3534 ‚
360 3504 461 3526 omnes
482 3495 585 3525 Terras
608 3496 641 3526 &
661 3495 848 3527 Poffeffiones
868 3497 1080 3537 Religiosorum
1109 3501 1143 3531 &
1163 3502 1278 3532 aliarum

85 3547 114 3574 5,
131 3539 158 3566 d,
221 3530 407 3602 ιξεηέηαῐυη]
422 3533 620 3573 Aliegenarum
637 3533 827 3566 Inimicorum
843 3536 873 3566 in
887 3546 1004 3568 manum
1021 3538 1096 3570 suam
1115 3539 1222 3571 duxerit
1231 3541 1281 3572 sei-

232 3580 277 3601 ien
298 3581 326 3603 as

258 3609 304 3641 Ac
317 3595 502 3649 p’ostmodum
516 3610 624 3642 eaedem
639 3610 740 3642 Terrae
753 3612 787 3643 &
802 3612 987 3645 Poffeffionec
1000 3614 1112 3646 diverfis
1127 3614 1273 3656 Personis,

218 3644 334 3680 durante
349 3649 462 3681 Guerra
474 3650 628 3688 praedie’ta,
646 3649 817 3681 Commiffae
834 3651 935 3682 fuerint
949 3653 983 3683 ὃς
998 3653 1166 3692 Conceffae,

256 3684 294 3717 Et
314 3688 378 3725 quia
400 3689 531 3727 quaedam
558 3688 637 3719 Pax
653 3698 802 3727 perpetua,
822 3690 893 3720 inter
910 3690 1010 3731 Regna
1028 3692 1153 3723 Franciae
1167 3693 1201 3724 &
1218 3693 1279 3724 An-

219 3724 285 3762 gliae
294 3746 304 3761 ‚
328 3726 359 3756 in
382 3727 503 3764 quadam
531 3726 588 3757 Co
597 3736 673 3758 NvE
684 3735 706 3757 Ν
716 3735 738 3757 τ
749 3735 760 3756 1
770 3737 790 3756 o
802 3735 823 3757 N
835 3737 852 3757 E
864 3753 873 3766 ,
890 3729 960 3759 inter
974 3731 1206 3768 praecariffimum
1223 3732 1279 3762 Pa-

221 3770 296 3792 trem
318 3763 446 3795 nostrum
462 3765 596 3796 Karolum
621 3769 716 3803 Regem
737 3769 858 3796 Franciae
874 3789 883 3804 ,
909 3777 962 3806 pro
982 3777 1057 3805 parte
1078 3770 1205 3801 Franciae
1218 3794 1228 3809 ‚
1246 3771 1280 3802 &

223 3801 355 3868 Ἓωέἰίῐὲ
363 3803 474 3840 propria
491 3804 612 3836 Persona
628 3804 742 3842 nostra,
761 3814 813 3842 pro
829 3814 905 3843 parte
925 3806 1037 3846 Angliae
1054 3831 1063 3847 ‚
1081 3808 1195 3848 habita,
1213 3810 1281 3841 inita

226 3847 245 3869 e
357 3849 461 3878 rmma,

256 3875 329 3919 Tibi
342 3876 541 3921 Praecipimus,
559 3881 676 3912 firmiter
688 3880 887 3920 Injungentes,
907 3882 986 3920 quod
1003 3883 1114 3924 statim,
1131 3884 1195 3916 vifis
1209 3895 1280 3924 prae-

219 3913 361 3958 sentibus,
376 3926 406 3960 in
428 3916 538 3955 singulis
562 3920 649 3950 Locis
671 3919 835 3951 Comitatus
861 3921 1008 3960 praedieli,
1031 3924 1079 3953 ubi
1094 3925 1182 3962 magis
1198 3934 1283 3963 expe-

219 3952 299 3983 diens
314 3952 396 3985 fuerit
409 3955 443 3985 ὅτ.
456 3957 584 3995 neceffe,
602 3959 716 3996 publice
732 3968 766 3989 ex
782 3967 860 3997 parte
879 3959 972 3990 nostra
986 3961 1152 3998 proclamari
1166 3962 1265 4002 facias,

263 3991 358 4030 Qiod
379 4000 480 4023 ornnes
502 3994 653 4032 &singuli
671 4020 681 4035 ,
699 3999 747 4036 qui
761 3997 919 4036 hujusmodi
933 3998 1038 4029 Terras
1049 4001 1082 4031 &
1096 3999 1286 4032 Poffeffiones

221 4028 327 4074 habent
345 4031 384 4078 &A
401 4040 546 4075 occupant
561 4055 571 4070 ‚
590 4034 641 4065 fint
657 4045 758 4066 coram
776 4037 873 4075 nobis,
891 4038 920 4067 in
937 4036 1115 4070 Cancellaria
1128 4039 1240 4079 nostra,
1256 4042 1285 4070 in

199 4112 202 4118 =
229 4068 388 4107 Qundena
401 4068 497 4102 διωθεῖ
510 4069 623 4102 Hillarii
635 4076 771 4113 proximo
786 4075 896 4115 fiittira,
916 4076 1090 4116 ubicumque
1105 4087 1173 4110 tunc
1190 4078 1288 4116 fixerit,

1285 180 1756 229 PUBLICA.
2255 202 2328 240 191

1265 266 1299 297 ad
1319 266 1536 299 Ostendendum
1557 278 1616 307 quo
1640 269 1742 301 Titulo
1761 271 1816 302 slve
1829 271 1885 310 qua
1901 272 2078 305 Auooritate
2092 273 2201 306 easdem
2215 272 2320 306 Terras
2336 275 2459 307 Ann.D.

1266 307 1300 336 &
1316 305 1500 336 Posseffiones
1513 307 1615 339 habent
1626 309 1659 352 ὃς
1673 319 1816 348 occupant
1827 312 1854 341 in
1868 311 2010 350 praesenri,
2355 324 2441 355 1420.

1303 341 1341 373 Et
1355 344 1412 375 hoc
1428 345 1580 376 nullatenus
1594 355 1714 377 omittas.
2329 359 2393 384 Hen.
2408 365 2435 389 5-

1306 381 1395 412 Teste
1418 383 1563 423 Humfrido
1583 387 1658 414 Duce
1680 385 1847 425 Glaucestriae
1870 386 1999 419 Custode
2019 388 2131 429 Angliae
2145 388 2219 428 apud
2236 387 2321 428 Wst-

1268 419 1453 460 monasterium
1463 443 1473 460 ,
1491 422 1627 454 vicesimo
1639 425 1733 461 primo
1747 424 1792 454 die
1805 424 1952 457 Oetobris.

2000 505 2052 533 Per
2067 503 2218 535 Concilium.

1427 573 1593 606 Confimilia
1612 574 1712 607 Brevia
1731 576 1887 614 diriguntur
1907 577 2016 618 singulis
2033 580 2261 612 vicecomitibus
2274 589 2324 619 per

1465 613 1617 652 Angliam,
1636 625 1669 645 ac
1691 614 1867 646 Cancellario
1888 614 1976 656 Regis
1988 620 2019 649 in
2034 618 2182 652 Comitatu
2199 619 2325 651 Palatino

1467 651 1557 683 Lanc.
1576 652 1626 684 sub
1640 653 1739 684 eadem
1753 655 1825 685 data.

1605 777 1633 805 ἐξ
1655 781 1714 812 Pro
1735 780 1818 812 Duce
1836 776 1998 816 Burboniae.
2338 800 2358 819 α·
2373 801 2409 828 Χ,
2424 808 2470 835 27·

1346 861 1430 901 Ex,
1447 872 1498 900 per
1519 862 1626 893 Literas
1647 862 1705 893 suas
1718 863 1867 902 Parentes,
1885 864 1972 903 usque
1985 866 2160 897 Vicesimum
2174 866 2327 898 secundum
2341 875 2414 904 Αῃῃ,
2431 874 2471 904 D,

1354 900 1431 930 diem
1446 900 1627 932 Novembris
1641 903 1777 939 proximo
1790 902 1917 933 futurum
1934 904 2090 942 duraturas,
2107 905 2141 936 ad
2157 904 2329 943 Requisitio-
2362 921 2448 951 1420.

1277 947 1346 968 nem
1361 942 1444 969 Ducis
1457 940 1618 978 Burboniae,
1636 941 1750 978 suscepit
1765 941 1794 970 in
1810 941 1916 971 salvum
1932 941 2139 981 Condustum,
2158 945 2218 975 &c.
2238 945 2328 974 Ludo·
2340 956 2390 980 An.
2406 952 2434 979 8,

1278 979 1375 1006 wicum
1394 978 1426 1007 de
1449 978 1586 1019 Listenoy5
1600 1001 1609 1016 ,
1637 978 1795 1017 Johannem
1814 979 1845 1009 de
1858 978 2114 1020 chasteaumorant‚
2132 982 2284 1012 Gilbertum
2298 983 2329 1012 de
2343 994 2375 1016 H,
2396 999 2421 1024 5,

1279 1013 1379 1044 chalus
1393 1016 1581 1047 Senescallum
1596 1017 1631 1047 de
1646 1017 1849 1056 Burbonnoys,
1864 1023 1938 1048 Ame
1954 1022 2017 1049 Vert
2028 1020 2164 1051 Ballivum
2180 1020 2214 1051 de
2232 1021 2331 1060 Forez,
2346 1033 2433 1055 Norm.
2446 1025 2475 1053 8„

1278 1053 1456 1092 Reginaldum
1477 1056 1508 1084 de
1530 1054 1560 1085 la
1573 1054 1699 1095 Butffiere
1716 1056 1853 1087 Ballivum
1875 1057 1910 1087 de
1926 1057 1996 1088 Beau
2009 1058 2106 1098 Jolys,
2125 1058 2230 1089 Milites
2241 1082 2250 1097 ,
2267 1063 2335 1089 Gui-
2347 1071 2380 1093 H.
2395 1075 2419 1100 5.
2436 1071 2463 1100 p.

1281 1092 1375 1122 donem
1389 1095 1481 1128 Norry
1499 1093 1627 1124 Priorem
1647 1094 1743 1125 Sancti
1766 1094 1885 1126 Martini
1903 1095 1951 1126 des
1970 1095 2098 1135 Champs
2108 1099 2184 1135 quta
2199 1096 2332 1137 parisius,
2347 1114 2372 1133 2.
2386 1112 2421 1131 m.
2435 1111 2479 1137 ις.

1282 1131 1316 1161 &
1331 1130 1500 1170 Magistrum
1515 1134 1625 1162 Petrum
1640 1135 1708 1162 Heri
1730 1144 1763 1163 on
1786 1132 2004 1165 Procuratorem
2025 1136 2183 1175 generalem
2206 1137 2334 1175 praeditsti

1281 1168 1387 1206 Ducis,
1403 1179 1487 1207 penes
1499 1169 1678 1201 Praesentiam
1725 1173 1799 1210 egis,
1814 1181 1846 1202 ex
1860 1182 1938 1210 parte
1954 1174 2072 1211 ejusdem
2081 1173 2189 1212 Ducis,
2206 1176 2337 1206 ubicum-

1281 1217 1339 1245 que
1353 1206 1416 1237 Rex
1433 1208 1494 1238 fore
1505 1210 1671 1247 contigerit,
1690 1220 1758 1240 cum
1774 1211 1982 1249 Qaterviginti
2000 1212 2142 1251 Personis,
2161 1213 2205 1243 vel
2222 1215 2337 1252 paucio-

1282 1246 1376 1284 ribus,
1395 1246 1534 1285 Armatis,
1549 1247 1595 1277 vel
1609 1257 1671 1277 non
1685 1248 1820 1286 Armatus,
1835 1259 1868 1279 ac
1881 1250 2001 1280 totidem
2018 1251 2121 1289 Equis,
2145 1252 2175 1281 in
2190 1250 2337 1284 Comitiva

1282 1284 1343 1321 sua,
1361 1294 1393 1314 ac
1409 1284 1494 1314 Bonis
1507 1308 1517 1323 ,
1543 1284 1658 1324 Rebus,
1677 1287 1709 1316 &
1727 1286 1868 1316 Herneiiis
1884 1288 1934 1318 suis
1949 1290 2173 1327 quibuscumque
2188 1314 2198 1327 ,
2221 1293 2338 1323 venien-

1283 1322 1324 1353 do
1323 1345 1348 1392 ἐ
1358 1322 1463 1391 ἰρἑάετη
1475 1323 1619 1393 gorando
1633 1348 1643 1362 ,
1660 1325 1693 1354 ὃς
1710 1324 1810 1355 exinde
1822 1325 1898 1356 salvo
1914 1328 1947 1358 &
1964 1327 2059 1358 secure
2077 1328 2238 1367 redeundo,

1350 1369 1360 1392 t
1373 1372 1382 1391 1
1402 1363 1457 1399 eo,
1509 1371 1535 1392 c.

1320 1399 1439 1431 Proviso
1460 1400 1568 1438 semper
1584 1400 1663 1438 quod
1688 1400 1737 1438 ipsi
1757 1401 1927 1440 quicquam,
1945 1402 2022 1442 quod
2035 1405 2063 1433 in
2078 1405 2270 1441 praecariffimi
2284 1407 2342 1436 Pa-

1287 1442 1338 1469 tris
1349 1442 1426 1476 Regis
1438 1441 1578 1477 Franciae,
1593 1447 1640 1469 aut
1654 1439 1842 1470 Subditorum
1857 1439 1967 1470 suorum
1978 1464 1987 1479 ,
2003 1442 2048 1472 vel
2062 1442 2166 1481 Regis,
2181 1453 2226 1474 aut
2238 1444 2271 1474 Li
2291 1455 2342 1476 eo-

1287 1487 1352 1508 rum
1377 1482 1490 1546 ίιὲεὲτυῐη
1504 1499 1514 1516 ,
1539 1477 1751 1516 Contemptum
1766 1500 1776 1516 ,
1800 1478 1859 1510 &c.
1877 1478 2011 1518 quodque
2027 1480 2076 1518 ipsi
2099 1482 2207 1513 nullum
2224 1481 2267 1513 Ca
2294 1494 2341 1515 ro·

1288 1526 1372 1555 rum,
1425 1525 1451 1546 c.

1328 1554 1362 1584 In
1376 1555 1470 1592 cujus,
1489 1554 1550 1586 &c.

1289 1592 1415 1663 Ogesse
1438 1592 1524 1631 Rege
1543 1594 1572 1623 in
1588 1594 1733 1622 Excercitu
1748 1591 1799 1632 fie‘o
1821 1599 1886 1624 ante
1904 1593 2033 1633 Meleon,
2047 1595 2186 1626 vicesimo
2204 1599 2285 1628 tertio
2301 1599 2345 1631 die

1353 1642 1372 1662 o
1395 1641 1438 1662 ris.

1979 1672 2033 1700 Per
2045 1671 2128 1711 ipfiem
2142 1675 2245 1711 Regem.
2300 1670 2304 1674 ⁵

1292 1747 1423 1804 REX,
1441 1757 1490 1785 per
1504 1747 1613 1778 Literas
1626 1747 1683 1779 suas
1698 1746 1847 1785 Parentes,
1864 1756 1912 1784 per
1929 1746 2038 1783 Viginti
2060 1748 2131 1778 Dies
2152 1752 2285 1787 proximo
2305 1752 2349 1783 fu-

1366 1794 1442 1817 turos
1466 1786 1623 1821 duraturas,
1643 1786 1677 1816 ad
1701 1785 1927 1822 Requisitionem
1949 1789 2032 1816 Ducis
2054 1787 2213 1826 Burboniae,
2232 1789 2350 1827 suscepit

1294 1823 1323 1852 in
1339 1823 1460 1862 salvum,
1476 1826 1536 1856 δῖε.
1553 1824 1697 1855 Ballivum
1713 1824 1743 1853 de
1761 1823 1914 1861 clermont,
1932 1826 1965 1855 &
1982 1824 2152 1864 Magistrum
2176 1827 2350 1858 Lodowicum

1293 1861 1326 1891 de
1340 1862 1419 1900 Pele,
1437 1872 1505 1893 cum
1530 1862 1644 1894 Decem
1666 1862 1810 1900 PersoniS,
1827 1862 1873 1892 vel
1895 1863 1983 1901 infra,
2002 1873 2034 1893 ac
2058 1864 2179 1894 totidem
2198 1865 2301 1905 Equis,
2319 1869 2349 1898 in

1294 1900 1445 1932 Comitiva
1458 1900 1520 1938 sua,
1539 1901 1629 1932 versus
1638 1901 1796 1940 praedielum
1811 1903 1912 1930 Ducem
1930 1900 2113 1939 transeundo,
2133 1904 2164 1933 ὃς
2180 1904 2281 1935 abinde
2301 1914 2350 1944 pe-

1295 1949 1344 1970 nes
1357 1939 1530 1978 praesentiam
1544 1939 1649 1979 Regis,
1669 1940 1843 1976 ubicumque
1860 1939 1948 1976 ipsum
1968 1939 2031 1970 fore
2050 1942 2215 1980 contigerit,
2235 1945 2351 1974 venien-

1295 1977 1350 2014 do,
1372 1979 1404 2009 &
1419 1977 1522 2009 deinde
1536 1978 1569 2008 ad
1585 1979 1696 2016 propria
1710 1976 1855 2008 redeundo
1872 1977 1947 2011 salvo
1960 1980 1994 2011 &
2008 1978 2122 2017 secure,
2140 1980 2352 2023 necnonssona,

1295 2015 1372 2085 Κςὲἷ
1387 2016 1575 2093 ᾗέ-ξεὲἐὲίέα
1590 2017 1634 2048 sua
1650 2024 1852 2055 quaecumque·²

1334 2092 1473 2132 Proviso,
1491 2094 1553 2124 &c.
1567 2101 1597 2124 ut
1614 2092 1701 2132 supra.

1334 2131 1369 2163 In
1384 2132 1479 2171 cujus,
1499 2132 1558 2162 &c.

1371 2169 1462 2202 Teste
1481 2179 1513 2202 ut
1527 2170 1614 2209 supra.

1995 2211 2049 2241 Per
2058 2210 2140 2252 ipsiam
2153 2213 2259 2251 Regem:

2154 2293 2177 2295 ᾗ
2207 2284 2363 2297 Ὓ-ᾲώ

1381 2340 1440 2371 Pro
1460 2336 1595 2382 Hospitio
1614 2338 1700 2384 Regis
1720 2337 1868 2380 Parisius,
1893 2335 1928 2370 de
1949 2337 2113 2381 Provfione
2124 2338 2282 2384 facienda.

1306 2421 1442 2480 REX,
1462 2421 1582 2452 Dileeco
1598 2421 1666 2459 fibi,
1684 2423 1763 2450 Petro
1781 2423 1874 2460 fluet,
1889 2420 2021 2452 Salutem.
2375 2440 2442 2471 Am
2463 2439 2496 2470 D

1407 2460 1482 2491 Scias
1496 2459 1576 2498 quod
1595 2459 1802 2498 Affignavimus
1816 2459 1864 2490 Te
1876 2460 1908 2489 ad
1925 2459 2073 2499 Capones,
2093 2461 2201 2501 Aucas,
2219 2462 2361 2503 Gallinas,
2399 2489 2410 2508 Ι
2446 2464 2477 2508 '0
2498 2463 2505 2468 ’

1305 2498 1419 2538 Pullos,
1438 2499 1584 2535 Perdices,
1602 2508 1635 2528 ac
1658 2499 1754 2527 omnia
1773 2499 1822 2528 alia
1844 2499 1998 2537 Viffualia,
2020 2510 2072 2537 pro
2087 2499 2220 2538 Expenfis
2238 2503 2360 2541 Hospitii
2376 2488 2459 2544 An423
2479 2502 2486 2507 “

1306 2537 1395 2568 nostri
1411 2536 1576 2574 necessaria,
1593 2547 1626 2567 ac
1641 2535 1805 2573 Cariagium
1821 2537 1960 2566 sufficiens
1983 2548 2035 2575 pro
2053 2539 2169 2577 eisdem,
2187 2540 2363 2579 ubicumque
2378 2561 2404 2582 H
2423 2539 2428 2544 ’
2464 2538 2472 2544 “

1305 2576 1424 2645 iri-{effigi
1441 2583 1589 2614 poterunt,
1608 2574 1816 2613 Arestandum,
1835 2575 2015 2614 Emendum,
2036 2575 2233 2617 Capiendum,
2250 2580 2363 2610 &Pro-
2377 2598 2396 2622 1²
2399 2566 2463 2621 αἶ’

1307 2625 1337 2646 vi
1357 2625 1391 2645 en
1415 2624 1481 2652 um,

1401 2655 1406 2659 .
1449 2655 1457 2662 x
1493 2653 1498 2658 .
1524 2653 1529 2658 .
1631 2652 1635 2657 .
1660 2652 1665 2657 .
1785 2653 1789 2658 .
1854 2653 1859 2658 .
2022 2653 2026 2658 .
2378 2637 2468 2660 Norm.
2482 2630 2510 2659 8.

1345 2653 1384 2684 Et
1399 2654 1466 2683 ideo
1480 2653 1530 2683 t1b1
1546 2651 1729 2688 Praecipimus
1742 2651 1820 2690 quod
1834 2661 1910 2681 circa
1922 2651 2084 2690 Praemlssa‚
2103 2654 2163 2684 &c.
2379 2674 2404 2697 H
2449 2675 2463 2706 p
2483 2679 2497 2696 ι

1346 2691 1456 2722 Damus
1471 2699 1564 2721 autern
1588 2691 1719 2720 univerlis
1741 2692 1772 2720 ὅ(
1798 2691 1906 2728 lingulis
1929 2689 2054 2728 BalliviS,
2074 2692 2315 2733 vicecomitibus,
2332 2705 2364 2726 ac
2379 2679 2474 2745 m'5rg..
2486 2690 2511 2735 d:

1309 2730 1367 2761 aliis
1390 2729 1543 2760 Officiariis
1558 2752 1567 2767 ,
1587 2727 1725 2758 Ministris
1740 2751 1749 2764 ,
1770 2728 1860 2767 Ligeis
1874 2752 1883 2765 ,
1904 2728 1937 2758 &
1960 2729 2081 2760 Subditis
2102 2730 2202 2761 nostris
2220 2756 2229 2769 ,
2248 2734 2365 2765 Tenore
2409 2730 2414 2735 '

1310 2769 1508 2804 Praesentium,
1526 2766 1641 2797 firmiter
1659 2768 1686 2796 in
1703 2766 1845 2797 Mandatis
1860 2768 1939 2804 quod
1956 2767 2025 2797 Tibi
2040 2791 2048 2805 ,
2068 2769 2095 2798 in
2105 2768 2283 2802 Executione
2291 2771 2368 2802 Prae-

1310 2807 1477 2876 giifforum,
1494 2805 1672 2837 Intendentes
1697 2805 1764 2843 sint,
1784 2804 1971 2836 Consulentes
1986 2829 1995 2844 ,
2014 2807 2047 2838 ὃς
2070 2806 2239 2841 Auxiliantes
2256 2833 2267 2848 ,
2284 2819 2367 2848 prout

1334 2855 1404 2877 ecet.

1349 2884 1384 2915 In
1400 2884 1478 2923 cujus
1488 2907 1498 2922 ‚
1516 2883 1576 2914 &c.
1592 2881 1726 2922 quadeu
1743 2881 1818 2921 Regi
1834 2881 1966 2920 placuerit
1979 2881 2127 2914 duraturas.

1315 3000 1337 3031 b
1349 2961 1440 3006 [Teste
1464 2960 1549 2998 Rege
1570 2958 1644 2997 apud
1667 2961 1817 2988 Civitatem
1831 2960 1926 2997 Paris,
1944 2958 2081 2991 vicesimo
2099 2961 2199 2999 quinto
2213 2961 2259 2994 die
2273 2962 2368 2994 Ocsto-

1338 3010 1383 3030 ris.

1316 3074 1505 3106 Confimilem
1522 3071 1968 3143 commiffionemirigfl’icssdem
1983 3072 2076 3113 Data,
2093 3075 2196 3108 habent
2210 3076 2370 3116 subscripti,

1909 3134 1920 3150 2

1315 3189 1459 3236 Jolaaunes
1472 3189 1553 3219 Rede.
1824 3188 1848 3256 ⁴1¹

1317 3232 1360 3260 W
1359 3228 1483 3258 illielmus
1498 3224 1649 3266 Mans-feld.

1315 3270 1414 3297 Petrus
1430 3270 1564 3304 croppere.
1839 3258 1998 3313 ?Teste·ut
2012 3266 2088 3305 supra
2103 3275 2145 3306 24
2161 3267 2208 3299 die
2224 3267 2373 3300 Oitobris}

1315 3305 1460 3344 Johannes
1476 3303 1569 3333 Neele.
1842 3314 1850 3348 ι

1317 3347 1412 3374 Pet-rus
1421 3346 1588 3381 Kennynges.
1828 3350 1849 3377 J

1337 3489 1366 3516 δὲ
1392 3493 1441 3524 De
1458 3488 1638 3533 fidelitate,
1655 3489 1745 3535 sitper
1771 3488 1959 3532 Restitutione
1980 3490 2201 3538 Temporalium
2219 3494 2345 3536 Ecclestae
2382 3506 2402 3526 a
2423 3506 2517 3537 gas-⁴

1647 3538 1835 3580 Exonienfis,
1860 3539 2048 3584 respec‘iuata.

1319 3622 1616 3692 RElzstngscaetori
1631 3622 1681 3652 suo
1697 3623 1726 3652 in
1736 3620 1929 3653 Comitatibus
1936 3622 2080 3656 Devoniae
2093 3625 2126 3656 &
2140 3623 2295 3655 Cornubiae
2304 3625 2371 3663 ,Sa-
2389 3629 2517 3706 Alngol.)

1353 3697 1435 3730 Cum
1449 3702 1580 3729 Dominus
1593 3702 1712 3729 Summus
1725 3698 1855 3739 Pontifex
1871 3700 2059 3739 Edmuna'um,
2079 3711 2166 3738 nuper
2189 3699 2370 3740 Hereforden-
2387 3711 2437 3734 An.
2454 3710 2481 3739 8.

1306 3737 1367 3777 sem
1380 3737 1550 3777 Episcopum,
1569 3748 1583 3767 a
1601 3737 1732 3775 vinculo,
1751 3748 1810 3775 quo
1831 3738 1923 3768 eidem
1945 3740 2080 3770 Ecclefiae
2103 3740 2260 3777 tenebatur,
2279 3740 2369 3770 absol·
2389 3751 2422 3773 H.
2444 3757 2472 3781 5,

1316 3777 1402 3813 verit,
1423 3775 1568 3814 ipsumque
1583 3775 1617 3806 ad
1631 3775 1783 3806 Eccleliarn
1795 3775 1999 3815 Exoniensem‚
2018 3785 2163 3807 vacantem
2181 3787 2228 3815 per
2237 3777 2366 3810 Mortem
2388 3788 2446 3812 ΡΜ.
2466 3785 2493 3813 8.

1315 3813 1470 3852 Johannis,
1490 3823 1577 3853 nuper
1592 3814 1723 3851 Episcopi
1736 3814 1855 3850 eiusdem
1871 3815 2000 3845 Ecclesiae
2009 3815 2188 3852 Exonienfis,
2206 3816 2366 3849 Auctorita-
2383 3826 2416 3850 H.
2426 3833 2500 3859 5.m,

1317 3862 1344 3882 te
1359 3852 1526 3890 Apostolici
1540 3852 1721 3889 transtulerit,
1737 3855 1769 3884 &
1784 3853 1873 3889 ipsum
1889 3855 1916 3882 in
1935 3853 2106 3890 Episcopum
2128 3853 2212 3884 distae
2232 3854 2366 3888 Ecclefiae
2386 3870 2430 3891 ¹2.

1317 3890 1480 3921 Exoniensis
1505 3890 1660 3928 praefecerit
1691 3892 1725 3922 &
1757 3891 1899 3921 Pastorem
1914 3913 1923 3928 ‚
1949 3891 2017 3921 sicut
2043 3901 2089 3928 per
2120 3891 2226 3923 Literas
2254 3893 2370 3927 Bullatas

1318 3929 1399 3998 isptsius
1413 3929 1537 3960 Domini
1551 3929 1665 3960 Summi
1681 3928 1843 3967 Pontificis,
1862 3929 1959 3959 Nobis
1972 3929 2036 3959 inde
2051 3929 2184 3969 dii-eetas,
2201 3933 2284 3964 nobis
2297 3945 2369 3966 con-

1348 3977 1390 4005 at,

1359 4005 1445 4044 Nos,

1358 4043 1416 4074 Pro
1427 4054 1464 4075 eo
1476 4044 1556 4081 quod
1569 4045 1638 4075 idem
1653 4045 1706 4081 Epi
1719 4055 1745 4073 co
1762 4054 1791 4073 us
1802 4043 1936 4073 omnibus
1950 4044 1983 4075 δε
1997 4044 2107 4083 singulis
2124 4047 2233 4086 verbis,
2252 4050 2279 4079 in
2296 4049 2379 4083 dietis

1322 4083 1424 4114 Literis
1438 4082 1551 4115 Bullatis
1568 4084 1727 4120 contentis,
1781 4082 1842 4112 obis
1857 4082 1890 4113 δε
1913 4081 2042 4114 Corona:
2066 4084 2169 4116 nostrae
2188 4088 2383 4127 praejudiciali-

2319 4127 2387 4166 bus,
