2562 4274
44 244 119 275 Ann.
134 241 175 272 D.

66 289 151 319 1425.

49 326 110 349 Hm.
131 320 158 347 6.

45 430 96 454 Aa,
114 434 139 461 3.

46 483 133 537 clim-s.
152 509 180 536 3.

46 544 81 567 H.
97 541 123 567 6.
139 548 175 566 m.

51 587 74 606 ι.

72 1054 89 1069 ‘
104 1054 141 1081 X.

58 1102 119 1128 347·

52 1243 116 1271 thid.

55 2183 185 2217 ¹Ann.D.

74 2233 162 2264 1425.

51 2270 104 2293 An.
123 2275 149 2301 3.

52 2308 89 2332 H.
109 2304 137 2330 6.

53 2346 121 2369 Scot.
143 2352 168 2378 3.

58 2384 90 2407 H.
111 2382 136 2407 6.
149 2389 187 2408 m.

60 2427 103 2455 13.

761 165 870 209 ET
952 171 1219 212 ACTA

507 342 555 373 De
577 338 733 384 Obstdibus
756 343 948 389 Rectpiendis.

201 421 518 493 RESZCIUtXelriIcIecomiti
539 419 687 464 Eborum,
704 435 738 457 ac
756 425 878 459 Custodi
899 428 992 461 Castri
1011 430 1099 462 nostri
1120 431 1251 463 Eborum

234 498 322 539 Tibi,
341 501 378 531 de
400 500 573 533 avisamento
595 503 629 533 &
647 501 753 533 assensu
777 503 901 536 Concilii
925 506 1031 544 nostri,
1050 507 1254 547 Praecipimus‚

195 539 311 570 firmiter
326 540 518 585 injungentes,
535 540 616 577 quod
629 539 773 571 Robertum
792 543 824 572 de
843 544 950 585 Erskyn
972 545 1097 576 Militem
1114 569 1124 585 ,
1139 548 1174 578 &
1194 547 1253 585 Ja·

194 576 419 655 ωὲὸἴῦξέἔζξζ)
430 578 798 660 ggffifrgfartssndssservationis
813 620 953 658 cujusdam
976 621 1236 667 Appunefflameiiti
1245 646 1254 661 ,

198 655 272 685 inter
284 664 375 686 certos
388 654 607 685 Commiffarios
621 654 731 686 nostros
742 666 776 687 ex
790 668 861 697 una,
882 659 915 690 δε
930 660 1063 694 quosdam
1079 660 1254 691 Commissa—

198 695 254 724 rios
268 693 363 732 Regni
377 692 484 723 Scotiae
496 692 579 723 Parte
594 703 628 722 ex
642 693 740 733 altera,
754 695 836 735 facti,
853 708 902 735 per
921 697 1104 729 Cariffimum
1127 699 1254 729 Consan-

201 733 339 769 guineum
355 731 482 774 nostrum
497 731 632 770 Jacobum
646 732 758 776 Regem
773 734 926 766 Scotorum
937 760 947 774 ,
963 736 1041 774 super
1062 738 1142 775 ipsius
1168 737 1254 782 Libe—

202 771 326 808 ratione,
344 769 443 799 Nobis
456 771 586 807 traditos,
604 772 638 802 &
653 781 681 800 in
702 771 858 818 Custodia,
875 775 971 819 dileeii
992 776 1025 806 &
1045 775 1132 820 fidelis
1156 775 1256 806 Militis

200 809 306 876 gostrli,
321 806 629 877 giclffirdidHastynffs,
648 808 855 878 C‘Osflstabmam
872 812 964 843 Castri
976 813 1062 844 nostri
1077 814 1112 844 de
1134 813 1257 844 Knares-

223 857 238 876 u
345 856 360 875 e
415 857 448 877 an
470 857 516 877 ato
531 858 569 877 no
596 858 630 877 ro
643 857 685 878 exi
713 858 788 879 entes

240 855 286 914 Rgb
298 869 404 915 ’eodem
425 885 577 924 fflchardo,
600 886 644 916 seu
666 888 702 917 ab
722 897 757 917 eo
778 872 826 925 q'ui
847 888 1014 927 praedie’tos,
1040 889 1198 927 Rohertum‚
1222 891 1256 921 &

201 922 352 968 Jacobum‚
370 922 497 953 Nomini
512 925 578 954 dieti
589 924 735 970 Ricbara'i‚
749 926 818 955 Tibi
836 927 1001 964 Liberabst,
1013 937 1067 971 Pe?
1083 927 1256 995 Indentugas,

200 961 593 1041 iggle’iigcessoffiffnggsm
598 962 786 1045 ἒὲῗςῖέἓάέἵέ
800 964 1258 1046 ζῗξεὲῗῖΐῖἒῖπῖ“ῑιῗὲῗῗῑῑ,ἐῖἕῂῖζ,

202 1039 296 1069 debite
308 1037 512 1076 conficiendas,
529 1039 586 1083 sirie
599 1038 729 1070 dilatione
741 1040 891 1085 Recipias,
910 1044 926 1059 ⁴*
941 1042 975 1072 ad
998 1052 1046 1072 eos
1067 1042 1143 1073 {alvo
1165 1043 1198 1073 &
1220 1043 1259 1073 se-

203 1078 286 1114 cure,
308 1075 409 1114 absque
429 1075 510 1107 Dura
531 1076 663 1115 Prisona,
691 1077 917 1122 Custodiendos:
944 1080 982 1111 Et
1004 1081 1079 1119 hoc,
1098 1081 1147 1112 sub
1168 1081 1259 1113 Poena

204 1115 289 1146 Mille
305 1114 473 1153 Librarum,
493 1116 645 1146 nullatenus
657 1126 779 1147 omittas.

241 1152 331 1184 Teste
345 1153 426 1192 Rege
438 1154 513 1192 apud
530 1153 803 1195 Wstmonasterium,
820 1157 868 1195 viij
884 1156 931 1188 die
942 1156 1019 1196 Julii.

207 1228 326 1285 REX
342 1228 434 1260 eidem
443 1252 453 1267 ,
471 1229 604 1262 Salutem.

304 1268 487 1305 Praecipimus
500 1270 552 1300 tibi
567 1270 685 1301 firmiter
701 1269 883 1311 Injungentes
894 1271 974 1311 quod
987 1272 1090 1303 David
1099 1271 1195 1302 Filium
1210 1275 1258 1302 Co-

200 1309 274 1336 mitis
291 1305 435 1344 Atholiae,

239 1343 367 1374 Thomam
385 1347 512 1374 Comitem
530 1347 688 1385 Moravbe,

239 1386 366 1412 Comitem
385 1382 555 1421 Craufurdiae
563 1407 574 1423 ‚

239 1421 384 1452 Robertum
401 1421 495 1458 Ketia,

242 1459 388 1489 Walterum
404 1459 584 1498 Haliburton,

241 1497 437 1528 Alexandrum
456 1501 552 1538 Seton,

240 1535 369 1566 Thomam
388 1537 477 1576 Boyde
487 1559 496 1573 ‚

242 1574 401 1613 Johannem
418 1575 451 1604 de
468 1575 594 1616 Lyndefiz
617 1599 627 1615 ‚

243 1615 391 1642 Patricium
409 1615 505 1651 Lyon,

242 1654 381 1688 Georgium
398 1651 535 1690 Cambell,

245 1690 348 1719 David
362 1689 473 1730 Ogilby,

241 1728 385 1758 Robertum
404 1727 502 1768 Lylle,

242 1769 385 1796 Ducanum
404 1763 539 1802 Cambell,

242 1803 280 1834 Et
298 1804 401 1834 David
416 1807 567 1844 Meygnez,
960 1844 965 1849 ¹
1242 1844 1247 1849 ¹

245 1842 385 1879 Oblides,
403 1840 462 1875 ὠτ.
480 1841 604 1880 utsupra
626 1839 706 1881 ufiyue
724 1840 775 1879 ibi,
793 1842 823 1872 In
844 1841 1000 1881 Custodia,
1016 1842 1054 1878 ὠ·
1073 1850 1136 1872 tunc
1147 1844 1202 1883 fic,
1219 1843 1263 1873 di-

207 1880 275 1910 leeti
293 1880 392 1910 Nobis
408 1882 521 1909 Henrici
534 1879 648 1909 Lounde
662 1880 805 1916 Armigeri
827 1880 862 1911 de
888 1880 1028 1912 Mandato
1049 1882 1211 1920 existentes,
1228 1882 1264 1912 ab

207 1918 312 1950 eodem
327 1920 444 1947 Henrico
458 1918 503 1948 seu
516 1918 551 1948 ab
564 1927 600 1947 eo
613 1918 682 1954 qui,
697 1917 756 1952 &a
774 1925 805 1947 ut
815 1918 1033 1957 supra,mutatis
1045 1920 1193 1950 mutandis.

247 1956 335 1987 Teste
350 1956 433 1996 Rege
443 1956 517 1994 apud
532 1955 804 1996 Wstmonasterium,
820 1958 865 1995 viij
880 1958 926 1988 die
935 1958 1012 1996 Julii.

251 2085 346 2129 Super
364 2083 581 2127 Attemptatis,
607 2091 711 2114 contra
727 2083 861 2128 Treugas
877 2083 976 2116 Scotiae
993 2080 1215 2128 Refhrmandis.

206 2165 322 2223 REX
338 2165 564 2197 Vicecomitibus
578 2165 708 2197 Civitatis
721 2166 853 2197 Eborum
862 2191 872 2206 ,
889 2167 1024 2199 Salutem.

306 2204 387 2236 Cum
402 2227 412 2243 ,
436 2214 490 2243 pro
510 2204 730 2236 Reformatione
752 2206 786 2237 &
809 2205 1002 2244 Reparatione
1020 2205 1263 2245 Atteniptatorum

206 2252 307 2275 contra
319 2244 467 2281 Treugas,
1098 2284 1104 2290 .
1165 2277 1171 2284 ¹

243 2282 322 2313 Tam
337 2292 386 2320 per
400 2284 546 2312 Henricum
562 2285 689 2312 Comitem
710 2282 916 2313 Northumbriae
940 2283 1191 2321 consanguineum
1209 2294 1265 2315 no-

207 2319 297 2352 strum
307 2344 318 2359 ,
335 2322 368 2352 &
382 2321 450 2352 alios
463 2320 681 2351 Commiffarios
696 2331 750 2358 pro
764 2321 871 2361 Regno
885 2321 985 2353 nostro
998 2323 1108 2361 Angliae
1141 2332 1176 2353 ex
1192 2333 1265 2362 una,

207 2361 242 2391 &
265 2362 377 2389 Comites
399 2359 535 2389 Marchiae
558 2359 591 2390 &
613 2359 645 2390 de
665 2359 773 2398 Duglas
788 2382 798 2398 ,
823 2362 856 2392 &
875 2361 943 2391 alios
969 2346 1188 2406 Commissitrios
1211 2372 1265 2399 pro

208 2398 317 2436 Regno
336 2398 441 2429 Scotiae
457 2421 468 2437 ‚
493 2406 571 2437 parte
595 2406 628 2428 ex
648 2398 730 2429 altera
748 2398 859 2430 dudum
874 2423 883 2438 ,
909 2400 996 2438 quam
1019 2410 1069 2438 per
1091 2399 1265 2431 cariffimum

205 2436 457 2476 consanguineum
481 2437 609 2467 nostrum
625 2435 760 2476 Jacobum
780 2440 876 2476 Regem
897 2442 1048 2477 Scotorum,
1074 2448 1108 2469 ex
1126 2448 1196 2476 una,
1215 2439 1265 2478 &,

208 2475 390 2507 Venerabiles
405 2476 433 2504 in
448 2474 565 2506 Christo
578 2474 673 2505 Patres
681 2499 690 2514 ‚
708 2475 881 2514 Johannem,
899 2477 1048 2507 Londoniae
1057 2501 1068 2517 ,
1081 2479 1115 2509 &
1127 2476 1266 2515 Thomam,

209 2514 378 2552 Dunolmiae‚
395 2514 546 2553 Episcopus,
563 2523 597 2545 ac
609 2513 677 2544 alios
693 2514 807 2545 nostros
823 2515 1056 2554 Commissarios,
1073 2515 1154 2546 Parte
1170 2525 1204 2546 ex
1227 2516 1266 2546 al-

207 2559 283 2591 tera,
302 2563 389 2591 nuper
403 2553 482 2583 initas
492 2554 524 2584 &
538 2553 699 2591 conclusas,
1035 2594 1037 2598 V

247 2591 444 2622 Venerabilem
457 2590 569 2622 Patrem
583 2590 712 2620 Tbomam
732 2591 939 2632 Dunolmense'm
958 2592 1128 2632 Episcopum,
1147 2592 1267 2622 Williel-

209 2640 280 2660 mum
294 2630 436 2669 Alnewyk
452 2629 566 2667 Legum
583 2629 749 2660 Dofflmrem
764 2629 927 2661 Custodem
941 2631 1047 2662 Privati
1063 2631 1149 2670 Sigilli
1160 2632 1267 2670 nostri,

210 2668 380 2708 Radulphum
392 2669 556 2699 Dominum
572 2668 603 2697 de
617 2668 779 2709 Cromwell,
797 2668 958 2709 Johannem
970 2668 994 2699 le
1013 2673 1106 2708 Scrop,
1122 2669 1268 2700 Robertum

209 2707 389 2748 Umfravyle‚
413 2707 446 2737 &
462 2706 637 2737 Wllielmum
651 2709 830 2745 Haryngton‚
849 2707 971 2747 Milites,
989 2708 1101 2738 nostros
1118 2708 1267 2739 Commis-

211 2745 309 2783 farios,
331 2746 381 2776 sub
401 2753 475 2776 certa
495 2746 603 2782 forma,
627 2745 865 2783 Deputaverimus
881 2746 1170 2784 Ordinaverimusque
1187 2747 1268 2785 quod

209 2784 299 2814 iidem
315 2782 510 2814 Commiffarii
529 2783 632 2823 nostri,
650 2794 720 2814 cum
735 2783 941 2815 Commiffariis
954 2785 1062 2823 praefati
1076 2785 1176 2829 Jacobi
1183 2789 1271 2824 Regis,

212 2821 246 2852 ea
259 2822 295 2853 de
308 2821 406 2859 causa,
423 2822 453 2852 in
466 2822 541 2853 Villa
551 2822 650 2853 nostra
666 2823 802 2854 Berewici
816 2823 895 2861 super
906 2823 1049 2855 Twedam
1059 2847 1069 2862 ,
1085 2824 1200 2868 Quinto
1220 2826 1270 2855 de—

213 2861 293 2890 cimo
312 2859 358 2890 die
379 2859 487 2890 Mensis
505 2860 623 2898 Augusti
643 2862 778 2898 proximo
800 2863 930 2901 venturi,
954 2864 988 2895 &
1011 2863 1153 2893 nonnullis
1172 2863 1270 2895 diebus

213 2897 471 2936 Subsequentibus‚
489 2899 684 2938 convenient,
1124 2940 1129 2945 ι

250 2935 344 2967 Vobis
357 2935 540 2973 Praecipimus
555 2937 634 2974 quod
647 2938 675 2966 in
688 2937 812 2969 Civitate
835 2938 967 2976 praedista
977 2962 987 2977 ‚
1003 2939 1053 2969 ubi
1075 2948 1164 2978 major
1183 2939 1271 2970 habe-

210 2982 255 3007 tur
267 2974 372 3012 Populi
384 2973 566 3012 Concursus,
582 2974 731 3005 Publicam
746 2975 805 3005 fieri
821 2976 926 3006 faciatis
938 2976 1216 3017 proclamationem,

252 3013 347 3052 Qiod
360 3022 460 3043 omnes
473 3014 506 3044 ὃς
519 3012 615 3051 singuli
631 3013 741 3044 Subditi
757 3013 865 3052 nostri,
883 3014 910 3045 se
929 3014 1024 3045 Laesos
1042 3015 1088 3045 vel
1110 3016 1272 3055 Dampnifi-

213 3059 294 3081 catos
307 3059 407 3081 contra
418 3051 507 3082 dietas
517 3051 642 3091 Treugas
658 3052 821 3091 sentientes,
839 3052 892 3083 sint
909 3062 1007 3083 coram
1019 3053 1101 3083 dietis
1123 3054 1273 3099 Commis7

213 3089 285 3119 [ariis
300 3088 419 3128 nostris,
436 3090 467 3119 in
482 3088 557 3120 Villa
570 3089 706 3121 Berewici
722 3090 852 3128 praedi<5ia
863 3113 873 3129 ,
891 3090 978 3121 Sexto
997 3090 1113 3122 decimo
1133 3093 1179 3125 die
1202 3094 1274 3124 dieti

215 3126 325 3157 Mensis
339 3126 460 3164 Augusti
475 3129 614 3167 proximi,
631 3128 689 3159 suas
707 3128 899 3167 proposituri,
918 3129 937 3159 fi
960 3129 1065 3168 velint,
1084 3130 1219 3168 Querelas
1239 3133 1273 3164 &

215 3164 393 3203 Demandas,
407 3166 440 3196 &
455 3175 498 3195 eas
512 3175 596 3203 prout
608 3168 746 3198 convenit
762 3167 938 3198 Prosecuturi
949 3191 958 3206 ‚
975 3167 1216 3207 Probationesque
1238 3172 1272 3202 &

214 3203 432 3234 Informationes
442 3226 452 3239 ,
480 3203 499 3233 fi
517 3213 583 3240 quas
598 3205 628 3234 in
641 3215 674 3235 ea
689 3214 766 3243 parte
782 3205 947 3244 habuerint,
965 3216 1018 3244 pro
1032 3217 1131 3237 eorum
1147 3208 1274 3238 celeriori

214 3242 411 3310 {xpeditioni‚
429 3240 617 3280 Produsturi,
632 3243 666 3273 &
688 3244 800 3275 ulterius
818 3243 895 3283 quod
913 3245 1025 3275 rationis
1045 3246 1079 3277 δε
1095 3245 1170 3284 juris
1191 3246 1274 3278 fuerit

250 3288 390 3318 ecepturi,

252 3318 359 3348 Dieios
376 3316 594 3347 Commissarios
610 3317 738 3357 nostr03‚
755 3319 790 3350 ad
802 3320 895 3351 dictos
909 3320 984 3351 diem
997 3322 1030 3353 &
1052 3321 1182 3360 Locum,
1201 3334 1275 3362 quo-

218 3356 308 3387 modo
322 3357 397 3424 &fiiri
411 3357 511 3394 quibus
523 3356 611 3386 Locis
624 3356 782 3394 hujusmodi
799 3358 888 3391 Breve
903 3359 1033 3390 nostrum
1048 3361 1153 3393 fueritis
1164 3362 1276 3394 Execu-

218 3404 257 3433 ti,
275 3404 345 3425 certi
367 3403 467 3425 cantes.

254 3432 343 3464 Teste
355 3432 438 3472 Rege
450 3431 525 3471 apud
543 3432 815 3473 Wstmonasterium,
831 3435 878 3465 xiv
890 3434 936 3465 die
946 3435 1024 3473 Julii.

717 3513 771 3540 Per
785 3513 876 3540 Breve
888 3511 920 3541 de
933 3513 1051 3543 Privato
1067 3513 1167 3552 Sigillo.

222 3585 339 3643 REX
358 3587 531 3618 Vicecomiti
545 3584 696 3630 Eborum,
713 3587 847 3634 Salutem.
935 3628 940 3633 .

319 3624 418 3664 Cum,
437 3624 496 3661 ὠς.
514 3632 545 3654 ut
555 3624 640 3664 ficpra
657 3628 734 3665 usque
745 3626 799 3664 ibt,
819 3635 1004 3665 convenient,
1024 3626 1062 3663 ό
1079 3630 1204 3670 tuncfic,

255 3663 328 3694 Tibi
349 3664 535 3702 Praecipimus
558 3663 638 3701 quod
661 3665 690 3693 in
712 3664 799 3695 Locis
821 3666 853 3696 &
878 3665 958 3695 Villis
980 3665 1141 3697 Comitatus
1163 3669 1221 3705 tui,
1247 3669 1276 3698 in

221 3702 435 3769 quibusdmajor
460 3702 577 3733 habetur
602 3701 708 3740 Populi
729 3701 910 3743 Concursus,
927 3703 987 3740 &a
1006 3712 1037 3734 ut
1045 3706 1147 3745 ficpra,
1166 3711 1278 3737 mutatis

223 3747 317 3769 mutan
336 3744 366 3770 is.

258 3777 348 3808 Teste
364 3788 395 3811 ut
406 3780 494 3818 supra.

227 3853 400 3922 DConsimile
425 3858 516 3887 Breve
543 3855 668 3894 dirigitur
696 3858 850 3887 Vicecomiti
879 3856 1084 3891 Northumbriae
1105 3859 1159 3899 sub
1189 3860 1280 3891 eadem

257 3899 315 3922 ata-

1301 174 1782 223 PUBLICA.
2278 207 2355 248 117

2367 278 2443 310 Ann.
2457 280 2499 311 D.

1297 341 1324 366 ᾖ
1352 346 1400 377 De
1427 343 1580 388 Obsidibus
1604 348 1800 396 Liber-andis,
1822 358 1860 392 (θ’
1891 358 1960 389 aliis
1978 358 2036 390 loco
2056 371 2156 393 eorum
2175 365 2347 409 eAEquiva-
2366 326 2475 412 ΗΞὲΆΞ·

1653 398 1778 432 lentibus
1796 405 1988 449 Reczpiendis.
2369 397 2462 468 343}

1296 476 1410 545 RE}
1425 478 1583 549 Omnibus?
1603 481 1637 512 ad
1652 492 1740 522 quos,
1756 485 1816 517 &c.
1835 487 1967 521 Salutem.
2365 510 2418 535 An.
2436 517 2461 544 3.

1410 526 1486 547 Clatls
1520 529 1557 548 uo

1330 552 1410 583 Cum
1425 555 1453 584 in
1468 528 1594 593 qucbdani
1611 557 1878 598 Appunetuamento
1888 587 1898 603 ,
2363 547 2482 611 illido:

1330 590 1408 635 inter
1430 603 1521 624 certos
1544 595 1657 639 nostros
1679 597 1914 642 Commiffirios,
1932 614 1966 635 ex
1994 616 2066 645 una,
2082 608 2116 639 ὃς
2137 618 2230 641 certos
2251 610 2347 642 Com·
2371 631 2402 649 12
2423 606 2428 612 ⁸
2478 616 2481 619 ’

1296 628 1432 674 missarios
1451 630 1551 669 Regni
1576 633 1680 677 Scotiae
1701 636 1782 668 Parte
1801 649 1834 669 ex
1854 641 1955 681 altera,
1972 644 2007 674 de
2023 645 2056 675 ὃ(
2074 647 2152 684 super
2169 648 2349 682 Liberatione
2406 642 2413 650 ’

1295 667 1425 698 carissimi
1439 669 1648 710 Consanguinei
1662 675 1748 704 nostri
1759 676 1859 714 Jacobi
1871 682 2005 711 Scotorum
2015 685 2091 720 Regis
2106 685 2182 716 facio
2191 709 2202 725 ,

1313 704 1418 750 'Inter'
1432 718 1547 752 coetera,
1574 712 1751 742 contineatur
1773 716 1852 752 quod
1873 720 1986 755 quilibet
2010 720 2168 761 Obuiam,
2184 735 2237 761 pro
2260 725 2350 757 Secu-

1297 752 1375 774 ritate
1388 744 1460 787 ,ἀιὲἶι
1482 747 1744 790 Appunc‘iuamenti
1766 754 1799 782 &
1822 764 2024 787 contentorum
2049 761 2078 789 in
2100 762 2204 792 eodem
2220 787 2230 801 ,
2253 764 2352 796 Nobis

1298 792 1347 819 per
1365 782 1475 826 dustum
1495 785 1746 825 Conianguineum
1767 791 1895 823 nostrum
1918 794 2063 827 Datorum
2083 798 2116 828 ὃς
2132 799 2331 833 Liberatorum
2342 827 2353 842 ,

1299 829 1419 858 poterit,

1321 858 1417 901 ¹Dato
1442 860 1516 897 prius
1536 861 1621 893 Loco
1644 864 1682 895 sui
1706 864 1907 904 AEquivalente
1929 871 1957 899 in
1980 871 2200 906 Posseffionibus
2220 877 2254 907 &
2275 878 2354 910 Red-

1299 895 1401 927 ditibus
1422 900 1626 935 temporalibus
1643 925 1652 939 ,
1678 903 1749 934 infra
1773 905 1910 944 Regnum
1932 908 2038 939 Scotize
2058 912 2216 944 constitutis
2233 937 2243 953 ,
2267 926 2355 953 quem

1300 943 1369 972 nos,
1387 934 1539 975 Haeredes,
1558 939 1602 969 vel
1616 939 1797 972 Succeffores
1812 944 1915 983 nostri,
1933 947 1978 977 seu
2002 947 2137 980 Gardiani
2158 951 2355 986 Marchiarum

1300 972 1458 1041 gostrarum
1480 975 1572 1007 versus
1598 977 1724 1009 Scotiam
1739 1003 1749 1018 ,
1772 981 1950 1023 duxerimus,
1974 985 2019 1016 seu
2042 987 2169 1020 duxerint
2194 990 2356 1030 Acceptan-

1323 1020 1372 1042 um

1338 1049 1371 1080 In
1383 1036 1524 1088 Regnum
1538 1052 1658 1094 Scotiae‚
1676 1055 1711 1086 de
1724 1055 1869 1090 Consenlu
1884 1060 1918 1091 ὃς
1930 1060 2059 1095 Licentia
2071 1065 2191 1105 nostris,
2208 1076 2257 1105 per
2278 1068 2358 1101 Lite-

1302 1088 1462 1157 rashnTostras
1477 1089 1606 1123 Patentes
1618 1093 1698 1132 super
1712 1095 1769 1126 hoc
1782 1097 1904 1139 habitas,
1921 1099 1947 1131 se
1960 1103 2122 1142 transferre,

1376 1137 1427 1165 os,

1338 1164 1397 1195 Pro
1410 1175 1447 1195 eo
1461 1167 1538 1204 quod
1551 1171 1676 1206 Georgius
1690 1172 1826 1212 Cambell,

1338 1203 1377 1233 Et
1391 1205 1494 1234 David
1507 1209 1641 1245 Meignes,

1341 1241 1460 1285 Obsides
1470 1266 1479 1281 ,
1497 1246 1557 1288 unat
1567 1255 1634 1275 cum
1648 1246 1720 1285 aliis,
1739 1258 1773 1279 ex
1786 1250 1863 1281 causa
1878 1253 2018 1289 praemissa
2028 1277 2038 1292 ,
2056 1255 2154 1287 Nobis
2168 1257 2237 1288 Dati
2251 1258 2285 1289 &
2307 1259 2358 1290 Li-

1303 1280 1392 1310 berati
1402 1302 1412 1318 ,
1429 1280 1512 1324 Duos
1525 1283 1591 1313 alios
1601 1306 1610 1321 ,
1629 1294 1681 1321 pro
1696 1285 1941 1324 AEquivalentibus
1957 1302 2006 1330 per
2019 1293 2111 1324 dietos
2127 1295 2285 1327 Gardianos
2298 1299 2358 1329 Ac-

1303 1326 1427 1355 ceptatos
1438 1341 1447 1356 ,
1461 1329 1533 1363 Juxta
1550 1321 1672 1364 formam
1687 1323 1756 1355 disti
1774 1326 2052 1367 Appundtuamenti‚
2071 1333 2156 1364 Loco
2168 1334 2217 1364 suo
2241 1335 2359 1367 tradide-

1304 1366 1368 1386 runt
1383 1356 1415 1386 &
1433 1358 1538 1388 realiter
1552 1359 1753 1400 liberaverunt,

1343 1393 1538 1426 Concedimus
1561 1399 1594 1428 ὅ(
1615 1397 1771 1430 Licentiam
1796 1401 1906 1434 Damus
1928 1406 2007 1444 quod
2030 1408 2132 1447 iidem,
2159 1414 2300 1450 Georgius,
2323 1413 2359 1444 ὃς

1306 1434 1425 1471 David,
1439 1443 1453 1463 a
1477 1434 1555 1479 dieto
1578 1436 1683 1474 Regno
1704 1439 1803 1470 nostro
1825 1441 1936 1481 Angliae
1959 1444 2122 1486 Recedere²
2140 1449 2173 1480 ὅτ.
2195 1451 2224 1479 in
2247 1450 2358 1481 dietum

1306 1471 1444 1515 Regnum
1458 1471 1563 1504 Scotiae
1575 1474 1602 1504 se
1617 1475 1785 1507 Transferre
1796 1479 1913 1511 valeant.

1306 1547 1324 1577 d
1346 1509 1379 1539 lii
1396 1519 1489 1549 culus,
1507 1512 1566 1543 &c.
1584 1513 1669 1552 usque
1681 1514 1796 1547 Festum
1810 1516 1905 1550 Sancti
1921 1518 2070 1552 Michaelis
2082 1525 2216 1561 proximo
2230 1526 2357 1558 futurum

1328 1557 1456 1579 uraturas.

1343 1624 1433 1655 Teste
1444 1624 1525 1665 Rege
1539 1626 1612 1665 apud
1629 1628 1899 1671 liestmonasterium,
1917 1635 1963 1672 xvj
1977 1634 2022 1666 die
2033 1635 2110 1674 Julii.

1787 1709 1841 1737 Per
1852 1710 1944 1739 Breve
1957 1711 1990 1740 de
2004 1714 2123 1743 Privato
2138 1714 2235 1753 sigillo.

1311 1776 1429 1846 REJS(
1445 1779 1598 1849 omnibusgl
1613 1781 1647 1811 ad
1660 1791 1748 1822 quos,
1766 1783 1827 1815 &c.
1845 1784 1979 1817 Salutem.

1429 1826 1504 1847 ciatis
1519 1827 1578 1855 quo
1604 1842 1614 1855 ,

1346 1852 1446 1892 Cum,
1464 1854 1523 1889 &a
1542 1864 1573 1886 ut
1584 1857 1670 1895 fizpra
1683 1857 1760 1899 usque
1775 1860 1812 1890 ibi
1822 1883 1832 1899 ‚
1850 1861 1936 1901 Nos,

1346 1890 1404 1922 Pro
1419 1903 1455 1923 eo
1469 1894 1548 1933 quod
1565 1895 1679 1925 Thomas
1695 1901 1784 1927 Comes
1801 1903 1942 1930 Moraviae
1952 1924 1962 1939 ,

1345 1930 1489 1961 Dominus
1504 1932 1632 1963 Robertus
1645 1934 1720 1964 Keth
1736 1935 1914 1970 Marescallus
1927 1938 2049 1977 Scotiae‚

1345 1971 1493 2000 Duncanus
1508 1971 1631 2001 Cambell
1640 1973 1670 2002 de
1688 1974 1809 2014 Argyle‚

1347 2007 1484 2038 lValterus
1501 2010 1533 2038 de
1548 2010 1734 2050 Haliburton,

1345 2046 1511 2076 Alexander
1526 2051 1606 2079 Seton
1618 2050 1650 2079 de
1666 2050 1826 2091 Gordonne,

1345 2083 1459 2114 Thomas
1478 2086 1569 2124 Boyd,

1344 2121 1490 2160 Johannes
1502 2123 1659 2166 Lyndesszy,

1345 2163 1477 2191 Dominus
1489 2163 1618 2193 Robertus
1629 2163 1713 2203 Lyle,

1345 2198 1382 2229 Et
1400 2201 1504 2230 David
1510 2201 1542 2230 de
1554 2201 1663 2242 ogilby‚

1308 2273 1328 2304 b
1345 2237 1484 2281 Obsides,
1500 2240 1555 2270 una
1570 2249 1638 2271 cum
1650 2240 1725 2279 aliis,
1740 2250 1775 2272 ex
1790 2242 1868 2274 causa
1882 2243 2039 2283 praemissa,
2058 2243 2159 2278 Nobis
2181 2246 2250 2280 Dati
2264 2248 2298 2282 ὃς
2313 2248 2362 2280 Li-

1328 2282 1395 2306 erati

1345 2299 1493 2344 Pat'ricium
1506 2315 1733 2356 Primogenitum
1747 2322 1857 2349 Comitis
1873 2320 2006 2351 Marchiae
2020 2325 2131 2363 Scotiae‚

1346 2352 1510 2384 Dominum
1524 2354 1684 2393 Johannem
1699 2358 1877 2398 Mungumbry
1891 2358 1929 2390 de
1946 2359 2118 2399 Ardmffian,

1347 2390 1492 2422 Robertum
1507 2396 1631 2424 Stewart
1644 2394 1681 2425 de
1696 2394 1777 2425 Lorn
1786 2419 1796 2435 ‚

1346 2429 1514 2461 Dominum
1527 2431 1654 2462 Thomam
1670 2435 1734 2474 Hay
1747 2434 1783 2464 de
1797 2434 1911 2473 Zestir,

1345 2467 1510 2499 Dominum
1523 2469 1700 2501 Willielmum
1712 2472 1864 2513 Borthwyk
1877 2473 2025 2506 Senioretn
2033 2499 2044 2514 ,

1348 2506 1515 2538 Dominum
1527 2509 1625 2538 Adam
1637 2511 1669 2540 de
1685 2510 1810 2541 Helburn
1824 2513 1860 2543 de
1873 2513 1961 2552 Halys
1970 2537 1981 2552 ,

1349 2547 1540 2576 Normannum
1556 2547 1588 2577 de
1603 2548 1696 2588 Lelly,

1347 2585 1485 2621 Georgium
1500 2585 1576 2626 Lyile
1591 2585 1817 2624 primogenitum
1832 2588 1900 2619 dieti
1914 2588 2039 2621 Domini
2052 2591 2161 2621 Roberti
2173 2592 2268 2633 Lyde,

1347 2621 1385 2653 Et
1398 2623 1543 2652 Andream
1558 2624 1634 2654 Keth
1647 2624 1684 2654 de
1697 2627 1833 2665 Enyrrugi
1843 2651 1851 2663 ,
1872 2628 1971 2665 singuli
1987 2629 2142 2667 (videlicet)
2165 2631 2301 2670 singulm,
2319 2641 2368 2669 per

1311 2660 1403 2691 diffisos
1415 2660 1572 2692 Gardianos
1586 2662 1779 2695 Marchiarum
1795 2665 1950 2696 nostrarum
1962 2668 2147 2706 Acceptum,
2159 2669 2235 2707 juitta
2247 2670 2369 2700 formam

1312 2699 1381 2729 dieti
1405 2699 1685 2740 Appundtuamenti,
1704 2702 1790 2734 Loco
1811 2703 1850 2734 sui
1870 2704 2058 2737 Tradiderunt
2079 2708 2112 2737 &
2132 2708 2239 2739 realiter
2254 2708 2370 2739 Libera-

1313 2746 1432 2776 verunt,

1351 2775 1553 2807 consentimus
1567 2777 1601 2808 &
1618 2778 1776 2809 Licentiarn
1791 2778 1901 2810 Damus
1914 2780 1994 2819 quod
2008 2782 2133 2820 praedifti
2144 2806 2154 2821 ,

1352 2814 1466 2844 Thomas
1486 2817 1644 2855 Moravt'ae,

1350 2852 1480 2883 Robertus
1496 2853 1585 2892 Keth‚

1351 2894 1517 2930 Duncanus,

1352 2929 1489 2959 Walterus
1497 2951 1506 2966 ,

1351 2967 1530 3004 Alexander,

1351 3005 1466 3035 Thomas
1480 3004 1586 3045 Boyde,

1352 3043 1497 3082 Johannes
1509 3042 1649 3084 Lyndesby
1656 3066 1665 3081 ‚

1354 3081 1483 3111 Robertus
1495 3081 1591 3120 Lyde,

1353 3119 1391 3151 Et
1404 3120 1506 3149 David
1515 3120 1547 3148 de
1562 3119 1658 3159 Ogilby
1666 3142 1676 3156 ‚

1353 3158 1381 3188 A
1397 3158 1476 3188 dieto
1490 3157 1596 3195 Regno
1609 3157 1709 3188 nostro
1723 3158 1836 3197 Angliae
1851 3158 2015 3199 Recedere,
2033 3161 2067 3193 ὃς
2088 3163 2117 3193 in
2140 3162 2279 3203 Regnum
2300 3165 2374 3198 Sco-

1317 3196 1365 3227 tiae
1381 3197 1407 3226 se
1420 3196 1586 3226 Transferre
1604 3196 1722 3228 valeant.

1352 3234 1385 3265 In
1402 3235 1482 3272 cujus
1493 3257 1503 3272 ,
1521 3235 1582 3265 &c.

1389 3272 1479 3303 Teste
1493 3280 1523 3303 ut
1537 3273 1624 3310 supra.

1791 3315 1845 3343 Per
1863 3315 1955 3345 Breve
1967 3315 1999 3344 de
2013 3317 2130 3346 Privato
2142 3316 2241 3355 Sigillo.

1500 3434 1528 3460 'k
1555 3437 1604 3468 De
1626 3435 1815 3470 conducendo
1839 3437 1956 3482 Obsides
1971 3440 2068 3486 fiepra
2090 3440 2192 3476 difies.
2409 3454 2429 3474 ²¹¹
2444 3457 2484 3486 κς

1322 3518 1441 3577 REX
1455 3519 1629 3552 vicecomiti
1646 3521 1794 3561 Eborum,
1810 3523 1943 3554 sautem.
2392 3503 2471 3561 ³An49r‘1.
2480 3532 2520 3564 D.

1319 3597 1339 3626 b
1418 3557 1518 3597 Cum,
1536 3569 1589 3597 pro
1613 3559 1766 3592 Securitate
1788 3561 1944 3593 Solutionis
1969 3562 2158 3604 Quadraginta
2181 3565 2309 3597 Millium
2324 3567 2374 3598 Li-
2416 3580 2501 3609 1425.
2521 3600 2523 3602 ,

1341 3605 1451 3635 rarum,
2392 3613 2443 3639 An.
2464 3620 2490 3647 3.

1356 3634 1475 3673 Nobis,
1499 3635 1703 3667 Haeredibusve
1722 3637 1838 3676 nostris,
1862 3638 1908 3670 seu
1930 3639 2156 3680 Successoribus,
2183 3641 2282 3673 fiendae
2305 3653 2371 3683 per,
2390 3652 2426 3676 H.
2448 3650 2475 3677 6.

1319 3672 1491 3704 cariffimum
1515 3672 1766 3712 consanguineum
1787 3675 1932 3716 nostrum,
1948 3677 2083 3716 Jacobum
2100 3682 2247 3710 Scottorum
2259 3685 2372 3722 Regem,
2388 3691 2454 3715 Scor.
2466 3692 2495 3724 3.

1319 3709 1436 3750 ipsii‘isve
1452 3710 1607 3749 Haeredes,
1624 3715 1657 3744 &
1673 3713 1868 3753 Successores,
2357 3734 2359 3736 ·
2391 3729 2427 3752 Η.
2436 3726 2462 3755 6.
2470 3735 2508 3755 m.

1354 3749 1430 3779 Idem
1442 3749 1563 3788 Jacobus
1574 3753 1634 3780 Rex
1649 3761 1742 3782 certos
1760 3752 1880 3784 Obsides
1895 3753 1994 3784 Nobis
2005 3754 2126 3787 Dederit
2141 3758 2174 3788 ὃς
2189 3757 2375 3800 Liberaverit,
2398 3773 2408 3791 i
2417 3773 2440 3792 1.

1317 3788 1394 3826 juxta
1410 3787 1532 3818 formam
1544 3789 1685 3827 cujusdam
1701 3791 1974 3829 Appuiiematnenti,

1360 3825 1436 3856 Inter
1450 3836 1542 3856 certos
1558 3827 1671 3859 nostros
1685 3828 1905 3860 Commiffarios
1915 3853 1924 3867 ‚
1942 3840 1976 3860 ex
1992 3832 2063 3870 uni,
2081 3833 2114 3863 δε
2129 3834 2266 3871 quosdam
2282 3834 2377 3867 Com-

1322 3864 1460 3894 missarios
1473 3864 1568 3904 Regni
1581 3866 1706 3905 Scotiae,
1725 3867 1807 3898 Parte
1820 3879 1853 3898 ei<
1869 3869 1966 3905 altera⁷
1987 3879 2075 3907 nuper
2090 3871 2173 3909 faffi,

1362 3902 1395 3932 In
1418 3913 1476 3940 quo
1494 3903 1608 3941 quidem
1630 3906 1902 3944 Apponetuamento
1918 3929 1927 3943 ‚
1961 3908 2033 3938 inter
2057 3918 2156 3940 caetera
2174 3933 2184 3948 ,
2215 3913 2377 3945 continetur

1324 3940 1404 3978 quod
1420 3941 1538 3972 Obfides
1552 3943 1600 3980 ipsi
1610 3968 1619 3980 ‚
1635 3945 1667 3975 &
1683 3954 1785 3975 eorum
1801 3946 1934 3982 quilibet,

1362 3978 1441 4009 Dato
1456 3981 1529 4016 prius
1542 3981 1628 4011 Loco
1641 3982 1690 4012 suo
1707 3982 1908 4019 AEquivalente
1920 3984 1948 4012 in
1963 3983 2183 4015 Poffeffionibus
2196 3987 2229 4017 ὃς
2246 3987 2377 4021 Redditi-

1325 4017 1377 4047 bus
1388 4017 1623 4058 Temporalibus,
1641 4020 1710 4049 infra
1727 4020 1862 4059 Regnum
1876 4021 1982 4051 Scotiae
1997 4022 2171 4062 constitutis,
2188 4034 2273 4063 quern
2298 4028 2379 4064 Nos,

1326 4063 1372 4086 aut
1393 4054 1544 4095 Haeredes,
1562 4058 1606 4088 seu
1626 4057 1806 4089 Succeffores
1827 4058 1928 4098 nostri,
1957 4060 2002 4093 vel
2024 4060 2161 4093 Gardiani
2177 4062 2327 4096 Orientalis
2346 4065 2381 4095 &

1796 4095 1820 4127 Ρ
1840 4106 1854 4136 3
2318 4102 2383 4134 Oc-
