2562 4274
694 145 802 190 ET
887 142 1157 186 ACTA

0 243 65 274 xrs-i.
77 240 117 272 D.
139 245 194 271 tem
213 238 357 270 Warwieae
375 236 410 268 &
429 235 497 266 alios
517 233 626 266 Fideles
642 233 748 272 Regis,
763 235 797 266 &
811 231 990 263 Willielmum
1002 234 1149 262 Dominum
1168 231 1201 260 de

9 288 93 320 ¹714·
138 283 307 316 Mountenay
319 275 570 313 appun&uatarum
585 275 618 304 &
632 272 827 311 sigillatarurn,
845 271 941 302 licebit
955 280 1002 302 aut
1018 271 1084 301 licet
1096 268 1200 300 eisdem

0 326 53 350 im.
65 329 94 346 2.
139 319 234 349 secum
249 316 356 346 deferre
369 314 403 344 ὃ(
415 321 542 351 portare,

174 353 292 386 Proviso
306 353 432 390 semper,
450 350 510 387 &a
528 356 560 380 ut
570 348 662 388 fitpra.

174 392 209 424 In
221 392 316 429 cujus,
334 391 399 421 &c-

205 429 294 461 Teste
308 437 338 459 ut
352 428 438 466 supra.

827 462 882 495 Per
894 462 975 503 ipsum
991 465 1094 500 Regem.

257 591 306 623 De
313 589 405 635 fizlvo
424 587 577 622 Conduffu
591 598 645 634 pro
665 585 935 631 Ambaffiatoribus
954 590 1098 621 Francia.

209 673 285 712 EX,
303 673 436 705 univerfis
457 673 491 703 ὃς
512 672 620 711 singulis
644 672 900 711 LocatenentibuS,
920 672 1098 711 Admirallis,
1114 670 1203 709 Capi-

0 687 70 718 Ann'
83 684 126 715 D‘
147 677 205 731 R
223 713 327 750 taneis,
345 710 509 742 Castellanis
523 734 532 749 ,
550 714 583 743 ὃς
599 720 700 741 eorum
724 712 980 750 Locatenentibus‚
998 709 1203 748 Custumariis,

0 732 107 798 5334?
146 749 321 782 Custodibus
344 758 478 787 portuum
501 748 592 781 Maris
613 751 647 780 &
667 750 786 780 aliorum
807 750 955 781 Locorum
978 751 1203 787 maritimorum,

0 808 29 831 H.
51 811 79 836 5,
144 799 259 820 necnon
277 788 521 826 vicecomitibus,
542 787 720 826 Majoribus,
736 787 860 827 Ballivis,
880 786 1118 827 Constabulariis,
1140 788 1205 817 Mi-

0 845 51 869 Par.
144 827 253 866 nistris,
269 827 302 858 &
316 827 373 857 aliis
388 826 528 857 Fidelibus
550 828 584 858 ὃς
603 826 727 856 Subditis
748 826 865 866 nostris,
885 826 957 856 infra
979 826 1151 864 Libertates,
1169 828 1204 857 δε

0 883 84 908 Norm.
100 886 127 913 5,
142 874 233 904 extra,
251 874 310 896 tam
333 872 382 905 per
402 864 524 896 Terram
540 888 550 904 ,
566 866 652 904 quarn
673 874 723 903 per
747 864 831 894 Mare
845 887 856 903 ,
871 864 1031 895 constitutis
1042 886 1053 902 ,
1071 864 1106 895 ad
1133 874 1205 903 quos

0 922 30 945 H.
39 926 111 954 5·m‚
141 904 289 943 praesentes
305 903 410 934 nostrae
426 903 529 934 Literae
544 903 735 942 pervenerim,
752 901 886 933 Salutem.

0 966 41 984 m,
180 943 281 974 Sciatis
294 943 376 980 quod
390 941 474 980 Nos,
492 943 573 972 certis
586 942 622 972 de
634 940 738 978 causiS,
757 940 791 971 ad
807 940 865 972 hoc
878 940 949 971 Nos
966 941 1166 979 moventibus,

178 981 424 1019 Tranquillitatem
441 990 474 1010 ac
489 980 636 1019 publicum
649 979 683 1009 &
696 978 846 1009 universale
868 978 978 1009 Bonum
1014 979 1122 1010 nedum
1142 981 1206 1010 An-

140 1020 203 1061 gli-ae
218 1021 252 1051 &
265 1021 395 1089 {ranei-ae
410 1014 581 1057 Regnorum
591 1026 708 1057 ,verum
723 1017 809 1048 etiam
823 1019 909 1049 totius
923 1002 1118 1049 cristianitatis
1132 1028 1206 1049 con-

141 1068 270 1090 cernenti
294 1068 324 1088 us

179 1082 353 1128 Reverendb
374 1097 402 1126 in
425 1094 543 1126 Christo
564 1093 658 1133 Patri,
676 1092 825 1132 Reginaldo
844 1092 1044 1134 Archiepifiopo
1068 1094 1204 1136 Remenfi,

143 1134 430 1203 Magistrogohanni
442 1132 683 1164 TudertiDecano
698 1132 834 1163 Ecclefiae
846 1132 1000 1164 Parisienlis
1009 1157 1018 1172 ,
1036 1134 1166 1172 Johanni
1173 1135 1205 1164 de

143 1174 227 1212 Vayly
242 1175 271 1204 in
315 1174 372 1214 uria
393 1172 572 1203 Parliarnenti
593 1171 711 1202 Parisius
730 1170 909 1210 Praesidenti,
928 1172 1050 1202 Gilberto
1070 1173 1102 1202 de
1121 1175 1206 1202 Mon-

142 1211 218 1281 ssiers
239 1209 375 1242 Domino
393 1210 429 1241 de
451 1211 476 1241 la
501 1210 600 1250 Fayeta
614 1233 624 1249 ,
641 1209 770 1249 Johanni
793 1213 904 1240 Louvet
925 1210 1040 1248 Magno
1063 1209 1205 1250 Magistro

177 1248 264 1281 omfis
280 1248 508 1288 consanguinea:
522 1248 625 1280 nostrae
640 1248 788 1279 Consortis
803 1247 993 1286 Consanguinei
1004 1247 1042 1283 ό·
1057 1248 1207 1288 Adverfiz-

144 1292 180 1318 rii
197 1287 279 1327 nostri
301 1288 446 1325 Franciae,
466 1287 607 1319 Militibus
619 1310 629 1326 ,
648 1286 790 1326 Magistris
806 1309 815 1325 ,
830 1287 948 1316 Roberto
968 1287 999 1316 de
1019 1287 1131 1317 Tuleriis
1146 1310 1156 1325 ,
1172 1288 1206 1318 &

145 1327 260 1357 'Goutero
276 1325 359 1365 colli,
379 1325 570 1365 Confiznguinei
582 1324 620 1360 (ἐν
634 1323 804 1364 Adversarii
816 1324 900 1365 nostri
913 1325 1208 1363 praedic'tiAmbaffia-

146 1366 256 1396 toribus
273 1366 306 1396 &
323 1366 405 1396 certis
419 1364 548 1396 Nunciis
562 1364 744 1401 specialibus,

184 1404 268 1442 Qos
280 1403 354 1441 apud
370 1403 438 1434 Nos
451 1403 528 1434 idem
545 1401 779 1440 Consanguineus
792 1402 826 1433 ὃς
842 1401 1020 1434 Adversarius
1034 1402 1208 1442 noster,pro

144 1441 360 1480 Tranquillitate
382 1442 414 1472 &
437 1442 589 1472 communi
608 1440 691 1471 Bono
711 1441 797 1472 totius
818 1439 1029 1480 Cristianitatis,
1048 1450 1079 1472 ut
1100 1442 1209 1481 asserit,

145 1481 329 1511 transmittere
342 1480 481 1519 disponit,

183 1519 329 1550 Nostrum
345 1519 453 1550 salvum
469 1520 502 1550 &
514 1518 644 1549 securum
659 1516 850 1547 Condudtum
867 1514 1008 1548 Dedimus
1023 1518 1057 1549 &
1078 1517 1210 1550 Conces-

145 1557 248 1596 simus,
265 1557 432 1596 Damusque
446 1559 479 1589 ὃς
493 1556 690 1588 Concedimus
707 1561 757 1593 per
771 1555 942 1594 Praesentes,

183 1594 230 1626 Ac
253 1595 325 1633 ipsos
346 1597 380 1627 &
403 1602 504 1626 eorum
524 1594 679 1634 quemlibet
698 1594 727 1623 in
743 1594 869 1624 nostram
885 1593 1118 1633 Protefflonem,
1136 1595 1211 1626 Tui-

144 1634 258 1665 tionem
275 1657 285 1671 ,
299 1633 401 1664 salvam
423 1635 456 1665 δε
476 1633 624 1672 specialem
645 1630 784 1663 Gai-diam
805 1632 974 1671 suscepimus
995 1633 1029 1664 &
1051 1633 1210 1673 posuimus,

147 1672 309 1710 suscipimus
322 1672 355 1703 &
369 1673 519 1711 ponimus,

183 1710 242 1741 Pro
256 1711 416 1749 veniendo,
431 1718 490 1741 tam
505 1720 555 1748 per
571 1709 711 1749 Terram,
730 1711 817 1749 quam
837 1718 888 1747 per
912 1708 998 1741 Mare
1018 1711 1052 1742 ὃς
1077 1711 1210 1750 Aquam,

146 1748 253 1786 libere,
271 1750 350 1787 tute,
367 1750 401 1781 ὃ(
415 1748 511 1780 secure
525 1749 612 1787 usque
625 1748 731 1779 Villam
748 1748 783 1778 de
798 1748 965 1779 Honnefleu
977 1750 1008 1779 in
1025 1749 1142 1780 Ducatu
1157 1760 1211 1780 no·

147 1787 206 1818 stro
225 1787 437 1825 Normanniae‚
456 1789 489 1818 &
507 1787 593 1817 alium
615 1786 733 1817 Locum
754 1796 968 1825 quemcumque
983 1809 994 1825 ,
1012 1788 1083 1818 inter
1102 1787 1210 1820 Villam

146 1826 312 1866 praedictam
324 1826 358 1857 ὃ(
375 1826 478 1858 Villam
493 1826 620 1856 nostram
634 1822 670 1856 de
684 1825 831 1864 Tonque,
848 1826 877 1855 in
892 1826 996 1855 eodem
1020 1825 1136 1857 Ducatu
1157 1837 1211 1858 no-

148 1864 227 1902 stro,
243 1865 314 1895 inter
335 1874 385 1895 eos
407 1866 441 1896 &
459 1872 553 1896 certos
574 1862 793 1894 Commissarios
815 1864 943 1899 nostrOS,
960 1865 990 1893 in
1003 1861 1056 1895 hac
1070 1874 1147 1903 parte
1161 1866 1212 1896 de-

148 1904 305 1941 putandos,
323 1898 535 1942 affignandum,
555 1912 604 1940 per
626 1912 729 1933 omnes
747 1902 901 1940 Civitates,
917 1901 1021 1941 Villas,
1038 1902 1156 1942 Castra,
1177 1904 1212 1935 δέ

148 1941 200 1972 alia
214 1941 295 1972 Loca
311 1947 514 1979 quaecumque,
531 1949 589 1972 tam
603 1940 749 1972 dictorum
766 1940 939 1979 Regnorum
955 1940 1081 1972 Franciae
1101 1943 1134 1974 &
1150 1943 1212 1975 An-

148 1981 230 2024 gliae,
248 1981 282 2012 ὅ(
297 1979 430 2011 Ducatfis
444 1979 533 2010 nostri
546 1979 690 2016 praedicti,
709 1980 796 2017 quam
811 1979 875 2009 alibi
888 1978 1002 2009 Ditioni
1022 1980 1126 2011 nostrae
1147 1981 1212 2013 sub-

146 2019 240 2057 jesta,
255 2028 322 2049 cum
338 2018 464 2049 Centum
482 2019 515 2049 &
533 2018 670 2056 Quinqua
690 2018 747 2048 inta
761 2017 889 2048 Personis
908 2018 941 2048 &
962 2018 1033 2048 infra
1057 2020 1087 2048 in
1109 2029 1212 2051 eorum

151 2057 316 2096 Comitiva,
334 2056 519 2096 Equestribus
531 2056 577 2088 vel
592 2056 669 2087 Pede
696 2057 788 2094 ribus,
807 2065 874 2087 curn
889 2065 989 2086 eorum
1007 2056 1113 2096 Equis,
1133 2057 1212 2089 Her-

150 2096 259 2166 nesiti's,s
267 2096 364 2134 Auro,
383 2096 530 2135 Argeum,
544 2094 708 2134 JocalibuS,
727 2094 840 2134 Libris,
855 2093 988 2134 Catallis,
1006 2095 1040 2126 ὅτ.
1055 2096 1113 2127 aliis
1126 2096 1212 2129 Bonis

152 2143 154 2146 ⁴
174 2145 200 2165 ui
223 2145 241 2165 u
253 2144 320 2166 cum
344 2142 390 2166 u'e·

151 2144 173 2173 q
189 2174 208 2193 ²¹*
229 2173 266 2204 Et
280 2145 346 2204 ideg
361 2159 460 2212 vobis,
479 2174 513 2206 &
527 2173 643 2206 cuilibet
657 2169 805 2211 vestrum,
823 2176 909 2211 prout
928 2172 963 2205 ad
981 2184 1048 2206 eum
1070 2178 1213 2216 pertinue-·²

151 2213 205 2250 rit,
222 2211 408 2250 Praecipimus
430 2213 464 2243 &
485 2212 679 2250 Mandamus,
698 2212 851 2243 distriffius
868 2213 1065 2254 injungentes,
1081 2218 1212 2254 quatinus

149 2252 374 2295 praenominatos
389 2250 610 2282 Ambaffiatores
625 2252 659 2282 &
673 2259 765 2282 certos
772 2246 1018 2292 dietiAdverstzrii
1031 2252 1113 2294 nostri
1122 2254 1213 2286 Nun—

151 2299 211 2320 cios
223 2289 366 2328 speciales,
384 2288 512 2326 insimul,
528 2290 574 2320 vel
586 2300 635 2328 per
648 2287 763 2328 Partes,
781 2290 815 2321 &
828 2299 930 2321 eorum
945 2292 1099 2329 quemlibet
1119 2293 1149 2323 in
1168 2293 1213 2324 so-

148 2327 258 2366 lidum,
278 2337 348 2359 cum
365 2338 466 2358 eorum
487 2327 573 2366 Equis
587 2351 598 2367 ,
617 2327 760 2358 Hernefiis
773 2351 783 2366 ,
805 2329 886 2359 Auro
900 2352 909 2367 ,
929 2328 1074 2369 Argento,
1094 2331 1215 2370 Literis‚

152 2367 187 2398 &
202 2366 259 2398 aliis
273 2366 373 2397 Rebus
388 2367 421 2397 ὃς
436 2366 522 2396 Bonis
534 2366 584 2396 suis
605 2367 845 2406 quibuscumque,
864 2377 914 2405 per
935 2378 1036 2399 omnes
1059 2369 1214 2408 Civitates,

150 2404 257 2451 Villas,
277 2404 393 2443 Castra,
412 2405 445 2436 &
459 2405 508 2435 alia
524 2404 606 2436 Loca
641 2415 830 2443 uaecumque,
850 2415 907 2436 tam
922 2406 1068 2438 dierorum
1090 2407 1215 2447 Regno-

153 2453 218 2475 rum
234 2443 360 2474 Franciae
375 2445 409 2475 &
424 2443 555 2481 Angliae,
575 2444 608 2475 &
663 2443 759 2475 ucatfis
779 2443 868 2474 nostri
888 2445 1034 2483 praedicti,
1051 2448 1138 2485 quarn
1151 2448 1216 2478 alibi

154 2482 270 2526 Ditioni
283 2482 386 2513 nostrae
402 2482 581 2520 stibje&a,ex
593 2481 690 2513 Causis
704 2482 845 2521 praedietis
858 2484 1002 2514 veniendo
1017 2485 1217 2523 usquedietam

151 2520 258 2551 Villam
274 2519 310 2550 de
326 2520 493 2551 Honnefleu
506 2522 536 2551 in
552 2521 655 2552 eodem
674 2521 791 2552 Ducatu
807 2520 923 2560 nostro,
939 2522 973 2553 &
993 2522 1078 2554 alium
1099 2524 1217 2556 Locum

153 2565 385 2598 quemcumque,
405 2560 476 2590 inter
492 2559 598 2590 dietam
615 2559 720 2590 Villam
734 2561 770 2590 de
785 2559 969 2599 Honnefleu,
989 2561 1022 2592 &
1036 2562 1142 2593 dietam
1157 2563 1219 2595 Vil-

156 2598 213 2628 lam
235 2597 360 2628 nostram
379 2598 416 2628 de
436 2598 580 2636 Tonque,
600 2599 629 2628 in
651 2599 730 2629 dieto
753 2596 872 2629 Ducatu
892 2599 1008 2638 nostr0,
1027 2601 1100 2632 inter
1116 2612 1164 2632 eos
1185 2603 1218 2633 δι’

158 2645 250 2668 certos
273 2635 490 2667 Commiffarios
509 2637 639 2675 nostros,
656 2638 684 2667 in
704 2637 756 2667 hac
781 2646 857 2675 parte
877 2636 1066 2677 deputandos,
1083 2639 1221 2680 affignan-

157 2674 245 2713 dum,
263 2674 368 2705 ibidem
393 2675 550 2712 morando,
569 2675 603 2706 δε
620 2675 722 2705 exinde
743 2675 778 2706 ad
800 2676 909 2706 dietum
931 2676 1157 2716 Constanguineum
1180 2677 1219 2714 &-

160 2712 364 2784 fngiverfizrium
378 2713 494 2754 nestrum
508 2713 669 2753 redeundo,
691 2713 1092 2755 ManuteneatiS,Protegatis,
1108 2716 1142 2748 &
1157 2717 1222 2750 De-

173 2763 208 2783 en
230 2761 295 2790 atis,

199 2789 277 2821 Non
292 2790 445 2821 Inferentes
460 2792 515 2829 eis,
531 2799 578 2823 aut
593 2801 694 2823 eorum
708 2791 807 2830 alicui,
822 2791 868 2822 seu
878 2815 888 2830 ,
902 2801 1039 2830 quantum
1053 2795 1082 2824 in
1095 2795 1179 2825 vobis
1188 2796 1222 2826 ὃς

159 2828 292 2873 quolibet
306 2829 434 2860 vestrum
450 2829 491 2859 est
506 2830 539 2860 &
552 2832 621 2867 erit,
638 2831 674 2860 ab
689 2830 746 2861 aliis
758 2831 855 2861 inferri
870 2832 1063 2868 permittentes
1078 2832 1222 2872 Iniuriam,

161 2866 347 2912 Molestiam,
366 2867 555 2906 Dampnum,
573 2869 765 2907 Violentiam‚
782 2868 1025 2907 Impedimentum
1039 2871 1224 2910 aliquod,seu

161 2905 327 2937 Gravamen
341 2917 370 2937 in
386 2905 566 2944 Corporibus
580 2907 636 2937 five
650 2907 737 2937 Bonis
752 2908 994 2947 quibuscumque,
1013 2911 1120 2941 ratione
1129 2910 1225 2941 Guer-

160 2949 203 2978 ,τε
216 2944 477 2983 Attemptatorum,
494 2945 672 2983 Reprisaliae,
691 2943 840 2983 Incursfis,
857 2947 902 2976 vel
917 2947 980 2977 alias
996 2950 1095 2986 quovis
1117 2949 1225 2988 modo,

182 3021 188 3026 ¹
202 2981 259 3026 Et,
277 2983 296 3012 fi
312 2983 379 3021 quid
391 2984 429 3013 eis
445 2983 490 3015 vel
506 2994 606 3014 eorum
619 2984 703 3015 alicui
717 2983 904 3014 Forisfa&um
920 2984 975 3015 sive
990 2986 1155 3025 Injuriatum
1163 2988 1226 3018 fue-

166 3029 219 3058 rit,
238 3029 267 3063 ιιι
279 3020 386 3064 Terra,
402 3022 449 3052 vel
460 3023 489 3052 in
506 3021 584 3052 Mari
598 3023 687 3060 (quod
703 3022 782 3059 absit)
798 3022 826 3052 id
841 3024 880 3053 eis
893 3024 927 3054 &
940 3034 1042 3056 eorum
1057 3025 1172 3057 cuilibet
1192 3027 1227 3057 si-

165 3068 202 3089 ne
215 3057 348 3102 dilatione
360 3059 457 3090 debite
471 3062 592 3100 corrigi,
610 3061 733 3100 restitui,
747 3061 780 3091 ὃς
797 3062 941 3092 emendari
954 3061 1075 3101 faciatis,

204 3095 324 3127 Proviso
338 3097 538 3143 semperxqubd
553 3100 602 3137 ipsi
618 3102 651 3132 &
665 3110 764 3131 eorum
779 3099 897 3138 quilibet
912 3110 975 3140 erga
989 3100 1057 3132 Nos
1073 3103 1107 3133 &
1128 3102 1227 3141 Popu-

163 3135 227 3167 lum
242 3134 374 3179 nostrum
388 3136 463 3179 bene
479 3137 512 3167 &
527 3137 647 3169 honeste
661 3138 688 3169 se
700 3148 798 3178 gerant
815 3140 848 3170 ὃς
862 3139 995 3178 habeant,
1013 3140 1046 3171 &
1061 3141 1227 3180 quicquam,

165 3173 245 3213 quod
261 3184 291 3204 in
305 3173 395 3203 nostri
408 3181 609 3212 contemptum
624 3179 669 3207 vel
684 3177 879 3215 praejudicium
894 3177 1048 3215 aliqualiter
1064 3178 1166 3210 cedere
1178 3190 1228 3210 va-

166 3212 244 3250 leat,
271 3222 330 3256 non
348 3219 518 3255 'attemptent
532 3236 542 3251 ,
560 3213 605 3243 seu
626 3215 730 3245 faciant
755 3216 975 3254 quomodolibet
996 3219 1178 3256 attemptari,
1193 3218 1227 3248 ὃς

167 3251 250 3289 quod
270 3251 366 3288 aliquis
389 3250 572 3280 Personarum
591 3253 790 3288 praedictarum
811 3254 945 3285 Proditor
968 3255 1064 3286 noster
1087 3266 1134 3287 aut
1152 3266 1228 3288 exrra

168 3290 306 3358 Rffgnum
322 3287 453 3319 nostrum
469 3288 580 3328 Angliae
596 3290 727 3322 Bannitus
739 3294 784 3322 seu
797 3293 971 3329 abjudicatus
981 3305 1041 3325 nori
1057 3294 1163 3326 existat.

222 3338 240 3357 n
249 3335 345 3395 smus,
366 3327 417 3358 &c
440 3327 525 3365 usque
541 3327 657 3359 Festum
669 3332 801 3360 omnium
819 3331 994 3363 Sanetorum
1009 3335 1141 3374 proximo
1153 3334 1230 3365 futu-

170 3376 235 3399 tum
270 3374 399 3396 uraturas.

214 3403 306 3449 Teste
326 3403 412 3448 Rege
431 3403 504 3442 apud
524 3403 646 3449 Castram
666 3408 743 3443 Regis
762 3405 929 3450 delcadomo
947 3409 976 3439 in
997 3409 1114 3442 Ducatu
1138 3410 1231 3450 Regis

169 3442 308 3482 praediao
321 3443 460 3475 vicesimo
473 3452 573 3482 quarto
587 3443 633 3474 die
647 3443 828 3483 Septembris.

4 2186 21 2203 ·
33 2185 85 2213 ix.

3 2233 71 2261 495·

854 3522 907 3553 Per
919 3524 1002 3563 ipsum
1018 3526 1126 3563 Regem.

323 3649 382 3680 Pro
401 3645 560 3694 Abbatifflz
575 3648 678 3680 Sanffl
695 3649 856 3680 Laurentii
875 3646 911 3680 de
928 3647 1087 3681 Cordillon.

0 3756 1 3761 ,
31 3731 107 3763 Ann.
118 3730 159 3761 D.
174 3728 288 3784 REX
304 3730 468 3775 Omnibus,
484 3734 518 3764 ad
533 3744 621 3773 quos,
639 3734 701 3764 &c.
718 3732 845 3763 Salutem

0 3786 1 3794 ι
48 3778 135 3808 1417.
264 3768 359 3799 Sciatis
373 3772 453 3807 quod
466 3773 535 3803 Nos
551 3773 599 3809 (de
614 3772 713 3802 Gratia
727 3771 821 3801 nostra
836 3771 955 3809 speciali)
965 3771 1167 3803 Concessimus
1175 3771 1234 3810 Jo-

0 3827 1 3830 =
30 3812 82 3836 An.
98 3819 126 3844 5.
173 3802 273 3833 hannae
294 3807 329 3835 du
357 3809 482 3839 Marchie
503 3809 659 3850 Abbatiffae
681 3812 776 3840 Sanlli
798 3812 946 3839 Laurentii
965 3810 998 3840 de
1021 3810 1152 3841 Cordillou
1170 3833 1180 3848 ,
1205 3812 1234 3840 in

32 3851 72 3892 H‘.
81 3856 108 3882 5.
176 3841 291 3885 Ducam
305 3845 404 3888 nostro
419 3847 630 3891 Normanniae,
649 3849 730 3887 quod
745 3847 803 3886 Ipsa
818 3850 851 3879 &
865 3848 1046 3879 Succeffores
1062 3850 1118 3887 sui,
1139 3850 1236 3880 Abba-

33 3884 136 3915 1b1dem.
176 3880 247 3910 tissae
261 3881 492 3926 Loci,praedisti,
511 3889 543 3918 &
561 3888 720 3924 Moniales,
741 3887 848 3917 ibidem
862 3897 915 3924 pro
929 3896 1058 3925 tempore
1071 3888 1235 3927 existentes,

177 3919 329 3962 Abbatiam
342 3921 418 3966 illam
431 3925 567 3960 possidere
580 3928 614 3958 &
627 3927 779 3957 inhabitare
788 3935 836 3963 ,ac
848 3926 984 3956 omnibus
1000 3926 1136 3957 Maneriis
1145 3925 1236 3963 ,Ter-

174 3967 227 4001 ris,
244 3957 447 4001 Tenementis,
466 3961 658 4001 Molendinis,
678 3964 865 4001 RedditibuS,
882 3965 915 3995 &
929 3964 1072 4002 Servitiis,
1093 3975 1125 3995 ac
1135 3965 1237 3995 Advo-

174 3997 330 4026 cationibus
345 3998 550 4038 Ecclefiarum,
567 4004 601 4033 &
614 4005 750 4033 omnibus
762 4003 820 4032 aliis
836 4002 859 4032 F
861 4002 1008 4032 ranchesiis
1029 4003 1063 4034 ὅτ,
1087 4003 1237 4033 Libertati-

175 4034 226 4064 bus
240 4035 481 4074 quibuscumque,
498 4038 590 4071 eidem
602 4041 753 4081 Abbatiae,
772 4041 843 4072 infra
860 4040 1010 4073 Ducatum
1023 4041 1153 4073 nostrum
1166 4051 1239 4081 prae-

211 4075 285 4111 Tom.
304 4076 353 4104 IV.
376 4076 410 4105 P.
426 4077 486 4106 ΙΙΙ.

1242 230 1370 270 mitum,
1386 231 1590 270 pertinentibus
1611 231 1668 262 sive
1687 228 1897 269 speetantibus,
1915 226 2003 260 libere
2021 229 2054 261 Sc
2074 227 2191 267 pacifice
2209 230 2250 260 uti
2267 230 2300 260 &
2316 226 2393 258 Ann.
2407 222 2449 258 Di

1242 270 1364 338 ffiUdeoe
1384 270 1487 308 possint
1505 269 1607 307 absque
1630 269 1830 299 Molestatione
1850 268 1894 298 seu
1915 267 2091 299 Gravamine
2111 266 2224 305 nostri,
2254 267 2299 298 seu
2344 272 2430 305 1417„

1283 308 1444 338 inistrorum
1456 315 1503 337 aut
1518 307 1673 346 Ligeorum
1689 307 1853 337 nostrorum
1868 315 2137 345 quorumcumque,
2318 310 2383 333 Hm.
2401 310 2431 340 ς.

1279 345 1398 377 Proviso
1413 348 1520 382 semper
1534 346 1612 383 quod
1620 345 1763 376 Divinum
1771 345 1924 376 Servitium
1943 344 2049 375 ibidem
2066 343 2228 374 laudabilius
2244 341 2301 373 sus-s

1242 386 1361 414 tineatur
1374 408 1386 423 ,
1409 394 1442 415 ac
1463 382 1603 414 Moniales
1624 383 1769 421 praedietae
1783 406 1792 420 ,
1818 390 1934 413 necnon
1953 393 2052 413 omnes
2072 383 2105 413 &
2125 383 2221 420 singuli
2241 381 2301 413 Te-

1241 432 1355 460 nenteS,
1374 423 1549 459 Servientes,
1567 422 1600 452 ὃς
1615 422 1659 452 alii
1683 420 1810 451 Ministri
1830 421 1963 451 Abbatiae
1984 420 2145 461 praedictae,
2164 422 2213 452 sub
2234 421 2302 452 Fide

1242 462 1276 492 ὃς
1294 460 1437 499 Ligeantia
1452 460 1553 490 nosti-is
1567 467 1749 497 permaneant
1764 459 1822 489 ullo
1838 459 1939 489 modo.

1279 497 1314 528 In
1330 500 1424 536 cujus,
1442 500 1504 530 &c-
1520 498 1655 535 quamdiu
1670 497 1744 536 Regi
1758 496 1890 534 placuerit
1905 497 2053 528 duraturas.

1279 536 1371 567 Teste
1391 537 1472 576 Rege
1493 536 1566 574 apud
1587 535 1712 575 castrum
1734 538 1810 572 Regis
1831 534 1863 564 de
1884 535 1998 565 cadomo
2018 537 2045 565 in
2068 535 2186 566 Ducatu
2213 535 2302 575 Regin

1242 574 1415 606 Normaniae
1428 577 1565 608 vicellmo
1580 583 1680 613 quarto
1695 573 1741 604 die
1754 573 1932 610 Septembris.

1927 649 1980 677 Per
1998 647 2079 686 ipsam
2092 651 2197 686 Regem.

1243 778 1301 810 Pro
1320 775 1437 810 Thema
1453 777 1566 807 comite
1579 778 1692 808 Sarum
1715 771 1751 805 de
1774 770 1915 815 potestate
1935 770 2103 818 Recipoendi
2131 770 2174 803 nd
2196 775 2304 807 Pacem

1719 823 1819 866 Regis.

1245 904 1383 965 REX,
1401 907 1542 940 carissimo
1563 902 1785 944 Confimguineo
1808 906 1877 944 suo,
1891 904 1998 935 Thomae
2013 907 2111 935 comiti
2123 907 2239 942 Sarum,
2255 903 2305 935 Sa·
2323 909 2452 944 Ann,D,

1320 949 1420 992 *lut-em.
2342 953 2429 989 1417.

1277 985 1376 1017 Sciatis
1391 985 1471 1025 quod
1486 984 1570 1022 Nos,
2321 993 2374 1016 An.
2390 999 2418 1024 5.

1280 1024 1330 1056 Dc
1345 1024 1490 1056 Fidelitate
1504 1024 1537 1054 &
1550 1021 1815 1060 Circumspectione
1829 1020 1927 1053 vestris
1942 1020 2052 1059 plenius
2067 1019 2260 1058 confidentes,
2323 1032 2358 1055 H.
2378 1036 2406 1062 5,

1281 1062 1424 1094 Dedimus
1443 1063 1527 1093 vobis
1550 1061 1661 1100 plenam
1675 1083 1685 1099 ,
1709 1061 1828 1091 Tenore
1848 1059 2033 1090 Praesentium
2047 1081 2057 1097 ,
2074 1058 2248 1089 Potestatem
2270 1057 2306 1088 ad
2321 1066 2387 1092 15121.

1243 1111 1346 1133 omnes
1365 1104 1398 1133 &
1421 1100 1545 1138 singulos
1564 1100 1600 1130 de
1620 1099 1765 1130 Dominio
1788 1098 1959 1129 Danvilliers
1974 1122 1984 1136 ‚
2018 1098 2046 1127 in
2070 1097 2184 1128 Ducatu
2204 1096 2306 1128 nostro

1244 1139 1457 1176 Norrnanniae,
1475 1140 1509 1170 ὃς
1523 1138 1645 1175 partibus
1657 1137 1762 1167 ibidem
1778 1136 1904 1174 Vicinis,
1941 1137 1968 1166 ui
1987 1135 2022 1166 ad
2045 1135 2174 1166 Gratiam
2196 1137 2230 1167 ὃ(
2250 1135 2304 1166 Pa-

1243 1188 1308 1209 cem
1330 1178 1349 1198 *
1373 1177 1500 1208 nostram
1520 1177 1635 1213 venire,
1653 1176 1686 1206 ὃ(
1710 1176 1760 1205 sub
1782 1175 1851 1206 Fide
1869 1175 1903 1206 &
1952 1175 2070 1212 igeantia
2081 1173 2184 1205 nostris
2198 1174 2303 1204 morari
2323 1179 2339 1195 ¹⁸
2355 1178 2409 1207 IXA

1243 1214 1371 1284 volunt,i
1379 1216 1414 1246 ad
1427 1215 1537 1247 easdem
1550 1213 1681 1245 Gratiam
1698 1215 1731 1246 &
1740 1213 1847 1244 Pacem
1862 1212 1971 1244 nostras
1978 1211 2190 1251 Recipiendum
2199 1214 2233 1244 ὃ(
2243 1212 2305 1245 Ad-
2320 1216 2389 1254 49⁶1

1249 1263 1352 1285 mitten
1373 1263 1422 1284 um

1282 1292 1327 1324 Ac
1343 1278 1446 1323 omne’s
1460 1292 1494 1322 &
1509 1290 1630 1329 singulos
1645 1289 1771 1320 Partium
1789 1288 1994 1327 adjacentium,

1280 1330 1412 1369 Excepto
1426 1333 1552 1361 Dominio
1573 1328 1704 1366 d’Ange,
1722 1327 1816 1365 quod,
1834 1327 1974 1358 cariffimo
1996 1325 2085 1358 Fratri
2106 1328 2222 1366 nostro,
2236 1327 2306 1358 Tho-

1244 1378 1294 1399 mae
1308 1372 1380 1399 Duci
1390 1368 1537 1399 clarentiae
1550 1367 1584 1398 &
1601 1366 1774 1397 Haeredibus
1787 1364 1840 1395 suis
1862 1364 2081 1403 Cmceffimus,
2098 1367 2132 1397 δε
2155 1367 2233 1406 quod
2253 1366 2305 1398 fibi

1244 1408 1335 1439 solum
1349 1408 1491 1445 pertinere
1505 1406 1638 1438 volumus
1653 1414 1707 1443 pro
1720 1404 1818 1434 Terris
1832 1404 1865 1434 &
1879 1403 2066 1433 Tenementis
2078 1404 2146 1443 suis,

1246 1484 1265 1516 d
1285 1446 1331 1514 Add
1345 1446 1523 1484 Redditum,
1541 1444 1625 1475 nobis
1642 1443 1787 1474 annuatim
1803 1441 1986 1479 solvendum,
2005 1442 2308 1481 ponendum,&affe-

1267 1495 1301 1515 en
1326 1494 1374 1515 um

1283 1507 1402 1554 Provisi)
1426 1521 1536 1558 semper
1554 1520 1636 1559 quod
1658 1520 1729 1551 Nos
1749 1519 1785 1550 de
1798 1517 1982 1549 Nominibus
1995 1518 2127 1548 omniurn
2139 1518 2172 1549 &
2186 1519 2310 1557 singulo-

1247 1571 1419 1631 ricilm,squos
1433 1560 1468 1591 ad
1479 1559 1637 1598 hujusmodi
1654 1559 1784 1590 Gratiam
1800 1558 1833 1589 ὃς
1850 1556 1956 1588 Pacem
1975 1556 2082 1588 nostras
2101 1559 2260 1595 receperitis
2275 1559 2310 1589 &

1246 1611 1261 1631 a
1285 1611 1324 1630 mi
1337 1609 1427 1636 eritis,

1285 1639 1330 1670 Ac
1344 1638 1380 1670 de
1394 1636 1575 1669 Nominibus
1587 1636 1719 1675 illorum,
1739 1643 1813 1674 quos
1827 1634 1861 1665 ad
1871 1632 2032 1673 hujusmodi
2044 1633 2182 1665 Annuum
2198 1633 2311 1665 Reddi-

1249 1685 1331 1715 tum,
1352 1677 1456 1714 nobis,
1478 1683 1509 1705 ut
1528 1676 1727 1713 praemittitur,
1754 1672 1938 1711 solvendum,
1963 1672 2123 1711 posueritis,
2142 1673 2193 1702 sub
2213 1672 2313 1711 Sigillo

1249 1715 1362 1754 vestro,
1379 1715 1415 1746 de
1430 1723 1558 1751 tempore
1575 1714 1603 1743 in
1619 1721 1746 1750 tempus,
1764 1711 1897 1742 distinete
1911 1713 1944 1743 δε
1959 1712 2055 1748 aperte
2069 1711 2234 1743 certificetis.

1287 1754 1321 1784 In
1337 1754 1432 1792 cujus,
1449 1752 1511 1783 &c.
1529 1751 1667 1789 quamdiu
1681 1752 1759 1788 Regi
1775 1750 1907 1788 placuerit
1921 1750 2071 1780 duraturas.

1285 1792 1374 1823 Teste
1395 1790 1481 1828 Rege
1501 1790 1574 1828 apud
1598 1789 1721 1830 Castrum
1742 1791 1820 1825 Regis
1845 1789 1876 1818 de
1899 1788 2011 1818 cadomo
2032 1788 2062 1817 in
2081 1787 2198 1820 Ducatu
2222 1787 2315 1827 Regis

1249 1830 1445 1862 Normanniae
1461 1828 1599 1862 vicesimo
1614 1828 1690 1860 sexto
1704 1828 1748 1859 die
1762 1827 1944 1865 Septembris.

1901 1906 1955 1934 Per
1969 1901 2051 1943 ipsicm
2066 1905 2171 1941 Regem.

1252 2052 1301 2085 De
1323 2048 1466 2095 Potestate
1491 2049 1535 2083 ad
1558 2048 1786 2092 Trat‘bandum,
1811 2060 1879 2082 cum
1899 2049 2030 2082 Francia
2046 2044 2317 2092 Ambaffiatoribus

1463 2099 1556 2147 sitper
1574 2096 1709 2132 omnibus
1726 2100 1836 2132 Pacem
1854 2092 2100 2142 concernentibus,

1253 2195 1367 2252 REX
1382 2194 1545 2235 Omnibus,
1562 2195 1598 2226 ad
1612 2203 1705 2234 quos,
1723 2195 1784 2227 &c.
1799 2193 1933 2225 Salutem.
2336 2192 2467 2230 Ann,D;

1345 2235 1428 2266 Licet
1451 2235 1523 2265 inter
1545 2234 1699 2265 nonnullos
1719 2232 1941 2264 Ambaffiatores
1961 2231 1995 2263 &
2015 2230 2177 2270 Deputatos
2190 2230 2318 2268 nostros,
2362 2244 2450 2276 1417,

1255 2279 1291 2302 ex
1313 2281 1391 2311 parte
1414 2282 1487 2313 una,
1516 2273 1550 2304 &
1569 2271 1787 2303 Ambaffiatores
1811 2272 1843 2303 &
1867 2270 2027 2308 Deputatos
2049 2270 2217 2309 Adverfizrii
2237 2268 2319 2307 nostri
2337 2279 2389 2304 Aa.
2403 2285 2432 2311 ,-⁸

1257 2313 1380 2341 Franciae
1395 2335 1405 2349 ,
1432 2320 1467 2342 ex
1490 2310 1589 2349 altera,
1614 2310 1650 2341 de
1669 2311 1703 2341 &
1723 2311 1804 2347 super
1827 2308 2072 2340 Contentionibus
2085 2332 2095 2347 ,
2118 2308 2320 2345 Petitionibus,
2337 2318 2371 2342 H.
2395 2323 2424 2349 5.

1255 2349 1489 2389 Qaestionibus,
1507 2348 1683 2386 Demandi's,
1704 2358 1738 2380 ac
1751 2348 1907 2379 Discordiis
1921 2348 1992 2378 inter
2014 2350 2092 2386 Nos,
2111 2348 2145 2379 &
2169 2346 2320 2385 praefatum
2336 2357 2426 2381 Norm.
2441 2357 2471 2386 5¹·

1255 2388 1461 2427 Aaverfizrium
1472 2387 1606 2426 nostrum,
2338 2396 2374 2419 Η,
2389 2399 2417 2427 5,
2431 2397 2468 2417 m,

1293 2427 1372 2458 Tam
1384 2427 1463 2465 super
1479 2426 1599 2457 Corona
1615 2426 1648 2457 &
1664 2424 1711 2455 Re
1732 2436 1770 2456 no
1785 2424 1885 2456 nostro
1901 2423 2044 2462 Franciae,
2064 2433 2150 2463 quam
2164 2423 2222 2454 aliis
2245 2423 2321 2454 Ter·
2341 2438 2378 2465 24

1256 2466 1308 2504 tls,
1327 2464 1492 2503 Dominiis,
1507 2464 1639 2503 Juribus,
1658 2464 1692 2495 &
1743 2465 1829 2500 ebus,
1849 2464 1921 2494 inter
1942 2462 2012 2493 Nos
2034 2464 2067 2494 ὃς
2089 2462 2238 2501 praefatum
2259 2461 2322 2493 Ad-

1257 2504 1408 2535 versarium
1421 2504 1555 2535 haetenus
1570 2505 1656 2534 motis
1671 2503 1704 2533 δε
1717 2503 1956 2540 dependentibus,

1297 2543 1359 2581 Ac,
1378 2552 1431 2580 pro
1451 2541 1574 2581 Quiete,
1592 2541 1825 2579 Tranquillitate,
1844 2542 1877 2572 &
1897 2539 1971 2570 Pace
1987 2539 2119 2577 perpetua
2142 2540 2214 2570 inter
2235 2538 2323 2570 Fran-

1259 2582 1312 2612 ciae
1323 2582 1357 2613 &
1371 2580 1486 2620 Angliae'
1498 2579 1621 2618 Regna,
1637 2582 1720 2610 variae
1734 2581 1767 2612 &
1782 2578 1898 2610 diversae
1913 2578 2129 2609 Prolocutiones
2144 2578 2177 2609 ὃς
2201 2578 2323 2609 Τιειᾶα-

1260 2627 1303 2651 tus
1317 2620 1406 2650 habiti
1419 2620 1523 2650 fuerint
1537 2619 1571 2649 &
1586 2618 1653 2649 faeti
1662 2640 1672 2655 ,

1300 2658 1363 2697 Qi
1376 2666 1489 2696 tamen,
1505 2657 1609 2695 absque
1623 2656 1724 2686 nostris
1739 2655 1827 2695 dolo,
1845 2655 1921 2693 negli
1940 2654 2034 2694 entia,
2051 2654 2096 2686 vel
2109 2653 2210 2693 culpa,
2223 2653 2326 2693 separa-

1260 2705 1334 2765 tutlnI
1336 2706 1516 2735 nequaquam
1529 2696 1663 2726 haetenus
1676 2694 1764 2726 sortiti
1778 2695 1840 2725 sunt
1854 2695 1910 2725 effe
1944 2703 2010 2732 um,

1336 2745 1368 2765 os
1382 2743 1476 2765 tamen

1301 2774 1348 2805 Ut
1372 2772 1468 2813 saepius
1483 2757 1522 2804 ’ὃς
1544 2772 1652 2811 semper
1674 2771 1734 2802 Dei
1750 2771 1926 2809 Honorem,
1944 2770 2153 2801 Exaltationem
2170 2769 2247 2802 Fidei
2266 2769 2327 2801 Ca-

1262 2812 1394 2851 tholicae,
1412 2813 1445 2843 &
1462 2811 1652 2842 Evitationem
1666 2809 1811 2841 effusionis
1827 2810 1970 2849 Sanguinis
1983 2808 2151 2847 Christiani,
2176 2810 2208 2839 ὃς
2232 2809 2326 2846 Quie÷

1262 2859 1321 2882 tem
1343 2851 1377 2881 &
1395 2850 1642 2888 Tranquillitatem
1666 2851 1736 2880 inter
1759 2848 1870 2887 praefata
1895 2849 2006 2886 Angli-ae
2027 2848 2060 2878 &
2077 2847 2202 2878 Franciae
2224 2847 2328 2886 Regna

1264 2888 1360 2920 nostra
1374 2912 1383 2928 ,
1407 2889 1533 2919 Summis
1551 2887 1688 2919 desideriis
1702 2911 1711 2924 ,
1737 2895 1874 2925 quantum
1893 2896 1962 2916 cuni
1978 2885 2047 2915 Deo
2066 2886 2233 2924 possumus,
2256 2887 2328 2917 affe-

1265 2928 1389 2966 Ctantes,
1408 2928 1442 2958 ὃς
1460 2926 1612 2964 industria,
1628 2925 1833 2956 carissimorum
1848 2923 2136 2961 Consanguineorum
2153 2924 2328 2963 nostrorum,

1265 2967 1377 2997 Ricardi
1393 2969 1504 2995 Comitis
1523 2967 1669 2995 lVarwicae
1679 2987 1687 3001 ,
1706 2965 1738 2994 &
1752 2963 1889 2992 Edwardz'
1904 2966 2068 3001 Courtenay,
2087 2973 2137 2998 ac,
2155 2963 2328 2993 dilectorum

1265 3007 1299 3036 &
1313 3005 1437 3035 fidelium
1452 3003 1634 3041 nostrorum,
1654 3002 1769 3032 lValteri
1786 3001 1974 3040 Hungerford,
1988 3001 2094 3030 Thomae
2110 3000 2259 3039 Chaurers,
2272 3001 2329 3039 Jo-

1265 3045 1365 3112 lfaicczlnnis
1385 3044 1548 3080 Watert0n‚
1573 3042 1607 3073 &
1629 3040 1767 3081 Magistri
1784 3040 1926 3078 Jolmnnis
1943 3042 2013 3069 Kem
2037 3062 2046 3077 ,
2070 3039 2182 3077 plenam
2201 3048 2330 3078 gerentes

1308 3091 1399 3113 uciam

1305 3120 1351 3151 Ad
1367 3103 1610 3150 Co³nveniendum
1619 3142 1628 3156 ,
1636 3116 1920 3148 Communicandum
1929 3139 1938 3154 ,
1952 3115 2199 3153 Componendum
2206 3138 2215 3153 ,
2223 3115 2330 3145 Trans-

1265 3158 1398 3198 igendum
1418 3181 1428 3196 ,
1447 3167 1480 3188 ac
1495 3157 1578 3194 plene
1593 3157 1626 3187 &
1640 3156 1755 3186 finaliter
1771 3154 2014 3186 Concludendum
2030 3154 2331 3193 &Concordandum,

1267 3208 1321 3236 pro
1336 3197 1433 3228 Nobis
1448 3196 1481 3227 &
1496 3195 1631 3226 Nomine
1648 3194 1764 3232 nostro,
1782 3204 1850 3225 cum
1865 3193 2132 3230 Ambaffiatoribus,
2150 3194 2183 3224 ὃς
2200 3192 2330 3229 Deputa-

1268 3238 1320 3275 tis,
1337 3246 1371 3267 ac
1384 3235 1510 3265 Nunciis
1519 3242 1574 3272 prae
1592 3236 1634 3263 ati
1646 3233 1815 3272 Adversarii
1836 3231 1934 3272 nostri,
1953 3231 2063 3269 plenam
2085 3233 2117 3261 ὃς
2141 3230 2330 3261 sufficientem

1269 3276 1299 3305 in
1321 3275 1373 3305 hac
1396 3282 1471 3312 parte
1490 3272 1574 3303 Potes
1590 3280 1664 3303 atem
1685 3272 1869 3308 habentibus,
1889 3271 1924 3301 de
1939 3271 1971 3301 δε
1987 3270 2064 3307 super
2079 3269 2212 3299 omnibus
2226 3269 2259 3299 ὃς
2276 3269 2332 3299 sin-

1269 3313 1342 3351 gulis
1363 3312 1498 3349 Debatis,
1516 3311 1774 3347 Contentionibus,
1793 3310 1996 3346 Petitionibus,
2018 3307 2249 3345 Qiaestionibus,
2268 3307 2332 3337 De-

1271 3351 1397 3388 mandis,
1413 3349 1587 3388 Discordiis‚
1605 3350 1638 3380 δε
1652 3359 1752 3379 eorum
1768 3348 1913 3385 Materiis,
1928 3356 1997 3377 cum
2012 3346 2063 3377 suis
2079 3346 2283 3383 incidentibus,
2296 3348 2330 3377 <Sc

1270 3391 1420 3427 connexis,
1441 3390 1511 3419 inter
1532 3390 1610 3427 Nor,
1629 3389 1663 3419 δε
1687 3387 1831 3425 pl'k'efatum
1856 3386 2059 3424 Adversarium
2073 3384 2189 3424 nostrum
2204 3385 2333 3423 qualiter-

1271 3438 1396 3467 cumque
1410 3427 1609 3466 pendentibus,
1627 3427 1682 3457 sive
1695 3427 1796 3464 motis,
1814 3424 1859 3455 vel
1872 3424 2037 3460 movendis,

1307 3466 1345 3498 Et
1367 3466 1528 3506 generaliter
1548 3466 1628 3503 super
1645 3465 1778 3495 omnibus
1801 3465 1834 3495 &
1858 3462 1982 3501 singulis,
2009 3462 2165 3500 Qietem,
2184 3461 2217 3491 δε
2237 3461 2331 3491 Tran-

1272 3506 1454 3545 quillitatem,
1472 3505 1505 3536 &
1521 3503 1628 3534 Pacem
1644 3503 1822 3540 praefatorum
1839 3501 2011 3540 Regnorum
2026 3501 2277 3534 concernentibus,

1311 3544 1357 3574 Ac
1371 3543 1407 3573 de
1417 3544 1451 3574 ὅ(
1465 3543 1543 3580 super
1557 3541 1691 3572 omnibus
1707 3542 1738 3570 &
1755 3540 1883 3577 singulis,
1901 3539 1937 3568 ab
1951 3539 2051 3568 eisdem
2069 3537 2207 3568 Fidelibus
2222 3536 2332 3574 nostris,

1272 3592 1341 3613 cum
1357 3580 1626 3618 Ambaffiatoribus,
1646 3579 1809 3616 Deputatis,
1826 3579 1870 3609 seu
1888 3577 2012 3607 Nunciis
2024 3577 2092 3606 dic‘ti
2108 3575 2274 3612 Adversarii
2287 3586 2334 3604 no-

1266 3620 1338 3659 stri,
1357 3621 1385 3650 in
1406 3618 1575 3656 Praemiffis,
1592 3618 1638 3648 vel
1659 3627 1760 3647 eorum
1783 3618 1894 3655 aliquo,
1907 3615 2118 3653 appundtuatis,
2138 3613 2335 3655 concordatis,

1273 3659 1430 3695 conclusis,
1449 3658 1495 3688 seu
1519 3656 1700 3694 compositis,
1719 3666 1768 3693 per
1788 3655 1854 3686 Nos
1874 3655 1948 3684 bene
1963 3655 1995 3684 δί
2009 3654 2125 3683 fideliter
2138 3651 2335 3689 observandis,

1275 3698 1303 3726 in
1320 3697 1454 3727 Animam
1470 3695 1594 3726 nostram
1608 3694 1724 3732 Jurandi
1734 3718 1743 3731 ,
2174 3729 2178 3733 η

1312 3735 1418 3765 Literas
1443 3735 1528 3764 etiarn
1550 3734 1690 3773 sigillatas,
1713 3731 1926 3771 obligationes,
1950 3732 1984 3761 ὃς
2005 3730 2113 3760 alterius
2134 3727 2335 3766 cujuscumque

1275 3775 1384 3813 generis
1398 3773 1564 3803 Securitates
1576 3773 1609 3803 &
1627 3770 1798 3808 Cautiones,
1814 3773 1842 3800 in
1857 3772 1909 3799 bac
1924 3778 1999 3806 parte
2021 3776 2191 3802 conventaS,
2211 3776 2337 3796 concor-

1275 3813 1367 3849 datas,
1386 3815 1431 3842 seu
1450 3811 1603 3848 requisitas,
1623 3820 1676 3847 pro
1700 3809 1795 3839 Nobis
1817 3810 1850 3839 δε
1871 3807 2003 3836 Nomine
2024 3806 2135 3846 nostiJO,
2155 3804 2267 3842 Dandi,
2285 3805 2337 3834 Fa,

1277 3850 1386 3888 ciendi,
1402 3850 1435 3879 &
1457 3848 1644 3887 Eirpotiendi·²
1664 3858 1727 3886 quas
1750 3856 1846 3885 parem
1867 3848 1899 3875 ὅτ
1916 3846 2037 3887 eundem
2053 3844 2188 3884 eflectum
2201 3844 2233 3872 δε
2256 3844 2339 3882 vigo-

1276 3899 1337 3918 rem
1359 3889 1462 3918 habere
1481 3887 1631 3924 volumus,
1650 3896 1682 3916 ac
1705 3886 1723 3915 ii
1741 3885 1810 3915 Nos
1831 3886 1858 3912 in
1880 3884 2002 3912 Persona
2023 3882 2120 3910 nostra
2135 3891 2178 3910 eas
2193 3882 2339 3920 daremus,

1276 3928 1451 3962 faceremus,
1471 3925 1516 3956 seu
1530 3934 1753 3963 exponeremus,
2054 3958 2059 3962 ἡ
2198 3957 2200 3960 Ι

1314 3966 1358 3994 Ac
1379 3964 1574 4002 quoscumque
1594 3964 1741 3992 Tractatus
1755 3970 1803 3998 per
1826 3968 1890 3994 eos,
1910 3967 1978 3987 cum
1992 3957 2060 3987 dieti
2076 3956 2245 3996 Adversarii
2259 3957 2342 3998 nostri

1280 4002 1531 4034 Ambaffiatoribus
1546 4025 1556 4040 ,
1582 4001 1746 4038 Deputatis,
1774 4004 1830 4027 iive
1852 3996 1996 4039 NunciiS,
2020 4005 2117 4032 captos
2138 3996 2194 4026 sive
2213 3997 2341 4033 habitos,

1279 4049 1363 4081 prout
1378 4041 1416 4073 eis
1430 4040 1572 4073 videbitur
1586 4038 1733 4078 expedire,
1753 4034 1929 4103 Prtgogandi
1943 4036 1975 4065 ὃς
1991 4033 2204 4073 Continuandi,
2302 4070 2325 4099 Α

2327 4078 2344 4100 c
