2562 4274
251 60 329 99 118

90 132 168 164 Alm-
183 133 224 165 D·
283 142 538 180 Conservandum,
557 142 747 182 Regendum,
766 145 800 175 &
816 143 1063 181 Gubernandum,
1232 179 1238 185 ⁵

111 181 200 211 1419·
281 180 320 213 Et
339 193 392 220 pro
410 183 555 213 Tentoriis
574 183 607 213 &
630 182 831 213 Pavillionibus
845 183 947 213 nostris
959 182 1066 213 ibidem
1081 181 1213 222 figendis,
1230 186 1303 218 iuxta

89 214 153 240 ΗΜ·
171 221 202 248 5·
243 218 423 252 discretiones
436 220 553 258 vestras,
570 219 770 250 ordinandum
784 221 818 251 &
833 220 1070 259 Disponendum,

280 258 319 290 Et
335 258 542 297 Delinquentes
559 259 586 287 in
600 258 653 288 hac
667 267 744 297 parte
751 257 956 296 Castigandum
971 261 1004 291 ὅ(
1020 257 1219 295 Puniendum,
1234 266 1303 300 pro-

240 304 273 328 ut
284 298 362 335 quta
378 297 502 327 formam
515 296 657 333 cujusdam
673 297 701 328 A
722 297 956 336 punctuamenti,
976 307 1026 336 per
1042 306 1136 328 certos
1152 295 1302 326 Commis-

238 335 322 365 sarios
337 334 448 365 nostros
462 357 472 373 ,
498 344 566 365 cum
583 335 679 366 Amba
702 336 853 374 ratoribus,
871 335 1077 367 Commiffariis
1087 357 1096 372 ,
1112 335 1157 365 seu
1173 333 1302 371 Deputa-

240 374 277 404 tis
298 372 367 402 dieti
387 372 543 403 Adversarii
563 372 669 411 nostri,
686 375 714 404 in
727 374 781 405 hac
795 384 872 413 parte
884 385 973 413 nuper
986 373 1054 405 faeti
1067 375 1100 405 ὃς
1117 372 1301 409 concordati,

240 410 441 441 rationabiliter
453 411 538 442 fuerit
551 410 729 450 faciendum,

276 448 314 478 Et
329 449 397 479 ideo
410 450 510 487 vobis,
526 450 560 480 &
582 450 662 481 alteri
684 450 811 483 vestrum
821 474 830 488 ,
849 450 1022 481 Mandarnus
1036 448 1116 488 quod
1132 449 1208 479 circa
1221 447 1300 478 Prae·

239 485 477 555 mffi-gisslgemer
499 489 647 520 intendatis
661 512 672 528 ‚
698 490 732 521 &
752 499 783 521 ea
800 489 904 521 faciatis
919 490 951 520 ὅ(
967 488 1146 527 exequamini
1161 488 1189 517 in
1203 484 1297 517 forma

240 534 274 563 pr
320 535 328 555 1
362 536 395 556 a:

276 562 389 595 Damus
413 573 508 596 autem
529 566 660 598 universis
680 567 713 598 &
737 566 851 604 singulis
869 565 966 604 Ligeis
986 566 1020 597 &
1036 564 1160 596 Subditis
1173 562 1299 607 nostris,

236 600 357 632 Tenore
378 602 563 634 Praesentium
578 627 588 643 ,
613 605 731 636 firmiter
753 606 783 635 in
806 604 949 636 Mandatis
961 603 1042 643 quod
1056 604 1157 640 vobis,
1175 603 1209 633 &
1221 601 1299 633 alteri

236 639 368 683 vestrum
382 665 392 679 ,
417 642 447 672 in
474 641 651 674 Executione
676 642 892 675 Praemifforum
907 666 917 682 ,
943 650 1076 682 pareant,
1093 640 1246 679 obediant,
1263 640 1298 671 &

236 679 396 718 intendant,
415 689 500 718 prout
512 681 604 713 decet.

272 716 309 747 In
325 719 418 757 cujus,
436 720 499 758 &c,

234 755 365 843 Mgeste
382 756 468 797 Rege
479 758 554 797 apud
570 758 692 799 Castrum
700 758 781 798 ficum
796 759 828 789 de
839 761 943 789 Vernon
951 758 1038 798 ficpra
1052 762 1137 799 Sayne
1157 757 1232 788 xxiv.
1249 755 1295 786 die

302 805 318 824 1.

928 837 982 865 Per
993 833 1074 874 ipsum
1085 837 1191 873 Regem.

233 963 283 995 De
304 963 537 1008 CommiJJ‘ariis*³
549 962 593 995 ad
607 961 771 996 videndum
784 966 820 1001 (ῤ’
839 960 1023 995 audiendum
1037 960 1290 1006 Confhnguineum

251 1013 383 1044 Franciae
392 1011 514 1057 Jurare
525 1038 534 1054 ‚
553 1011 644 1058 ficper
660 1011 741 1044 dista
761 1013 791 1044 C
797 1020 1057 1044 ONVENTonE
1070 1036 1080 1053 ,
1095 1007 1268 1053 constitutis.

333 1095 364 1126 X
389 1097 543 1135 omnibus,
561 1096 596 1127 ad
610 1106 701 1136 quos,
717 1097 770 1129 &c
799 1096 934 1129 Salutem.

231 1094 288 1150 R
328 1134 428 1165 Sciatis
441 1135 521 1174 quod
536 1145 589 1165 nos
599 1157 609 1172 ,

266 1170 315 1203 De
335 1172 479 1205 Fidelitate
492 1196 502 1212 ,
526 1172 676 1204 Prudentia
691 1197 700 1212 ,
717 1174 751 1204 ὅ(
765 1172 1037 1211 circumspectionis
1053 1171 1209 1211 Industria,
1227 1171 1289 1202 Rc-

228 1210 418 1242 vetendiffimi
442 1213 471 1242 in
495 1211 613 1243 Christo
638 1212 724 1243 Patris
742 1235 752 1250 ‚
777 1214 905 1249 Henrici‚
925 1211 1024 1243 eadem
1039 1212 1128 1250 gratia
1164 1216 1289 1241 cantua-

227 1249 309 1290 riensi
329 1250 547 1290 Archiepifiopi,
571 1252 656 1282 totius
678 1251 787 1289 Angliae
811 1249 957 1289 Primatis,
977 1252 1011 1282 ὃς
1026 1234 1198 1289 Apostolicae
1210 1249 1289 1293 Sedis

229 1287 345 1327 Legati,
366 1289 497 1320 cariffimi
513 1289 655 1320 Avunculi
670 1289 773 1327 nostri,
791 1288 898 1318 Thomae
912 1292 997 1319 Ducis
1007 1291 1122 1319 Exoniae
1157 1288 1289 1320 cariffimi

228 1325 438 1366 Consanguinei
454 1328 543 1358 nostri
559 1329 669 1359 Ricardi
684 1332 794 1358 Comitis
809 1329 970 1366 lVarwicae,
987 1337 1020 1359 ac
1052 1312 1236 1359 Diledkorum
1252 1327 1285 1358 &

228 1363 367 1396 Fidelium
391 1366 558 1397 nostrorum
575 1390 585 1405 ,
610 1366 739 1405 Magistri
757 1365 898 1405 Johannis
916 1369 1002 1405 Kemp
1023 1351 1170 1397 Roffensis
1191 1365 1285 1397 Eleffi

225 1401 364 1435 Custodis
384 1405 489 1435 Privati
504 1406 590 1444 Sigilli
606 1405 713 1444 nostri,
731 1406 764 1438 &
779 1404 897 1435 Gilberti
911 1403 1078 1444 Umfraville
1089 1404 1208 1443 Militis,
1226 1404 1286 1443 ple-

224 1450 291 1472 nam
305 1451 434 1482 gerentes
449 1442 580 1474 fiduciam
590 1468 598 1482 ,

262 1480 309 1511 Ad
327 1482 588 1521 Transportandum
601 1482 638 1512 Se
649 1481 683 1511 ad
698 1480 878 1513 Praesentiam
891 1481 1063 1513 Sereniffimi
1078 1481 1217 1520 Principis
1230 1484 1284 1511 Ca-

222 1518 273 1548 roli
287 1520 480 1559 Confanguinei
493 1521 574 1561 nostri
586 1524 725 1558 Franciae,
744 1521 778 1552 δε
793 1520 980 1552 Sereniffimae
994 1520 1168 1561 Principiflae
1182 1519 1284 1561 Ifizbel-

222 1556 257 1587 Iae
273 1559 409 1599 Consortir
421 1560 476 1596 ejus
490 1558 714 1598 Consanguineae
727 1559 831 1589 nostrae
846 1559 1062 1597 praeclariffimae
1071 1583 1081 1598 ,

261 1596 307 1627 Ac
327 1598 360 1627 ad
386 1597 548 1628 Videndum
566 1599 599 1628 ὃ(
618 1597 802 1628 Audiendum
821 1608 870 1628 eos
887 1621 896 1637 ,
915 1598 949 1629 ὃ(
964 1597 1105 1629 Illustrem
1119 1598 1283 1635 Principem

220 1633 379 1673 Johannem
396 1639 497 1666 Ducem
511 1636 689 1674 Burgundiae,
708 1637 741 1667 ὃς
755 1645 856 1667 eorum
871 1636 1044 1676 quemlibet,
1058 1636 1157 1676 Jurare
1172 1636 1205 1667 ad
1213 1636 1283 1666 San-

221 1673 269 1703 eta
282 1673 337 1703 Dei
353 1674 521 1713 Evanoelia,
538 1686 588 1714 per
610 1684 658 1704 eos
678 1675 861 1713 corporaliter
881 1675 1038 1714 tangenda,
1053 1678 1132 1715 juxta
1145 1676 1283 1712 modum,

221 1713 294 1742 inter
316 1701 533 1744 Ambasssstores
554 1715 586 1744 δε
611 1712 830 1744 Commissarios
848 1713 983 1752 nostros,
1008 1724 1041 1745 ac
1063 1713 1283 1745 Commiffarios

219 1750 265 1780 seu
283 1749 443 1789 Deputatos
454 1753 535 1790 ipsius
547 1751 759 1792 Confinguinei
773 1751 863 1783 nostri
882 1753 1027 1792 Franciae,
1056 1763 1144 1791 nuper
1159 1752 1280 1790 Appun·

219 1789 347 1820 &uatum
359 1814 368 1828 ,
387 1791 416 1820 in
434 1791 506 1822 Villa
523 1790 560 1821 de
578 1791 718 1830 Provins,

255 1827 275 1846 *
295 1827 426 1860 Necnon
442 1829 476 1860 ad
491 1829 797 1869 Communicandum,
815 1829 1030 1869 Tractandum,
1047 1830 1080 1861 &
1091 1828 1283 1861 Concordan-

217 1865 287 1897 dum
303 1877 372 1897 cum
385 1868 504 1904 praefato
521 1868 747 1906 consanguineo
761 1868 861 1900 nostro
876 1869 1020 1907 Franciae,
1037 1868 1124 1900 suisve
1131 1868 1281 1899 Commis-

216 1905 289 1935 sariis
310 1905 355 1936 seu
384 1906 532 1945 Deputatis
542 1931 552 1945 ,
577 1907 765 1938 sufficientem
778 1909 807 1938 in
823 1918 854 1938 ea
869 1917 945 1945 parte
960 1907 1135 1938 Potestatem
1151 1907 1280 1937 habenti-

217 1944 290 1981 bus,
309 1943 345 1975 de
363 1945 396 1975 &
411 1946 491 1983 super
512 1946 647 1976 omnibus
669 1945 727 1976 aliis
741 1947 775 1977 &
796 1947 926 1983 singulis,
945 1946 1070 1976 Modum
1086 1949 1278 1975 conventionis

217 1981 372 2014 Personalis
386 2007 395 2023 ,
422 1985 494 2015 inter
510 1984 580 2015 Nos
597 1985 807 2016 concordatum
822 2008 831 2022 ,
856 1984 1113 2023 concernentibus,
1128 1984 1164 2014 de
1177 1984 1278 2022 quibus

215 2020 339 2059 praefatis
355 2045 365 2060 ,
393 2022 523 2061 Archiepi
537 2031 596 2062 copo
609 2047 619 2061 ,
635 2025 706 2052 Duci
722 2025 854 2061 Exmiae,
871 2026 984 2060 Comiti,
1004 2022 1147 2061 Johanni,
1166 2023 1199 2053 &
1216 2021 1276 2052 Gil-

215 2059 306 2129 ‘'gs-⁰³
326 2059 480 2100 Qinque,
537 2070 653 2100 uatuor,
673 2069 720 2092 aut
741 2062 849 2093 Tribus
868 2061 1055 2100 eorumdem,
1074 2061 1217 2093 videbitur
1230 2070 1279 2092 ex-

274 2109 313 2128 ire

215 2108 235 2138 p
253 2121 329 2175 ipso}
343 2137 500 2178 Quaque,
520 2139 670 2179 Qiatuor‚
687 2148 733 2171 aut
749 2140 822 2170 Tres
838 2138 1006 2169 eorumdem
1019 2138 1131 2169 nostros
1147 2138 1279 2169 Fecimus

216 2175 251 2207 ὅ(
268 2175 476 2208 Constituimus
522 2188 555 2208 ac
571 2202 580 2216 ‚
603 2188 654 2216 per
676 2179 846 2214 Praesentes‚
872 2178 1003 2208 Facimus
1024 2178 1058 2209 δε
1074 2176 1283 2208 Censtituimus

219 2214 467 2285 Amlbaifiatsciresgl
478 2200 679 2248 Procuratores
693 2241 704 2256 ,
730 2217 928 2257 Negotiorum
949 2216 1086 2247 Gestores
1100 2239 1110 2255 ,
1136 2217 1169 2248 &
1185 2215 1281 2247 Com-

219 2261 260 2284 mi
286 2264 355 2284 arios
399 2264 442 2285 eci
469 2265 497 2285 ec

259 2264 478 2332 Promittlentes,
497 2277 527 2323 i’n
541 2293 640 2325 Verbo
655 2293 769 2333 Regio,
788 2293 857 2325 Nos
876 2292 1001 2331 Ramm,
1020 2292 1203 2332 Gratum,&
1220 2293 1283 2324 Fir-

221 2339 302 2360 mum
327 2335 465 2369 perpetuo
488 2332 633 2363 habituros
655 2341 747 2364 totum
770 2333 803 2364 ὅ(
817 2332 951 2371 quicquid
969 2342 1018 2370 per
1032 2333 1201 2370 praedictos,
1220 2335 1282 2361 Ar-

221 2369 327 2409 chiepifi
330 2378 404 2407 opum
419 2393 428 2407 ,
451 2374 553 2401 Ducem
568 2393 577 2408 ‚
605 2373 724 2401 Exoniae
742 2395 751 2410 ,
769 2375 913 2408 Comitem,
931 2371 1109 2410 Johannem,
1127 2372 1161 2402 &
1172 2369 1279 2400 Gilber-

220 2415 296 2445 tum,
319 2409 458 2447 Qiinque
475 2433 484 2446 ,
510 2410 665 2448 Qatuor,
689 2418 736 2440 aut
759 2410 834 2440 Tres
848 2419 971 2446 eorum,
991 2410 1118 2448 Actum,
1138 2408 1279 2446 Gestum,

221 2445 407 2476 Procuratum
424 2471 434 2485 ,
456 2447 502 2479 seu
526 2448 744 2480 Concordatum
766 2448 848 2482 fuerit
870 2449 900 2479 in
920 2448 1069 2478 Praemiffis
1081 2471 1092 2487 ,
1111 2448 1145 2480 &
1169 2447 1281 2487 fmgulis

220 2482 445 2515 Praemissorum.

256 2521 289 2550 In
307 2523 402 2559 cujus,
422 2524 483 2555 &c.

224 2559 345 2628 ΜΤξίἢε
368 2559 449 2600 Rege
469 2562 542 2601 apud
567 2566 595 2592 V
596 2562 672 2592 illam
686 2562 767 2602 fitam
793 2564 824 2593 de
845 2566 946 2594 Mante
965 2563 1101 2595 vicesimo
1114 2561 1221 2594 ostavo
1237 2562 1284 2593 die

246 2612 249 2618 s
263 2607 308 2628 au.

75 1088 153 1121 Ann.
163 1089 206 1121 D.

95 1138 181 1168 1419.

72 1172 126 1196 An.
144 1178 171 1203 7.

71 1228 136 1272 ibid.
151 1227 189 1273 'm.

71 1292 120 1320 43·

85 1826 166 1855 *1X.

70 1874 133 1901 757·

912 2643 964 2670 Per
981 2639 1065 2681 ipficm
1076 2641 1181 2678 Regem.

347 2764 457 2795 Forma
473 2760 659 2808 Juramenti
668 2790 678 2805 ‚
696 2774 751 2810 per
768 2766 876 2810 Regem
893 2765 1023 2796 Franciae
1036 2760 1165 2808 praestiti.

73 2842 150 2874 Ann.
160 2842 192 2873 D
309 2848 360 2876 OS
385 2845 523 2886 Karolus,
541 2847 601 2883 &c.
618 2847 670 2887 Ju
681 2856 705 2878 R
716 2856 770 2879 ΑΜ
780 2856 802 2878 υ
813 2856 824 2878 s
836 2871 846 2886 ,
873 2847 913 2877 ad
925 2847 980 2878 haec
996 2848 1098 2878 Sancta
1113 2850 1166 2877 Dei
1180 2849 1283 2877 Evan-

93 2891 180 2921 1419.
317 2884 374 2922 lia,
395 2894 444 2924 per
462 2888 522 2915 Nos
541 2886 711 2925 corporaliter
733 2887 830 2924 tal‘t'a,
853 2886 938 2926 quod,
960 2885 1013 2926 fich
1027 2886 1121 2916 umbra
1129 2887 1180 2926 seu
1195 2885 1285 2915 Colore

71 2924 125 2948 An.
142 2931 169 2956 7·
226 2921 439 2953 Conventionis
458 2924 611 2956 Personalis
628 2948 638 2963 ,
663 2929 735 2956 inter
757 2925 823 2955 Nos
844 2936 876 2954 ac
891 2947 900 2962 ,
917 2924 1105 2964 Sereniffl'mum
1119 2927 1284 2962 Principem,

73 2963 109 2987 H·
129 2968 155 2994 5-
225 2960 385 2991 Henricum
415 2962 665 3001 Consanguineum
697 2963 826 2994 nostrum
849 2963 963 3001 Angliae
988 2964 1152 2993 concordate
1168 2987 1178 3001 ,
1203 2962 1288 2992 nichil

72 3001 114 3025 Ex
127 2997 190 3041 Bibl.
226 3000 358 3037 Fraudis,
378 3000 458 3038 Doti,
476 3013 559 3040 neque
580 3002 655 3031 Mali
668 3001 908 3040 Machinabimur,
925 3004 1115 3040 Proponemus,
1132 3009 1182 3032 aut
1193 3004 1286 3031 Facie-

73 3040 132 3062 Cot.
147 3039 193 3062 Τί·
227 3049 299 3074 mus,
316 3037 413 3078 fierive
422 3043 622 3078 permittemus,

74 3073 155 3115 btrifts
179 3078 207 3104 Β.
263 3080 332 3114 Sed,
350 3076 445 3117 absque
459 3078 547 3125 Dolo,
564 3079 685 3117 Fraude,
703 3078 753 3108 vel
773 3078 853 3108 Malo
870 3081 995 3117 Ingenio,
1019 3077 1084 3109 bene*
1105 3077 1143 3114 ό·
1160 3077 1283 3119 fideliter

75 3113 93 3137 ⁶
113 3112 160 3148 Ῐυῖ·
227 3114 450 3154 Obfi’rvabimus,
467 3115 505 3151 <sy
527 3128 545 3146 a
570 3116 664 3156 nostris
678 3117 810 3156 faciemus
829 3117 990 3156 observari,
1014 3120 1102 3146 omnia
1125 3115 1163 3152 ὠ·
1174 3116 1282 3156 fingula

77 3158 92 3177 2
96 3160 122 3188 3.
141 3154 171 3178 B.
226 3155 484 3191 Appunc‘luamenta
498 3155 598 3184 dictam
611 3154 847 3185 Conventionem
865 3158 1065 3186 concernentia:

266 3196 312 3220 Ac
330 3193 402 3232 quod
413 3215 422 3230 ,
448 3200 506 3222 toto
526 3200 642 3230 tempore
655 3192 1034 3233 Conventionisficpradici‘ae
1070 3193 1139 3223 dieto
1154 3191 1285 3222 Consan-

226 3230 332 3269 guineo
346 3230 446 3261 nostro
459 3253 469 3268 ‚
490 3231 666 3269 praebebimus
683 3231 844 3269 Auxilium,
861 3232 1018 3271 eundemque
1033 3216 1283 3269 &cnsanguineum

226 3266 372 3305 nostrum,
384 3276 434 3305 pro
459 3268 533 3308 Poffe
554 3269 640 3308 nostro
654 3293 664 3307 ,
687 3268 867 3307 Defendemus
881 3268 918 3304 ὠ
934 3269 1141 3306 Adjuvabimus
1153 3268 1283 3306 adverfics

246 3316 408 3345 uemcumque
423 3330 432 3343 ,
456 3311 501 3346 qui
517 3306 598 3345 ipsum
620 3307 874 3345 Consanguineum
900 3307 1028 3337 nostrum
1044 3330 1054 3345 ,
1074 3311 1103 3337 in
1117 3306 1283 3347 Disturhium

222 3316 272 3384 Ξὲιι
290 3344 510 3381 Impedimentum
530 3345 741 3378 Conventionis
763 3345 928 3384 supradictae
940 3367 950 3383 ,
968 3347 1100 3375 invadere
1115 3349 1217 3375 nitetur
1233 3352 1283 3374 aut

227 3390 387 3419 impugnare.

505 3529 554 3560 De
574 3525 759 3570 Restitutione
775 3526 1009 3573 Temporalium.

306 3609 329 3640 E
339 3608 369 3640 X
395 3610 557 3648 Omnibus,
571 3610 606 3640 ad
619 3620 690 3648 quos
696 3632 706 3648 ,
720 3611 782 3642 &c.
798 3610 930 3641 Salutem.

335 3648 431 3679 Sciatis
442 3649 519 3687 quod
527 3672 537 3687 ,

275 3684 324 3716 De
336 3685 436 3718 Gratia
451 3687 545 3718 nostra
561 3686 686 3725 speciali,
705 3686 738 3717 &
754 3694 784 3715 ut
799 3685 940 3716 Divinum
954 3686 1107 3718 Servitium
1119 3698 1151 3720 ac
1167 3689 1217 3720 alia
1226 3689 1290 3719 Pie-

240 3725 300 3753 tatis
311 3724 404 3766 Opera
420 3728 494 3764 (quae
513 3727 541 3756 in
558 3724 737 3756 Monasterio
750 3725 838 3754 beatae
852 3724 952 3754 Mariae
965 3723 1003 3755 du
1018 3725 1070 3755 Val
1084 3727 1142 3757 fieri
1154 3727 1286 3763 debeant)

240 3762 300 3804 plus
317 3763 396 3793 lolito
410 3764 568 3795 accrescant
580 3786 591 3803 ,
608 3764 642 3796 &
654 3762 761 3793 ibidem
772 3762 932 3793 laudabilius
943 3772 1174 3796 manuteneantur
1188 3766 1222 3796 &
1235 3766 1290 3796 sus-

87 3812 177 3835 Norm.
198 3820 223 3837 ..,
238 3806 374 3830 tineantur

90 3850 122 3872 H.
140 3856 164 3880 5·
178 3831 207 3884 pf
275 3836 303 3866 C
312 3849 331 3867 o
342 3848 362 3868 N
373 3824 414 3869 εἰς
425 3850 437 3869 s
447 3849 458 3870 s
468 3849 479 3870 1
489 3849 514 3870 M
525 3849 547 3871 υ
559 3850 571 3871 s
581 3863 590 3878 ,
607 3839 715 3870 dilectis
730 3838 829 3869 Nobis
843 3839 872 3867 in
889 3837 1023 3876 Christo,
1042 3840 1152 3870 Abbati
1171 3840 1209 3876 ὠν
1218 3844 1288 3871 Con-

92 3894 114 3912 „
129 3895 164 3912 m,
171 3896 215 3922 4¹,
237 3880 348 3916 mentiri,
361 3878 519 3917 Monasterii
531 3879 654 3916 praedic‘i‘i
666 3878 764 3908 omnia
777 3876 1077 3919 Temporalia,eidem
1092 3879 1287 3918 Monasterio,

232 3911 470 3984 ἱηΐωῖῡέὶςειωῐη
490 3917 618 3948 nostrum
638 3915 829 3948 Normanniae
844 3937 854 3953 ,
873 3915 1111 3955 qualitercumque
1125 3919 1286 3956 pertinentia

244 3960 288 3981 ive
314 3961 350 3989 pe
382 3962 467 3992 antia,

87 3615 163 3646 Ann.
178 3616 219 3647 D.

117 3664 199 3694 1419.

86 3696 139 3720 An.
156 3704 182 3728 7.

86 3735 115 3758 H
140 3741 168 3766 5.

90 3773 148 3797 Pac.

708 51 1510 106 CONVENTloNES,
1563 53 1951 104 LITERAE,

1370 136 1440 182 ‘HA‘
1448 147 1492 170 ni:
1501 147 1524 169 N
1534 148 1556 169 D
1566 149 1587 170 A
1600 163 1611 178 ,
1643 141 1672 170 in
1700 139 1942 173 Sustentationem
1965 141 2069 174 Divini
2091 141 2205 175 Servitii
2224 150 2258 174 ac
2278 142 2398 175 aliorum
2414 139 2492 171 Ann-
2505 140 2546 174 D.

1341 175 1453 208 Pietatis
1466 177 1599 215 Operum
1615 178 1833 218 praedictorum,
1851 179 1887 212 de
1903 180 1998 212 Dono
2011 180 2120 212 nostro.
2437 188 2524 218 ¹419·

1378 214 1412 244 In
1428 216 1521 254 cujus,
1539 217 1600 247 &c.
2417 223 2481 247 Hm.
2500 227 2528 254 ς.

1341 252 1472 323 Seggstle)
1472 253 1567 323 3331}
1568 255 1652 323 i{apud
1668 255 1791 296 Castrum
1803 254 1885 297 ficum
1901 257 1934 288 de
1946 259 2050 288 Vernon
2056 256 2138 296 super
2152 260 2239 298 Sayne
2251 256 2399 290 Vicefimo
2443 259 2445 261 ’

2026 334 2081 363 Per
2094 332 2177 373 ipficm
2191 337 2297 373 Regem.

1610 404 1781 441 Confimiles
1797 409 1902 443 Literae
1917 407 2133 449 conceduntur,

1373 483 1485 512 Decano
1505 480 1544 519 ό·
1561 483 1686 522 Capitulo
1698 484 1821 527 Ecclefiae
1837 486 1991 525 Collegiatae
2010 487 2043 517 de
2056 489 2191 527 Gournay.

1375 520 1487 551 Abbati
1500 520 1539 558 &
1553 525 1707 554 Conventui
1723 522 1881 565 Monasterii
1894 529 1990 557 Beatae
2007 528 2109 557 Mariae
2124 526 2157 557 de
2170 525 2313 567 Hanbuye.

1605 645 1633 672 ,ἦ
1661 650 1720 682 Pro
1734 645 2002 692 Ambaffiatoribus
2016 648 2140 697 Januae.
2413 651 2516 725 7⁴81X.

2432 700 2449 725 5
2469 714 2477 722 .

1335 730 1463 790 REX
1488 731 1620 766 univerfis
1633 733 1668 766 &
1682 732 1794 774 singulis
1809 733 1986 772 Admirallis‚
2003 733 2064 766 &c-
2081 735 2116 766 ad
2130 745 2218 775 quos,
2235 737 2298 770 &c.
2315 735 2396 768 Salu-
2414 728 2542 807 Αἱᾘὲ).

1408 779 1477 801 tem.
2519 792 2526 799 ·

1370 808 1469 840 Sciatis
1491 809 1570 848 quod
1590 809 1758 850 suscepimus
1779 811 1809 842 in
1829 810 1935 841 salvum
1948 810 1982 842 &
1994 810 2123 842 securum
2133 809 2322 844 Conductum
2336 823 2392 844 no-
2409 810 2461 834 ‘¹⁷¹-
2479 817 2507 843 7·

1334 844 1440 886 strum,
1456 857 1489 878 ac
1508 849 1537 878 in
1554 848 1787 887 Proteffionem,
1808 850 1994 886 Tuitionem,
2012 850 2046 881 &
2061 848 2270 881 Defenfionem
2283 851 2390 882 nostras
2408 848 2444 873 H.
2466 854 2485 881 5
2489 867 2495 874 ·

1333 884 1351 914 s
1365 886 1479 925 edales,
1503 886 1665 925 Raphaelem
1680 887 1712 917 de
1731 887 1861 927 Spinolir,
1886 889 1919 920 &
1932 891 2019 926 opizo
2039 888 2072 918 de
2090 886 2191 927 elifio,
2208 887 2339 920 sindicos
2352 891 2385 921 δι
2405 886 2492 912 Frarae-
2512 889 2542 920 7-

1363 924 1554 955 mbasfiatores
1569 928 1652 955 Ducis
1666 925 1704 960 ὠ·
1717 929 1894 957 comunitatis
1905 926 2087 968 Januensium
2097 949 2107 965 ,
2126 925 2211 964 usque
2222 924 2325 957 Villam
2333 937 2388 959 no-
2403 924 2438 948 H.
2448 931 2521 958 >²¹1⁸-

1332 960 1417 992 stram
1433 962 1550 1000 Calesii,
1568 964 1601 994 ὃς
1615 964 1717 995 abinde
1728 966 1757 995 in
1770 964 1907 1002 Regnum
1924 965 2054 996 nostrum
2068 964 2197 1004 Angliae,
2215 973 2284 996 cum
2292 965 2388 1005 Qin-
2407 968 2449 989 ¹0·

1330 1000 1424 1031 decim
1441 1000 1569 1032 Personis
1582 1012 1616 1033 ac
1629 1003 1751 1033 totidem
1767 1003 1854 1042 Equis
1870 1005 1900 1034 in
1917 1002 2063 1035 Comitiva
2077 1004 2139 1042 sua,
2157 1003 2319 1042 veniendo,
2336 1005 2391 1035 ibi-

1331 1039 1401 1069 dem
1421 1040 1563 1070 morando
1578 1063 1588 1078 ,
1612 1042 1646 1072 &
1669 1041 1769 1071 exinde
1784 1064 1794 1078 ,
1819 1052 1873 1080 pro
1887 1052 1988 1073 eorum
2004 1042 2104 1073 Libito
2117 1041 2287 1080 voluntatis,
2303 1043 2392 1075 libere

1331 1077 1494 1109 recedendo
1508 1079 1540 1109 &
1555 1079 1704 1117 abeundo,
1719 1089 1752 1110 ac
1764 1079 1790 1110 E
1813 1090 1880 1118 uos,
1897 1080 1992 1119 Bona,
2010 1082 2044 1112 &
2059 1080 2119 1111 Res
2129 1081 2174 1111 sua
2188 1091 2389 1122 quaecumque,

1368 1116 1445 1148 Non
1457 1116 1635 1148 obstantibus
1649 1118 1789 1156 aliquibus
1838 1118 1933 1157 ebitis,
1951 1118 2075 1150 Publicis
2089 1120 2124 1151 &
2138 1119 2274 1158 PrivatiS,
2292 1120 2390 1152 Guer-

1329 1156 1366 1185 ris
1378 1179 1388 1194 ,
1414 1155 1608 1195 Homicidiis‚
1633 1155 1754 1188 Deliciis
1766 1182 1775 1195 ,
1802 1156 1923 1196 Bannis,
1940 1156 2122 1196 Exceffibus,
2140 1166 2188 1189 aut
2200 1157 2326 1198 Injuriis,
2341 1159 2388 1191 vel

1327 1194 1441 1225 offensis
1455 1194 1640 1233 quibussibet,
1657 1195 1936 1235 quomodocumque
1947 1197 2123 1235 perpetratis,
2139 1196 2294 1228 commiffis
2304 1220 2314 1236 ,
2339 1207 2386 1230 aut

1327 1232 1412 1270 gestis
1435 1243 1485 1271 per
1508 1234 1581 1271 ipsos
1595 1257 1604 1272 ,
1629 1234 1792 1273 Raphaelem
1810 1257 1819 1273 ‚
1848 1236 1949 1273 Opizo,
1965 1234 2114 1274 Personas,
2132 1234 2177 1266 seu
2190 1239 2386 1267 Comunitatem

1321 1272 1498 1311 predictam,
1518 1272 1562 1303 vel
1574 1282 1676 1303 eorum
1690 1273 1831 1311 aliquem;

1363 1309 1400 1340 Et
1413 1311 1480 1341 ideo
1496 1311 1578 1341 vobis
1597 1311 1768 1342 Mandamus
1784 1311 1862 1350 quod
1877 1311 1962 1350 ipsos,
1973 1310 2136 1350 Raphaelem
2151 1313 2185 1344 &
2200 1310 2304 1351 Opiio,
2314 1323 2384 1345 cum

1328 1349 1456 1380 Personis
1470 1349 1625 1388 praedictis,
1644 1359 1678 1381 ac
1693 1351 1812 1381 totidem
1828 1350 1916 1388 Equis
1932 1352 1960 1381 in
1981 1349 2129 1382 Comitiva
2142 1351 2203 1390 sua,
2222 1352 2384 1392 veniendo,

1325 1388 1431 1418 ibidem
1453 1387 1592 1419 morando
1605 1411 1615 1427 ,
1636 1390 1670 1420 ὃ(
1691 1389 1794 1419 exinde
1807 1412 1816 1427 ,
1838 1398 1892 1428 pro
1908 1399 2010 1420 eorum
2031 1388 2130 1422 Libito
2153 1391 2326 1430 voluntatis,
2350 1399 2384 1422 ut

1324 1426 1492 1465 praedictum
1516 1426 1557 1457 est
1574 1451 1583 1465 ,
1607 1428 1694 1458 libere
1715 1428 1875 1459 recedendo
1895 1429 1928 1459 &
1940 1427 2090 1468 abeundo,
2108 1439 2142 1460 ac
2155 1428 2269 1468 Equos,
2286 1429 2385 1468 Bona,

1325 1466 1358 1497 &
1373 1465 1433 1495 Res
1446 1466 1490 1497 sua
1506 1475 1640 1504 quaecum
1663 1475 1698 1497 ue

1357 1503 1434 1548 .N⁰¹.¹
1455 1504 1630 1548 obstantibus
1687 1489 1766 1536 ebitis
1780 1528 1790 1544 ,
1816 1504 1939 1536 Publicis
1963 1506 1997 1538 &
2013 1504 2146 1544 Privads,
2164 1505 2296 1544 Guerris,
2313 1504 2382 1538 Ho-

1323 1543 1443 1573 mlCidils
1457 1566 1466 1581 ,
1489 1542 1610 1574 Delictis
1625 1567 1635 1582 ,
1659 1543 1777 1582 Bannis,
1795 1543 1977 1582 Exceffibus,
1995 1553 2042 1575 aut
2056 1544 2181 1583 Injuriis,
2196 1544 2241 1576 vel
2257 1543 2383 1576 Offenfis

1322 1582 1510 1619 quibussibet,
1530 1582 1806 1620 quomodocumque
1828 1584 1991 1620 perpetratis
2005 1606 2015 1620 ,
2038 1583 2197 1614 commiffis
2211 1608 2221 1622 ,
2236 1591 2284 1616 aut
2297 1582 2382 1623 gestis

1321 1630 1370 1658 per
1382 1620 1471 1658 ipsos,
1491 1619 1666 1658 Raphaelem,
1685 1624 1789 1659 opizo,
1805 1621 1936 1660 Personas
1950 1644 1961 1660 ,
1978 1621 2022 1652 seu
2038 1625 2262 1653 communitatem
2277 1623 2379 1660 praeai'·

1320 1661 1412 1696 Ham,
1431 1659 1476 1689 vel
1490 1668 1589 1688 eorum
1605 1659 1746 1697 aliquem,

1360 1697 1583 1734 Manuteneatis,
1602 1699 1769 1736 protegatis,
1787 1698 1821 1728 &
1834 1697 2005 1736 defendatis,

1356 1735 1431 1766 Non
1453 1735 1600 1767 inferentes
1623 1737 1661 1766 eis
1677 1760 1686 1774 ,
1713 1736 1758 1766 seu
1772 1760 1781 1773 ‚
1819 1745 1934 1766 uantum
1951 1738 1980 1766 in
1993 1736 2076 1767 vobis
2093 1736 2150 1774 est,
2168 1737 2204 1767 ab
2216 1736 2273 1767 aliis
2286 1737 2380 1768 inferri

1320 1776 1528 1813 permittentes,
1547 1774 1696 1812 injuriam,
1715 1774 1799 1805 Molc
1825 1776 1898 1812 iam,
1910 1774 2094 1814 Dampnum,
2115 1775 2305 1814 violentiam,
2321 1775 2382 1807 Im-

1320 1813 1516 1853 pedimentum
1527 1813 1640 1851 aliquod
1648 1836 1658 1852 ,
1673 1813 1718 1845 seu
1735 1812 1920 1850 Gravamen,

1359 1851 1413 1890 Et,
1433 1852 1452 1882 fi
1475 1851 1542 1891 quid
1564 1853 1622 1890 eis,
1648 1852 1694 1882 seu
1717 1861 1818 1882 eorum
1835 1851 1934 1889 alicui,
1955 1850 2132 1883 forisfactum
2149 1851 2205 1883 five
2220 1852 2381 1888 injuriatum

1320 1890 1420 1929 fuerit,
1439 1891 1466 1921 id
1479 1892 1530 1928 eis,
1546 1890 1580 1921 &
1593 1900 1695 1922 eorum
1708 1891 1838 1929 cuilibet,
1859 1891 1925 1921 sine-
1935 1890 2068 1922 dilatione
2084 1915 2093 1928 ‚
2114 1892 2220 1930 corrigi
2237 1892 2271 1922 &
2285 1891 2382 1923 debite

1320 1929 1465 1960 reformari
1479 1930 1584 1960 faciatis
1591 1953 1601 1968 ,

1358 1967 1500 1999 Nolentes
1511 1967 1590 2007 quod
1604 1968 1689 1999 iidem
1701 1991 1710 2006 ,
1728 1967 1865 2007 Raphael,
1886 1968 1919 1999 &
1935 1971 2040 2006 opizo,
2058 1966 2181 2006 Perfimae
2196 1991 2206 2005 ,
2225 1966 2271 1999 seu
2286 1971 2381 1998 Comu-

1319 2010 1392 2036 nitas
1403 2007 1553 2045 praedic‘la,
1568 2015 1616 2038 aut
1630 2017 1731 2038 eorum
1748 2008 1864 2045 aliquis,
1881 2009 1987 2037 ratione
2000 2005 2216 2037 Praemissorum
2232 2029 2242 2044 ,
2268 2016 2316 2038 aut
2330 2007 2381 2038 ali-

1320 2047 1399 2083 cujus
1412 2045 1600 2084 eorumdem,
1618 2045 1676 2076 sive
1695 2047 1802 2077 ratione
1825 2046 1978 2084 aliquarum
1993 2044 2181 2083 Marquarum
2204 2044 2262 2075 five
2276 2044 2324 2076 Re
2345 2046 2382 2076 ri-

1319 2083 1445 2114 saliarum
1464 2108 1473 2124 ,
1495 2093 1558 2115 ante
1577 2084 1640 2115 haec
1659 2092 1787 2122 tempora
1801 2107 1811 2121 ‚
1839 2085 1930 2115 versus
1945 2087 2046 2114 Ducem
2062 2085 2094 2115 &
2110 2086 2307 2114 Comunitatem
2366 2101 2381 2108 -

1320 2134 1453 2153 nuenrum
1476 2122 1673 2154 concessarum
1703 2122 1981 2161 quomodocumque
2004 2123 2147 2159 capiantur
2162 2145 2173 2160 ,
2206 2121 2380 2162 arestentur,

1321 2162 1350 2191 in
1368 2163 1463 2200 aiquo
1482 2185 1493 2199 ,
1512 2162 1557 2192 seu
1573 2169 1724 2200 graventur
1740 2185 1749 2200 ,
1768 2169 1816 2192 aut
1840 2163 1979 2200 capiatur,
1994 2160 2143 2199 arestetur,
2162 2162 2380 2200 imprimetur,

1320 2200 1486 2232 molestetur
1504 2201 1534 2230 in
1551 2200 1646 2238 aliquo
1660 2225 1669 2238 ‚
1685 2199 1730 2230 seu
1749 2208 1899 2238 gravetur,

1358 2238 1475 2270 Proviso
1499 2238 1606 2277 semper
1631 2239 1711 2277 quod
1737 2238 1862 2276 praedicti
1876 2261 1885 2277 ,
1906 2237 2044 2277 Raptum,
2061 2239 2094 2269 ὅ(
2111 2241 2214 2278 opizo,
2234 2238 2379 2278 Persona,

1319 2277 1354 2309 &
1367 2287 1468 2308 eorum
1479 2278 1618 2316 quilibet,
1636 2278 1710 2308 bene
1725 2278 1759 2309 &
1774 2277 1894 2308 honeste
1909 2278 1936 2309 se
1952 2277 2071 2309 habeant
2086 2278 2120 2309 &
2132 2286 2228 2317 gerant
2237 2286 2301 2317 erga
2310 2277 2379 2309 Nos

1321 2317 1355 2348 &
1371 2316 1515 2354 Populum
1535 2315 1684 2354 nostrum,

1359 2353 1395 2386 Et
1417 2356 1570 2394 quicquam
1583 2379 1594 2393 ,
1617 2353 1697 2393 quod
1710 2354 1738 2384 in
1756 2353 1862 2385 Nostri
1880 2353 1925 2384 seu
1939 2353 2043 2393 Populi
2059 2354 2146 2385 nostri
2161 2354 2379 2392 praejudicium,

1319 2392 1488 2432 Dampnum
1509 2417 1519 2432 ‚
1543 2394 1589 2425 vel
1614 2393 1728 2424 Malum
1751 2392 1852 2424 cedere
1866 2394 1974 2431 valeat,
1992 2403 2052 2424 non
2072 2401 2258 2431 attemptent,
2275 2401 2323 2424 aut
2335 2400 2377 2423 at-

1320 2434 1449 2470 temptari
1461 2432 1581 2471 faciant,
1599 2432 1702 2470 quovis
1717 2431 1817 2462 modo.
2269 2442 2278 2450 ›

1355 2470 1388 2501 In
1405 2472 1500 2509 cujus,
1515 2472 1576 2502 &c.
1595 2481 1644 2509 per
1663 2469 1749 2501 Duos
1766 2470 1882 2500 Menses
1900 2471 2034 2508 proximo
2052 2469 2160 2500 futuros
2169 2468 2318 2499 duraturas,

1355 2510 1444 2540 Teste
1467 2509 1585 2547 praefato
1611 2508 1721 2549 Custode
1739 2509 1814 2548 apud
1827 2508 2088 2548 Wstmonasterium
2105 2507 2243 2539 vicesimo
2257 2507 2377 2547 septimo

1317 2548 1363 2579 die
1381 2547 1463 2579 Maii.

2047 2586 2102 2615 Per
2115 2582 2267 2615 Concilium.

1672 2712 1723 2744 De
1739 2711 1832 2744 Salvo
1855 2709 2020 2744 Conduflu.

1388 2795 1413 2827 E
1424 2796 1454 2828 X
1494 2796 1628 2828 universis
1644 2797 1677 2827 &
1695 2795 1807 2833 singulis
1824 2795 1998 2839 Capitaneis‚
2017 2793 2162 2839 Gentibus
2175 2794 2377 2839 Armorum&
2397 2788 2472 2822 Ann.
2482 2789 2522 2821 D.

1399 2836 1435 2865 de
1448 2819 1556 2865 fractu
1567 2858 1576 2874 ,
1594 2844 1628 2865 ac
1646 2835 1705 2865 aliis
1719 2833 1813 2873 Ligeis
1823 2858 1833 2872 ‚
1850 2834 1991 2873 Subditis,
2007 2834 2041 2866 δε
2055 2832 2167 2865 vafinus
2190 2832 2294 2863 nostris
2317 2843 2381 2872 qui-
2394 2837 2504 2904 A1n4179.
2560 2848 2562 2850 -

2394 2910 2428 2934 H.
2448 2915 2478 2942 5.

1323 2798 1378 2853 R

1319 2873 1515 2917 buscumque,
1531 2873 1567 2903 ad
1581 2883 1672 2912 quos,
1689 2874 1750 2905 &c.
1767 2873 1902 2904 Salutem.

1356 2911 1698 2988 {cillnwggcdlliiiguineus
1718 2948 1814 2980 noster
1838 2949 1965 2979 Franciae
1976 2945 2120 2984 intendat,
2138 2947 2172 2979 &
2185 2946 2236 2978 fibi
2250 2947 2377 2989 placeat,
2392 2948 2451 2973 Par.

1321 2991 1403 3020 certis
1416 2989 1452 3019 de
1467 2988 1583 3028 Caufis,
1601 2989 1689 3027 ipsum
1706 2987 1910 3023 moventibus,
1926 2985 2158 3024 Consanguineos
2175 2985 2307 3026 nostros,
2325 2991 2378 3018 Co·
2392 2987 2482 3011 Norm.
2497 2991 2525 3017 7·

1320 3031 1410 3057 mitem
1433 3028 1466 3057 de
1491 3030 1571 3057 Saint
1591 3027 1644 3057 Pol
1695 3027 1729 3058 &
1751 3025 1884 3055 Karolum
1904 3024 1936 3053 de
1953 3024 2079 3053 Bourbon
2090 3046 2101 3062 ,
2118 3033 2151 3055 ac
2198 3024 2330 3056 ohannem
2343 3026 2375 3056 de
2393 3025 2520 3058 H.5.p.1.

1319 3066 1406 3096 Saulx
1426 3065 1571 3103 Militem,
1588 3050 1792 3095 Arcbambault
1814 3064 1846 3092 de
1863 3065 1949 3106 Fouix
1967 3062 2095 3092 Militem
2111 3085 2122 3100 ,
2141 3065 2164 3092 C
2176 3063 2244 3092 aude
2257 3065 2290 3094 de
2302 3063 2377 3094 Cha·
2394 3069 2432 3089 m.
2455 3068 2501 3096 37.

1313 3104 1416 3145 stelluz
1440 3105 1566 3134 Militem
1582 3126 1592 3140 ,
1615 3102 1755 3141 Johanem
1776 3104 1843 3139 Verg
1864 3100 2009 3139 Militem,
2026 3103 2140 3138 Reginer
2157 3103 2211 3131 Pot
2230 3101 2376 3142 Militem,

1322 3143 1492 3181 Magistrum
1510 3141 1668 3180 Johannem
1683 3140 1707 3169 le
1724 3141 1798 3170 clerc
1811 3163 1821 3178 ,
1837 3141 1870 3171 &
1886 3138 2063 3176 Magistrum
2075 3139 2223 3170 Guidonem
2237 3140 2372 3179 Colum,

1319 3181 1498 3212 Consiliarios
1517 3179 1644 3217 praedicli
1662 3178 1868 3217 Consanguinei
1890 3178 2004 3216 nostri,
2021 3187 2056 3208 ac
2074 3177 2126 3207 Ma
2149 3177 2249 3209 istrum
2262 3178 2377 3217 Johan—

1320 3231 1380 3249 nem
1395 3219 1426 3248 de
1442 3217 1713 3248 RinelSecretarium
1729 3218 1849 3255 ejusdem
1856 3215 2067 3260 Consanguinei
2079 3186 2187 3255 noffiri,
2205 3216 2290 3256 usque
2300 3217 2378 3249 Prae-

1319 3258 1434 3325 senltiJam
1449 3256 1575 3287 nostram
1591 3257 1700 3287 mittere
1711 3278 1721 3294 ,
1731 3264 1762 3286 ut
1778 3265 1957 3295 accepimus,

1392 3305 1424 3325 os

1356 3333 1414 3363 Pro
1432 3318 1586 3364 'Securitate
1605 3331 1809 3370 praedistorum
1825 3356 1834 3371 ,
1859 3335 1987 3372 Con-itis,
2004 3330 2120 3369 Karoh,
2137 3330 2293 3370 Johanm's,
2310 3334 2374 3362 Ar-

1321 3371 1474 3402 chambault
1491 3394 1501 3409 ,
1516 3370 1632 3410 Claude,
1652 3372 1670 3391 ²¹*
1690 3370 1832 3410 Johannis
1844 3373 1983 3410 Reguner,
2001 3370 2158 3409 Johannis,
2173 3369 2319 3408 Guidonis,
2337 3371 2372 3401 &
2406 3369 2426 3389 *⁸
2447 3370 2507 3405 IX..

1321 3409 1478 3450 Johannir,
1498 3409 1656 3447 prospicere
1671 3410 1799 3441 volentes
1814 3412 1844 3439 in
1862 3410 1914 3440 hac
1930 3419 2021 3447 parte,
2390 3417 2455 3445 759·

1359 3448 1537 3485 Suscepimus
1564 3448 1636 3486 ipsos
1653 3470 1663 3486 ,
1686 3451 1832 3486 Comitem,
1855 3447 1988 3477 Karolum
1999 3470 2009 3486 ,
2025 3446 2185 3485 Johannem
2203 3467 2214 3483 ,
2232 3444 2372 3475 Arc-ham-

1321 3486 1399 3518 bault
1414 3509 1424 3524 ,
1447 3485 1548 3515 Claude
1563 3509 1573 3524 ,
1598 3486 1756 3524 Johannem
1773 3509 1782 3524 ,
1806 3489 1927 3523 Reguner
1938 3510 1948 3524 ‚
1966 3485 2142 3524 Johunnem,
2159 3483 2321 3527 Guiflonem,
2340 3485 2374 3515 ὅς

1322 3525 1480 3565 Johannem
1501 3524 1586 3562 usque
1610 3524 1790 3555 Praesentiam
1811 3524 1937 3554 nostram
1950 3547 1960 3561 ,
1987 3532 2054 3553 cum
2071 3522 2232 3565 Trescentis
2247 3521 2375 3564 Personis

1323 3568 1352 3594 in
1368 3564 1516 3593 Comitiva
1528 3563 1571 3593 sua
1582 3585 1592 3600 ,
1606 3563 1652 3593 vel
1666 3564 1752 3601 infra,
1778 3563 1900 3593 Atinatis
1915 3563 1962 3592 vel
1976 3570 2037 3591 non
2051 3559 2192 3596 Amans,
2210 3561 2374 3600 veniendo,

1323 3603 1430 3633 ibidem
1448 3600 1604 3638 morando,
1620 3602 1653 3631 &
1670 3602 1771 3632 exinde
1784 3601 1860 3631 salvo
1879 3602 1913 3632 &
1929 3600 2024 3630 secure
2033 3596 2197 3635 redeundo,
2214 3607 2247 3628 ac
2257 3597 2374 3638 Equos,

1325 3641 1385 3671 Res
1395 3663 1404 3677 ,
1423 3639 1518 3676 Bona,
1529 3638 1656 3678 Jocalia,
1672 3641 1707 3671 &
1722 3638 1857 3669 Hernefia
1872 3638 1917 3669 sua
1934 3645 2138 3680 quaecumque,
2186 3675 2191 3680 ι

1361 3678 1480 3709 Proviso
1496 3678 1604 3715 semper
1620 3679 1697 3715 quod
1711 3677 1761 3716 ipfi
1775 3679 1944 3715 quicquam,
1961 3673 2039 3712 quod
2057 3683 2086 3703 m
2103 3672 2193 3704 nostri
2209 3673 2372 3716 Contemp-

1325 3726 1386 3748 tum
1410 3716 1456 3746 vel
1477 3715 1676 3753 Praejudicium
1701 3715 1857 3753 aliqualiter
1871 3714 1971 3744 cedere
1988 3712 2096 3750 valeat,
2111 3722 2171 3742 non
2187 3720 2373 3753 attemptent,

1324 3765 1378 3785 nec
1395 3755 1496 3784 faciant
1513 3754 1730 3792 quomodolibet
1747 3753 1921 3790 attemptari,
2010 3789 2015 3794 ·
2036 3788 2042 3794 ⁴

1360 3792 1393 3822 In
1415 3793 1493 3830 cujus
1507 3816 1516 3829 ,
1542 3794 1602 3823 &c.
1622 3793 1708 3831 usque
1729 3791 1872 3822 Occasum
1887 3789 1959 3820 Solis
1975 3787 2043 3818 Diei
2060 3787 2161 3820 Martis
2177 3790 2312 3828 proximo
2328 3790 2373 3822 fii-

1324 3832 1378 3863 turi
1391 3830 1538 3860 duraturas-

1359 3868 1448 3900 Teste
1466 3868 1552 3908 Rege
1567 3868 1641 3907 apud
1653 3867 1757 3900 Villam
1767 3866 1849 3908 fitam
1866 3866 1897 3898 de
1912 3867 2017 3896 Maunt
2034 3866 2098 3896 xxix
2112 3864 2157 3896 die
2171 3865 2253 3897 Maii.

1999 3942 2053 3972 Per
2065 3941 2149 3982 ‘Qfitm
2160 3944 2265 3981 Regem.

2333 3991 2379 4019 De
