2562 4274
91 193 170 226 Ami.
186 191 226 223 D.

114 232 199 270 1-418.

92 276 156 298 nen.
174 279 203 306 5.

89 875 166 907 Arm.
184 875 223 906 D.

111 914 197 953 1418.

88 957 142 981 An.
159 955 185 982 6.

88 1013 179 1058 Nemi.
195 1032 223 1058 6.

88 1072 151 1103 H.5
187 1079 222 1096 .1.

86 1115 124 1135 m.
143 1116 157 1144 3
179 1129 187 1136 .

89 1829 106 1847 θ
125 1829 178 1857 lx.

88 1933 218 1965 Ann.D.

115 1974 201 2012 1418.

87 2017 140 2041 Aa.
160 2016 183 2040 α’.

88 2072 192 2119 Ibide-in.

87 2139 124 2158 an.
146 2139 190 2164 37.

95 2939 171 2971 Ann.
186 2938 229 2971 D.

116 2979 203 3017 1418.

94 3022 147 3048 Λή.
161 3020 190 3047 6.

95 3062 132 3086 H.
152 3065 178 3091 5.

95 3100 136 3123 Ex
145 3094 212 3122 Bibl.

94 3133 153 3161 cot.
169 3134 212 3159 Ti-

97 3171 179 3198 berius

97 3212 127 3236 B.
136 3210 165 3235 6.
175 3207 226 3236 Fal.

97 3247 144 3276 61.
159 3250 190 3275 B.

238 107 293 158 48

237 191 387 223 Ducatum
400 191 529 222 nostrum
543 191 737 221 Nortnanniae
755 191 1001 230 qualitercumque
1021 191 1221 229 pertinentium
1241 189 1298 221 five

237 229 439 268 spectantium,
450 230 618 260 -Habendum
630 229 768 267 quamdiu
782 231 864 260 nobis
878 230 1029 267 placuerit,

276 268 465 307 Percipiendo
481 269 517 298 de
529 268 656 298 Exitibus
670 268 703 298 &
720 267 858 299 Proficuis
872 268 1088 307 Temporaliurn
1097 266 1301 305 praedietorum

237 315 346 338 tantum
356 330 365 345 ,
383 316 519 345 quantum
536 317 588 344 pro
604 306 760 336 rationabili
773 306 980 338 Sustentatione
990 307 1033 337 sua
1047 305 1300 336 neceffariumfue-

237 347 272 376 rit
286 347 320 377 &
334 354 528 382 oportunum,
547 345 587 374 Ita
600 345 708 384 semper
723 345 804 383 quod
817 346 853 375 de
873 345 1087 383 Superplusagio
1108 344 1242 374 Exituum
1266 345 1300 375 &

238 383 439 414 Proficuorum
454 383 674 422 praediStorum,
693 383 763 414 ultra
777 383 1017 415 Sustentationem
1030 384 1104 413 suam
1119 383 1301 421 praediCtam,

237 422 321 451 nobis
336 444 346 458 ,
363 421 398 451 ad
418 421 571 452 Cameram
590 421 714 452 nostram
733 421 952 460 Compotorum
969 444 979 459 ,
995 421 1105 460 singulis
1124 421 1213 451 Annis
1229 442 1239 458 ,
1257 430 1302 450 re-

239 459 406 528 septaondeatur
420 460 554 499 quamdiu
565 460 650 490 iidem
664 460 801 499 Religiosi
823 460 993 491 Custodiam
1013 460 1160 490 imbuerint
1179 458 1302 497 supradi-

288 507 327 527 m.

275 535 311 566 In
323 537 400 575 cujus
409 560 418 576 ,
437 537 497 568 &c.

243 574 367 642 ATi‘i'ste
380 575 463 615 Rege
477 575 551 615 apud
566 579 716 607 Civitatem
731 578 808 614 Regis
822 575 855 606 de
867 577 976 605 Baieux
997 573 1114 605 decimo
1134 580 1235 612 quarto
1255 572 1301 603 die

292 623 304 642 r
324 624 355 644 is.

271 622 291 650 p
932 653 985 681 Per
997 649 1080 690 ipJImz
1093 653 1194 689 Regem.

461 783 509 814 De
531 778 671 822 Custodia
688 781 911 827 Temporalium
930 779 1089 825 commiffa.

245 867 364 924 REX
382 866 537 904 omnibus,
553 865 587 896 ad
602 875 688 904 quOS,
708 867 769 898 &c-
790 865 924 897 Salutem.

344 906 441 936 Sciatis
456 906 535 942 quod
544 927 553 941 ,
1268 941 1272 945 Ι

280 943 331 975 De
345 943 446 974 Gratia
458 942 555 973 nostra
570 942 696 980 speciali,
714 943 747 972 &
763 949 794 972 ut
807 941 951 972 Divinum
964 939 1117 971 Servitium
1131 950 1163 971 ac
1175 940 1225 971 alia
1240 939 1305 970 Pie-

243 984 305 1013 tatis
327 982 439 1020 Opera,
457 991 520 1020 quae
542 983 570 1011 in
590 980 718 1010 Abbatia
740 980 826 1010 beatae
843 982 946 1009 Mariae
959 979 991 1008 de
1008 978 1201 1017 Montmorell,
1217 978 1304 1009 Ordi-

241 1021 283 1050 nis
305 1020 401 1051 Sansti
423 1019 574 1059 Augustini
592 1042 601 1057 ,
619 1019 797 1049 Abrincensis
817 1017 959 1048 Dioecelis
973 1042 982 1055 ,
1000 1017 1060 1047 fieri
1081 1018 1200 1048 debeant
1217 1041 1226 1056 ,
1243 1017 1303 1055 plus

241 1059 323 1090 solito
337 1059 553 1095 accrescant,&
570 1057 677 1088 ibidem
693 1057 852 1088 laudabilius
866 1058 1137 1088 manuteneantur&
1154 1056 1304 1087 sustinean-

243 1105 288 1128 tur

279 1121 456 1175 c30mmifimus
470 1134 602 1174 Religiofis
618 1137 693 1163 Viris
701 1133 834 1164 Abbatiae
863 1134 981 1164 raedic‘lae
990 1132 1161 1164 Custodiam
1168 1135 1301 1164 omnium

239 1173 458 1213 Temporalium
469 1197 478 1212 ,
493 1175 586 1204 eidem
603 1173 750 1210 Abbatiae,
767 1173 836 1203 infra
886 1182 997 1203 ucatum
1012 1172 1141 1203 nostrum
1153 1173 1304 1202 Nornian-

239 1214 294 1244 niae
309 1238 318 1252 ,
343 1214 585 1251 qualitercumque
606 1213 806 1249 pertinentium
830 1211 886 1242 five
906 1212 1092 1250 speeiantium
1106 1235 1116 1249 ,
1138 1211 1301 1241 Habendum

241 1252 378 1291 quamdiu
394 1253 478 1281 nobis
493 1250 641 1289 placuerit,
985 1251 997 1262 “

279 1290 468 1328 Percipiendo
482 1289 518 1319 de
532 1289 659 1320 Exitibus
673 1289 705 1319 &
714 1287 1078 1327 ProficuisTemporalium
1094 1287 1300 1326 pnedie‘iorum

238 1335 514 1367 tantum,quantum
527 1338 580 1366 pro
595 1328 748 1358 rationabili
762 1327 971 1358 Sustentatione
985 1326 1028 1357 sua
1040 1327 1226 1358 neceffiirium
1241 1327 1301 1356 fue-

239 1369 275 1397 rit
291 1369 323 1398 &
338 1376 531 1405 oportunum,
551 1365 591 1397 [ta
606 1367 715 1404 semper
730 1366 808 1404 quod
824 1366 860 1396 de
878 1365 1093 1404 Superplusagio
1115 1365 1249 1396 Exituum
1266 1366 1299 1396 &

241 1404 444 1436 Proficuorum
460 1405 663 1443 praedictorum
673 1429 682 1442 ,
702 1405 770 1435 ultra
780 1404 1016 1435 Sustentationem
1032 1403 1106 1434 suarn
1122 1403 1300 1442 praedictam,

238 1443 338 1474 Nobis
388 1444 422 1475 ad
443 1443 597 1475 Cameram
628 1444 750 1473 nostram
777 1442 993 1479 Compotorum
1008 1465 1017 1480 ,
1043 1443 1157 1480 singulis
1187 1443 1276 1473 Annis
1292 1466 1302 1480 ,

238 1467 436 1552 zegond’eatur
450 1482 584 1521 quamdiu
597 1481 685 1512 iidem
700 1481 836 1520 Religion
854 1480 1024 1513 Custodiam
1039 1481 1185 1512 habuerint
1208 1481 1302 1520 supra-

264 1532 272 1551 ι
304 1531 359 1552 am.

278 1559 312 1590 In
333 1561 427 1599 cujus,
445 1560 505 1590 ὅτε.

242 1636 269 1668 Α
278 1598 369 1666 Tleste
384 1599 466 1638 Rege
480 1596 554 1635 apud
567 1600 715 1627 Civitatem
727 1600 804 1636 Regis
819 1597 851 1627 de
865 1600 972 1628 Baieux
993 1597 1109 1628 decimo
1133 1605 1233 1636 quarto
1256 1597 1303 1627 die

291 1647 313 1667 ri
323 1647 355 1667 is.

271 1647 290 1675 p
934 1676 988 1704 Per
1000 1673 1082 1714 ipſsem
1096 1677 1198 1712 Regem.

292 1802 320 1829 ἐξ
354 1805 402 1837 De
429 1803 619 1849 Restitutione
644 1799 867 1851 Temporalium
896 1807 989 1838 Beate
1011 1805 1123 1837 Μανία
1149 1801 1186 1835 de
1214 1802 1246 1835 la

721 1856 823 1886 (lame.

244 1938 546 2015 ΚΕὶδζςὲῗπὲξέἓ,
565 1939 599 1969 ad
614 1948 703 1977 quoa,
722 1939 782 1971 &e
802 1937 937 1970 Salutem.

278 2016 328 2047 De
342 2003 440 2047 Gratia
456 2001 554 2046 nostra’
565 2015 692 2054 speciali,
709 2017 743 2046 δε
758 2024 787 2046 ut
801 2014 931 2046 divinum
948 2015 1103 2047 Servitium
1117 2024 1149 2046 ac
1164 2014 1215 2045 alia
1237 2013 1304 2045 Pie-

208 2061 211 2063 ·
239 2055 299 2084 tatis
312 2054 425 2092 Opera,
442 2064 507 2092 quae
523 2056 552 2084 in
568 2057 696 2085 Prioratu
710 2054 796 2084 beatae
812 2058 915 2084 Mariae
929 2054 962 2083 de
975 2053 1004 2083 la
1018 2057 1116 2092 Came,
1133 2056 1160 2083 in
1176 2053 1304 2084 Dioecefi

240 2092 276 2122 de
298 2092 418 2131 Baieux,
435 2093 492 2123 fieri
518 2093 656 2132 debeant,
672 2094 732 2131 plus
753 2093 832 2124 solito
847 2094 1022 2132 accrescant,
1042 2094 1075 2124 &
1089 2093 1197 2124 ibidem
1211 2092 1305 2123 lauda-

239 2131 322 2161 bilius
338 2140 570 2162 nianuteneantur
584 2134 617 2163 &
633 2133 828 2169 sustineantur,

279 2169 498 2209 Conceisiinus,
517 2170 629 2201 dilect-„12
651 2170 750 2200 Nobis
770 2172 800 2200 in
823 2170 960 2209 Christo,
980 2173 1124 2200 Maturine
1141 2169 1304 2208 Pillichone,

238 2207 382 2240 Prioriffie
404 2207 549 2239 Priorati'is
567 2209 694 2247 prcediffi
717 2210 817 2240 omnia
831 2209 1036 2248 Temporalia,
1052 2209 1146 2239 eidem
1165 2209 1303 2240 Prioratui

239 2247 311 2278 infra
328 2247 474 2278 Ducatum
489 2247 617 2278 nostrum
641 2247 851 2286 Normanniae,
871 2248 1116 2287 qualitercumque
1138 2249 1304 2288 pertinentia

239 2285 298 2318 five
315 2285 479 2324 speeiantia,

277 2323 310 2354 H
321 2334 340 2355 A
351 2335 368 2355 B
380 2334 396 2354 Ε
407 2334 429 2355 N
441 2335 461 2355 D
471 2335 490 2355 A
499 2349 508 2362 ,
527 2326 556 2355 in
571 2324 809 2356 Sustentationern
826 2324 930 2355 Divini
947 2325 1058 2356 Servitii
1073 2324 1178 2355 ibidem
1187 2350 1195 2363 ,
1215 2336 1247 2356 ac
1270 2325 1303 2355 ad

241 2361 427 2394 Exoranduni
441 2364 591 2400 specialiter
604 2374 657 2401 pro
673 2364 753 2393 bono
768 2363 845 2394 Statu
869 2363 968 2393 nostro
990 2364 1060 2394 dum
1077 2365 1250 2403 vixerimus,
1270 2365 1303 2395 &

242 2411 296 2437 pro
315 2402 418 2431 Anima
435 2402 530 2432 nostra
545 2403 614 2432 cum
631 2403 666 2431 ab
684 2403 736 2432 hac
757 2401 822 2432 luce
843 2403 1078 2440 migraverimus,
1094 2413 1126 2433 ac
1148 2404 1305 2434 Animabus

243 2438 464 2478 Progenitorum
492 2441 524 2471 ὃ(
550 2440 750 2471 Successorum
777 2440 939 2470 nostrornm
954 2464 963 2478 ,
997 2443 1028 2472 ὃ(
1063 2443 1196 2471 omnium
1225 2441 1305 2472 Fide-

245 2476 314 2506 lium
334 2477 570 2518 DefunCtorum,
587 2489 702 2509 necnon
718 2478 753 2508 ad
771 2481 869 2509 omnia
890 2479 989 2509 Onera
1008 2481 1040 2509 ὅ(
1060 2479 1174 2510 Pietatis
1192 2478 1304 2520 Opera,

244 2515 313 2583 ἱὰιίϋί
330 2514 388 2546 fieri
407 2516 538 2548 consueta
552 2540 561 2555 ,
592 2517 754 2548 faciendum
771 2517 804 2547 &
822 2517 1031 2548 sustentandum
1047 2541 1057 2555 ,
1080 2518 1116 2548 de
1138 2518 1231 2549 Dono
1250 2529 1306 2550 no-

272 2563 312 2583 ro.

281 2590 381 2662 J{jesisi}J
387 2593 556 2670 uRsegssspud
573 2635 721 2662 Civitatem
734 2634 810 2670 Regis
824 2632 857 2662 de
870 2635 977 2662 Baieux
992 2641 1038 2662 xv.
1052 2630 1098 2662 die
1115 2632 1226 2672 Aprilis.

930 2710 983 2738 Per
993 2707 1074 2747 ipfitm
1090 2711 1193 2747 Regem.

355 2850 438 2894 Papa
453 2847 496 2880 ad
513 2850 629 2881 Ducem
649 2849 801 2881 Clarentiae
817 2849 906 2894 fitper
925 2850 1073 2881 ‘Hastam
1091 2852 1190 2882 Pacis.

251 2931 449 2992 MArtinur
470 2932 608 2972 Episcopus
626 2957 635 2971 ,
658 2933 760 2964 Servus
781 2933 938 2964 Servorum
962 2933 1044 2972 Dei,
1071 2933 1189 2964 Dileeto
1213 2935 1286 2965 Filio
1299 2959 1309 2972 ,

344 2971 446 3002 Nobili
461 2972 550 3009 Viro,
571 2972 676 3002 Thomae
701 2976 770 3002 Daci
784 2973 945 3010 Clarenciae,
961 2974 1011 3011 &,
1030 2972 1112 3002 clarze
1138 2972 1310 3011 Memoriae,

250 3013 368 3040 Henrico
384 3013 460 3047 Regis
474 3009 586 3047 Angliae
601 3010 715 3041 illustris
731 3011 866 3042 Secundo
883 3011 1009 3050 Genito,
1028 3012 1152 3042 Salutem
1176 3012 1209 3042 δε
1231 3012 1310 3049 Apo-

251 3049 379 3080 stolicirn
396 3048 638 3078 Benedic'tionem.

285 3087 320 3118 Et
335 3087 353 3117 si
369 3087 405 3117 de
419 3086 584 3117 Concordia
600 3096 681 3121 atque
693 3086 768 3118 Pace
782 3090 914 3118 omnium
928 3088 1036 3118 Christi
1046 3087 1200 3128 Fideliurn,
1218 3099 1251 3119 ex
1268 3089 1312 3118 in-

243 3126 348 3163 junEto
366 3125 464 3155 Nobis
479 3125 514 3156 de
530 3125 608 3163 super
626 3125 725 3155 Onere
740 3125 891 3156 Ministerii
907 3125 1071 3164 pastoralis,
1090 3126 1188 3157 Nobis
1206 3128 1309 3166 jugiter

247 3172 331 3202 atque
346 3164 489 3194 salubriter
505 3165 631 3200 cogitare
647 3166 816 3202 conveniat,
834 3164 869 3194 de
883 3164 958 3195 Pace
975 3174 1068 3195 tamen
1092 3166 1125 3195 &
1149 3166 1312 3204 Tranquili-

249 3209 303 3232 tate
325 3203 490 3232 inclitorum
513 3201 723 3231 Dominiorum
748 3212 774 3233 at
798 3212 832 3232 ue
852 3203 1021 3242 Regnorum
1045 3203 1173 3233 Franciae
1195 3206 1227 3236 &
1250 3205 1311 3234 An-

248 3240 333 3278 gliae,
350 3241 382 3270 ὃς
397 3249 426 3270 ut
445 3241 534 3277 inter,
553 3239 717 3270 Carissimos
732 3242 760 3270 in
775 3213 895 3271 {bristo
912 3242 997 3271 Filios
1011 3241 1141 3278 nostros,
1161 3242 1309 3279 Karolum,

249 3281 371 3308 Franciae
385 3300 394 3315 ,
411 3279 444 3309 ὃς
464 3280 610 3308 Henricum
625 3302 634 3315 ,
652 3278 765 3315 Angliae
787 3278 880 3318 Reges
901 3279 1014 3310 illustres
1030 3302 1039 3317 ,
1057 3289 1173 3310 necnon
1195 3280 1312 3318 Duces,

249 3316 415 3353 Principes,
434 3316 466 3346 ὅ(
483 3316 647 3354 Dominos,
668 3316 889 3354 Universitates,
908 3319 941 3348 &
958 3319 1080 3355 reliquos
1097 3317 1266 3348 Diffidentes
1283 3320 1312 3348 in

251 3354 362 3393 Regnis
376 3354 455 3391 ipsis,
475 3356 565 3393 vigeat
580 3355 767 3385 indissolubile
791 3356 946 3386 Vinculum
967 3355 1143 3386 Concordiae
1157 3366 1242 3394 atque
1258 3356 1312 3387 Pa-

250 3394 307 3430 cis,
325 3395 363 3422 eo
386 3402 515 3422 tenemur
538 3393 759 3431 vigilantioribus
780 3393 883 3424 Studiis
902 3395 1042 3431 insudare,
1061 3394 1134 3431 Quo
1148 3404 1182 3424 ex
1197 3395 1311 3425 illorum

253 3430 412 3462 Discordiis
426 3439 509 3468 atque
524 3430 643 3461 Guerris
661 3434 740 3470 (quas
760 3431 843 3462 Pater
862 3432 908 3462 ille
927 3432 1145 3472 Malignantium
1168 3434 1313 3464 seminavit

251 3471 287 3502 &
308 3469 439 3507 produxit
462 3471 491 3498 in
513 3468 637 3506 Lucem)
662 3471 767 3508 majora
789 3470 919 3508 possunt,
935 3480 995 3500 non
1019 3470 1110 3501 solum
1125 3471 1248 3501 Subditis
1261 3482 1312 3502 eo-

253 3507 401 3545 rumdem,
420 3516 478 3537 tam
501 3506 670 3538 Animarum
691 3509 777 3546 quam
801 3508 969 3546 Corporum
985 3533 994 3547 ,
1014 3509 1059 3539 sed
1086 3512 1183 3539 exteris
1203 3510 1313 3549 dispen—

252 3547 300 3615 cssa
312 3546 470 3591 ‚provenire
484 3568 494 3584 ,
509 3546 593 3575 etiam
612 3555 711 3577 contra
729 3547 837 3577 Statum
856 3547 984 3577 nostrum
1002 3549 1035 3579 δε
1052 3547 1186 3578 Ecclesiae
1202 3548 1313 3579 SanCtae

294 3595 328 3615 ei.

292 3622 446 3661 Cupientes
460 3622 544 3659 igitur
559 3621 814 3654 Calamitatibus&
829 3622 1021 3661 Pressuris,ex
1036 3623 1162 3654 Diffidiis
1177 3624 1313 3656 &Guer-

256 3663 291 3691 ris
302 3661 463 3701 hujusmodi
479 3661 724 3698 provenientibus,
742 3662 774 3691 &
791 3662 874 3690 etiarn
891 3663 1082 3700 proventuris,
1101 3672 1237 3700 quantum
1245 3673 1313 3693 cum

257 3699 327 3730 Deo
342 3699 502 3737 possumus,
521 3699 653 3729 obviare:
674 3700 705 3729 ὃς
724 3707 754 3728 ut
774 3701 868 3728 omnis
893 3698 1106 3730 Discordiarum
1125 3701 1315 3732 Guerrarum-

257 3748 315 3775 que
325 3738 500 3776 praefatarum
518 3737 637 3767 Materia
650 3738 678 3766 in
693 3736 772 3766 Pacis
796 3737 997 3773 plenitudinem
1022 3748 1236 3777 commutetur·⁷
1255 3739 1315 3769 Ve-

258 3777 410 3808 nerabilem
430 3776 573 3812 Fratrem,
588 3775 747 3813 Jordanum
767 3774 921 3814 Epifiopum
941 3775 1124 3816 Albanensem
1138 3801 1146 3816 ,
1166 3778 1217 3814 δε,
1234 3777 1316 3808 Dile-

257 3813 339 3844 &um
362 3814 483 3852 Filium,
498 3813 678 3844 Guillielmum
701 3812 786 3843 Tituli
805 3814 898 3842 SanHi
920 3816 1011 3842 Marci
1031 3816 1228 3855 Presbyterum,
1247 3816 1317 3846 San-

259 3851 316 3880 &ae
337 3852 479 3882 Romante
502 3852 635 3882 Ecclesia:
656 3850 836 3889 Cardinales,
852 3850 964 3881 nostros
985 3853 1017 3882 &
1041 3854 1214 3890 Apostolicae
1236 3854 1316 3884 Sedis

261 3888 382 3926 Legatos
394 3900 426 3920 ac
444 3890 598 3928 Nuncios,
615 3899 760 3927 tamquam
775 3889 856 3920 Pacis
871 3889 1001 3925 Angelos
1011 3890 1059 3928 ,ad
1074 3891 1172 3925 Reges
1185 3903 1218 3923 ac
1233 3892 1316 3928 Reg-

259 3935 295 3955 na
310 3928 380 3964 ipsa,
398 3938 529 3965 necnon,
548 3928 679 3959 Dileeios
696 3929 800 3963 Filios,
816 3927 941 3957 Nobiles
957 3928 1059 3965 Viros,
1078 3929 1316 3967 JohannemBur-

254 3965 379 4007 gundife,
397 3966 572 4003 reliquosque
597 3966 695 3998 Duces
717 3968 751 3999 δε
776 3965 927 3997 Dominos
947 3965 1120 4005 Regnorum
1140 3968 1316 4008 hujusmodi,

265 4003 438 4040 providimus
451 4003 638 4035 destinandos.

669 102 1469 153 CONVENTIONES,

1538 101 1922 157 LITERAE,

1376 189 1414 221 Et
1680 206 1681 209 κ
2419 189 2497 222 Arm.
2505 191 2547 223 D.

1378 213 1611 266 Co'nfiderantes,
1627 230 1787 261 interventu
1803 236 1858 259 tuae
1872 228 2052 268 Nobilitate,
2067 230 2142 261 circa
2157 228 2403 261 Consecutionem
2446 230 2531 269 1418.

1342 265 1724 334 ξὶῖςέῖὶζυυωάρῐκῐαῑοῐωῃ,
1740 277 1775 299 ex
1788 268 1920 299 universis
1933 268 2137 307 Respeetibus,
2152 270 2316 300 saluberima
2330 279 2405 307 prae-
2421 272 2486 298 Hm.
2503 277 2533 304 5.

1366 315 1405 335 eri
1449 315 1513 335 erne
1534 315 1572 342 ia,

1382 343 1511 374 Eandem
1526 351 1603 372 tuam
1618 344 1798 374 Nobilitatem
1816 346 1908 383 (cujus
1922 345 2050 383 interest,
2070 355 2122 383 pro
2143 345 2236 378 Salute
2253 347 2285 378 &
2306 346 2403 377 Tran-

1343 381 1495 420 quillitate,
1515 381 1587 425 statu
1608 383 1641 412 &
1661 381 1764 413 Gloria
1784 383 1916 423 Regum,
1932 384 2121 423 Regnorum,
2138 385 2172 416 δε
2192 385 2310 416 aliorum
2325 385 2402 416 diffi-

1343 421 1470 450 dentium
1485 422 1513 449 in
1527 419 1588 457 ipsis
1600 419 1728 459 Regnis,
1746 423 1888 458 oportune
1907 432 1939 453 ac
1962 424 2048 454 etiam
2070 423 2234 460 importune
2256 423 2403 460 vigilanter

1342 457 1478 492 insistere)
1492 459 1611 495 paternis
1626 457 1789 489 Affeetibus
1804 462 1970 499 requirimus
1991 462 2024 493 ὃς
2044 460 2190 492 hortamur
2211 462 2241 491 in
2257 461 2403 501 Domino,

1344 497 1472 534 quatinus
1487 497 1562 526 circa
1574 495 1810 528 Prosecutionem
1824 499 1857 529 &
1871 498 2018 530 Effee‘mm
2033 509 2090 530 tam
2106 499 2290 531 desiderabilis
2313 500 2402 539 Boni,

1343 544 1404 572 quo
1425 534 1534 565 nullum
1558 533 1642 573 poffit
1665 535 1695 565 in
1715 534 1768 566 hac
1789 535 1882 576 fugaci
1896 536 1962 569 Vita
1983 538 2186 569 desiderabilius
2200 540 2340 576 exoptati,
2355 547 2403 570 aut

1344 573 1489 610 pretiofius
1511 572 1695 610 concupisci,
1710 573 1829 612 praefatis
1850 574 2045 607 Cardinalibus
2061 602 2070 616 ,
2095 578 2178 608 etiam
2200 587 2251 615 per
2271 576 2339 615 Te,
2355 586 2403 608 aut

1345 611 1502 650 solempnes
1518 611 1654 642 Nuncios
1667 611 1794 642 celeriter
1807 613 2049 654 transmittendos,
2066 615 2140 654 apud
2155 615 2301 653 praefatum
2309 618 2405 653 Regem

1344 650 1457 688 Angliae
1474 674 1483 689 ,
1502 651 1534 682 &
1558 649 1680 688 reliquos
1696 672 1706 688 ,
1723 649 1760 680 de
1783 652 1883 688 quibus
1904 652 1997 683 eidem
2017 660 2071 684 tuae
2091 653 2242 684 Nobilitati
2263 654 2403 685 videbitur

1341 698 1475 727 oportere
1483 712 1492 727 ,
1511 688 1700 719 Affistentiam
1711 688 1855 718 salutarem
1868 689 1967 721 Modis
1979 693 2112 723 omnibus
2122 693 2272 731 exhibere,

1380 727 1426 758 Ut
1448 728 1568 758 Fructus
1586 728 1737 766 Treugae.,
1755 727 1931 758 Concordiae
1978 728 2025 759 seu
2046 729 2128 761 Pacis
2144 730 2327 770 hujusmodi,
2348 734 2411 761 tuae‘

1345 765 1509 796 Nobilitatis
1523 765 1602 804 Cura
1615 766 1741 804 pervigili
1755 774 1919 805 peragente,
1934 751 2017 806 Rege
2030 767 2058 797 R
2097 778 2145 799 um
2159 769 2280 806 pacifico
2292 779 2402 801 conce-

1345 804 1448 842 dente,
1464 805 1604 843 exoptati,
1622 814 1681 834 non
1696 805 1789 835 soliim
1806 805 1954 843 Regibus,
1965 814 2051 843 atque
2095 815 2182 844 egum
2192 807 2402 847 Subditis,Ad-

1345 842 1532 880 haerentibus,
1550 853 1635 881 atque
1649 842 1840 882 Sequacibus,
1858 843 1982 874 salutares
1995 853 2156 883 emergant,
2173 845 2218 875 sed
2229 846 2285 876 aliis
2295 846 2401 877 deiide-

1345 881 1458 924 rabiles,
1475 890 1505 912 ut
1516 882 1546 912 in
1563 881 1714 912 Desideriis
1729 880 1835 912 Cordis
1850 881 1939 912 nostri
1958 883 2096 922 gerimus;
2115 883 2149 914 δε
2169 882 2187 902 *
2204 884 2249 920 spe
2271 885 2352 916 iimul
2373 893 2403 916 ut
2419 874 2438 895 *ἶ
2460 876 2513 906 lx·

1344 920 1446 950 exinde
1460 921 1532 959 apud
1542 920 1714 950 Altissimum
1730 921 1790 959 (qui
1804 922 1832 951 in
1846 919 1925 951 Pacis
1939 921 2127 958 pulcritudine
2138 921 2302 958 delectatur)
2318 923 2404 954 valeat
2419 924 2485 951 577·

1343 957 1441 988 eadem
1456 965 1505 988 tua
1519 957 1658 988 Nobilitas
1667 959 1753 996 ,ultra
1766 959 1893 990 nostram
1908 960 1941 991 &
1957 959 2134 997 Apostolicae
2142 959 2218 991 Sedis
2227 959 2407 992 Benedistio-

1343 1005 1411 1027 nem
1427 997 1460 1026 &
1475 997 1621 1034 Gratiam,
1639 997 1814 1034 sempiternae
1829 997 1903 1028 Vitae
1917 997 2041 1029 Munera
2054 1000 2218 1036 promereri.

1380 1033 1471 1071 Super
1492 1036 1593 1073 quibus
1609 1035 1712 1065 eisdem
1734 1033 1930 1067 Cardinalibus
1942 1061 1952 1075 ,
1969 1037 2016 1069 vel
2035 1046 2138 1068 eorum
2157 1037 2252 1077 alteri,
2270 1037 2403 1070 adhibere

1343 1073 1450 1110 placeat
1465 1073 1628 1104 Credentiae
1643 1074 1794 1111 plenariam
1807 1074 1917 1104 Fidem.
2375 1097 2378 1100 .

1381 1111 1448 1142 Dat.
1471 1111 1633 1152 Constanciae
1652 1121 1699 1143 xv.
1719 1111 1766 1144 die
1785 1112 1890 1150 Aprilis
1910 1112 2095 1145 Pontificatcis
2120 1113 2209 1145 nostri
2229 1113 2318 1145 Anno
2338 1113 2401 1146 Pri-

1344 1160 1405 1181 mo.

1632 1278 1691 1309 Pro
1712 1272 1860 1310 Nicholao
1874 1274 1911 1308 de
1932 1276 2122 1323 Clemangiis.

1344 1360 1542 1422 MArtinm·
1552 1361 1706 1401 Eprstopus,
1723 1361 1825 1392 Servus
1839 1360 1996 1392 Servorum
2017 1361 2091 1400 Dei,
2106 1361 2246 1394 cariffimo
2264 1363 2294 1393 in
2313 1362 2401 1393 Chri-
2417 1373 2484 1404 Arm
2507 1374 2540 1405 D

1440 1399 1484 1429 sto
1497 1399 1588 1437 Filio,
1607 1402 1740 1438 Henrr‘co,
1757 1403 1821 1439 Regi
1835 1399 1948 1438 Angliae
1963 1400 2082 1439 illustri,
2098 1400 2412 1441 Salutem&Aposto-·
2446 1423 2457 1443 Ι
2462 1398 2552 1454 4'13·'

1342 1438 1428 1468 lic-ani
1443 1438 1686 1469 Benedictionem.
2406 1456 2456 1480 ,Aa
2485 1455 2502 1480 6

1380 1476 1463 1507 Tuus
1484 1478 1518 1507 ad
1541 1476 1608 1508 Nos
1630 1478 1663 1507 ὃς
1685 1477 1850 1508 Romanam
1871 1477 2027 1509 Ecclesiam
2046 1478 2124 1509 zelus
2144 1478 2317 1511 fideliffimus
2334 1488 2402 1517 pro·
2417 1495 2445 1518 H
2462 1474 2515 1518 ’,μ’

1342 1515 1511 1553 penliorque
1534 1515 1664 1546 Affectus
1686 1515 1818 1546 fiduciam
1842 1515 1938 1547 Nobis
1959 1518 2092 1557 ingerunt
2109 1517 2325 1556 ampliffitnam,
2343 1518 2371 1548 id
2387 1528 2402 1549 a
2420 1514 2460 1557 13,c
2482 1529 2550 1558 Bibl.

1344 1564 1390 1585 tua
1414 1553 1505 1595 Regia
1524 1556 1678 1585 Serenitate
1698 1554 1797 1585 leniter
1819 1554 1980 1593 assequendi
2002 1556 2098 1594 quod,
2117 1566 2233 1594 aequum
2254 1566 2287 1587 ac
2302 1557 2403 1587 rationi
2419 1572 2465 1596 Cot
2485 1570 2531 1595 Ti-

1344 1594 1565 1623 conlentaneum
1581 1616 1590 1631 ,
1619 1593 1654 1622 ab
1675 1593 1718 1623 illa
1740 1594 1940 1631 requirendum
1967 1594 2025 1624 esse
2043 1596 2226 1625 duxerimus:
2257 1605 2350 1633 neque
2371 1605 2404 1627 e-
2417 1608 2499 1634 berius

1346 1632 1406 1661 nini
1419 1641 1434 1660 a
1447 1631 1494 1660 Te
1509 1641 1555 1662 aut
1568 1633 1668 1669 quovis
1683 1631 1769 1662 altero
1783 1631 1854 1662 aliud
1870 1633 2015 1670 quippiam
2032 1633 2166 1664 vellemus
2181 1634 2298 1672 exigere.
2421 1650 2450 1674 B.
2469 1645 2549 1683 αἷσι.

1383 1669 1464 1700 Cum
1480 1671 1575 1708 igitur,
1594 1669 1710 1700 dileetus
1723 1669 1824 1708 Filius,
1843 1670 2004 1701 Nicholaus
2026 1671 2063 1702 de
2081 1671 2203 1702 Cleman
2225 1674 2270 1710 iis,
2286 1671 2407 1704 Bacalla—
2423 1686 2469 1712 62.
2488 1688 2526 1715 Α·

1345 1709 1400 1738 rius
1416 1709 1443 1738 in
1457 1708 1623 1745 Theologia
1638 1708 1672 1738 &
1684 1708 1851 1739 Secretarius
1862 1709 1973 1746 noster,
1992 1708 2157 1740 Cantoriam
2171 1720 2204 1741 ac
2244 1711 2407 1742 raebendam
2519 1718 2526 1721 “

1350 1747 1486 1777 Ecclesiae
1518 1746 1674 1781 Baiocenlis
1707 1746 1843 1784 poffideat
1859 1769 1868 1785 ,
1893 1747 1927 1778 &
1957 1749 2018 1784 jam
2055 1748 2163 1778 dudum
2193 1748 2312 1786 pacifico
2335 1749 2406 1788 Jure

1345 1785 1489 1823 poisiderit
1502 1807 1512 1823 ,
1544 1781 1718 1823 Frutstusque
1743 1785 1868 1822 ejusdem
1891 1785 2022 1816 Beneficii
2035 1810 2044 1824 ,
2075 1796 2090 1816 a
2120 1786 2270 1824 Tempore
2293 1788 2403 1826 adeptae

1348 1824 1528 1869 Poiicssionis
1540 1846 1551 1862 ,
1580 1824 1668 1854 libere
1687 1822 1822 1855 haetenus
1842 1824 1876 1856 &
1901 1824 2004 1863 absque
2024 1824 2078 1855 ulla
2099 1825 2291 1856 controversia
2310 1835 2408 1865 percef

1370 1873 1435 1894 erit:

1347 1875 1367 1904 p
1383 1901 1476 1932 Nunc
1496 1910 1590 1932 autem
1605 1924 1614 1939 ,
1632 1909 1791 1932 memorata
1812 1901 1922 1932 Civitas
1944 1902 1972 1932 in
1994 1910 2072 1932 tuam
2093 1901 2200 1933 dicatur
2218 1901 2276 1934 effe
2296 1902 2409 1935 reda&

1345 1939 1539 1978 Pooestaoem,
1557 1949 1669 1979 tuaeque
1684 1940 1807 1978 subjecta
1821 1939 1952 1977 Ditioni,
1972 1949 2050 1970 tuam
2069 1940 2249 1972 Cariffimam
2270 1942 2299 1971 in
2319 1941 2407 1973 Chri-

1346 1979 1392 2010 sto
1409 1979 1616 2010 Sublimitatem
1630 1980 1769 2010 attentiori
1783 1987 1916 2016 rogamus
1933 1978 2068 2017 Affectu,
2085 1981 2214 2017 quatinus
2233 1979 2327 2010 eidem
2353 1991 2410 2011 no-

1346 2018 1405 2048 stro
1426 2018 1599 2055 Secretario,
1620 2019 1648 2047 in
1674 2017 1775 2048 Literis
1791 2026 1824 2048 ae
1846 2015 2016 2056 Eloquentia
2033 2027 2093 2048 non
2108 2017 2289 2050 mediocriter
2303 2018 2352 2049 hic
2373 2019 2407 2052 ὃς

1345 2057 1411 2088 alibi
1427 2056 1650 2095 commendato,

1383 2095 1445 2133 Qui
1467 2106 1520 2133 pro
1540 2094 1615 2126 Pace
1633 2105 1665 2125 ac
1680 2093 1801 2126 Unitate
1816 2095 1929 2126 Sanetae
1945 2093 2091 2126 Romanae
2105 2095 2241 2127 Ecclesiae
2251 2119 2261 2134 ,
2277 2105 2410 2135 tempore

1345 2136 1456 2165 termini
1469 2134 1625 2171 Scismatss,
1643 2144 1732 2172 nuper
1745 2133 1856 2165 coelesti
1872 2133 2050 2166 miseratione
2061 2135 2179 2173 aboliti,
2195 2136 2410 2168 abundanter&

1344 2172 1488 2204 frustuose
1497 2174 1649 2212 laboravit,

1384 2212 1484 2249 Quem
1499 2222 1650 2250 praeterea,
1669 2220 1784 2250 propter
1798 2211 1916 2242 Famam
1931 2212 1969 2242 sui
1988 2211 2148 2251 Nominis,
2162 2211 2198 2243 ad
2221 2212 2352 2244 nostrum
2371 2213 2407 2245 &

1345 2250 1479 2281 Ecclesiae
1492 2251 1645 2282 Servitium
1660 2251 1743 2281 nobis
1758 2250 1893 2281 accersite
1907 2251 2027 2290 placuit,

1382 2289 1508 2320 Nullum
1531 2291 1690 2327 permittas,
1710 2299 1758 2328 per
1781 2289 1968 2328 quoscunque
1988 2299 2051 2321 tuos
2075 2288 2257 2328 officiarios,
2276 2298 2323 2322 aut
2341 2289 2411 2322 alios

1346 2328 1486 2367 quossibet
1508 2329 1559 2359 tibi
1581 2328 1739 2368 subjeCios,
1753 2329 1782 2358 in
1802 2331 1985 2366 perceptione
2007 2327 2204 2359 Proventu-uni
2218 2337 2302 2367 atque
2315 2328 2410 2359 Emo-

1347 2368 1542 2398 lumentorum
1557 2365 1596 2397 sui
1613 2367 1811 2405 praenominati
1828 2366 1979 2406 Beneficii,
1998 2377 2056 2399 tam
2071 2367 2344 2406 debitorum,quam
2359 2366 2410 2398 de-

1348 2406 1526 2444 bendorum,
1545 2404 1787 2444 Impedimentum
1803 2405 1913 2436 afferri:

1384 2444 1440 2480 Et,
1458 2444 1476 2475 si
1494 2443 1574 2483 quod
1587 2444 1656 2475 esset
1671 2445 1723 2476 sibi
1737 2443 1873 2483 fortaffis,
1889 2455 1939 2483 per
1954 2443 2164 2483 Ignorantiam,
2183 2453 2229 2475 aut
2249 2443 2314 2474 alias
2336 2453 2410 2481 quo-

1346 2483 1524 2522 modolibet,
1543 2483 1720 2521 appositum,
1739 2483 1766 2513 id
1781 2493 1831 2515 tuo
1839 2481 1940 2523 Regali
1951 2482 2079 2522 Imperio
2110 2483 2200 2513 rorsus
2214 2483 2312 2513 auserri
2326 2491 2411 2520 atque

1345 2522 1450 2552 aboleri
1472 2523 1637 2560 praecipias·,
1655 2521 1829 2590 singulosque
1848 2522 2051 2560 (cujuscunque
2068 2560 2073 2564 ”
2108 2520 2189 2551 radas
2204 2543 2214 2558 ‚
2232 2519 2343 2564 Status,
2363 2520 2410 2564 vel

1349 2560 1545 2597 Austoriratis)
1567 2561 1632 2598 qui,
1648 2571 1664 2590 a
1717 2569 1836 2597 empore
1855 2568 1911 2590 tuce
1933 2562 1962 2590 in
1976 2560 2020 2590 illa
2036 2559 2161 2590 Civitate
2175 2558 2409 2598 Dommauoms,

1348 2598 1451 2636 aliquid
1466 2598 1548 2634 inde,
1565 2600 1662 2636 quavis
1677 2597 1855 2635 Occasione,
1874 2606 1977 2635 praeter
1993 2598 2201 2628 Auctoritatem
2217 2598 2262 2629 vel
2286 2596 2409 2627 Manda-

1349 2645 1410 2667 tum
1433 2639 1583 2667 memorati
1604 2636 1766 2674 Secretarii,
1786 2635 1940 2674 percepisse
1960 2636 2150 2674 reperientur,
2169 2636 2203 2666 ad
2223 2637 2361 2674 integram
2374 2637 2409 2668 &

1370 2674 1504 2704 lenariam
1518 2674 1741 2705 Restitutionem
1750 2697 1760 2712 ,
1779 2674 1828 2704 sibi
1841 2674 1887 2705 vel
1900 2675 1950 2705 suo
1962 2672 2145 2705 Procuratori
2160 2674 2410 2712 faciendam,Tua

1383 2713 1445 2750 egia
1459 2712 1526 2743 velis
1549 2712 1744 2751 Aue'toritate,
1763 2711 1858 2743 nostra
1881 2723 1914 2744 ac
1937 2712 2018 2744 Sedis
2042 2712 2216 2750 Apostolicae
2234 2713 2413 2751 contempla-

1349 2752 1444 2789 tione,
1465 2751 1653 2790 compellere,
1672 2751 1706 2781 &
1722 2760 1832 2782 tautum
1846 2752 1923 2782 circa
1938 2751 1996 2782 hoc
2011 2759 2093 2790 agere
2132 2751 2191 2781 ubd
2207 2751 2337 2789 praefatus
2357 2761 2412 2782 no-

1349 2789 1405 2819 ster
1421 2790 1589 2820 Secretarius
1603 2790 1712 2828 prorsus
1726 2789 1884 2828 indempnis
1898 2788 2052 2827 efficiatur,
2067 2761 2230 2832 nosirasque
2245 2789 2336 2820 in‘hac
2344 2788 2414 2819 Par-

1349 2837 1377 2858 te
1390 2827 1492 2859 Preces
1506 2827 1579 2866 apud
1595 2837 1671 2859 tuam
1688 2828 1768 2858 fuisse
1776 2827 1913 2859 Illustrem
1927 2827 2163 2868 magnificentiam
2178 2829 2228 2858 {ibi
2242 2828 2337 2858 sentiat
2350 2826 2413 2858 effi-

1350 2876 1452 2904 caces,
1480 2877 1534 2904 qua
1558 2868 1587 2896 in
1612 2866 1658 2897 Re
1680 2866 1779 2897 Nobis
1800 2867 1912 2898 abunde
1932 2867 2126 2906 complacebis
2139 2887 2149 2904 ,
2171 2865 2295 2905 Nosque
2314 2865 2348 2896 ad
2367 2875 2415 2898 tua

1351 2905 1449 2936 reddes
1464 2905 1641 2943 Beneplacita
1656 2907 1855 2943 promptiores.

1389 2944 1463 2982 Qiis
1477 2945 1555 2974 enirn
1570 2945 1779 2983 congruentiori
1795 2943 1880 2975 debet
1893 2942 1995 2975 Titulo
2008 2942 2139 2980 suorum,
2158 2943 2186 2973 in
2202 2942 2414 2981 Absentia‚Be-

1352 2981 1521 3013 neficiorum
1538 2982 1653 3013 FruCtus
1666 2984 1699 3014 &
1713 2982 1780 3021 Jura
1812 2982 1953 3019 ercipere,
1969 2990 2054 3019 quam
2066 2980 2155 3012 nostri
2175 2992 2208 3013 ac
2230 2981 2309 3012 Sedis
2330 2983 2414 3020 Apo-

1352 3020 1463 3052 stolicae
1484 3019 1644 3052 officiarii?
1663 3022 1712 3059 qui
1736 3031 1784 3058 per
1794 3021 1914 3051 onalitcr
1937 3019 2104 3050 Nobiscum
2127 3020 2243 3058 adsunt,
2261 3019 2361 3051 Nobis
2378 3021 2413 3053 &

1353 3059 1504 3097 Ecclefiae,
1523 3070 1583 3090 non
1598 3059 1701 3097 absque
1714 3060 1825 3096 magnis
1839 3058 2016 3096 Laboribus,
2034 3057 2138 3089 assidue
2151 3059 2282 3090 serviunt.

1392 3097 1468 3129 Deni
1492 3108 1543 3135 ue,
1563 3098 1583 3128 si
1597 3097 1670 3127 Tibi
1681 3097 1843 3134 caeterisque
1856 3096 2014 3127 Catholicis
2028 3096 2154 3136 Regibus
2176 3097 2261 3129 Sedes
2284 3095 2414 3134 Aposto-

1352 3136 1422 3173 lica,
1483 3145 1539 3166 ater
1554 3134 1691 3174 piissima,
1711 3135 1858 3166 liberaliter
1871 3134 2017 3172 indulgere
2032 3135 2195 3175 consuevit,
2212 3145 2243 3167 ut
2258 3135 2349 3167 nostri
2357 3135 2413 3167 Ec-

1353 3174 1515 3212 cleliastici,
1535 3173 1695 3204 Familiares
1710 3173 1827 3204 suorum
1848 3172 1918 3211 Jura
1936 3173 2145 3205 Beneficiorum
2158 3176 2187 3205 in
2205 3174 2414 3206 Famulatuno-

1354 3213 1412 3242 stro
1430 3213 1600 3250 percipiant,
1618 3222 1651 3243 ac
1668 3211 1687 3241 si
1701 3212 1729 3242 in
1750 3211 1881 3243 Eccleiiis
1899 3214 2018 3250 propriis
2035 3212 2179 3244 distorum
2201 3211 2411 3244 Beneficiorum

1352 3250 1522 3287 refiderent3
1539 3259 1646 3288 quanto
1661 3252 1751 3288 magis
1765 3260 1881 3289 aequum
1895 3251 1952 3282 effe
1962 3251 2101 3283 videbitur
2122 3261 2153 3282 ut
2174 3260 2204 3282 tu
2217 3253 2251 3284 &
2265 3250 2307 3281 lui
2320 3251 2412 3282 solici-

1353 3297 1410 3318 tam
1426 3288 1496 3319 detis
1511 3288 1657 3327 Operam,
1675 3299 1712 3319 ne
1726 3290 1753 3319 in
1770 3289 1878 3329 Regnis
1890 3290 1988 3320 vestris
2002 3290 2047 3321 vel
2062 3290 2132 3321 locis
2144 3289 2217 3328 aliis,
2235 3290 2317 3320 vobis
2335 3288 2411 3319 Sub-

1351 3327 1433 3365 ditis‚
1452 3327 1609 3358 Familiares
1624 3327 1746 3366 ejusdem
1763 3327 1839 3358 Sedis
1854 3329 1882 3358 in
1897 3328 1947 3359 suo
1962 3328 2091 3367 quolibet
2107 3328 2178 3366 Jure
2198 3328 2411 3365 perturbentur:

1354 3366 1406 3402 &,
1425 3373 1455 3395 ut
1476 3365 1573 3396 Nobis
1595 3376 1627 3397 ac
1650 3366 1716 3397 Sedi
1737 3367 1786 3404 ipsi
1810 3366 1990 3406 famulando,
2008 3366 2125 3397 suorum
2139 3365 2224 3396 libere
2241 3364 2410 3396 Titulorum

1353 3403 1617 3435 Eccleliasticorum
1634 3404 1792 3436 Proventus
1805 3414 1889 3443 atque
1903 3405 2105 3436 Emolumenta
2125 3403 2302 3441 percipiant?
2319 3401 2412 3440 Super

1354 3441 1408 3472 hac
1426 3452 1520 3472 autern
1537 3453 1566 3472 re
1582 3443 1617 3473 de
1631 3443 1727 3473 nostra
1746 3442 1908 3474 Intentione
1944 3444 1980 3474 de
1991 3443 2116 3481 dictique
2131 3441 2276 3472 Secretarii
2297 3439 2413 3472 Meritis

1354 3489 1388 3510 ac
1408 3479 1592 3518 sufficientia,
1608 3482 1640 3512 ὃ(
1660 3481 1759 3512 nostro
1779 3483 1813 3513 ad
1827 3482 1903 3512 suam
1916 3466 2071 3512 Personam
2087 3479 2222 3516 Affectu,
2241 3478 2414 3510 Venerabilis

1355 3517 1468 3555 Frater,
1487 3518 1647 3557 Jordanus,
1664 3520 1804 3559 Epifiopus
1818 3519 1999 3559 Albanenfis,
2015 3520 2066 3556 &‚
2083 3518 2215 3548 Dilectus
2224 3517 2414 3554 Filius,G'u¹'l-

1355 3555 1450 3586 lermus
1470 3557 1555 3586 Tituli
1574 3559 1667 3588 SanHi
1687 3562 1780 3588 filarci
1800 3558 1939 3598 Presbyter
1952 3582 1962 3596 ,
1975 3557 2088 3590 SanCloe
2110 3555 2254 3586 Romanae
2276 3553 2413 3598 Ecclesiae

1356 3594 1514 3624 Cardinales
1530 3597 1612 3634 (quos
1626 3596 1660 3626 ad
1676 3606 1753 3627 tuam
1768 3597 1976 3627 Sublimitatem
1997 3594 2217 3630 transmittimus)
2239 3594 2345 3632 plenius
2366 3595 2411 3624 in-

1356 3633 1535 3671 formabunt,
1556 3635 1657 3671 quibus
1668 3635 1768 3666 eadem
1783 3635 1851 3666 velit
1865 3633 2023 3664 Sublimitas
2038 3631 2124 3663 fidem
2137 3641 2245 3663 certam
2265 3641 2349 3670 atque
2369 3633 2412 3662 in-

1356 3671 1473 3701 dubiam
1488 3672 1629 3703 adhibere.

1360 3746 1453 3815 PDat
1467 3770 1477 3785 ,
1499 3747 1661 3789 Constanciae
1686 3751 1755 3783 xvii.
1777 3748 1823 3780 die
1847 3746 1950 3786 Aprilis
1963 3770 1972 3785 ,
1995 3745 2181 3778 Pontificatus
2205 3745 2298 3778 nostri
2322 3746 2411 3778 Anno

1386 3794 1470 3816 nmo-
