2562 4274
0 381 89 412 1410.

0 416 44 440 len.
60 421 88 447 4.

665 245 777 291 ET
863 244 1127 290 ACTA
1212 243 1683 293 PUBLi‘CA.
2217 256 2291 315 133

0 327 108 372 irin-D-
160 336 218 367 Pro
233 336 359 374 ipsorum
374 333 526 372 Interesse,
545 336 575 365 in
592 333 680 364 Curia
694 334 787 366 nostra
801 335 950 372 praedieta,
969 339 1017 372 per
1034 335 1189 365 Locumte-

124 384 241 406 nentem
261 373 383 412 ejusdem
405 371 501 403 Curiae
517 395 526 410 ,
546 373 576 403 in
603 373 748 410 praesentia
772 375 854 410 pai-tis
877 373 1009 403 Adversae
1026 396 1035 411 ,
1054 374 1190 410 legitimae

123 412 249 451 admisfi,
269 420 297 442 ut
312 412 431 449 dicitur,
449 412 531 441 nobis
543 411 755 448 supplicaverint
769 419 798 441 ut
811 411 982 442 Sententiam
1000 433 1009 449 ,
1029 417 1076 449 per
1092 411 1192 448 praefa-

124 460 187 482 tum
210 460 298 487 nuper
322 448 475 480 Comitem
499 450 528 479 in
549 449 603 479 hac
625 458 699 487 parte
723 450 824 487 latam,
844 451 876 481 &
901 460 949 486 per
972 448 1192 479 Commiffarios

122 488 234 520 nostros
247 488 416 526 praedietos,
437 496 466 519 ut
480 486 858 526 praefertur,Gonfirmatam
867 512 877 527 ,
893 488 1064 519 Executioni
1077 488 1191 518 deman-

126 528 201 596 dai}
207 527 388 566 dignaremur
395 549 406 565 ,
1014 543 1037 563 0

180 593 182 597 ,
202 575 233 595 os
507 594 511 596 ,
557 594 560 597 .

163 587 300 634 Voleiites
323 603 478 634 Sententias
499 603 532 633 &
549 601 680 640 judicia,
700 603 727 632 in
744 602 966 641 quibuscumque
981 602 1074 634 Curiis
1095 600 1194 632 nostris

130 642 185 677 rite
199 642 251 673 lata
265 642 298 672 &
314 641 438 679 reddita,
455 640 625 671 Executioni
637 642 732 672 debite
746 641 926 679 demandari,

165 680 259 710 Vobis
283 680 461 718 conjuntstim
474 701 484 716 ,
502 681 536 710 &
556 681 663 717 utrique
681 679 818 710 Vestrum
843 680 952 710 divisim
967 703 976 717 ,
1004 679 1172 709 Mandarnus
1186 698 1195 714 ,

128 718 244 749 firmiter
262 716 459 756 Injungentes,
477 717 556 755 quod
576 717 783 749 Executionem
800 718 962 756 Sententiae,
982 719 1011 747 in
1027 718 1102 747 dicta
1118 715 1195 745 Cau-

127 757 153 787 sa
170 756 323 793 Principali
341 757 377 786 fic
396 757 458 786 iatae
475 778 484 793 ,
507 754 578 786 infra
596 756 716 787 Terram
740 756 864 787 nostram
883 756 1029 786 Vaseoniae
1044 779 1053 792 ,
1078 764 1145 786 cuin
1163 764 1195 784 ea

130 795 268 826 celeritate
285 804 340 832 qua
357 794 456 832 decet,
474 794 534 825 fieti
545 818 554 833 ,
574 794 606 825 &
626 794 728 825 eisdem
746 795 900 831 Legatariis
917 796 948 825 ὃς
966 803 1064 824 eorum
1081 792 1196 822 cuilibet

130 833 262 865 Summas
277 855 287 870 ,
314 832 500 863 Munimenta
515 855 524 870 ‚
551 832 647 863 Carras
663 856 673 872 2
697 834 730 864 &
750 834 860 871 Scripta
885 832 1018 870 praediCta
1033 853 1042 869 ,
1068 841 1102 861 ac
1128 831 1195 867 alia,

128 871 375 910 Redemptionem
391 871 445 902 sive
461 871 483 900 F
485 872 626 901 inanciam
643 871 809 911 praedictam
823 871 1061 909 qualitercumque
1075 877 1197 900 concer-

128 910 222 940 nentia
232 933 241 948 ,
260 910 359 940 habere
374 909 479 940 faciatis
495 933 503 948 ,
518 910 596 947 juxta
611 910 757 940 Tenorem
784 910 939 939 Literarum
955 907 1108 939 nostrarum
1123 917 1197 945 prae-

128 948 286 984 dictarum,
304 949 338 981 ὃς
360 957 444 985 prout
462 948 618 978 secundum
644 949 730 985 Vim,
749 947 886 977 Formam
908 947 940 976 &
964 946 1110 976 Effecstum
1127 945 1197 987 Sen-

127 986 447 1056 {entiaedptaedictaeflc
464 987 553 1017 Foros
568 987 601 1017 &
616 985 840 1016 Consuetudines
855 985 981 1016 Patrium
997 985 1103 1015 illarum
1118 984 1197 1014 fuerit

140 1035 220 1056 acien
242 1034 307 1056 um:
563 1055 565 1057 ,

168 1063 282 1094 Damus
296 1073 389 1094 autern
404 1062 538 1094 universis
551 1062 584 1092 δε
597 1060 705 1101 fingulis
721 1061 816 1098 Ligeis
831 1062 929 1092 nostris
946 1062 1072 1092 Partium
1088 1070 1199 1091 earum-

131 1101 201 1132 dem
214 1125 223 1140 ,
249 1102 329 1142 quod
350 1102 433 1131 vobis
454 1102 488 1132 ὃς
509 1100 584 1131 alteri
610 1098 736 1130 vestrum
751 1122 760 1137 ,
784 1101 812 1130 in
831 1100 982 1131 Praemissis
1008 1100 1141 1130 faciendis
1167 1100 1200 1129 ὃς

132 1141 301 1208 ἓκεςυεηάἰε
315 1163 324 1179 ,
349 1139 527 1170 Intendentes
543 1138 596 1168 sint
610 1161 619 1174 ,
645 1136 829 1169 Coniulentes
849 1162 858 1177 ,
871 1139 903 1170 δε
925 1138 1096 1169 Auxiliantes
1116 1146 1200 1175 prout

155 1187 225 1209 ecet.

171 1216 205 1248 In
225 1217 325 1255 cujus,
343 1218 404 1248 ὅτε.

206 1263 293 1296 Teste
311 1263 394 1305 Rege
412 1263 486 1303 apud
506 1260 780 1304 Wstmonasterium‚
798 1265 844 1303 xiij
863 1264 908 1295 die
928 1263 1106 1295 Decembris.

697 1338 750 1370 Per
770 1343 863 1374 Breve
880 1340 912 1369 de
930 1342 1049 1370 Privato
1066 1337 1164 1376 Ssgillo‘.

139 1486 343 1520 Traffatustm
360 1495 428 1515 cum
445 1480 596 1528 [Magistro
610 1482 734 1516 Ordinis
751 1477 1002 1516 Theutonicorum
1018 1481 1199 1526 Ritsficasio.

0 1584 120 1618 Arm-D·
139 1569 223 1626 RE
235 1569 265 1600 X
284 1568 447 1605 Omnibus,
466 1566 499 1597 ad
516 1577 606 1605 quos,
625 1567 685 1597 &a
705 1566 838 1597 Salutem.

11 1634 99 1664 1410.

0 1671 44 1692 dn.
60 1673 100 1692 iz.

0 1708 28 1731 H.
43 1713 72 1738 4.

234 1608 327 1638 INsP
337 1616 354 1636 E
365 1616 382 1636 x
392 1615 403 1635 1
416 1615 441 1636 M
454 1615 476 1635 υ
488 1615 500 1635 5
520 1606 625 1635 Literas
642 1604 785 1644 Parentes,
804 1605 924 1636 Nobilis
938 1607 971 1638 &
985 1606 1111 1637 Potentis
1125 1604 1205 1642 Viri,

135 1648 235 1680 Fratris
256 1647 368 1678 Henrici
391 1644 423 1673 de
437 1643 535 1673 Plawe
550 1666 560 1681 ‚
579 1643 698 1674 Ordinis
719 1644 808 1674 beitae
832 1644 934 1675 Mariae
957 1645 1076 1677 Domus
1103 1644 1205 1674 Theu-

136 1688 241 1718 tonicae
267 1682 559 1722 Jerusolimitanorum
591 1681 725 1722 Magistri
758 1681 906 1713 Generalis
923 1705 934 1722 ,
961 1683 1047 1714 fatias
1079 1684 1109 1712 in
1142 1683 1205 1713 haec

0 1746 77 1769 *rana
84 1749 92 1766 i
100 1748 126 1765 2.
135 1726 220 1758 verba
229 1747 240 1764 a

0 1784 26 1807 Η.
42 1790 71 1816 4.
85 1787 122 1807 m.

0 1819 40 1845 16.

0 2690 101 2719 *vni

37 2731 103 2765 664.

175 1803 234 1832 IN
256 1799 464 1830 NOMINE
489 1799 697 1827 SANCTAE
724 1800 1094 1829 ETINDIVIDUAE
1114 1800 1208 1828 TRI-

137 1841 342 1872 NITATIS
368 1837 528 1867 AMEN.

173 1918 228 1950 Ne
244 1927 274 1948 ea

179 1957 256 1996 Quae
278 1939 330 1992 pro
353 1953 472 1984 turbatae
491 1951 571 1983 Pacis
592 1951 810 1984 Reformatione
825 1978 835 1992 ,
850 1964 883 1985 ac
906 1954 1047 1986 consueta:
1061 1954 1207 1985 Amicitia:

141 1993 311 2032 Amorisque
333 1992 424 2022 mutui
439 1992 653 2023 conservatione
667 2014 677 2029 ,
695 1993 804 2022 mature
826 1993 978 2024 traCtantur
1018 1993 1182 2023 ordinantur
1198 2014 1208 2029 ,

141 2035 174 2064 &
198 2034 269 2063 inter
290 2032 383 2062 Partes
409 2040 525 2068 quarum
551 2029 661 2060 interest
678 2052 687 2068 ,
710 2039 762 2067 pro
793 2032 955 2063 earumdem
998 2031 1151 2061 ‘ommodo
1173 2032 1207 2062 &

140 2072 273 2103 Utilitate
287 2093 298 2110 ‚
329 2078 363 2099 ac
394 2068 461 2099 alias
488 2078 543 2106 pro
578 2068 745 2100 Communi
774 2068 858 2100 Bono
875 2094 885 2108 ,
919 2069 1049 2108 legitime
1084 2069 1209 2101 statuun-

143 2118 189 2142 tur

177 2132 224 2178 D’e
240 2145 314 2177 facili
347 2145 462 2184 alicujus
475 2153 533 2175 arte
547 2146 593 2176 vel
607 2146 725 2185 ingenio
739 2167 750 2184 ‚
764 2147 809 2178 seu
823 2146 885 2177 alias
898 2149 994 2187 quavis
1010 2146 1107 2177 illicita
1121 2156 1208 2177 occa-

141 2187 235 2224 sione,
251 2195 298 2223 per
319 2168 444 2215 Matrem
461 2183 628 2221 Jurgiorum
651 2185 747 2223 irritari
764 2187 914 2223 contingat
934 2185 1148 2224 quomodolibet
1162 2185 1208 2215 seu

141 2225 261 2261 infringi
276 2246 286 2262 ,
303 2223 414 2253 necesse
428 2223 518 2253 visum
532 2222 584 2253 fuit
598 2223 632 2253 δε
646 2222 686 2253 est
701 2233 732 2254 ea
746 2233 795 2261 per
809 2224 922 2263 Scripta
941 2225 1092 2256 Autentica
1108 2224 1210 2254 Robo-

142 2266 195 2294 rari
231 2261 384 2292 Comuniri
399 2260 556 2291 firmiffime
590 2261 623 2293 &
641 2262 781 2301 Stabiliri,

178 2286 259 2332 [dinc
281 2299 321 2330 est
344 2299 423 2337 quod
439 2298 523 2338 Nos,
543 2284 635 2330 F’rater
654 2303 789 2330 Henricus
805 2302 837 2332 de
853 2301 970 2339 Plawe,
989 2300 1109 2332 Ordinis
1121 2301 1209 2332 beatae

142 2339 266 2376 Mariae,
282 2336 401 2368 Domus
417 2337 610 2381 Theutonicae
621 2337 912 2377 Jerusolimitanorum
929 2340 1065 2377 Magister
1080 2339 1209 2370 Genera-

143 2379 175 2410 lis
190 2401 200 2416 ,
226 2376 355 2408 universis
377 2375 484 2406 Christi
508 2375 648 2407 Fidelibus
662 2400 672 2415 ,
699 2377 734 2409 ad
762 2389 886 2416 quorum
909 2380 1042 2409 notitiam
1064 2380 1208 2416 praesentes

145 2418 251 2449 Literae
273 2414 513 2458 qualitercumque
536 2417 711 2454 pervenerint
726 2439 736 2454 ,
753 2416 871 2447 Tenore
891 2417 1056 2448 earumdem
1080 2419 1212 2455 cupimus

144 2456 205 2486 fore
218 2454 337 2484 Notum
352 2452 500 2491 Qualiter,
520 2452 613 2483 fideles
629 2453 714 2484 nostri
736 2455 745 2491 <
754 2455 904 2491 videlicet)
925 2455 1083 2485 Theodricus
1103 2456 1136 2486 de
1153 2458 1211 2486 Lo-

141 2493 244 2533 gendor
282 2491 367 2522 Miles
379 2513 389 2529 ,
408 2490 555 2530 Liffzrdus
568 2493 599 2520 de
615 2492 749 2531 Herfford
763 2492 994 2530 Borgomagister
1011 2493 1144 2525 Civitatis
1158 2504 1212 2524 no-

145 2532 212 2563 strae
260 2530 427 2569 lbingensis‚
446 2530 479 2561 &
496 2529 640 2568 Johannes
661 2531 767 2562 Crolaw
790 2532 872 2563 Civis
894 2532 966 2570 apud
982 2531 1139 2564 Civitatem
1159 2543 1213 2563 no-

148 2571 232 2602 stram
247 2568 412 2606 Dantzick,

181 2608 380 2641 Procuratores
394 2628 405 2645 ,
420 2605 583 2651 Deputati,
599 2609 633 2639 &
647 2607 777 2646 Nuncii,
796 2607 973 2639 Venerabilis
987 2609 1131 2649 quondam
1148 2609 1215 2640 Fra-

144 2649 193 2679 tris
207 2647 295 2678 nostri
310 2646 382 2677 dum
399 2653 469 2675 vixit
489 2646 500 2681 ζ
508 2645 633 2682 scilicet)
652 2645 737 2676 Ulrici
750 2647 782 2676 de
794 2646 954 2685 Jungingen
965 2669 974 2684 ,
999 2648 1091 2678 ultimi
1109 2650 1143 2679 &
1159 2649 1216 2678 im-

148 2686 264 2717 mediati
286 2682 502 2715 Praedecefforis
521 2683 624 2721 nostri,
648 2686 662 2701 *
683 2685 817 2724 ipsiusque
832 2686 865 2717 δε
886 2686 1086 2717 Succefforum
1101 2687 1216 2717 suorum

150 2723 234 2764 plena
247 2723 383 2762 potestate
399 2722 433 2753 ad
449 2722 620 2759 infrascripta
634 2722 758 2762 suffulti,

149 2802 174 2834 F
186 2763 256 2794 Nos
271 2785 282 2800 ,
306 2763 412 2800 atque,
431 2760 609 2792 Venerabiles
629 2761 821 2803 &religiosos
843 2763 927 2794 Viros
952 2785 961 2801 ,
980 2762 1108 2793 Concilii
1131 2763 1219 2794 nostri

175 2810 275 2838 ratres,

189 2841 236 2871 De
250 2840 283 2870 ὃ(
299 2838 378 2876 super
391 2836 590 2874 Reparationis
599 2836 852 2878 ,Reformationis,
869 2839 901 2870 ὅ(
910 2839 1068 2878 Emendne,
1085 2841 1218 2871 omnium

150 2879 185 2910 &
201 2877 377 2916 singulorum
393 2877 636 2915 Attemptatorum
651 2877 796 2916 indebite,
814 2878 1120 2916 inter,Sereniffinium
1138 2879 1219 2909 Prin-

151 2918 246 2956 cipem
267 2926 302 2947 ac
323 2915 491 2946 Dominum
506 2914 635 2944 nostrum
649 2937 659 2952 ,
675 2915 839 2947 Dominum
860 2919 1006 2947 Henricum
1023 2940 1032 2955 ,
1050 2917 1109 2947 Dei
1128 2918 1219 2955 gratia

153 2958 248 2993 Regem
264 2953 374 2992 Angliae
391 2951 429 2987 &¹
445 2955 587 2990 Franciae,
604 2953 637 2983 &
651 2953 814 2984 Dominum
829 2954 977 2986 Hiberniae
993 2979 1002 2993 ,
1021 2955 1154 2994 ipsiusque
1171 2956 1221 2987 Li-

173 3004 223 3024 eos
236 2994 269 3024 &
283 2992 433 3029 Subditos,
451 2999 527 3029 parte
541 3000 575 3020 ex
590 3001 662 3029 una,
682 3002 796 3023 necnon
811 2992 922 3024 dictum
935 2993 1059 3024 Fratrem
1082 2993 1219 3025 Ulricuin

153 3003 392 3062 {raedecefforem
415 3029 561 3067 nostrum,
579 3028 647 3060 Nos
668 3040 783 3070 quoque
804 3032 837 3062 ὃς
859 3031 999 3062 Ordinem
1017 3032 1143 3062 nostrum
1158 3056 1167 3071 ,
1186 3043 1219 3063 ac

156 3069 351 3108 quoscumque
365 3068 498 3099 Subditos
512 3068 623 3098 nostros
636 3091 647 3107 ,
664 3078 743 3106 parte
759 3080 794 3100 eit
815 3070 896 3100 altera
912 3093 921 3107 ,
941 3072 1022 3100 variis
1043 3071 1221 3102 Tradit-atibus

156 3107 314 3144 unanimis,
331 3106 509 3144 ipsorumque
525 3107 706 3138 concordi&
720 3107 793 3138 finali
808 3109 1094 3146 Appunctuamento,

195 3145 270 3176 Inter
285 3144 356 3175 dieti
369 3144 492 3174 Domini
514 3144 603 3182 Regis
621 3144 839 3177 Commiffarios
859 3150 867 3183 (
878 3147 1027 3183 videlicet)
1047 3147 1223 3178 honorabiles

158 3186 246 3216 Viros
278 3182 424 3212 Ricardum
438 3182 572 3212 Merlowe
587 3182 773 3222 Majorem&
783 3185 889 3216 Civem
905 3185 1036 3215 Civitatis
1054 3186 1220 3223 Londoniae,

159 3206 334 3264 Magistrum·
344 3220 501 3264 Johqmqn
513 3220 654 3258 Kinghton
675 3222 823 3255 clericum
835 3247 845 3262 ,
864 3225 898 3256 se
916 3222 1094 3254 Wrilmlmam
1111 3225 1223 3254 Asiam

160 3262 283 3301 ejusdem
299 3258 428 3289 CiVitatis
442 3257 547 3303 Civem
564 3261 598 3290 &
614 3260 842 3293 Aldermannum
853 3285 862 3300 ,
879 3264 913 3294 &
928 3262 1000 3292 dieti
1016 3262 1111 3292 Fratris
1128 3263 1222 3294 Ulrici

157 3300 247 3332 nostri
262 3296 475 3328 Praedecefforis
486 3319 497 3335 ‚
516 3295 713 3340 Procuratores
733 3301 767 3332 ὅ(
790 3301 926 3332 Nuncios
938 3301 1093 3331 antedictos
1105 3302 1204 3332 habito
1214 3325 1223 3340 ,

158 3339 257 3376 fatto,
275 3346 307 3367 ac
323 3334 484 3366 conclusive
498 3335 597 3366 exinde
611 3335 724 3375 secuto,

145 3377 149 3379 '
199 3377 253 3407 Per
276 3376 402 3405 Parentes
421 3373 524 3403 Literas
544 3373 578 3403 &
598 3372 752 3406 Indentatas
765 3399 776 3414 ,
794 3376 931 3414 utriusque
959 3377 1048 3408 Partis
1076 3378 1222 3415 prae‘dietae

162 3413 431 3447 Commissariorum
446 3412 480 3443 δε
495 3409 714 3444 Procuratorum
724 3414 784 3451 jam
799 3414 943 3444 dictorum
960 3415 1064 3452 Sigillis
1073 3439 1083 3454 ,
1098 3416 1147 3446 sub
1162 3417 1223 3446 Da—

162 3464 193 3486 to
210 3454 326 3493 Quartae
341 3451 408 3481 Diei
422 3449 593 3493 Decembris
605 3471 616 3488 ,
633 3453 721 3481 Anno
736 3451 863 3483 Domini
882 3451 1036 3484 Milleiimo
1049 3477 1060 3492 ,
1079 3455 1222 3494 Quadrin-

161 3492 320 3532 gentesimo
335 3490 433 3520 Nono
440 3511 450 3527 ,
470 3487 603 3527 sigillatas
610 3511 620 3526 ,

200 3529 379 3562 Sufficienter
397 3528 431 3559 &
448 3527 562 3565 debite,
578 3526 628 3557 sub
645 3526 738 3558 forma
755 3537 821 3566 quae
839 3528 976 3568 sequitur,
992 3529 1188 3562 informirunt.

201 3606 255 3637 Per
276 3606 348 3636 hanc
369 3604 546 3635 Indematam
566 3603 623 3634 five
642 3603 819 3648 Intersciffam
834 3608 960 3635 Literam
975 3605 1104 3636 universis
1119 3607 1225 3638 Christi

166 3645 304 3677 Fidelibus
318 3643 353 3674 ad
368 3643 504 3686 notitiam
517 3641 575 3687 Rei
590 3641 677 3679 gestae
692 3642 836 3674 manifesta
849 3643 897 3674 fiat
913 3638 996 3681 fides,
1012 3644 1091 3681 quod
1101 3668 1109 3681 ‚
1128 3645 1225 3676 Nobi-

164 3686 202 3716 ies
219 3685 250 3715 &
265 3681 456 3714 Honorabiles
467 3681 531 3711 Viri
546 3703 556 3719 ,
574 3680 706 3710 Ricardur
719 3680 851 3711 Merlowe
866 3681 962 3719 Major
975 3683 1007 3712 &
1021 3681 1103 3713 Civis
1117 3683 1225 3714 Civita-

166 3723 201 3752 tis
213 3720 416 3752 Londonienfis
431 3742 440 3758 ,
459 3718 599 3757 Magister
612 3718 757 3758 Johannes
777 3721 900 3756 Kington
922 3719 1049 3751 Clericus
1064 3744 1074 3759 ,
1100 3722 1134 3752 &
1148 3721 1223 3752 Wil-

165 3759 268 3790 lielmus
287 3759 397 3789 Askam
412 3757 535 3795 ejusdem
549 3757 681 3788 Civitatis
695 3756 775 3788 Civis
789 3758 821 3788 &
838 3757 1039 3788 Alderrnannus
1054 3782 1064 3798 ,
1081 3758 1224 3790 Serenisfi-

169 3799 211 3827 mi
223 3796 358 3836 Principis
369 3798 403 3828 &
417 3796 556 3834 Domini,
579 3796 705 3826 Domini
719 3798 832 3826 Hernici
846 3818 856 3833 ‚
875 3795 932 3826 Dei
946 3797 1049 3835 gratia,
1065 3799 1143 3835 Regis
1158 3801 1225 3828 An-

165 3835 228 3874 gliae
241 3834 279 3869 &
291 3839 411 3865 Franciae
429 3857 434 3865 ,
453 3833 577 3864 Domini
595 3831 764 3872 Hiberniae,
782 3841 895 3865 necnon
918 3835 1051 3864 Tidericus
1072 3836 1104 3865 de
1119 3839 1224 3874 Lugen-

166 3874 232 3911 dorp
245 3895 255 3910 ,
272 3872 356 3912 Miles
370 3895 380 3910 ,
396 3871 541 3911 Leffardus
562 3873 595 3902 de
615 3871 746 3912 Heiffird
754 3894 764 3911 ,
783 3872 1012 3910 Burgomagister
1035 3872 1161 3905 Civitatis
1177 3875 1228 3904 El-

168 3911 311 3947 bingenfis
327 3933 337 3949 ,
351 3911 384 3942 &
403 3911 548 3949 Johannes
567 3910 689 3941 crolowe
710 3910 790 3942 Civis
808 3910 881 3949 apud
903 3909 1058 3941 Civitatem
1080 3910 1224 3954 Dantzik‚

167 3949 286 3982 Nobilis
306 3958 340 3978 ac
362 3947 454 3978 Aimae
476 3948 636 3986 Religionis
659 3949 720 3981 Viri
735 3971 745 3988 ,
764 3950 867 3980 Fratris
888 3948 972 3978 Ulrici
992 3949 1024 3979 de
1038 3949 1195 3989 Jungingen
1215 3976 1225 3991 ‚

167 3987 287 4018 Ordinis
304 3985 418 4015 fratrum
434 3986 573 4023 Hospitali
586 3987 698 4019 Sanctae
720 3988 822 4018 Mariae
835 3987 1083 4018 Theutonicorum
1114 3990 1227 4021 erusoli-

168 4029 337 4058 mitanorum
354 4022 486 4059 Magistri
498 4024 660 4065 Generalis,
677 4025 889 4064 Procuratores,
907 4025 1040 4063 Deputati
1052 4027 1085 4056 &
1131 4030 1226 4068 uncii,

169 4065 203 4096 ad
220 4061 388 4099 infrascripta
402 4060 571 4093 Potestatem
587 4063 772 4095 sufficientem
787 4065 920 4095 habentes
952 4065 1117 4096 nominibus
1131 4066 1226 4097 dicto-

169 4110 236 4134 rum
255 4100 456 4133 Dominorum
470 4098 563 4139 Regis
578 4102 612 4133 ὃς
632 4101 780 4141 Magistri,
794 4104 825 4135 in
838 4104 898 4136 vim
920 4086 1085 4141 Potestatis,
1098 4105 1137 4135 eis
1157 4105 1225 4136 hinc

1231 333 1295 365 inde
1314 335 1470 372 attributae,
1493 338 1592 366 omnia
1613 338 1646 367 ὃ(
1667 337 1770 375 singula
1793 335 1940 379 subscripta
1962 343 2183 384 appunctarunt,
2202 346 2235 375 &
2258 345 2293 378 de
2315 327 2437 379 Amr&

1231 373 1334 402 eisdem
1348 374 1516 403 unanimiter
1533 375 1762 415 concordarunt,

2330 378 2414 413 1416.

1270 410 1292 439 P
1303 421 1325 441 R
1337 420 1346 440 1
1358 420 1383 440 M
1394 421 1413 440 o
1432 411 1583 448 (videlicet
1597 435 1606 450 ,
1624 423 1677 449 pro
1700 417 1908 447 conservatione
1924 420 2013 449 mutui
2028 420 2145 451 Amoris
2159 423 2193 453 &
2208 416 2292 454 Ami}
2310 420 2374 443 Hm·
2390 422 2418 449 4-

1230 449 1305 478 citiie
1321 449 1463 479 consuetae
1479 472 1488 487 ,
1507 448 1641 488 Pacisque
1664 454 1771 483 votivae
1786 456 1997 495 tranqiillirite,
2013 460 2103 489 ertitit
2117 460 2289 492 Ortiinatum

1231 487 1311 524 quod
1326 497 1426 531 omnes
1442 489 1475 518 ὃς
1494 488 1590 530 singuli
1606 489 1640 519 Li
1660 489 1684 518 ei
1702 490 1734 520 &
1749 492 1856 521 Subditi
1881 493 1975 532 Regni
1991 496 2117 536 Angiiae,
2136 499 2291 531 Terrarum

1230 526 1264 556 &
1280 525 1487 570 Dominiorum
1499 527 1623 569 eiusdem
1671 530 1750 566 egni,
1771 530 2051 571 Mercatorcs,&alii
2072 538 2292 577 (cujuscumque

1231 564 1320 593 Status
1342 564 1384 593 vel
1407 563 1591 594 Conditionis
1613 567 1755 596 extiterint
1775 569 1782 599 )
1801 576 1930 606 poterunt
1950 574 1982 601 &
2004 574 2147 606 debebunt
2168 578 2242 608 salvo
2256 579 2291 609 δι’

1230 601 1324 632 secure
1339 601 1461 632 Terram
1477 601 1585 632 Pruciae
1598 604 1656 634 turn
1671 613 1718 640 per
1734 605 1958 646 Terrani,qu}im
1975 619 2022 646 per
2039 615 2148 651 Aquam
2176 618 2276 648 intrare

1231 650 1265 669 ac
1279 640 1352 684 inibi
1364 642 1465 670 mutuo
1479 642 1703 683 coiiverfiiriQac
1719 642 1822 681 libere,
1843 655 1923 676 more
1943 647 2115 682 Mei-catorio
2152 638 2209 684 t'am
2224 636 2293 687 cuni

1231 677 1366 722 Prucenis
1381 680 1494 721 ,quam
1519 680 1578 710 aliis
1599 679 1815 719 (eujuscumque
1837 683 1968 715 Nationis
1991 688 2033 717 vel
2060 676 2141 721 Riisi’s
2169 693 2290 733 fuerint)

1232 716 1372 760 Mercari,
1391 717 1551 754 ibidemque
1566 719 1683 756 morari,
1700 720 1733 748 &
1747 721 1847 751 exinde
1862 722 1895 752 ad
1911 722 1995 754 Lares
2009 727 2041 756 ὃς
2059 727 2210 763 Domiciiia
2227 743 2292 772 pro*

1231 764 1288 800 pria
1305 755 1412 792 redire,
1432 755 1474 785 vel
1488 765 1545 794 quo
1558 757 1711 800 voluerint,
1729 760 1857 795 quotiens
1872 761 2004 797 placuerit
2010 766 2084 801 ,tam
2099 777 2146 803 per
2161 771 2293 812 Terram,

1232 802 1318 836 quam
1334 803 1381 829 per
1397 793 1525 831 Aquam,
1543 804 1612 824 cum
1630 794 1728 834 Bonis,
1748 795 1933 829 Mercandisis
1949 822 1957 837 ,
1973 802 2007 831 ὃς
2024 802 2221 839 Μετςίῐῃοηὶῑς
2244 811 2296 842 suis

1232 832 1472 875 quibuscumque,
1487 830 1570 870 Jura,
1589 832 1755 873 Custumas,
1774 837 1880 867 ratione
1896 837 2154 874 Merchandisarum
2168 847 2200 876 &t
2216 848 2298 880 Mer-

1235 879 1426 913 cimoniorum
1442 869 1576 913 suorum,
1592 871 1687 902 debita
1701 894 1711 911 ,
1730 873 1847 905 fideliter
1862 876 2061 917 persolvendo,

1271 907 1358 951 Salvis
1371 907 1479 946 semper
1493 908 1735 954 di&o·Magistro
1749 910 1885 944 Generali
1900 937 1910 952 ,
1929 915 1962 945 δε
1977 916 2056 953 ipsius
2071 918 2282 955 Succefforibus

1235 955 1316 976 omni
1327 945 1394 983 Jure
1410 957 1443 977 ac
1467 946 1628 986 Remedio,
1645 959 1683 979 eis
1700 960 1749 986 per
1763 949 1960 988 obligationes
1972 977 1982 992 ,
2003 965 2050 991 per
2065 957 2175 989 dietum
2190 947 2298 993 Domi-²

1237 994 1308 1014 num
1331 984 1447 1023 Regem
1469 985 1522 1022 (de
1545 987 1644 1025 quibus
1663 989 1735 1018 infra
1756 989 1883 1027 dicetur)
1903 992 1987 1023 factas
2003 1015 2013 1031 ,
2039 993 2187 1029 Conceffis
2203 1000 2235 1030 &
2252 999 2299 1031 In-¹

1221 1031 1224 1034 ⁴
1236 1022 1325 1053 dultis.

1276 1060 1321 1090 ΙΤ
1330 1071 1346 1091 E
1357 1069 1404 1106 M,
1418 1063 1508 1106 extitit
1522 1062 1696 1107 Ordinatum
1711 1067 1789 1103 quod
1805 1077 1907 1098 ornnes
1921 1069 1955 1100 &
1971 1070 2069 1108 singuli
2078 1072 2190 1106 Subditi
2203 1075 2300 1108 dieto-

1238 1108 1304 1144 rum
1324 1099 1455 1144 Magistri
1479 1100 1626 1145 Generalis
1647 1103 1679 1133 ὃ(
1700 1104 1818 1135 Ordinis
1839 1108 2056 1147 (cujuscumque
2071 1112 2155 1143 statiis
2169 1115 2213 1144 vel
2228 1125 2300 1146 con-

1238 1138 1354 1182 ditionis
1376 1148 1517 1170 extiterint
1525 1143 1534 1176 )
1556 1149 1685 1185 poterunt
1701 1143 1733 1172 δε
1746 1144 1905 1185 debebunt,
1920 1146 2156 1190 salvo&secure‚
2166 1152 2302 1193 Regnum

1240 1176 1356 1214 Angliae
1368 1199 1378 1214 ,
1396 1177 1498 1221 Terras
1513 1201 1522 1215 ‚
1541 1179 1574 1208 ὅ(
1589 1178 1726 1224 Doniinia
1747 1182 1869 1219 ejusdem
1886 1206 1895 1222 ,
1914 1186 1970 1215 tam
1993 1196 2042 1223 per
2054 1188 2176 1220 Terram
2217 1194 2305 1232 quam

1241 1224 1290 1252 per
1306 1214 1415 1252 Aquam
1432 1238 1441 1253 ,
1461 1225 1559 1246 intrare
1574 1239 1583 1253 ,
1600 1227 1633 1246 ac
1657 1219 1727 1247 inibi
1743 1224 1843 1251 mutuo
1861 1224 2038 1264 conversari,
2057 1228 2090 1257 &
2103 1214 2208 1268 libere',
2226 1237 2306 1263 more'

1242 1253 1441 1296 Mercatorio,
1460 1254 1518 1284 tam
1541 1263 1611 1298 curn
1630 1255 1778 1301 Anglicis,
1801 1263 1887 1297 quarn
1911 1272 1978 1292 cum
2000 1264 2058 1295 aliis
2083 1267 2306 1308 quibuscumque

1243 1292 1467 1329 (cujuscumque
1491 1292 1624 1322 Nationis
1647 1296 1688 1324 vel
1714 1294 1799 1327 Ritsis
1821 1298 1947 1336 fuerint)
1977 1300 2013 1330 M

1242 1331 1345 1359 morari
1362 1352 1370 1366 ,
1389 1331 1421 1360 ὃς
1436 1330 1537 1361 exinde
1558 1331 1592 1361 ad
1616 1331 1699 1362 Lares
1713 1332 1746 1362 ὃς
1762 1333 1918 1368 Domicilia
1938 1349 2011 1377 prop

1243 1368 1405 1406 voluerint,
1427 1370 1557 1406 quotiens
1578 1369 1712 1406 placuerit
1735 1372 1873 1403 divertere
1887 1398 1898 1413 ,
1917 1378 1975 1406 ram

1244 1407 1437 1449 perAquam,
1454 1417 1521 1437 cum
1546 1407 1628 1438 Bonis
1642 1431 1652 1445 ,
1675 1409 1855 1443 Mei-candifis
1868 1435 1878 1451 ,
1899 1414 1932 1444 &
1954 1413 2154 1450 Mercimoniis
2175 1423 2228 1452 suis
2265 1424 2310 1454 ui-⁴

1245 1445 1517 1488 buicumquetJura
1531 1446 1564 1476 δε
1581 1445 1748 1490 CustumaS,
1767 1451 1873 1481 ratione
1894 1451 2134 1488 Mercandisarum
2149 1460 2182 1490 ὅτ
2198 1433 2309 1493 Μεὲεἰὸ

1245 1493 1412 1514 nioniorum
1428 1488 1540 1514 luorum
1555 1485 1667 1524 debita,
1686 1486 1801 1517 fideliter
1816 1488 2020 1530 persolvendo,

1279 1522 1368 1565 ‘Salvis
1383 1521 1490 1566 semper
1505 1523 1585 1553 dicto
1604 1523 1734 1555 Domino
1750 1525 1841 1565 Regi,
1860 1527 2084 1569 Haeredibu5,&
2098 1530 2310 1570 Successor-ibus¹

1244 1561 1298 1605 suis
1316 1583 1325 1598 ,
1340 1571 1421 1604 omni
1441 1560 1508 1598 Jure
1534 1572 1567 1592 ης
1590 1561 1734 1593 Remedio
1748 1586 1757 1600 ,
1774 1575 1812 1594 cis
1825 1589 1833 1603 ,
1853 1577 1899 1604 per
1917 1568 2115 1603 Oblieationes
2151 1584 2199 1611 per
2213 1575 2308 1606 Com-

1246 1599 1381 1629 nnffarios
1396 1600 1641 1643 &Procuratores
1656 1601 1723 1631 dicsti
1738 1601 1866 1641 Magistri
1884 1600 2029 1638 Generalis
2044 1631 2054 1646 ,
2070 1596 2310 1648 supianominatos

1248 1638 1310 1709 ἕξεί
1317 1639 1418 1707 qciiiibus
1432 1638 1501 1670 infra
1514 1639 1640 1678 dicetur)
1660 1641 1742 1678 iplius
1757 1640 1888 1682 Magistri
1904 1647 2023 1677 nomine
2038 1648 2123 1679 factas
2136 1672 2146 1688 ,
2163 1649 2312 1684 Coiiceffis

1311 1688 1329 1707 n
1350 1687 1420 1709 utis.

1283 1713 1329 1747 I'r
1340 1725 1393 1748 EM
1427 1718 1595 1750 unanimiter
1611 1718 1841 1761 Concordatum,
1859 1722 2036 1755 Promissum
2052 1725 2093 1756 est
2106 1750 2116 1766 ,
2133 1728 2167 1760 ὃς
2183 1728 2312 1761 Concess

1249 1754 1310 1786 sum
1323 1740 1424 1801 qubdff,
1443 1766 1495 1801 pro
1509 1757 1643 1802 omnibus
1659 1759 1692 1789 &
1707 1760 1815 1799 lingulis
1836 1761 1995 1801 Dampnis,
2015 1764 2230 1798 Gravaminibus
2246 1789 2256 1805 ‚
2275 1770 2308 1799 &

1248 1793 1534 1834 Depraedationibus‚
1553 1796 1633 1841 digito
1648 1797 1780 1829 Domino
1802 1799 1897 1839 Regi,
1915 1811 1948 1832 ac
1966 1802 2046 1839 ipsius
2068 1805 2188 1836 Subditis
2204 1807 2311 1844 quibus

1250 1843 1391 1878 cumque,
1410 1835 1430 1855 ²³
1447 1845 1480 1866 ac
1498 1842 1608 1866 caeteris
1629 1837 1760 1868 omnibus
1774 1839 1838 1876 qui,
1857 1848 1988 1877 tempore
2004 1841 2224 1883 DampnOtum,
2241 1845 2316 1876 Gra-

1249 1881 1412 1911 vammum,
1433 1874 1465 1903 &
1482 1873 1735 1911 Depraedationum
1751 1877 1954 1913 praediffilorum
1970 1901 1978 1916 ,
1996 1880 2067 1910 dieii
2090 1882 2210 1913 Domini
2227 1883 2317 1922 Regis

1250 1909 1360 1941 Subditi
1381 1911 1510 1952 fuerunt,
1531 1912 1575 1942 vei
1597 1913 1657 1943 sunt
1680 1914 1715 1944 de
1739 1915 1862 1951 praesenti
1879 1940 1888 1955 ,
1907 1927 1969 1948 ante
1990 1917 2095 1949 Datam
2110 1920 2293 1953 Praesentium
2308 1943 2318 1958 2

1249 1950 1520 1996 quomodocumque
1541 1951 1621 1981 ficiis
1640 1953 1674 1983 &
1694 1952 1787 1991 illatis⁷
1805 1955 1887 1985 dicto
1908 1955 2040 1986 Domino
2064 1957 2158 1998 Regi,
2175 1969 2221 1991 aut
2236 1961 2318 1999 ipsius

1250 1988 1482 2028 buccefforibus,
1502 2000 1552 2028 per
1572 1991 1743 2028 praedistum
1769 1992 1941 2030 Magistrum
1965 1994 2136 2028 Generalem
2153 2021 2161 2036 ,
2179 2007 2225 2029 aut
2243 2000 2316 2030 Suc-

1249 2025 1369 2058 ceffores
1389 2027 1466 2066 suos,
1485 2028 1515 2059 in
1538 2029 1651 2072 plenam
1673 2030 1895 2062 satisfactionem
1922 2033 2144 2074 Dainpnoium,
2163 2037 2317 2068 Gravami-

1249 2075 1320 2095 num
1334 2088 1357 2110 ,Ι
1370 2067 1404 2098 &
1425 2067 1682 2104 Depraedationum
1705 2070 1908 2106 praedictorum
1924 2094 1933 2108 ,
1957 2071 2023 2102 solvi
2047 2074 2149 2105 debent
2171 2076 2317 2107 nonnullae*

1249 2101 1438 2149 pecuniarum
1460 2104 1592 2150 Summae
1612 2106 1741 2138 Monetae
1765 2108 1933 2146 Anglicanae
1948 2133 1956 2147 ,
1976 2119 2059 2147 prout
2075 2113 2103 2142 in
2119 2113 2216 2144 Literh
2231 2115 2317 2145 Obli-

1249 2150 1363 2180 gatoriis
1375 2165 1385 2181 ,
1403 2153 1451 2181 per
1466 2144 1593 2181 praedicti
1610 2144 1740 2184 Magistri
1755 2145 1900 2177 Generalis
1915 2147 2117 2180 Procuratores
2129 2153 2162 2183 ὃς
2179 2154 2318 2183 Nuncios

1249 2180 1491 2226 supranominatos
1503 2183 1533 2212 in
1549 2183 1602 2213 hac
1618 2193 1694 2221 parte
1709 2185 1804 2223 saitis,
1821 2187 1855 2217 <Sc
1872 2196 1968 2217 eorum
1986 2188 2086 2226 sigillis
2102 2190 2318 2228 iigiiiatisfflrov,

1251 2221 1476 2264 curatoribusque
1499 2222 1532 2252 &
1551 2220 1760 2254 Commiffariis
1776 2224 1847 2254 dieti
1868 2224 1992 2255 Domini
2008 2226 2096 2266 Regis
2106 2232 2319 2266 praenominatis

1250 2258 1353 2290 traditis
1369 2260 1402 2289 δε
1416 2259 1550 2297 liberatis,
1568 2260 1675 2297 plenius
1691 2264 1867 2300 continetur,

1289 2296 1334 2329 iT
1345 2307 1362 2328 E
1373 2306 1417 2334 M,
1437 2298 1616 2328 CondiCtum
1631 2323 1640 2336 ,
1660 2299 1836 2330 Concessum
1858 2300 1971 2340 existit,
1990 2303 2023 2333 &
2047 2302 2220 2337 Promissum
2236 2307 2317 2345 quod

1250 2338 1342 2367 nullus
1358 2335 1480 2368 subditus
1495 2337 1566 2378 dieti
1582 2336 1717 2373 Magistri
1733 2337 1894 2375 Generalis,
1913 2349 1960 2371 aut
1975 2341 2085 2375 suorum
2100 2343 2318 2385 Successorum,

1251 2377 1357 2406 ratione
1373 2375 1417 2406 vel
1434 2376 1603 2406 occaiionne
1619 2374 1844 2415 Dampnorum,
1862 2377 2071 2410 Gravaminum
2084 2404 2094 2419 ,
2108 2383 2142 2413 δε
2161 2382 2319 2420 Depraeda-

1251 2416 1363 2444 tionum
1381 2413 1602 2451 praedictorum,
1621 2423 1669 2451 pei·
1683 2414 1831 2452 praefatum
1846 2414 2011 2447 Dominum
2028 2418 2159 2459 Regem,
2178 2422 2221 2452 vel
2238 2424 2322 2461 ipsius

1252 2451 1431 2483 successores
1445 2474 1454 2489 ,
1480 2459 1527 2481 aut
1549 2451 1718 2482 eorumdem
1735 2453 1814 2491 Juffu
1836 2453 1879 2484 vei
1904 2454 2043 2486 Mandato
2058 2480 2068 2495 ,
2094 2467 2141 2489 aut
2163 2466 2211 2497 per
2234 2462 2321 2493 alium

1252 2499 1468 2529 quemcumque
1481 2512 1491 2526 ,
1508 2491 1554 2528 qui
1571 2513 1580 2527 ,
1599 2491 1746 2522 occasione
1769 2492 1813 2521 vel
1828 2491 1910 2524 causa
1933 2493 2154 2536 Dampnorum,
2172 2497 2325 2530 Gravami⁴

1251 2539 1339 2567 num,
1356 2529 1389 2559 ὃς
1410 2528 1680 2566 Depraedationurn,
1699 2529 1734 2559 de
1750 2531 1850 2568 quibus
1864 2531 1983 2568 superius
2000 2543 2188 2574 memoratur,
2202 2537 2325 2570 offensus

1253 2568 1335 2598 fuerit
1350 2567 1395 2597 vel
1409 2566 1623 2603 dampnificatus
1637 2590 1647 2604 ,
1667 2567 1827 2605 ipsorumve
1850 2570 1964 2608 alicujus
1986 2570 2188 2604 Procuratione
2210 2577 2254 2607 vel
2274 2577 2323 2608 ln-

1254 2605 1353 2637 stantia
1369 2629 1378 2642 ,
1396 2606 1520 2642 capietur
1536 2628 1546 2643 ,
1564 2605 1728 2637 arestabitur
1743 2629 1752 2642 ,
1771 2608 2016 2639 incarcererabitur
2029 2635 2037 2647 ,
2066 2611 2110 2641 vel
2134 2612 2324 2655 detinebitur,

1255 2655 1309 2675 nec
1324 2643 1510 2674 Subditorum
1526 2644 1597 2674 dicti
1615 2644 1746 2681 Magistri
1756 2644 1917 2685 Gener-aiis,
1938 2649 1980 2677 vel
1998 2648 2187 2681 successorum
2201 2653 2312 2685 suorum

1255 2684 1299 2714 seu
1317 2683 1433 2721 alicujus
1452 2682 1618 2713 eorumdem
1638 2683 1716 2714 Bona
1739 2685 1883 2721 capiantur
1898 2707 1908 2723 ,
1926 2687 2078 2718 arestentur
2093 2711 2102 2727 ,
2121 2689 2165 2719 vel
2183 2675 2326 2724 derinean2

1255 2730 1308 2752 tur.

1294 2760 1341 2791 IT
1354 2768 1371 2789 E
1382 2767 1407 2790 Μ
1423 2783 1433 2798 ,
1450 2758 1628 2790 CondiCtum
1649 2758 1689 2789 est
1711 2761 1744 2791 &
1766 2756 1984 2792 Concorditurn
2007 2757 2087 2801 ‘quod
2104 2786 2113 2802 ,
2132 2765 2149 2795 si
2174 2770 2327 2807 contingat

1256 2799 1380 2837 aliquem
1402 2799 1525 2837 Ligeum
1545 2799 1590 2829 vel
1612 2798 1764 2831 Subditum
1782 2800 1852 2830 diCti
1870 2799 2002 2836 Magistri·
2026 2802 2187 2844 Generalis,
2203 2808 2237 2838 ὃς
2250 2807 2323 2839 Suc-

1257 2839 1402 2870 cefforuin
1425 2837 1537 2867 suorum
1553 2861 1563 2874 ,
1589 2847 1689 2868 contra
1710 2838 1845 2868 Formam
1870 2838 2048 2870 Concordiae
2069 2843 2102 2872 &
2126 2842 2328 2877 Concession'is

1258 2878 1393 2917 proximo
1411 2875 1648 2914 praescriprarum,
1668 2877 1776 2912 gravari
1792 2877 1835 2906 vel
1848 2876 2040 2914 dampnificari
2051 2902 2060 2917 ,
2078 2881 2157 2920 quod
2175 2892 2242 2913 tunc
2259 2885 2324 2915 Do-

1259 2918 1352 2947 minus
1380 2915 1444 2945 Rex
1469 2913 1649 2953 antediem&
1676 2915 1710 2944 &
1729 2914 1911 2945 Succeffores
1931 2916 1969 2946 sui
1993 2917 2085 2957 Reges
2108 2919 2219 2959 Angliae
2234 2945 2243 2959 ,
2271 2928 2323 2960 pro

1257 2956 1338 2986 omni
1362 2953 1500 2990 Dampno
1515 2976 1524 2990 ,
1540 2952 1619 2992 quod
1642 2952 1752 2983 Subditi
1775 2953 1845 2982 dieti
1868 2952 1997 2993 Magistri
2011 2956 2173 2996 Generalis,
2194 2961 2238 2989 vel
2251 2960 2323 2992 Suc-

1259 2994 1402 3024 cessorum
1416 2992 1530 3022 suorum
1540 3001 1589 3028 ,ea
1604 2991 1639 3021 de
1654 2992 1731 3022 causa
1740 2991 1840 3029 injuste
1853 2990 2099 3032 sustiiiuerint,vel
2112 2996 2208 3035 aliquis
2222 3009 2325 3030 eorum

1258 3033 1429 3069 sustinuerit,
1448 3030 1571 3067 plenarie
1587 3029 1799 3069 Dampnificato
1814 3029 1967 3062 satisfacere
1985 3041 2138 3064 teneantur.

1298 3071 1388 3110 Quod
1403 3071 1421 3100 si
1436 3070 1584 3099 Dominus
1607 3068 1671 3098 Rex
1683 3067 1855 3105 antedictus,
1873 3069 1916 3098 vel
1931 3069 2109 3102 successores
2120 3073 2161 3103 sui
2175 3075 2203 3104 in
2221 3074 2326 3115 Regno

1260 3110 1388 3149 Angiiae,
1407 3109 1533 3146 congrue
1546 3117 1595 3144 per
1610 3106 1713 3136 Literas
1729 3106 1799 3136 dicti
1819 3106 1948 3145 Magistri
1964 3109 2109 3140 Generalis
2124 3134 2129 3143 ,
2149 3122 2194 3142 aut
2209 3113 2325 3144 Succes-

1259 3149 1353 3180 sorum
1377 3148 1491 3177 suorum
1513 3145 1653 3182 requisiti,
1672 3144 1764 3174 facere
1780 3144 1983 3184 recusaverint,
2001 3157 2120 3186 exrunc,
2139 3150 2203 3187 post
2217 3151 2323 3189 lapsum

1259 3187 1313 3217 Sex
1338 3185 1499 3222 Mensium,
1517 3195 1531 3213 a
1553 3187 1681 3221 tempore
1705 3182 1902 3221 Requiiitionis
1923 3185 2108 3224 hujusmodi,
2132 3190 2267 3226 proximo
2283 3190 2323 3221 se-

1259 3226 1426 3263 quentium,
1445 3224 1520 3254 bene
1543 3222 1622 3252 liceat
1639 3245 1648 3260 ,
1667 3221 1784 3265 praefato
1807 3221 1950 3265 Magistro
1973 3224 2123 3263 Generali,
2141 3228 2190 3264 qui
2209 3227 2248 3257 est
2263 3250 2272 3266 ‚
2289 3224 2324 3261 δέ

1259 3265 1307 3302 qui
1327 3265 1378 3293 erit
1402 3272 1452 3300 pro
1473 3270 1620 3301 tempore,
1638 3259 1713 3290 facta
1728 3261 1857 3299 primitiis
1866 3261 1919 3291 fide
1927 3263 2066 3300 oportuna
2078 3264 2112 3293 de
2127 3263 2323 3302 Requisitione

1259 3301 1435 3340 hujusmodi,
1453 3309 1527 3330 tanta
1548 3299 1624 3330 Bona
1642 3298 1827 3329 Subditorum
1843 3299 1912 3330 dicti
1928 3300 2047 3330 Domini
2063 3302 2170 3340 Regis,
2188 3304 2216 3333 in
2232 3305 2323 3336 Terra

1260 3340 1356 3371 Prucis
1379 3348 1500 3377 reperta,
1517 3338 1649 3374 arestare,
1666 3347 1729 3380 quae
1749 3336 1872 3368 sufficere
1888 3348 2018 3375 poterunt
2037 3339 2069 3369 ad
2085 3350 2225 3378 congruas
2239 3343 2324 3374 Satis·

1259 3379 1454 3409 factionem&
1462 3376 1619 3407 Emendam
1629 3375 1751 3405 indebite
1759 3377 1786 3405 in
1795 3375 1847 3405 hac
1857 3385 1931 3413 parte
1940 3377 2188 3416 Gravatorum,vel
2197 3380 2325 3421 Gravati,

1260 3419 1292 3447 ὅ(
1309 3427 1339 3446 ea
1358 3416 1406 3446 sub
1425 3415 1527 3446 Aresto
1543 3415 1683 3451 detinere,
1697 3414 1838 3453 quousque
1853 3415 1994 3456 condigna
2011 3416 2173 3454 hujusmodi
2193 3418 2324 3451 Gravatis

1259 3456 1304 3487 vel
1321 3463 1433 3494 gravato
1447 3453 1605 3484 Satisfaetio
1618 3452 1663 3482 fiat
1685 3452 1718 3481 &
1733 3454 1859 3483 emenda.
2021 3484 2023 3487 ,
2211 3488 2212 3491 ,

1298 3492 1345 3524 IT
1356 3501 1428 3530 EM,
1449 3503 1496 3528 per
1516 3490 1730 3522 Cominus-arios
1749 3490 1783 3520 &
1798 3490 1995 3523 Procuratores
2010 3492 2165 3533 saepe‘fitos,
2187 3494 2318 3526 Concor-

1261 3532 1375 3569 datum,
1394 3530 1567 3561 Promissum
1605 3531 1635 3559 ὃς
1654 3527 1832 3559 Concessum
1849 3530 1939 3560 existit
1955 3532 2050 3568 quiid,
2069 3542 2120 3568 pro
2135 3534 2268 3564 omnibus
2286 3535 2320 3564 δε

1261 3570 1373 3605 singulis
1388 3569 1543 3606 Dampnis,
1561 3552 1800 3605 Gravaminibus,
1818 3569 1852 3598 &
1866 3567 2144 3610 Depraedationibus‚
2161 3572 2240 3601 dicto
2256 3567 2322 3601 Ma-

1262 3608 1351 3645 gistro
1366 3607 1497 3637 Generali
1513 3628 1526 3648 ,q
1539 3607 1572 3637 ὃς
1596 3606 1677 3643 ipsius
1698 3605 1821 3635 Subditis
1835 3606 2074 3646 quibuscumque,
2093 3609 2151 3638 tam
2173 3609 2323 3647 Prucenis‚

1261 3648 1346 3684 quam
1361 3645 1598 3681 vaonieniibus,
1614 3654 1647 3674 ac
1662 3645 1770 3674 caeteris
1786 3645 1942 3683 omnibus,-
1963 3647 2011 3684 qui
2025 3652 2152 3684 tempore
2168 3647 2322 3684 Dampn‘o-

1262 3695 1343 3722 rum,
1362 3684 1589 3719 Gravaminum,
1608 3684 1641 3714 ὃ(
1663 3681 1916 3720 Depraedationum
1932 3685 2146 3722 praedi&orum,
2161 3685 2230 3715 dieti·
2253 3684 2321 3715 Ma-

1280 3723 1335 3753 istii
1357 3722 1501 3753 Generalis
1522 3721 1634 3751 Subditi
1656 3720 1766 3750 fuerunt
1781 3744 1791 3759 ,
1808 3722 1853 3752 vel
1871 3721 1931 3751 sunt
1950 3721 1986 3752 de
2007 3723 2155 3760 praesenti,
2180 3733 2228 3760 per
2250 3723 2320 3754 dicti*

1295 3762 1387 3791 omini
1406 3760 1496 3797 Regis
1511 3760 1618 3795 Ligeos
1631 3759 1664 3790 ὃ(
1680 3758 1828 3799 Subditos,
1847 3768 1910 3790 ante
1925 3760 2032 3791 Datam
2046 3760 2321 3801 Praesentium,quo-

1261 3799 1476 3836 modocumque
1496 3798 1575 3828 faCtis
1599 3798 1631 3827 &
1654 3797 1720 3827 illati

1298 3837 1385 3867 Salvis
1401 3836 1508 3874 semper
1523 3836 1662 3875 Datnpnis
1676 3837 1709 3867 &

2015 1307 2100 1346 ercari
2114 1328 2125 1343 ,
2143 1307 2307 1346 ibidemque

2012 1351 2048 1372 ria
2073 1346 2176 1383 redire,
2194 1347 2228 1377 &
2250 1353 2309 1386 quo

1996 1388 2042 1415 per
2057 1381 2198 1422 Terram,
2218 1386 2307 1424 quarn

1722 3808 1733 3827 s

1724 3816 1943 3866 Gravatninibus
1957 3836 2090 3872 aliquibus
2104 3835 2172 3865 dieti
2190 3828 2321 3876 Magistri

1261 3876 1408 3907 Generalis
1425 3875 1551 3905 Subditis
1565 3896 1575 3912 ,
1592 3883 1656 3904 ante
1675 3874 1779 3904 Dicam
1805 3873 1983 3904 Praei‘entium
1999 3895 2008 3910 ,
2032 3884 2080 3910 per
2103 3874 2172 3904 dieti
2197 3874 2320 3906 Domini

1262 3914 1309 3944 Re
1330 3915 1350 3943 is
1365 3913 1467 3951 Ligeos
1482 3914 1516 3944 ὃς
1531 3912 1681 3950 Subditos,
1699 3912 1849 3950 specialiter
1864 3912 1916 3942 illis
1930 3911 1965 3940 de
1982 3910 2080 3941 Prucia
2093 3912 2172 3942 illatis
2186 3935 2195 3949 ‚
2214 3914 2243 3943 in
2258 3916 2321 3952 qui.-

1262 3955 1299 3983 bu
1312 3953 1375 3982 darn
1390 3952 1448 3982 aliis
1462 3951 1561 3981 Literis
1574 3950 1725 3983 Indentatis
1740 3973 1749 3988 ,
1770 3960 1818 3987 per
1834 3949 1901 3979 Nos
1915 3971 1926 3986 2
1936 3949 1976 3991 ¹&
1990 3950 2060 3979 inter
2076 3949 2161 3988 Nos,
2180 3950 2319 3984 procura-2

1259 3996 1333 4022 tores
1347 3990 1380 4020 &
1395 3989 1530 4020 Nuncios
1543 3990 1763 4027 praenominatos
1776 4011 1785 4025 ,
1805 3986 1954 4017 Confectis
1967 3987 2000 4018 &
2014 3986 2143 4024 ‘sigillatis
2183 3999 2244 4029 quae
2257 3991 2319 4022 sunt

1260 4030 1294 4059 de
1311 4029 1399 4064 Data,
1416 4029 1446 4058 in
1460 4027 1582 4059 Civitate
1599 4027 1762 4058 Londoniae
1776 4027 1805 4055 in
1820 4025 1923 4062 Angiia
1943 4025 2054 4062 Qarto
2069 4025 2127 4057 Die
2147 4011 2320 4059 Decembris

1260 4076 1335 4097 anno
1357 4065 1480 4096 Domini
1501 4065 1656 4096 Millesimo
1675 4064 1958 4104 Quadringentesimo
1979 4062 2076 4094 Nono
2087 4086 2097 4103 ,
2115 4068 2267 4097 nominatis
2285 4067 2323 4097 &r

1262 4104 1435 4143 specificans,

2234 4135 2329 4175 Diuo

2334 1842 2447 1880 *Vilis

2350 1894 2418 1927 6652
