2562 4274
757 147 868 204 ‘ET
948 163 1215 205 ACTA

42 251 167 287 Anni),
187 252 366 290 prefatorum
384 251 450 290 Jura
463 249 599 282 salvantur
612 251 641 281 in
658 249 794 288 Capitulo
818 249 940 288 ejusdem
961 248 1054 287 Pacis,
1070 250 1099 279 in
1122 259 1182 287 quo
1205 249 1240 281 de

61 301 145 331 1420-
190 291 401 322 Confoederatis
415 290 556 328 utriusque
571 289 692 327 ipsorum
711 288 829 329 Mentio
843 289 1012 322 continetur.
1137 318 1140 321 ,

42 338 102 361 hen.
121 339 147 366 5.
227 329 430 367 Praesentium,
444 328 494 358 sub
508 328 611 358 nostrae
627 326 780 365 Majestatis
797 326 914 364 sigillo,
931 325 1116 356 Testimonio
1138 327 1246 358 Litera-

190 378 264 399 rum.

195 465 198 468 -
228 442 296 474 Dat.
313 443 340 472 in
359 441 451 482 Castro
465 440 551 483 nistra
568 440 712 482 Pragenfi‚
731 440 818 473 Anno
833 441 956 473 Domini
972 440 1145 478 MillesimO,
1165 440 1246 479 Qa-

187 481 406 520 dringentesimo
416 504 424 519 ,
439 481 464 512 V
468 481 600 518 icefimo,
614 479 714 512 ultima
725 479 782 510 Die
796 481 877 519 julii:
891 480 1058 519 Regnorum
1073 479 1246 516 nostrorum,

192 522 280 551 Anno
293 519 365 550 Hun
386 522 469 558 ariae,
483 522 543 551 &c.
562 519 724 549 Tricesimo
739 528 852 556 quarto:
872 519 1074 549 Romanorum
1093 520 1164 549 vero
1185 517 1247 547 De-

192 559 294 596 cim03
310 559 345 590 &
382 559 484 589 oemiae
499 557 605 587 Prim'o.

191 673 208 703 f
231 633 278 665 Ad
296 634 464 666 Mandatum
478 632 600 664 Domini
618 631 723 672 Regis,
739 635 849 672 Georgia
868 634 990 674 Episcopo
1013 632 1165 673 Patavenfi
1185 626 1249 663 Re-

205 683 305 704 ΕῘἙΓΠΕ-

232 798 345 829 Forma
353 796 519 840 ficundum
536 807 629 843 qnam
644 797 777 843 Alligcm'
791 800 828 835 ὠ*
847 795 1044 838 Confoederati
1057 805 1161 841 petunt
1176 799 1207 827 in

441 857 607 878 memorata
627 849 649 879 Ρ
663 857 685 878 Α
697 857 718 878 c
732 856 750 878 Ε
782 843 995 890 comprehendi.

48 934 123 974 A'nn.
132 930 172 972 D.

65 990 149 1020 1420.

43 1024 95 1048 Art.
112 1022 139 1047 ὃ.

194 928 408 991 LOdowicm',
426 928 483 960 Dei
509 929 613 969 gratia,
631 934 719 960 comes
741 928 886 959 Palatinus
909 931 977 958 Rem·
985 951 993 965 ,
1020 928 1097 959 Sacri
1121 929 1248 960 Romani

272 968 388 1006 Imperii
409 970 441 999 &
460 969 594 1005 Princeps
616 968 731 998 Elector
752 967 962 1005 Arcliidapifer,
977 969 1010 997 ὃς
1026 967 1146 997 Bavariae
1163 967 1249 1006 Dux,

193 1007 325 1038 universis
339 1008 372 1038 &
388 1007 515 1045 lingulis,
533 1006 567 1037 ad
580 1015 701 1044 quotum
715 1006 861 1037 Notitiam
886 1006 1030 1044 praesentes
1055 1005 1158 1036 Litetae
1185 1016 1250 1044 per—

193 1047 338 1083 venerint,
352 1043 483 1076 Salutem.

233 1084 261 1114 C
270 1092 290 1114 υ
304 1093 331 1114 Μ
342 1106 352 1122 ,

233 1123 278 1153 Ad
296 1121 422 1153 Laudem
437 1123 471 1154 &
486 1121 640 1153 Honorem
657 1121 733 1161 Dei,
743 1130 775 1153 ae
787 1121 869 1159 ipsius
883 1121 1022 1152 Nominis
1035 1121 1251 1160 limitationem,

197 1171 312 1192 necnon
324 1162 567 1198 Tranquillitatem
583 1163 617 1194 ὃς
632 1162 768 1200 Qiietem
783 1161 861 1192 Sacri
875 1160 1002 1191 Romani
1018 1160 1132 1198 imperii
1151 1171 1183 1191 ac
1206 1170 1252 1191 to-

195 1202 248 1231 tius
263 1199 363 1237 Populi
379 1199 547 1238 Christiani,

233 1238 317 1275 Pax,
334 1237 381 1268 diu
398 1239 548 1269 desiderata
559 1263 568 1276 ,
586 1239 677 1277 inter,
692 1237 884 1269 serenissimos
900 1238 927 1267 in
951 1236 1068 1267 Christo
1090 1236 1232 1273 Principes
1243 1259 1252 1274 ‚

199 1276 363 1307 Dominum
378 1277 526 1315 Karalum,
545 1277 602 1308 Dei
621 1277 735 1316 Gratia,
751 1280 889 1314 Franciae,
908 1286 941 1306 ac
964 1276 1127 1306 Dominum
1150 1278 1252 1304 Henri-

199 1326 278 1353 cum,
303 1315 402 1345 eadem
425 1315 525 1347 Gratia
542 1338 551 1354 ‚
576 1315 687 1353 Angliae
702 1340 710 1353 ,
736 1315 891 1345 Haeredem
914 1315 947 1345 &
969 1313 1134 1351 Regentem
1156 1312 1251 1352 Regni

198 1353 222 1382 F
224 1354 341 1391 ranciae,
357 1356 454 1392 Reges,
471 1365 504 1386 ac
522 1354 623 1393 Regna
638 1353 661 1384 F
663 1354 762 1384 ranciae
776 1355 809 1385 &
830 1353 958 1391 Angliae,
978 1350 1105 1391 Conclusa
1126 1352 1159 1382 &
1180 1357 1251 1381 Con-

197 1393 308 1422 cordata
325 1392 437 1431 existat,

234 1430 283 1460 De
299 1434 380 1461 Data
396 1430 653 1469 Treci5,=vicesim0
670 1431 763 1468 primo
785 1430 845 1460 Die
869 1429 956 1467 Maii,
976 1429 1063 1459 Anno
1085 1428 1251 1458 Dominicae

188 1467 413 1507 ,Incarnationis,
434 1470 606 1506 Millesimo,
623 1468 924 1508 Qadringentesimo,
941 1468 1096 1505 vicesimo,
1117 1477 1150 1496 ac
1174 1466 1253 1509 Sere-

194 1507 298 1538 nissimi
316 1508 452 1546 Principis
467 1508 564 1537 Karoli
578 1508 816 1546 Qadragesimo,
835 1506 959 1544 praedicti
976 1504 1151 1536 Illustrissimi
1172 1503 1254 1533 Prin-

194 1547 266 1613 ic'tipss
288 1548 399 1577 Henrici
421 1547 527 1578 odiavo
543 1569 553 1585 ,
577 1555 660 1584 prout
683 1556 717 1576 cx
742 1546 860 1576 Tenore
883 1544 1005 1582 ejusdem
1030 1544 1116 1581 liquet
1137 1542 1254 1573 manife-

221 1594 253 1621 e,

231 1622 301 1652 Nos
317 1623 377 1661 (qui
387 1623 468 1653 dicto
484 1622 667 1653 Sereniffimo
685 1621 810 1659 Principi
823 1623 940 1650 Henrico
953 1623 1016 1658 Regi
1033 1620 1164 1656 Angliae‚
1181 1618 1254 1649 Hae-

196 1661 254 1690 redi
277 1661 310 1691 ὃς
334 1660 457 1700 Regenti
478 1660 573 1698 Regni
601 1660 742 1696 Franciae,
760 1659 872 1699 Alligati
887 1660 920 1690 ὃς
936 1658 1132 1689 Confoederati
1147 1658 1250 1694 sumus)

196 1699 303 1729 dietam
324 1699 440 1729 PAcEM
463 1700 509 1735 (ad
527 1707 610 1736 quam
623 1698 692 1728 Nos
710 1698 872 1735 referimus,
888 1698 920 1728 &
947 1697 993 1728 hic
1009 1697 1106 1727 haberi
1121 1696 1253 1725 volumus

196 1747 250 1774 pro
267 1737 375 1773 inserta)
394 1736 569 1775 singulosque
583 1738 664 1774 ipsius
685 1736 764 1767 Pacis
786 1737 945 1773 ArticulOS,
964 1744 1096 1773 quatenus
1120 1734 1204 1771 Nos,
1220 1735 1253 1765 <Sc

194 1775 350 1813 Haeredes,
366 1783 450 1813 atque
470 1775 648 1806 Successores
667 1774 779 1804 nostros
799 1783 995 1812 concernunt,
1013 1774 1058 1803 seu
1079 1782 1252 1802 concernere

195 1823 330 1851 poterunt
346 1815 374 1843 in
389 1814 533 1850 futurum,
553 1823 604 1851 pro
621 1813 733 1850 Nobis,
750 1814 782 1844 &
798 1812 985 1850 Haeredibus,
1000 1821 1082 1850 atque
1104 1810 1253 1841 Successo-

195 1853 273 1882 ribus
287 1851 388 1881 nostris
401 1852 559 1889 praedietis,
577 1851 738 1888 observare,
756 1861 789 1881 ac
806 1853 842 1882 ab
856 1852 1006 1888 omnibus,
1023 1860 1146 1888 quorum
1166 1850 1251 1879 inter-

197 1890 256 1927 est,
274 1889 389 1920 firmiter
408 1890 546 1920 observati
567 1890 599 1920 ὃς
617 1891 656 1927 (in
670 1889 703 1920 eti
721 1889 936 1928 Comprehendi
954 1888 1108 1926 cupientes)
1133 1887 1251 1918 PAcEM

197 1927 363 1966 praedictam
386 1927 563 1966 Laudamus,
589 1928 805 1966 Approbamus‚
823 1929 855 1959 δε
878 1928 1086 1965 Acceptamus,
1104 1925 1252 1963 eidemque

195 1967 381 1997 Adhaeremus
395 1967 427 1997 ὃ(
444 1966 663 2004 ΑρρῙειυάἰηωε,
681 1976 764 2003 atque
778 1967 828 1997 sub
845 1966 965 2005 ejusdem
980 1966 1073 1996 PAcis
1097 1964 1254 2002 Traciatu,

195 2014 282 2043 prout
306 2013 340 2034 ex
357 2004 473 2034 Tenore
494 2005 613 2041 eiusdem
633 2004 733 2034 Nobis
756 2005 821 2036 licet
840 2029 849 2042 ,
869 2003 1074 2042 comprehendi
1094 2002 1226 2033 volumus
1242 2026 1252 2039 ,

197 2053 313 2073 necnon
330 2043 436 2073 diotam
451 2042 567 2074 PAcEM
578 2067 587 2081 ,
607 2051 636 2073 ut
657 2043 819 2081 praefermr,
835 2044 973 2081 perpetuis
993 2038 1189 2079 Temporibus
1211 2042 1254 2071 in-

197 2081 364 2112 violabiliter
378 2080 526 2112 observare
539 2081 734 2112 Promittimus
750 2091 799 2119 per
816 2081 974 2114 Praesentes.

235 2118 270 2149 In
283 2120 361 2156 cujus
374 2118 430 2150 Rei
446 2119 527 2150 Test.
545 2120 605 2151 &c.

44 1101 82 1124 Ex
92 1097 156 1124 Ribl.

43 1136 174 1162 crim-be-

40 1175 94 1199 rius
110 1178 138 1200 B.
150 1175 176 1200 6.

45 1214 85 1238 Fri
111 1214 155 1247 89.

242 2246 291 2278 De
315 2242 486 2277 Traffando
511 2255 579 2277 cum
605 2247 690 2278 Duce
703 2247 740 2283 ὠ
761 2243 925 2277 Baronibus
944 2247 1100 2278 Britanniae
1117 2243 1208 2289 fhper

530 2291 747 2340 Approbatione
775 2297 798 2327 P
813 2305 833 2326 A
847 2305 868 2327 c
882 2305 894 2327 1
907 2305 933 2328 s.

50 2385 128 2421 Ann.
141 2385 182 2416 D.

47 2435 157 2493 Αιιμὲο.

47 2477 101 2530 Ηῗι,
112 2487 145 2538 ς..

47 2546 138 2569 Norm.
155 2540 184 2571 8.

202 2378 321 2437 REX
340 2378 501 2418 Omnibus,
519 2377 553 2410 ad
567 2387 657 2417 quos,
675 2379 735 2410 &c.
754 2378 889 2410 Salutem.

300 2418 397 2449 Sciatis
416 2419 496 2456 quod
515 2418 602 2457 Nos,
979 2450 981 2453 v

238 2455 288 2487 De
302 2457 446 2487 Fidelitate
463 2458 496 2488 &
515 2455 785 2494 Circumspeetionis
805 2455 953 2493 industria,
971 2454 1151 2486 Dilefforum
1162 2478 1171 2493 ,
1190 2454 1256 2486 Ma-

200 2494 277 2531 gistri
299 2494 439 2533 Johannis
459 2494 582 2534 Stqffbrd
603 2495 714 2534 Legum
735 2495 892 2533 Dedioris,
920 2494 1026 2524 Thomae
1048 2494 1202 2532 Chauciers,
1220 2494 1254 2525 &

200 2532 341 2571 Johannis
354 2536 477 2571 Pirient‚
498 2535 733 2570 Armigerorum,
754 2534 877 2571 plenarie
894 2533 1068 2563 confidentes
1079 2556 1088 2571 ,

238 2572 285 2602 Ad
310 2570 570 2611 Conveniendutn,
587 2572 798 2611 Tra6tandum‚
814 2571 1116 2609 Communicandum,
1133 2571 1166 2602 &
1187 2570 1255 2601 fina-

198 2610 260 2640 liter
276 2608 537 2647 Concludendum,

237 2647 318 2679 Cum
329 2673 338 2686 ,
357 2649 497 2679 cariffimo
512 2649 603 2679 Fratre
616 2648 714 2679 nostro
724 2671 734 2686 ,
751 2650 825 2678 Duce
838 2650 1006 2686 Britanniae,
1023 2657 1136 2678 necnon
1154 2646 1255 2677 Praela-

198 2688 231 2717 tis
245 2689 277 2718 &
294 2687 446 2717 Batonibus
457 2688 526 2718 dicii
543 2687 673 2718 Ducatsis
689 2687 854 2725 Britanniae,
871 2687 915 2717 seu
930 2686 1078 2724 Deputatis
1094 2686 1138 2716 vel
1154 2686 1255 2722 Depu-

197 2725 288 2793 <tiandis
300 2726 542 2764 quibuscumque,
559 2725 730 2757 Potestatem
753 2726 936 2756 sufficientem
955 2725 1121 2756 habentibus
1146 2725 1181 2754 ab
1203 2726 1255 2754 eis-

218 2772 263 2792 em
274 2785 282 2800 ,

237 2801 255 2820 ³*
276 2801 325 2831 De
348 2801 381 2832 ὃς
402 2801 479 2839 super
500 2802 722 2840 Acceptatione,
749 2802 966 2840 Affirmatione,
991 2802 1023 2832 ὃς
1049 2800 1253 2831 Observatione

199 2838 292 2869 Pacis
320 2848 474 2879 FiNALis,
499 2842 588 2878 inter,
606 2840 834 2880 praecariffimtim
858 2842 971 2871 Patrem
992 2838 1139 2877 nostrum,
1157 2843 1253 2877 Regem

199 2881 320 2908 Francia>
337 2879 370 2908 δε
383 2880 463 2916 Nor,
480 2888 512 2908 ac
528 2880 624 2910 inclita
638 2879 763 2910 Franciae
777 2881 809 2910 ὃς
825 2880 938 2917 Angliae
953 2878 1068 2917 Regna,
1088 2888 1179 2916 nuper
1195 2878 1254 2908 reli-

199 2918 269 2948 citer
283 2917 364 2946 faetae
381 2918 413 2947 ὃς
429 2917 586 2955 conclusae,

237 2954 274 2985 Et
287 2955 405 2985 eandem
420 2954 536 2985 PACEM
554 2957 590 2986 ab
603 2954 679 2992 ipsis,
698 2954 837 2984 carissimo
853 2954 948 2985 Fratre
968 2954 1068 2985 nostro
1090 2958 1164 2984 Duce
1190 2955 1255 2982 Bri-

198 2996 301 3022 tanm'ae
314 2993 488 3032 supradicto,
507 3004 619 3024 necnon
636 2993 777 3030 Praelatis,
793 2995 825 3025 &
841 2993 992 3024 Batonibus
1002 3017 1011 3032 ,
1023 2995 1056 3024 ὅ(
1071 2993 1125 3023 aliis
1140 2993 1253 3030 quibus-

199 3040 325 3068 cumque
338 3032 419 3068 ipsius
431 3032 562 3063 Ducatfis
572 3057 581 3070 ,
601 3042 653 3070 pro
667 3032 744 3069 ipfis,
763 3033 795 3063 ὃς
811 3041 911 3061 eorum
926 3031 1113 3069 Haeredibus,
1128 3039 1256 3069 accepta-

202 3070 226 3099 ri
266 3068 415 3107 affirmari,
434 3071 466 3100 &
481 3071 632 3102 Observari
647 3070 806 3101 Petendum
822 3071 854 3101 &
871 3070 1087 3107 Obtinendum,

236 3093 278 3137 ’Et
290 3106 370 3144 super
382 3108 439 3138 hoc
451 3108 631 3146 juramenta,
651 3109 860 3147 Obligationes,
879 3110 911 3140 &
926 3109 976 3139 alia
997 3108 1184 3138 Securitatum
1207 3115 1255 3145 ge-

202 3154 269 3176 nera
284 3144 458 3184 Exigendum
473 3149 506 3178 &
522 3147 731 3185 Recipiendum
741 3170 750 3185 ,

237 3183 404 3222 Caeteraque
419 3186 517 3214 omnia
532 3186 565 3216 &
579 3186 681 3226 lingula
698 3185 868 3216 Faciendum
878 3208 887 3224 ‚
907 3183 1127 3215 Excercendum
1142 3183 1175 3214 δε
1194 3181 1252 3212 Ex-

199 3222 388 3260 peffiendurn,
407 3232 470 3259 quae
492 3224 519 3252 in
541 3223 692 3254 Praemiffis
716 3224 760 3255 vel
780 3225 855 3256 circa
877 3233 908 3254 ea
927 3224 1072 3254 necessaria
1087 3223 1190 3253 fuerint
1207 3220 1252 3250 seu

198 3261 418 3299 quomodolibet
432 3269 572 3298 oportuna
582 3285 591 3298 ,

236 3298 329 3337 Ipsos,
347 3298 504 3336 Johannem
515 3322 524 3336 ,
540 3299 685 3336 Thomam,
704 3300 737 3330 &
752 3299 910 3338 Johannem
920 3324 929 3339 ,
947 3310 994 3331 aut
1006 3300 1090 3330 Duos
1111 3298 1252 3337 ipsorum,

198 3337 311 3367 nostros
335 3338 470 3375 fecimus,
488 3337 697 3368 Constituimus
708 3360 717 3375 ,
733 3347 766 3367 ac
787 3338 1007 3377 Deputavimus,
1034 3348 1117 3377 prout·
1135 3338 1252 3367 Tenoi'e

197 3376 399 3412 Praesentium,
420 3374 625 3406 Constituimus
639 3385 671 3407 ac
691 3375 887 3415 Deputamus,
907 3377 1140 3414 Ambaffiatores,
1158 3375 1252 3405 Com-

199 3414 351 3452 tniffarios,
369 3413 588 3452 Procuratores,
606 3415 638 3445 &
656 3413 791 3444 Nuncios
805 3414 948 3453 speciales;

237 3452 435 3483 Promittentes
451 3475 460 3490 ,
485 3452 562 3483 bona
582 3452 635 3482 fide
648 3476 658 3491 ,
683 3453 715 3483 ὃς
738 3453 766 3482 in
786 3453 876 3483 verbo
898 3453 1008 3492 Regio,
1033 3452 1101 3482 Nos
1123 3451 1250 3490 Ratum,

198 3490 340 3529 Gratum,
358 3491 389 3521 &
406 3490 536 3521 Firmum
556 3493 693 3528 perpetuo
717 3491 856 3521 habituros
877 3492 1010 3529 quicquid
1027 3501 1075 3528 per
1098 3491 1186 3529 ipsos,
1204 3500 1250 3521 aut

198 3529 282 3560 Duos
298 3530 437 3567 ipsorum,
456 3529 580 3560 Gestum
594 3529 639 3561 vel
655 3529 764 3560 Actum
778 3529 859 3560 fuerit
873 3530 901 3559 in
919 3527 1086 3567 Praemiffis,
1103 3532 1137 3561 δε
1156 3529 1249 3568 quoli-

197 3568 246 3598 bet
259 3568 482 3598 Praemifforum.

235 3605 268 3635 In
283 3608 379 3644 cujus,
397 3607 457 3637 &c.

199 3638 324 3710 stLTeste
345 3644 430 3684 Rege
448 3646 476 3675 in
500 3647 644 3674 Excercitu
658 3643 709 3684 fico
730 3650 795 3674 ante
816 3642 947 3683 Meleun,
966 3645 1060 3683 primo
1085 3644 1130 3674 die
1151 3643 1249 3684 Augu-

226 3691 245 3711 l·

51 2584 143 2616 H.5.p.
158 2590 180 2609 ι,

49 2628 86 2646 m.
105 2618 147 2647 18.

53 2816 128 2846 *X.

243 3822 292 3853 De
316 3823 407 3855 Salvo
432 3825 582 3859 Condut‘lu
601 3836 655 3873 pro
682 3822 948 3868 Ambaffiatoribus
974 3829 1203 3860 communitatis

663 3874 786 3922 Januae.

195 3962 310 4022 REX
319 3986 328 4002 ,
342 3973 391 4002 per
407 3963 510 4012 Literas
523 3965 580 3998 suas
594 3967 738 4006 Patentes,
753 3967 838 4006 usque
851 3967 981 4012 Primum
991 3968 1086 4012 'Diem
1105 3969 1243 4001 Novem-

269 4003 342 4039 bris,
361 4011 495 4040 proximo
513 4003 657 4044 futurum,
673 4007 831 4045 duraturas,
849 4007 921 4037 susce
943 4016 962 4038 it
989 4017 1016 4037 in
1038 4007 1163 4046 salvum,
1181 4011 1245 4041 &c.

50 3898 127 3929 Anti.
138 3897 178 3928 D.

48 3947 156 4004 aff·

49 4017 84 4040 Η.
100 4023 129 4049 5.

47 4052 113 4080 ibi-t.

251 4083 322 4109 Tam
337 4081 384 4109 IV.
403 4081 436 4109 P.
456 4082 515 4110 III.

1297 164 1327 204 P
1366 164 1405 205 U
1449 165 1480 205 Β
1521 165 1554 205 L
1590 166 1607 205 1
1634 167 1674 208 C
1716 166 1763 208 A-.
2274 178 2290 205 ι
2301 166 2320 204 8
2328 178 2350 216 7

1278 250 1417 294 munitatis
1427 250 1545 294 Januae,
1563 252 1646 289 usque
1664 251 1838 282 praesentiam
1853 252 1939 292 Regis
1957 252 2003 281 ubi
2021 251 2102 284 fuerit
2115 259 2184 282 cum
2203 249 2331 289 Qadra—
2348 249 2424 279 Arm.
2440 248 2482 279 Da

1278 297 1353 326 ginta
1369 283 1496 319 Perlonis
1509 291 1536 319 in
1552 289 1702 319 Comitis-a
1716 290 1781 327 sua,
1796 290 1840 319 vel
1856 292 1940 326 infra,
1962 291 2102 327 Atinatis,
2121 289 2165 318 vel
2192 299 2251 319 non
2278 292 2332 321 Ar-
2372 297 2457 326 1420.

1281 328 1379 364 matis,
1391 338 1423 356 ac
1439 338 1507 357 cum
1523 327 1637 369 Equis,
1648 327 1798 365 Manticis,
1812 328 1970 366 Jocaliboe,
1990 330 2086 365 Auro,
2108 328 2251 365 AvrgentO,
2272 329 2332 359 Re-
2349 331 2412 353 ΗΜ·
2432 336 2459 361 5>

1280 365 1348 402 bus,
1377 366 1409 408 Sc
1434 366 1492 395 aliis
1515 364 1599 396 Bonis
1623 366 1672 394 luis
1697 367 1936 404 quibuscumque,
1957 366 2094 403 eqiestre
2115 367 2158 396 vel
2183 364 2335 402 Pedestr'e,

1280 412 1327 470 ‘222³‘
1339 402 1434 470 lizi?
1451 403 1724 473 {ffnpffssffi⁶³⁶v¹21'
1736 405 1867 471 iffi&
1883 405 2027 472 Τὲὲὲἒὲᾎέ,
2037 405 2332 475 Ψέἷῗέρῗῐωῗῗωῗ

1280 479 1313 508 ὃς
1331 452 1556 522 peilien'dinanjdo
1568 504 1577 517 ,
1593 479 1626 510 &c
1643 464 1744 510 {binde
1756 481 1789 510 ad
1804 455 1956 516 part'esvsuas
1974 466 2096 519 proprias
2109 476 2252 511 redeundo
2259 455 2293 518 ῗῃ
2314 455 2334 475 ο

1320 517 1439 547 Proviso
1459 518 1566 556 semper
1588 518 1667 555 quod
1690 518 1737 555 ipsi
1757 520 1926 556 quicquam,
1945 520 2021 556 quod
2046 521 2072 548 in
2096 519 2221 557 praedicti
2245 519 2334 552 Patris

1281 554 1388 593 Regis,
1408 556 1451 585 seu
1464 557 1521 595 sui,
1541 555 1767 594 Come—mptum,
1783 558 1844 587 &c.
1863 557 1896 587 &
1915 558 1995 595 quod
2018 558 2065 594 ipii
2088 558 2197 589 nullum
2218 558 2336 589 Castro-

1283 595 1461 669 ruffi⁷cffigs,
1480 633 1540 663 &c.
1726 655 1727 658 ,
2021 663 2023 666 ,

1318 666 1408 700 Teste
1424 669 1507 708 Rege
1523 672 1551 700 in
1568 669 1698 700 Exercitu
1705 669 1755 709 fiio
1772 676 1838 701 ante
1856 669 1965 700 Meleon
1975 694 1984 709 ,
1997 671 2111 708 ‘Quarto
2127 673 2172 703 die
2186 673 2313 713 Augusti.

1955 750 2007 776 Per
2021 749 2101 787 ipfhm
2117 753 2218 787 Regem.

1351 871 1408 900 Pro
1430 867 1553 900 Branda
1573 868 1730 902 cardinali
1741 896 1751 911 ‚
1776 868 1811 902 de
1831 868 2016 912 Restimzione
2032 871 2265 917 Temporalium.

2356 947 2430 990 Anti.
2448 947 2491 990 D,

2378 991 2463 1025 1420.

2357 1030 2408 1053 An.
2429 1027 2457 1053 8.

1282 951 1394 1009 REX
1417 953 1602 984 Thesaurario
1623 954 1722 984 nostro
1734 954 1877 986 Generaii
1893 954 2105 994 Normanuke,
2124 966 2156 986 ac
2174 955 2334 988 Praesidenti

1354 993 1387 1022 &
1407 990 1551 1022 Gentibus
1575 992 1610 1022 de
1631 991 1752 1023 Camer&
1773 993 1868 1024 nostri
1887 993 2121 1031 Compotorum,
2140 1004 2253 1024 necnon
2269 997 2332 1025 uni-

1282 1030 1364 1059 versis
1385 1030 1418 1060 ὃς
1442 1031 1549 1070 singulis
1571 1031 1696 1069 Ballivi's,
1723 1032 1962 1070 vicecomitibus,
1982 1031 2203 1070 Receptoiibus‚
2221 1035 2253 1064 &
2278 1034 2333 1064 aliis

1282 1067 1435 1099 Officiariis
1450 1070 1566 1107 nostris,
1586 1078 1707 1107 quorum
1725 1070 1850 1108 interest,
1869 1071 2000 1101 Salutem.

1321 1107 1397 1146 Qiia
1415 1107 1628 1137 Bartholomaeus
1641 1108 1672 1137 de
1685 1108 1816 1149 Qraleis,

1318 1145 1502 1183 Procurator,
1524 1146 1694 1176 Venerabilis
1709 1151 1735 1178 in
1754 1146 1869 1178 Christo
1881 1147 1982 1184 Patris,
2000 1151 2109 1177 Domini
2121 1147 2254 1187 Branda,
2267 1151 2337 1179 San-

1282 1183 1319 1212 Hi
1335 1183 1477 1213 Clementis*
1489 1183 1644 1214 Cardinalis
1658 1185 1806 1215 Placentini
1821 1186 1965 1224 vulgariter
1983 1187 2149 1224 nuncupati,

1321 1222 1420 1260 Qem
1433 1226 1564 1252 Dominus
1578 1226 1697 1252 Summus
1711 1222 1839 1263 Pontifex
1855 1226 1887 1254 ad
1904 1224 2104 1263 Episcopatum
2121 1224 2336 1264 Lexoviensem,

1284 1260 1311 1288 in
1335 1260 1451 1290 Ducatu
1473 1262 1570 1291 nostro
1591 1261 1803 1300 Normanniae,
1818 1262 1869 1292 suis
1891 1263 1994 1294 Literis
2009 1262 2195 1301 Apostolicis,
2213 1273 2281 1301 quas
2295 1266 2339 1294 in-

1280 1297 1431 1336 speximus,
1445 1299 1498 1334 iam
1516 1299 1627 1329 noviter
1644 1300 1781 1337 providit,
2300 1310 2305 1315 ·

1321 1336 1469 1366 Fidelitatis
1491 1338 1723 1376 Sacramentum,
1741 1339 1819 1375 quod
1842 1339 1910 1368 idem
1930 1338 2069 1379 Epifiopus
2094 1339 2210 1377 Nobis,
2229 1340 2337 1370 ratione

1284 1374 1362 1406 Tem
1383 1376 1502 1406 oralium
1519 1374 1703 1413 Episcopatus
1717 1377 1859 1413 praeditii,
1878 1378 1968 1406 facere
1982 1379 2063 1407 debet
2078 1378 2110 1408 δε
2125 1387 2252 1417 tenetur,
2267 1377 2337 1409 No-

1284 1414 1341 1450 bis,
1392 1415 1433 1443 ice
1451 1415 1483 1444 ὃς
1501 1413 1635 1445 Nomine
1653 1415 1774 1451 ejusdem
1791 1414 1940 1452 Episcopi,
1958 1416 2023 1445 fecit
2037 1417 2068 1446 ὅ(
2086 1415 2226 1454 praestitit,

1323 1451 1432 1488 Vobis,
1452 1453 1483 1482 ὃ(
1499 1453 1613 1483 cuilibet
1626 1451 1771 1489 vesttsitri,
1790 1461 1872 1490 prout
1890 1453 1922 1483 ad
1941 1463 2007 1483 eum
2025 1455 2203 1491 pertinuerit,
2219 1453 2339 1484 Manda-

1286 1500 1346 1520 mus
1359 1490 1438 1529 quod
1456 1488 1602 1529 praefatum
1619 1490 1836 1522 Procuratorem
1849 1492 1946 1521 omnia
1961 1491 2158 1528 Temporalia,
2177 1493 2210 1522 ad
2226 1492 2342 1531 Episco-

1286 1539 1379 1566 patum
1395 1530 1579 1567 pneumam,
1598 1531 1667 1559 infra
1682 1529 1826 1560 Ducatum
1848 1529 1974 1560 nostrum
1999 1529 2181 1566 praedisttim,
2200 1533 2339 1567 pertinen-

1286 1569 1338 1604 tia,
1363 1568 1465 1597 habere
1485 1569 1518 1598 δε
1540 1578 1698 1606 occupare,
1717 1570 1750 1599 δε
1773 1568 1862 1606 ipsum
1891 1567 2026 1605 Fruitus,
2045 1567 2198 1605 Redditus,
2217 1570 2248 1598 ὅ(
2271 1569 2342 1599 Pro·-

1287 1616 1404 1642 ventus,
1423 1605 1486 1636 inde
1502 1608 1716 1643 provewienteffi
1736 1606 1865 1644 Levate,
1885 1605 2042 1643 Colligere,
2061 1607 2093 1637 ὃς
2119 1606 2280 1644 percipere,
2307 1608 2338 1637 ὃς

1285 1646 1322 1673 eis
1338 1667 1347 1681 ,
1371 1644 1406 1674 ad
1426 1643 1520 1673 Usum
1539 1646 1570 1674 &c
1589 1644 1751 1674 Proficuum
1767 1645 1892 1683 praedic’t'i
1910 1643 2029 1683 Epfiopi
2042 1669 2050 1680 ,
2077 1643 2192 1681 pacifice
2212 1646 2243 1675 &
2262 1647 2342 1682 quie-

1286 1684 1315 1713 te
1329 1705 1338 1718 ‚
1367 1683 1404 1712 uti
1424 1683 1456 1712 ὃς
1477 1683 1598 1718 gaudere
1620 1684 1779 1720 permittatis
1794 1706 1803 1720 ,
1829 1684 1929 1721 absque
1948 1683 2142 1712 molestatione
2160 1683 2203 1712 vel
2224 1683 2342 1721 impedi-

1288 1730 1387 1751 mento
1403 1731 1600 1761 quocumque,
1620 1722 1694 1752 salvo
1706 1721 1890 1760 semperJure
1907 1721 2006 1751 nostro
2022 1722 2056 1752 ὃς
2082 1723 2110 1751 in
2127 1721 2260 1752 omnibus
2277 1721 2342 1751 alie—

1289 1769 1337 1789 no.

1325 1797 1413 1828 Teste
1428 1796 1510 1837 Rege
1522 1798 1550 1827 in
1567 1798 1710 1827 Exterritu
1720 1797 1770 1837 fito
1784 1806 1848 1828 ante
1863 1796 1990 1835 Meleun,
2008 1797 2052 1835 xiij
2066 1797 2112 1827 die
2130 1795 2261 1834 Augusti.

2358 1086 2422 1130 ibim
2429 1084 2437 1093 ⁴

1925 1876 1978 1904 Per
1988 1873 2069 1914 ipspm
2083 1877 2186 1912 Regem.

1290 1950 1309 1970 *θ
1330 1951 1465 2006 REX,
1486 1951 1605 1983 Dilec‘tis
1627 1952 1677 1982 sibi
1698 1952 1726 1982 in
1748 1950 1883 1988 Christo,
1901 1953 2010 1981 Decanu
2024 1949 2062 1986 ὠ
2076 1949 2195 1988 Capitulo
2209 1949 2342 1981 Ecclesiae

1408 1990 1579 2028 Cathedralis
1599 1991 1797 2027 LexovieniiS,
1815 1990 1947 2021 Salutem.

1328 2027 1404 2064 Qiia
1423 2029 1634 2059 Bartholomaeus
1648 2029 1680 2058 de
1699 2028 1830 2069 Qaleis,

1327 2065 1517 2104 Procurator,
1536 2066 1595 2102 ὠς.
1614 2075 1645 2097 ut
1650 2066 1736 2106 ffipra
1749 2067 1827 2107 usqae
1839 2066 1877 2095 ibi
1886 2089 1895 2105 ,
1913 2065 2005 2097 Vobis
2020 2065 2206 2104 Mandamus,
2226 2063 2264 2101 ό·
2279 2073 2343 2095 tunc

1280 2104 1337 2145 fic,
1353 2106 1431 2140 quod
1454 2105 1570 2142 praefato
1589 2105 1806 2142 Bartholomaeo,
1821 2114 1953 2143 tanquam
1977 2104 2090 2135 Vicario
2106 2107 2138 2136 ὃ(
2162 2105 2343 2134 Procuratori

1282 2140 1398 2181 prafati
1413 2144 1546 2182 Episcopi,
1564 2146 1591 2174 in
1605 2145 1758 2181 omnibus,
1775 2153 1859 2181 prout
1874 2145 1972 2180 decet,
1991 2145 2103 2180 pateatis
2129 2143 2161 2173 ὃς
2185 2143 2343 2180 intendatis,

1289 2182 1323 2212 &
1340 2183 1383 2219 ei,
1399 2183 1427 2211 in
1446 2183 1626 2213 Coliefflone
1647 2183 1680 2212 &
1704 2182 1857 2213 Levatione
1877 2183 2051 2212 Reddituum
2075 2183 2107 2213 &
2129 2181 2344 2217 proventuum,

1288 2220 1564 2287 daffemporalibus
1583 2219 1765 2259 Episcopatus
1786 2220 1913 2259 praedieti
1931 2221 2176 2259 provenientium,
2191 2219 2344 2250 efficaciter

1290 2267 1304 2287 a
1329 2269 1337 2286 1
1364 2267 1419 2288 atis.

1327 2296 1417 2327 Teste
1433 2305 1464 2328 ut
1479 2298 1566 2336 supra.

2368 1945 2387 1965 ἢ*
2408 1947 2442 1974 X.

2373 1994 2415 2020 ¹7·

1540 2429 1591 2460 De
1607 2426 1824 2470 Praeftntatione
1837 2424 1882 2457 ad
1897 2427 2095 2457 Decanatum.

1290 2509 1424 2568 REX,
1442 2509 1606 2555 Venerabili
1619 2512 1647 2541 in
1669 2510 1786 2555 Christo
1807 2510 1897 2548 Patri,
1913 2504 1949 2556 J
1960 2509 2063 2554 ‚eadem
2087 2508 2203 2553 Gratia,
2222 2509 2344 2553 Epistopo
2493 2539 2501 2548 ⁰

1361 2551 1504 2579 Carnoten.
1522 2559 1567 2579 aut
1583 2559 1639 2587 ejus
1656 2549 1770 2579 Victirio
1788 2549 1938 2588 Generali,
1957 2548 2016 2585 ipso
2031 2548 2173 2586 hpiicopo
2187 2558 2214 2578 in
2229 2557 2344 2578 remotis
2396 2565 2483 2594 1420.

1291 2596 1394 2624 agente
1405 2611 1413 2625 ,
1432 2588 1565 2617 Salutem.

1328 2625 1439 2663 Vobis,
1456 2625 1574 2655 Tenore
1588 2625 1789 2663 Praesentium,
1808 2624 1994 2661 significamus
2006 2624 2084 2663 quod
2109 2624 2287 2655 Decanatutn
2308 2625 2341 2655 &
2368 2637 2400 2659 H.
2422 2642 2448 2667 5,

1290 2663 1476 2694 Praebeiidam
1497 2663 1630 2695 Eccleiiae
1645 2664 1813 2700 Collegiatae
1831 2664 1919 2694 beatae
1938 2663 2038 2693 Mariae
2052 2664 2086 2692 de
2103 2661 2258 2700 Medunta,
2368 2675 2456 2699 Norm.
2471 2670 2488 2697 8

1328 2703 1411 2741 Qios
1426 2712 1513 2741 nuper
1528 2704 1655 2734 obtinere
1667 2702 1770 2733 solebat
1786 2701 1920 2740 Magister
1935 2701 2079 2740 Johannes
2094 2701 2231 2731 Manchon
2244 2702 2272 2731 in
2283 2700 2340 2733 Ec·
2368 2714 2400 2735 H.
2411 2719 2436 2743 5·
2444 2715 2458 2745 p
2472 2719 2485 2735 2

1289 2740 1368 2771 clena
1386 2741 1516 2778 praedidia

1326 2779 1380 2809 Per
1394 2765 1661 2817 Mortem'ejusdem
1676 2777 1817 2817 Johannis
1829 2788 1904 2808 nunc
1920 2778 2034 2814 liberos,
2049 2778 2081 2807 ὃ(
2098 2786 2246 2814 vacantes,
2265 2777 2296 2808 δέ
2312 2777 2341 2806 in

1289 2817 1425 2848 Manibus
1439 2818 1539 2848 nostris
1556 2818 1639 2855 pleno
1651 2817 1720 2856 Jure
1737 2819 1896 2854 exilientes,

1327 2857 1460 2894 Quorum
1477 2856 1591 2894 quidem
1608 2855 1766 2886 Decanatus
1780 2856 1812 2885 δε
1830 2854 2010 2891 Praebendae,
2031 2853 2066 2883 fic
2079 2852 2344 2891 vacantium‚Prae-

1290 2894 1406 2925 sentatio
1420 2896 1502 2925 nobis
1517 2895 1640 2924 noscitur
1657 2896 1807 2931 pertinere,

1328 2933 1476 2963 Dilec‘tum
1496 2934 1614 2971 Ligeum
1636 2933 1764 2962 nostrum
1781 2933 1923 2969 juratum,
1943 2928 2110 2967 Magistrum
2133 2928 2260 2959 {rhomam
2279 2932 2342 2958 Mo-

1290 2970 1368 3000 nuche*
1386 2994 1396 3009 ,
1423 2973 1452 3001 in
1478 2972 1593 3002 Artibus
1616 2970 1648 3000 &
1674 2969 1838 3008 Theologiii
1863 2967 2031 3007 Magistrum
2049 2989 2058 3005 ,
2085 2969 2166 2997 vobis
2191 2968 2340 2998 Praesenta-

1293 3019 1355 3040 mus

1329 3034 1432 3078 infuitu
1448 3048 1565 3077 caritatis
1580 3046 1725 3084 Rogantes
1743 3046 1869 3084 quatinus
1884 3044 1976 3074 eidem
2001 3043 2150 3081 Thomae,
2165 3046 2208 3074 scu
2231 3043 2287 3081 ejus
2312 3043 2342 3073 in

1290 3086 1342 3116 hac
1357 3095 1432 3123 parte
1450 3086 1642 3122 Procuratori,
1662 3084 1840 3114 Decanatum
1857 3084 1889 3114 δε
1904 3082 2088 3112 Praebendam
2103 3084 2250 3119 predictos
2271 3091 2342 3112 con-

1290 3124 1395 3160 feratis,
1413 3126 1445 3154 ὅ(
1460 3124 1547 3162 ipsum
1570 3125 1597 3152 in
1622 3123 1800 3160 corporalem
1824 3121 2027 3151 Poiseffionem
2048 3123 2212 3151 eorumdem
2236 3121 2342 3157 ponatis

1290 3164 1322 3193 &
1348 3163 1499 3199 inducatis,
1517 3162 1562 3192 seu
1583 3162 1652 3198 poni
1673 3163 1706 3192 ὃς
1729 3161 1823 3191 induci
1844 3160 1965 3197 faciatis,
1990 3159 2134 3197 ipsumque
2154 3160 2296 3201 recipiatis·
2311 3159 2341 3187 in

1291 3201 1471 3231 Canonicum
1488 3202 1520 3230 3<
1540 3200 1679 3236 Fratrem,
1698 3199 1814 3229 Stallum
1832 3199 1860 3227 in
1877 3197 1978 3228 Choro
1994 3200 2025 3229 &
2043 3197 2155 3228 Locum
2176 3199 2204 3226 iii
2226 3196 2342 3234 Capitu-

1289 3239 1338 3276 lo,
1358 3248 1439 3276 prout
1457 3239 1543 3268 moris
1556 3237 1613 3276 est,
1630 3238 1720 3268 eidem
1738 3237 1917 3276 affignantes,

1326 3277 1455 3308 Necnon
1478 3277 1598 3307 eundem
1621 3277 1769 3306 Thomam
1793 3275 1958 3312 FruCtibus,
1982 3273 2229 3309 Obventionibus,
2249 3271 2341 3303 Profi-

1287 3317 1365 3354 cuis,
1383 3317 1415 3347 ὅ(
1433 3315 1638 3345 Emolumentis
1655 3314 1894 3352 quibuscumque,
1915 3314 1948 3342 ad
1965 3313 2141 3342 Decanatum
2157 3313 2189 3342 δε
2207 3311 2339 3342 Praeben-

1286 3354 1353 3385 dam
1368 3354 1480 3385 eosdem
1500 3354 1701 3391 spectantibus,
1720 3354 1757 3382 uti
1775 3352 1807 3382 ὃς
1822 3352 1940 3389 gaudere
1954 3352 2131 3389 permittatis,
2149 3351 2276 3381 adhibitis
2297 3351 2339 3380 [οε

1287 3393 1538 3461 ΙετΙηριιίῑεῐὼυΞ-ἰζὶη
1556 3393 1653 3422 talibus
1669 3391 1725 3422 fieri
1740 3390 1887 3421 consuetis.

1338 3442 1356 3460 ii
1373 3442 1407 3462 cu
1423 3442 1451 3461 iis
1518 3440 1543 3460 c.

1320 3442 1417 3499 TesteJ
1431 3454 1515 3507 R’ege
1535 3470 1565 3499 in
1587 3469 1730 3498 Excercitu
1744 3467 1794 3506 fito
1812 3473 1876 3497 ante
1897 3465 2022 3504 Meleun,
2039 3465 2155 3497 decimo
2178 3466 2277 3504 quinto
2289 3464 2336 3494 die

1286 3508 1412 3547 Augusti.

1914 3583 1967 3610 Per
1980 3579 2060 3619 ipftm
2076 3582 2178 3616 Regem.

1638 3724 1686 3756 De
1701 3718 1854 3756 Praebenda
1872 3722 1968 3755 Data.

1285 3817 1401 3874 REX
1426 3817 1548 3848 Docano
1568 3816 1602 3848 &
1625 3814 1759 3853 Capitulo
1778 3816 1912 3847 Ecclefiae
1932 3813 2101 3845 Cathedralis
2119 3814 2206 3844 beatae
2228 3813 2329 3847 Mariae
2348 3823 2478 3856 Arm-12⁷

1364 3856 1532 3893 Bajoceniis,
1548 3855 1620 3885 Sede
1633 3856 1738 3885 ibidem
1753 3863 1884 3890 vacante,
1901 3854 2033 3883 Salutem.
2366 3872 2453 3903 1420.

1318 3893 1426 3932 Vobis,
1451 3895 1570 3924 Tenore
1593 3893 1789 3929 Praesentium‚
1813 3891 1994 3930 {ignificamus
2017 3888 2095 3928 quod
2110 3889 2324 3932 ‘Canonicatum
2338 3906 2390 3929 An.
2406 3904 2434 3930 8,

1280 3933 1312 3964 &
1336 3932 1538 3968 Praebendam,
1557 3937 1627 3969 quos
1647 3941 1734 3968 nuper
1755 3932 1882 3961 obtinere
1907 3930 2008 3959 solebat
2035 3926 2170 3966 Magister
2184 3929 2327 3968 Johanner
2342 3945 2376 3968 H.
2396 3949 2424 3975 5·

1280 3970 1418 4001 Manchon
1433 3972 1460 4000 in
1475 3969 1598 4000 Ecclesia
1612 3970 1743 4007 praedicta
1753 3991 1762 4006 ,
2068 4005 2073 4010 ι
2340 3979 2407 4007 ibid.

1314 4009 1406 4039 Nunc
1419 4009 1518 4038 liberos
1534 4009 1567 4039 &
1583 4017 1725 4044 vacantes,
1745 4009 1777 4036 δε
1793 4007 1821 4035 in
1837 4005 1972 4035 Manibus
1987 4003 2104 4042 nostrie,
2117 4003 2135 4043 J
2148 4012 2170 4035 υ
2181 4014 2231 4037 RF.
2256 4006 2329 4038 Ra-
2344 4027 2380 4043 m.
2393 4014 2436 4042 13,

2248 4083 2334 4120 Quo—

194 4039 355 4078 Raphaelem
368 4039 499 4079 Spinolle,
517 4043 550 4073 &
567 4043 727 4083 Stephanum
740 4044 881 4076 Laumelin
891 4068 901 4084 ‚
945 4045 1133 4078 mbaffiatores
1148 4046 1242 4081 Com·
1279 4057 1302 4079 o
1314 4058 1332 4078 A
1344 4057 1364 4078 1..
1376 4056 1387 4078 1
1397 4056 1446 4085 ιε,
1460 4046 1607 4078 existentes
1623 4055 1652 4076 ut
1667 4046 1769 4076 dicitur
1779 4067 1788 4080 ,

1747 4082 1832 4112 Aa2
