<?xml version="1.0" encoding="UTF-8"?>
<!DOCTYPE html PUBLIC "-//W3C//DTD XHTML 1.0 Transitional//EN"
    "http://www.w3.org/TR/xhtml1/DTD/xhtml1-transitional.dtd">
<html xmlns="http://www.w3.org/1999/xhtml" xml:lang="en" lang="en">
 <head>
  <title>
</title>
<meta http-equiv="Content-Type" content="text/html;charset=utf-8" />
  <meta name='ocr-system' content='tesseract 3.04.00' />
  <meta name='ocr-capabilities' content='ocr_page ocr_carea ocr_par ocr_line ocrx_word'/>
</head>
<body>
  <div class='ocr_page' id='page_1' title='image "./fderaconventione04ryme_0712.png"; bbox 0 0 2562 4274; ppageno 0'>
   <div class='ocr_carea' id='block_1_1' title="bbox 203 110 1278 167">
    <p class='ocr_par' dir='ltr' id='par_1_1' title="bbox 203 110 1278 167">
     <span class='ocr_line' id='line_1_1' title="bbox 203 110 1278 167; baseline -0.004 -11"><span class='ocrx_word' id='word_1_1' title='bbox 203 128 256 167; x_wconf 88' lang='lat'>70</span> <span class='ocrx_word' id='word_1_2' title='bbox 703 110 1278 154; x_wconf 83' lang='lat' dir='ltr'>CONVENTIO</span> 
     </span>
    </p>
   </div>
   <div class='ocr_carea' id='block_1_2' title="bbox 53 196 1274 314">
    <p class='ocr_par' dir='ltr' id='par_1_2' title="bbox 53 196 1274 314">
     <span class='ocr_line' id='line_1_2' title="bbox 53 196 1274 237; baseline -0.006 -4"><span class='ocrx_word' id='word_1_3' title='bbox 53 202 132 234; x_wconf 76' lang='lat' dir='ltr'>Ann.</span> <span class='ocrx_word' id='word_1_4' title='bbox 147 198 189 230; x_wconf 86' lang='lat' dir='ltr'>D.</span> <span class='ocrx_word' id='word_1_5' title='bbox 248 199 369 230; x_wconf 79' lang='lat' dir='ltr'>Nicollax</span> <span class='ocrx_word' id='word_1_6' title='bbox 387 201 555 237; x_wconf 72' lang='lat' dir='ltr'>ll&#39;itevang,</span> <span class='ocrx_word' id='word_1_7' title='bbox 572 208 601 229; x_wconf 84' lang='lat' dir='ltr'>es</span> <span class='ocrx_word' id='word_1_8' title='bbox 616 197 762 237; x_wconf 76' lang='lat' dir='ltr'>Biilliages</span> <span class='ocrx_word' id='word_1_9' title='bbox 772 198 809 229; x_wconf 90' lang='lat' dir='ltr'>de</span> <span class='ocrx_word' id='word_1_10' title='bbox 830 197 913 229; x_wconf 86' lang='lat' dir='ltr'>Caux</span> <span class='ocrx_word' id='word_1_11' title='bbox 927 198 960 229; x_wconf 90' lang='lat'>&amp;</span> <span class='ocrx_word' id='word_1_12' title='bbox 977 197 1014 228; x_wconf 90' lang='lat' dir='ltr'>de</span> <span class='ocrx_word' id='word_1_13' title='bbox 1028 196 1145 235; x_wconf 87' lang='lat' dir='ltr'>Gisors,</span> <span class='ocrx_word' id='word_1_14' title='bbox 1161 205 1176 227; x_wconf 91' lang='lat' dir='ltr'>a</span> <span class='ocrx_word' id='word_1_15' title='bbox 1189 196 1274 228; x_wconf 89' lang='lat' dir='ltr'>durer</span> 
     </span>
     <span class='ocr_line' id='line_1_3' title="bbox 53 238 399 314; baseline 0.003 -47"><span class='ocrx_word' id='word_1_16' title='bbox 53 248 259 314; x_wconf 43' lang='lat' dir='ltr'>1325.par</span> <span class='ocrx_word' id='word_1_17' title='bbox 273 249 329 278; x_wconf 87' lang='lat' dir='ltr'>ung</span> <span class='ocrx_word' id='word_1_18' title='bbox 344 238 399 269; x_wconf 85' lang='lat' dir='ltr'>An.</span> 
     </span>
    </p>
   </div>
   <div class='ocr_carea' id='block_1_3' title="bbox 55 359 1153 420">
    <p class='ocr_par' dir='ltr' id='par_1_3' title="bbox 55 359 1153 420">
     <span class='ocr_line' id='line_1_4' title="bbox 55 359 1153 420; baseline -0.003 -21"><span class='ocrx_word' id='word_1_19' title='bbox 55 384 190 420; x_wconf 33' lang='lat' dir='ltr'>‚nx—225.</span> <span class='ocrx_word' id='word_1_20' title='bbox 318 363 344 389; x_wconf 41' lang='grc' dir='ltr'>,ᾖ</span> <span class='ocrx_word' id='word_1_21' title='bbox 366 368 423 399; x_wconf 85' lang='lat' dir='ltr'>Pro</span> <span class='ocrx_word' id='word_1_22' title='bbox 445 367 483 398; x_wconf 94' lang='lat' dir='ltr'><em>V</em></span> <span class='ocrx_word' id='word_1_23' title='bbox 481 366 583 396; x_wconf 81' lang='lat' dir='ltr'>icariis</span> <span class='ocrx_word' id='word_1_24' title='bbox 607 360 887 409; x_wconf 68' lang='lat' dir='ltr'>Archiepiscopatus</span> <span class='ocrx_word' id='word_1_25' title='bbox 910 359 1153 410; x_wconf 69' lang='lat' dir='ltr'>Rothomagenst‘s.</span> 
     </span>
    </p>
   </div>
   <div class='ocr_carea' id='block_1_4' title="bbox 50 446 1278 514">
    <p class='ocr_par' dir='ltr' id='par_1_4' title="bbox 50 446 1278 514">
     <span class='ocr_line' id='line_1_5' title="bbox 50 446 1278 514; baseline -0.002 -32"><span class='ocrx_word' id='word_1_26' title='bbox 50 470 132 502; x_wconf 47' lang='lat' dir='ltr'>Am·</span> <span class='ocrx_word' id='word_1_27' title='bbox 147 469 189 500; x_wconf 50' lang='grc' dir='ltr'>Β.</span> <span class='ocrx_word' id='word_1_28' title='bbox 206 450 295 514; x_wconf 84' lang='lat' dir='ltr'>RE</span> <span class='ocrx_word' id='word_1_29' title='bbox 306 450 354 489; x_wconf 80' lang='lat' dir='ltr'>X,</span> <span class='ocrx_word' id='word_1_30' title='bbox 371 449 479 481; x_wconf 65' lang='lat' dir='ltr'>dileeto</span> <span class='ocrx_word' id='word_1_31' title='bbox 500 449 533 480; x_wconf 91' lang='lat'>&amp;</span> <span class='ocrx_word' id='word_1_32' title='bbox 554 447 628 479; x_wconf 86' lang='lat' dir='ltr'>fideli</span> <span class='ocrx_word' id='word_1_33' title='bbox 644 448 711 487; x_wconf 88' lang='lat' dir='ltr'>suo,</span> <span class='ocrx_word' id='word_1_34' title='bbox 733 446 914 488; x_wconf 72' lang='lat' dir='ltr'>Thefhuraria</span> <span class='ocrx_word' id='word_1_35' title='bbox 930 447 1060 479; x_wconf 83' lang='lat' dir='ltr'>Generali</span> <span class='ocrx_word' id='word_1_36' title='bbox 1079 448 1278 487; x_wconf 80' lang='lat' dir='ltr'>Normanniae‚</span> 
     </span>
    </p>
   </div>
   <div class='ocr_carea' id='block_1_5' title="bbox 49 490 1274 719">
    <p class='ocr_par' dir='ltr' id='par_1_5' title="bbox 288 490 421 520">
     <span class='ocr_line' id='line_1_6' title="bbox 288 490 421 520; baseline -0.015 0"><span class='ocrx_word' id='word_1_37' title='bbox 288 490 421 520; x_wconf 79' lang='lat' dir='ltr'>Salutem.</span> 
     </span>
    </p>

    <p class='ocr_par' dir='ltr' id='par_1_6' title="bbox 49 523 1274 719">
     <span class='ocr_line' id='line_1_7' title="bbox 244 523 1274 568; baseline -0.005 -9"><span class='ocrx_word' id='word_1_38' title='bbox 244 530 320 568; x_wconf 82' lang='lat' dir='ltr'><strong>Quia</strong></span> <span class='ocrx_word' id='word_1_39' title='bbox 333 537 441 566; x_wconf 86' lang='lat' dir='ltr'><strong>nuper,</strong></span> <span class='ocrx_word' id='word_1_40' title='bbox 457 527 494 557; x_wconf 92' lang='lat' dir='ltr'>de</span> <span class='ocrx_word' id='word_1_41' title='bbox 505 526 677 557; x_wconf 74' lang='lat' dir='ltr'>avisamento</span> <span class='ocrx_word' id='word_1_42' title='bbox 699 524 829 556; x_wconf 87' lang='lat' dir='ltr'>Concilii</span> <span class='ocrx_word' id='word_1_43' title='bbox 843 524 950 563; x_wconf 87' lang='lat' dir='ltr'>nostri,</span> <span class='ocrx_word' id='word_1_44' title='bbox 969 523 1173 556; x_wconf 73' lang='lat' dir='ltr'>concessimus</span> <span class='ocrx_word' id='word_1_45' title='bbox 1187 527 1216 555; x_wconf 89' lang='lat' dir='ltr'><em>V</em></span> <span class='ocrx_word' id='word_1_46' title='bbox 1217 527 1274 554; x_wconf 81' lang='lat' dir='ltr'>ica-</span> 
     </span>
     <span class='ocr_line' id='line_1_8' title="bbox 203 562 1273 634; baseline -0.006 -35"><span class='ocrx_word' id='word_1_47' title='bbox 203 573 250 599; x_wconf 83' lang='lat' dir='ltr'>riis</span> <span class='ocrx_word' id='word_1_48' title='bbox 279 571 308 597; x_wconf 83' lang='lat' dir='ltr'>in</span> <span class='ocrx_word' id='word_1_49' title='bbox 343 565 530 604; x_wconf 59' lang='lat' dir='ltr'>spiritualibus</span> <span class='ocrx_word' id='word_1_50' title='bbox 555 564 806 634; x_wconf 58' lang='lat' dir='ltr'>Archiepg‘copatiis</span> <span class='ocrx_word' id='word_1_51' title='bbox 830 562 1049 603; x_wconf 78' lang='lat' dir='ltr'>Rothomagenfis</span> <span class='ocrx_word' id='word_1_52' title='bbox 1065 563 1147 602; x_wconf 70' lang='lat' dir='ltr'>qubd</span> <span class='ocrx_word' id='word_1_53' title='bbox 1168 563 1217 602; x_wconf 85' lang='lat' dir='ltr'>ipsi</span> <span class='ocrx_word' id='word_1_54' title='bbox 1236 564 1273 593; x_wconf 90' lang='lat' dir='ltr'>de</span> 
     </span>
     <span class='ocr_line' id='line_1_9' title="bbox 83 596 1272 645; baseline -0.006 -7"><span class='ocrx_word' id='word_1_55' title='bbox 83 611 87 615; x_wconf 91' lang='lat'>&#39;</span> <span class='ocrx_word' id='word_1_56' title='bbox 109 596 137 622; x_wconf 78' lang='lat'>5¹</span> <span class='ocrx_word' id='word_1_57' title='bbox 204 615 319 645; x_wconf 85' lang='lat' dir='ltr'>utraque</span> <span class='ocrx_word' id='word_1_58' title='bbox 334 604 543 642; x_wconf 71' lang='lat' dir='ltr'>Decimarum,</span> <span class='ocrx_word' id='word_1_59' title='bbox 560 613 648 643; x_wconf 85' lang='lat' dir='ltr'>nuper</span> <span class='ocrx_word' id='word_1_60' title='bbox 700 604 789 634; x_wconf 84' lang='lat' dir='ltr'>lerum</span> <span class='ocrx_word' id='word_1_61' title='bbox 812 602 945 632; x_wconf 74' lang='lat' dir='ltr'>Ducatsis</span> <span class='ocrx_word' id='word_1_62' title='bbox 966 602 1058 632; x_wconf 87' lang='lat' dir='ltr'>nostri</span> <span class='ocrx_word' id='word_1_63' title='bbox 1078 601 1272 632; x_wconf 84' lang='lat' dir='ltr'>Normanniae</span> 
     </span>
     <span class='ocr_line' id='line_1_10' title="bbox 51 631 1274 680; baseline -0.004 -4"><span class='ocrx_word' id='word_1_64' title='bbox 51 631 112 655; x_wconf 71' lang='lat' dir='ltr'>Pat.</span> <span class='ocrx_word' id='word_1_65' title='bbox 207 648 240 678; x_wconf 92' lang='lat'>&amp;</span> <span class='ocrx_word' id='word_1_66' title='bbox 252 646 366 675; x_wconf 89' lang='lat' dir='ltr'>aliarum</span> <span class='ocrx_word' id='word_1_67' title='bbox 388 643 511 674; x_wconf 91' lang='lat' dir='ltr'>Partium</span> <span class='ocrx_word' id='word_1_68' title='bbox 533 643 616 673; x_wconf 89' lang='lat' dir='ltr'>nobis</span> <span class='ocrx_word' id='word_1_69' title='bbox 629 641 814 680; x_wconf 71' lang='lat' dir='ltr'>subjec&#39;tarum</span> <span class='ocrx_word' id='word_1_70' title='bbox 829 640 1056 679; x_wconf 77' lang='lat' dir='ltr'>Conceffiirum,</span> <span class='ocrx_word' id='word_1_71' title='bbox 1073 640 1159 671; x_wconf 85' lang='lat' dir='ltr'>solam</span> <span class='ocrx_word' id='word_1_72' title='bbox 1176 640 1274 671; x_wconf 88' lang='lat' dir='ltr'>Dimi-</span> 
     </span>
     <span class='ocr_line' id='line_1_11' title="bbox 49 669 1271 719; baseline -0.005 -4"><span class='ocrx_word' id='word_1_73' title='bbox 49 669 190 694; x_wconf 58' lang='lat' dir='ltr'>Nummio.</span> <span class='ocrx_word' id='word_1_74' title='bbox 205 686 282 716; x_wconf 84' lang='lat' dir='ltr'>diam</span> <span class='ocrx_word' id='word_1_75' title='bbox 302 683 457 719; x_wconf 86' lang='lat' dir='ltr'>(videlicet)</span> <span class='ocrx_word' id='word_1_76' title='bbox 475 681 643 712; x_wconf 86' lang='lat' dir='ltr'>Trescentas</span> <span class='ocrx_word' id='word_1_77' title='bbox 660 681 760 711; x_wconf 84' lang='lat' dir='ltr'>Libras</span> <span class='ocrx_word' id='word_1_78' title='bbox 770 680 951 710; x_wconf 87' lang='lat' dir='ltr'>Turonenses</span> <span class='ocrx_word' id='word_1_79' title='bbox 969 679 1005 710; x_wconf 92' lang='lat' dir='ltr'>de</span> <span class='ocrx_word' id='word_1_80' title='bbox 1018 678 1118 710; x_wconf 66' lang='lat' dir='ltr'>Prima</span> <span class='ocrx_word' id='word_1_81' title='bbox 1129 679 1271 710; x_wconf 66' lang='lat' dir='ltr'>dictarum</span> 
     </span>
    </p>
   </div>
   <div class='ocr_carea' id='block_1_6' title="bbox 52 708 1272 759">
    <p class='ocr_par' dir='ltr' id='par_1_7' title="bbox 52 708 1272 759">
     <span class='ocr_line' id='line_1_12' title="bbox 52 708 1272 759; baseline -0.005 -5"><span class='ocrx_word' id='word_1_82' title='bbox 52 708 88 730; x_wconf 84' lang='lat' dir='ltr'>H.</span> <span class='ocrx_word' id='word_1_83' title='bbox 105 711 133 737; x_wconf 77' lang='lat'>5‘</span> <span class='ocrx_word' id='word_1_84' title='bbox 205 724 411 759; x_wconf 86' lang='lat' dir='ltr'>Decimarum,</span> <span class='ocrx_word' id='word_1_85' title='bbox 439 722 472 752; x_wconf 71' lang='grc' dir='ltr'>ὅτ,</span> <span class='ocrx_word' id='word_1_86' title='bbox 492 721 555 751; x_wconf 89' lang='lat' dir='ltr'>alias</span> <span class='ocrx_word' id='word_1_87' title='bbox 569 719 737 750; x_wconf 86' lang='lat' dir='ltr'>Trescentas</span> <span class='ocrx_word' id='word_1_88' title='bbox 757 719 793 749; x_wconf 91' lang='lat' dir='ltr'>de</span> <span class='ocrx_word' id='word_1_89' title='bbox 812 718 962 757; x_wconf 65' lang='lat' dir='ltr'>Secunda,</span> <span class='ocrx_word' id='word_1_90' title='bbox 980 717 1088 749; x_wconf 86' lang='lat' dir='ltr'>solvere</span> <span class='ocrx_word' id='word_1_91' title='bbox 1105 726 1252 749; x_wconf 86' lang='lat' dir='ltr'>teneantur</span> <span class='ocrx_word' id='word_1_92' title='bbox 1263 741 1272 756; x_wconf 92' lang='lat'>,</span> 
     </span>
    </p>
   </div>
   <div class='ocr_carea' id='block_1_7' title="bbox 50 518 167 578">
    <p class='ocr_par' dir='ltr' id='par_1_8' title="bbox 50 518 167 578">
     <span class='ocr_line' id='line_1_13' title="bbox 73 518 160 547; baseline -0.023 -7"><span class='ocrx_word' id='word_1_93' title='bbox 73 518 160 547; x_wconf 80' lang='lat'>1422.</span> 
     </span>
     <span class='ocr_line' id='line_1_14' title="bbox 50 553 167 578; baseline -0.034 0"><span class='ocrx_word' id='word_1_94' title='bbox 50 553 104 578; x_wconf 75' lang='lat' dir='ltr'>An.</span> <span class='ocrx_word' id='word_1_95' title='bbox 126 559 167 575; x_wconf 86' lang='lat'>10.</span> 
     </span>
    </p>
   </div>
   <div class='ocr_carea' id='block_1_8' title="bbox 40 742 1270 1567">
    <p class='ocr_par' dir='ltr' id='par_1_9' title="bbox 40 742 1270 1567">
     <span class='ocr_line' id='line_1_15' title="bbox 48 742 1270 806; baseline -0.005 -13"><span class='ocrx_word' id='word_1_96' title='bbox 48 751 92 806; x_wconf 51' lang='lat' dir='ltr'>Z}</span> <span class='ocrx_word' id='word_1_97' title='bbox 108 742 151 768; x_wconf 75' lang='lat'>¹6&#39;</span> <span class='ocrx_word' id='word_1_98' title='bbox 202 761 283 801; x_wconf 75' lang='lat' dir='ltr'>quod</span> <span class='ocrx_word' id='word_1_99' title='bbox 301 760 489 805; x_wconf 79' lang='lat' dir='ltr'>Temporalia</span> <span class='ocrx_word' id='word_1_100' title='bbox 510 758 578 789; x_wconf 63' lang='lat' dir='ltr'>dieti</span> <span class='ocrx_word' id='word_1_101' title='bbox 602 755 866 803; x_wconf 76' lang='lat' dir='ltr'>Archiepiscopatsis</span> <span class='ocrx_word' id='word_1_102' title='bbox 879 779 888 796; x_wconf 88' lang='lat'>‚</span> <span class='ocrx_word' id='word_1_103' title='bbox 911 757 948 788; x_wconf 91' lang='lat' dir='ltr'>de</span> <span class='ocrx_word' id='word_1_104' title='bbox 967 758 1070 797; x_wconf 84' lang='lat' dir='ltr'>quibus</span> <span class='ocrx_word' id='word_1_105' title='bbox 1084 757 1185 801; x_wconf 30' lang='lat' dir='ltr'>„major</span> <span class='ocrx_word' id='word_1_106' title='bbox 1203 757 1270 801; x_wconf 79' lang='lat' dir='ltr'>Pars</span> 
     </span>
     <span class='ocr_line' id='line_1_16' title="bbox 95 796 1267 845; baseline -0.006 -12"><span class='ocrx_word' id='word_1_107' title='bbox 95 801 101 807; x_wconf 85' lang='lat'>&#39;</span> <span class='ocrx_word' id='word_1_108' title='bbox 200 799 362 845; x_wconf 72' lang='lat' dir='ltr'>hujusmodi</span> <span class='ocrx_word' id='word_1_109' title='bbox 386 799 574 829; x_wconf 87' lang='lat' dir='ltr'>Decimarum</span> <span class='ocrx_word' id='word_1_110' title='bbox 594 797 664 828; x_wconf 91' lang='lat' dir='ltr'>solvi</span> <span class='ocrx_word' id='word_1_111' title='bbox 684 797 785 828; x_wconf 88' lang='lat' dir='ltr'>debeat</span> <span class='ocrx_word' id='word_1_112' title='bbox 807 798 841 828; x_wconf 90' lang='lat'>&amp;</span> <span class='ocrx_word' id='word_1_113' title='bbox 859 796 1057 835; x_wconf 84' lang='lat' dir='ltr'>consueverat,</span> <span class='ocrx_word' id='word_1_114' title='bbox 1081 806 1112 826; x_wconf 90' lang='lat' dir='ltr'>in</span> <span class='ocrx_word' id='word_1_115' title='bbox 1135 797 1267 827; x_wconf 84' lang='lat' dir='ltr'>manibus</span> 
     </span>
     <span class='ocr_line' id='line_1_17' title="bbox 199 837 1266 913; baseline -0.006 -3"><span class='ocrx_word' id='word_1_116' title='bbox 199 837 520 910; x_wconf 52' lang='lat' dir='ltr'>nollgbigxlisllgliitfimus</span> <span class='ocrx_word' id='word_1_117' title='bbox 538 874 618 913; x_wconf 69' lang='lat' dir='ltr'>quod</span> <span class='ocrx_word' id='word_1_118' title='bbox 639 875 711 913; x_wconf 86' lang='lat' dir='ltr'>ipsos</span> <span class='ocrx_word' id='word_1_119' title='bbox 726 872 854 905; x_wconf 87' lang='lat' dir='ltr'>Vicarios</span> <span class='ocrx_word' id='word_1_120' title='bbox 874 873 910 904; x_wconf 90' lang='lat' dir='ltr'>de</span> <span class='ocrx_word' id='word_1_121' title='bbox 934 873 1091 905; x_wconf 86' lang='lat' dir='ltr'>Medietate</span> <span class='ocrx_word' id='word_1_122' title='bbox 1106 872 1266 911; x_wconf 85' lang='lat' dir='ltr'>hujusmodi</span> 
     </span>
     <span class='ocr_line' id='line_1_18' title="bbox 196 912 1265 954; baseline -0.007 -4"><span class='ocrx_word' id='word_1_123' title='bbox 196 917 405 954; x_wconf 70' lang='lat' dir='ltr'>Doeimamm,</span> <span class='ocrx_word' id='word_1_124' title='bbox 424 915 524 945; x_wconf 89' lang='lat' dir='ltr'>Nobis</span> <span class='ocrx_word' id='word_1_125' title='bbox 536 913 751 951; x_wconf 85' lang='lat' dir='ltr'>solvendarum,</span> <span class='ocrx_word' id='word_1_126' title='bbox 766 921 799 944; x_wconf 92' lang='lat' dir='ltr'>ut</span> <span class='ocrx_word' id='word_1_127' title='bbox 811 912 982 953; x_wconf 67' lang='lat' dir='ltr'>praedidtum</span> <span class='ocrx_word' id='word_1_128' title='bbox 994 913 1055 950; x_wconf 88' lang='lat' dir='ltr'>est,</span> <span class='ocrx_word' id='word_1_129' title='bbox 1072 912 1265 943; x_wconf 86' lang='lat' dir='ltr'>necnonCol·</span> 
     </span>
     <span class='ocr_line' id='line_1_19' title="bbox 198 951 1268 991; baseline -0.006 -3"><span class='ocrx_word' id='word_1_130' title='bbox 198 956 320 989; x_wconf 59' lang='lat' dir='ltr'>lectores</span> <span class='ocrx_word' id='word_1_131' title='bbox 339 955 518 991; x_wconf 83' lang='lat' dir='ltr'>earumdem,</span> <span class='ocrx_word' id='word_1_132' title='bbox 537 954 648 991; x_wconf 87' lang='lat' dir='ltr'>quietos</span> <span class='ocrx_word' id='word_1_133' title='bbox 671 953 705 983; x_wconf 71' lang='grc' dir='ltr'>ὃς</span> <span class='ocrx_word' id='word_1_134' title='bbox 723 959 890 982; x_wconf 87' lang='lat' dir='ltr'>exoneratos</span> <span class='ocrx_word' id='word_1_135' title='bbox 907 951 966 982; x_wconf 85' lang='lat' dir='ltr'>effe</span> <span class='ocrx_word' id='word_1_136' title='bbox 986 951 1170 990; x_wconf 74' lang='lat' dir='ltr'>permittatis,</span> <span class='ocrx_word' id='word_1_137' title='bbox 1196 951 1268 990; x_wconf 90' lang='lat' dir='ltr'>ipsos</span> 
     </span>
     <span class='ocr_line' id='line_1_20' title="bbox 198 989 1266 1031; baseline -0.007 -3"><span class='ocrx_word' id='word_1_138' title='bbox 198 998 245 1028; x_wconf 86' lang='lat' dir='ltr'>seu</span> <span class='ocrx_word' id='word_1_139' title='bbox 263 994 397 1025; x_wconf 85' lang='lat' dir='ltr'>Ecclesias</span> <span class='ocrx_word' id='word_1_140' title='bbox 413 994 486 1029; x_wconf 88' lang='lat' dir='ltr'>illas,</span> <span class='ocrx_word' id='word_1_141' title='bbox 504 1002 519 1022; x_wconf 91' lang='lat' dir='ltr'>a</span> <span class='ocrx_word' id='word_1_142' title='bbox 534 993 636 1029; x_wconf 86' lang='lat' dir='ltr'>quibus</span> <span class='ocrx_word' id='word_1_143' title='bbox 649 989 783 1028; x_wconf 89' lang='lat' dir='ltr'>deportus</span> <span class='ocrx_word' id='word_1_144' title='bbox 799 990 978 1031; x_wconf 86' lang='lat' dir='ltr'>percipiunt,</span> <span class='ocrx_word' id='word_1_145' title='bbox 996 991 1025 1020; x_wconf 91' lang='lat' dir='ltr'>in</span> <span class='ocrx_word' id='word_1_146' title='bbox 1039 989 1091 1020; x_wconf 74' lang='lat' dir='ltr'>hac</span> <span class='ocrx_word' id='word_1_147' title='bbox 1099 999 1266 1028; x_wconf 86' lang='lat' dir='ltr'>parte,n0n</span> 
     </span>
     <span class='ocr_line' id='line_1_21' title="bbox 198 1031 995 1071; baseline -0.015 -4"><span class='ocrx_word' id='word_1_148' title='bbox 198 1034 379 1067; x_wconf 85' lang='lat' dir='ltr'>molestantes</span> <span class='ocrx_word' id='word_1_149' title='bbox 395 1034 422 1061; x_wconf 89' lang='lat' dir='ltr'>in</span> <span class='ocrx_word' id='word_1_150' title='bbox 436 1031 530 1068; x_wconf 83' lang='lat' dir='ltr'>aliquo</span> <span class='ocrx_word' id='word_1_151' title='bbox 545 1031 589 1060; x_wconf 87' lang='lat' dir='ltr'>seu</span> <span class='ocrx_word' id='word_1_152' title='bbox 602 1038 757 1068; x_wconf 81' lang='lat' dir='ltr'>gravantes.</span> <span class='ocrx_word' id='word_1_153' title='bbox 989 1066 995 1071; x_wconf 24' lang='grc' dir='ltr'><strong><em>ἡ</em></strong></span> 
     </span>
     <span class='ocr_line' id='line_1_22' title="bbox 235 1065 1198 1110; baseline -0.007 -7"><span class='ocrx_word' id='word_1_154' title='bbox 235 1073 326 1105; x_wconf 91' lang='lat' dir='ltr'>Teste</span> <span class='ocrx_word' id='word_1_155' title='bbox 339 1070 420 1110; x_wconf 87' lang='lat' dir='ltr'>Rege</span> <span class='ocrx_word' id='word_1_156' title='bbox 435 1069 508 1108; x_wconf 87' lang='lat' dir='ltr'>apud</span> <span class='ocrx_word' id='word_1_157' title='bbox 526 1067 738 1109; x_wconf 74' lang='lat' dir='ltr'>Castrumsi&#39;eum</span> <span class='ocrx_word' id='word_1_158' title='bbox 756 1066 916 1105; x_wconf 78' lang='lat' dir='ltr'>Rothomagi</span> <span class='ocrx_word' id='word_1_159' title='bbox 926 1090 936 1106; x_wconf 92' lang='lat'>,</span> <span class='ocrx_word' id='word_1_160' title='bbox 954 1076 1048 1107; x_wconf 84' lang='lat' dir='ltr'>primo</span> <span class='ocrx_word' id='word_1_161' title='bbox 1065 1066 1111 1098; x_wconf 87' lang='lat' dir='ltr'>die</span> <span class='ocrx_word' id='word_1_162' title='bbox 1120 1065 1198 1106; x_wconf 88' lang='lat' dir='ltr'>Julii.</span> 
     </span>
     <span class='ocr_line' id='line_1_23' title="bbox 241 1195 1211 1247; baseline 0 -15"><span class='ocrx_word' id='word_1_163' title='bbox 241 1204 291 1236; x_wconf 81' lang='lat' dir='ltr'>De</span> <span class='ocrx_word' id='word_1_164' title='bbox 313 1197 480 1247; x_wconf 77' lang='lat' dir='ltr'>Affignatis</span> <span class='ocrx_word' id='word_1_165' title='bbox 501 1197 547 1231; x_wconf 83' lang='lat' dir='ltr'>ad</span> <span class='ocrx_word' id='word_1_166' title='bbox 569 1195 781 1245; x_wconf 61' lang='lat' dir='ltr'>Recrpiendum</span> <span class='ocrx_word' id='word_1_167' title='bbox 805 1196 992 1242; x_wconf 76' lang='lat' dir='ltr'>Prifimarios</span> <span class='ocrx_word' id='word_1_168' title='bbox 1014 1197 1051 1232; x_wconf 82' lang='lat' dir='ltr'>de</span> <span class='ocrx_word' id='word_1_169' title='bbox 1072 1201 1211 1232; x_wconf 72' lang='lat' dir='ltr'>Meaux.</span> 
     </span>
     <span class='ocr_line' id='line_1_24' title="bbox 42 1282 1197 1354; baseline -0.007 -37"><span class='ocrx_word' id='word_1_170' title='bbox 42 1301 122 1336; x_wconf 40' lang='lat' dir='ltr'>Anu.</span> <span class='ocrx_word' id='word_1_171' title='bbox 136 1303 179 1334; x_wconf 49' lang='lat' dir='ltr'>D·</span> <span class='ocrx_word' id='word_1_172' title='bbox 198 1285 342 1345; x_wconf 77' lang='lat' dir='ltr'>REX,</span> <span class='ocrx_word' id='word_1_173' title='bbox 357 1284 547 1353; x_wconf 35' lang='lat' dir='ltr'>dllestxodfibg,</span> <span class='ocrx_word' id='word_1_174' title='bbox 564 1286 606 1314; x_wconf 88' lang='lat' dir='ltr'><em>W</em></span> <span class='ocrx_word' id='word_1_175' title='bbox 604 1282 713 1352; x_wconf 56' lang='lat' dir='ltr'>{illielmo</span> <span class='ocrx_word' id='word_1_176' title='bbox 726 1282 892 1352; x_wconf 51' lang='lat' dir='ltr'>Trgtbeoks,</span> <span class='ocrx_word' id='word_1_177' title='bbox 911 1283 1111 1354; x_wconf 45' lang='lat' dir='ltr'>Salatgm.Aff</span> <span class='ocrx_word' id='word_1_178' title='bbox 1191 1324 1197 1329; x_wconf 35' lang='grc' dir='ltr'><strong>θ</strong></span> 
     </span>
     <span class='ocr_line' id='line_1_25' title="bbox 41 1325 1264 1410; baseline 0.009 -28"><span class='ocrx_word' id='word_1_179' title='bbox 41 1351 154 1410; x_wconf 48' lang='lat' dir='ltr'>aisti}</span> <span class='ocrx_word' id='word_1_180' title='bbox 196 1364 245 1394; x_wconf 65' lang='lat' dir='ltr'>Te</span> <span class='ocrx_word' id='word_1_181' title='bbox 259 1325 744 1405; x_wconf 43' lang='lat' dir='ltr'>adsggoqffisgnssiggssffigffi</span> <span class='ocrx_word' id='word_1_182' title='bbox 759 1332 952 1399; x_wconf 60' lang='lat' dir='ltr'>d0⁰33r¹1¹2¹1235</span> <span class='ocrx_word' id='word_1_183' title='bbox 960 1332 1264 1398; x_wconf 54' lang='lat' dir='ltr'>F2230122‚¹i3²31¹-ll¹r¹ssi</span> 
     </span>
     <span class='ocr_line' id='line_1_26' title="bbox 42 1399 1263 1455; baseline -0.002 -21"><span class='ocrx_word' id='word_1_184' title='bbox 42 1424 78 1447; x_wconf 79' lang='lat' dir='ltr'>H.</span> <span class='ocrx_word' id='word_1_185' title='bbox 91 1404 122 1455; x_wconf 36' lang='grc' dir='ltr'>’ς’</span> <span class='ocrx_word' id='word_1_186' title='bbox 151 1406 156 1411; x_wconf 91' lang='grc'><em>“</em></span> <span class='ocrx_word' id='word_1_187' title='bbox 194 1402 289 1447; x_wconf 72' lang='lat' dir='ltr'>nostra</span> <span class='ocrx_word' id='word_1_188' title='bbox 303 1401 468 1444; x_wconf 79' lang='lat' dir='ltr'>Londoniae</span> <span class='ocrx_word' id='word_1_189' title='bbox 486 1399 650 1438; x_wconf 82' lang='lat' dir='ltr'>existentes,</span> <span class='ocrx_word' id='word_1_190' title='bbox 670 1399 1056 1445; x_wconf 34' lang='lat' dir='ltr'>de-C&#39;onstabular&#39;ionostro</span> <span class='ocrx_word' id='word_1_191' title='bbox 1076 1400 1178 1445; x_wconf 80' lang='lat' dir='ltr'>Turris</span> <span class='ocrx_word' id='word_1_192' title='bbox 1190 1411 1263 1441; x_wconf 85' lang='lat' dir='ltr'>prae-</span> 
     </span>
     <span class='ocr_line' id='line_1_27' title="bbox 42 1438 1262 1487; baseline -0.001 -15"><span class='ocrx_word' id='word_1_193' title='bbox 42 1464 104 1487; x_wconf 77' lang='lat' dir='ltr'>Pat.</span> <span class='ocrx_word' id='word_1_194' title='bbox 131 1470 161 1486; x_wconf 70' lang='lat'>10</span> <span class='ocrx_word' id='word_1_195' title='bbox 191 1442 293 1481; x_wconf 63' lang='lat' dir='ltr'>dietae,</span> <span class='ocrx_word' id='word_1_196' title='bbox 311 1441 354 1471; x_wconf 88' lang='lat' dir='ltr'>vel</span> <span class='ocrx_word' id='word_1_197' title='bbox 376 1449 435 1484; x_wconf 60' lang='lat' dir='ltr'>ejus</span> <span class='ocrx_word' id='word_1_198' title='bbox 461 1439 691 1486; x_wconf 51' lang='lat' dir='ltr'>150cumtenente</span> <span class='ocrx_word' id='word_1_199' title='bbox 712 1438 837 1475; x_wconf 79' lang='lat' dir='ltr'>ibidem,</span> <span class='ocrx_word' id='word_1_200' title='bbox 855 1438 974 1482; x_wconf 73' lang='lat' dir='ltr'>adcitius</span> <span class='ocrx_word' id='word_1_201' title='bbox 994 1448 1053 1478; x_wconf 87' lang='lat' dir='ltr'>quo</span> <span class='ocrx_word' id='word_1_202' title='bbox 1075 1448 1196 1477; x_wconf 81' lang='lat' dir='ltr'>poteris,</span> <span class='ocrx_word' id='word_1_203' title='bbox 1212 1450 1262 1477; x_wconf 87' lang='lat' dir='ltr'>per</span> 
     </span>
     <span class='ocr_line' id='line_1_28' title="bbox 40 1476 1264 1534; baseline -0.002 -23"><span class='ocrx_word' id='word_1_204' title='bbox 40 1503 77 1527; x_wconf 45' lang='lat' dir='ltr'>H·</span> <span class='ocrx_word' id='word_1_205' title='bbox 94 1507 120 1534; x_wconf 45' lang='lat'>5·</span> <span class='ocrx_word' id='word_1_206' title='bbox 168 1483 172 1488; x_wconf 98' lang='grc'><strong>’</strong></span> <span class='ocrx_word' id='word_1_207' title='bbox 191 1481 373 1526; x_wconf 79' lang='lat' dir='ltr'>Indenturas,</span> <span class='ocrx_word' id='word_1_208' title='bbox 392 1488 465 1509; x_wconf 86' lang='lat' dir='ltr'>inter</span> <span class='ocrx_word' id='word_1_209' title='bbox 487 1478 576 1523; x_wconf 39' lang='lat'>1¹9&amp;</span> <span class='ocrx_word' id='word_1_210' title='bbox 589 1478 721 1521; x_wconf 72' lang='lat' dir='ltr'>praefatos</span> <span class='ocrx_word' id='word_1_211' title='bbox 735 1476 986 1522; x_wconf 77' lang='lat' dir='ltr'>Constabularium</span> <span class='ocrx_word' id='word_1_212' title='bbox 1003 1476 1264 1510; x_wconf 89' lang='lat' dir='ltr'>&amp;Locumtenen-</span> 
     </span>
     <span class='ocr_line' id='line_1_29' title="bbox 40 1515 1034 1567; baseline -0.006 -15"><span class='ocrx_word' id='word_1_213' title='bbox 40 1547 77 1567; x_wconf 46' lang='grc'>1,·</span> <span class='ocrx_word' id='word_1_214' title='bbox 92 1547 134 1565; x_wconf 47' lang='grc' dir='ltr'>ιο.</span> <span class='ocrx_word' id='word_1_215' title='bbox 149 1539 167 1567; x_wconf 58' lang='lat' dir='ltr'><em>d</em></span> <span class='ocrx_word' id='word_1_216' title='bbox 192 1529 252 1551; x_wconf 88' lang='lat' dir='ltr'>tem</span> <span class='ocrx_word' id='word_1_217' title='bbox 269 1530 298 1551; x_wconf 87' lang='lat' dir='ltr'>in</span> <span class='ocrx_word' id='word_1_218' title='bbox 310 1519 364 1550; x_wconf 85' lang='lat' dir='ltr'>hac</span> <span class='ocrx_word' id='word_1_219' title='bbox 379 1526 457 1557; x_wconf 83' lang='lat' dir='ltr'>parte</span> <span class='ocrx_word' id='word_1_220' title='bbox 470 1516 563 1547; x_wconf 86' lang='lat' dir='ltr'>debite</span> <span class='ocrx_word' id='word_1_221' title='bbox 579 1515 785 1553; x_wconf 72' lang='lat' dir='ltr'>conficiendas,</span> <span class='ocrx_word' id='word_1_222' title='bbox 803 1515 1034 1554; x_wconf 86' lang='lat' dir='ltr'>Recipiendum,</span> 
     </span>
    </p>
   </div>
   <div class='ocr_carea' id='block_1_9' title="bbox 171 1554 1262 2290">
    <p class='ocr_par' dir='ltr' id='par_1_10' title="bbox 171 1554 1262 1676">
     <span class='ocr_line' id='line_1_30' title="bbox 171 1554 1260 1594; baseline -0.003 -4"><span class='ocrx_word' id='word_1_223' title='bbox 171 1558 175 1564; x_wconf 90' lang='lat'>&#39;</span> <span class='ocrx_word' id='word_1_224' title='bbox 227 1558 266 1589; x_wconf 89' lang='lat' dir='ltr'>Et</span> <span class='ocrx_word' id='word_1_225' title='bbox 282 1568 332 1589; x_wconf 88' lang='lat' dir='ltr'>eos</span> <span class='ocrx_word' id='word_1_226' title='bbox 346 1557 432 1594; x_wconf 90' lang='lat' dir='ltr'>usque</span> <span class='ocrx_word' id='word_1_227' title='bbox 444 1554 577 1585; x_wconf 78' lang='lat' dir='ltr'>Castrum</span> <span class='ocrx_word' id='word_1_228' title='bbox 597 1554 725 1584; x_wconf 85' lang='lat' dir='ltr'>nostrum</span> <span class='ocrx_word' id='word_1_229' title='bbox 747 1554 784 1584; x_wconf 91' lang='lat' dir='ltr'>de</span> <span class='ocrx_word' id='word_1_230' title='bbox 806 1554 907 1594; x_wconf 87' lang='lat' dir='ltr'>Flynt‚</span> <span class='ocrx_word' id='word_1_231' title='bbox 923 1564 992 1585; x_wconf 90' lang='lat' dir='ltr'>cum</span> <span class='ocrx_word' id='word_1_232' title='bbox 1012 1557 1094 1585; x_wconf 92' lang='lat' dir='ltr'>omni</span> <span class='ocrx_word' id='word_1_233' title='bbox 1117 1556 1260 1587; x_wconf 82' lang='lat' dir='ltr'>celeritate</span> 
     </span>
     <span class='ocr_line' id='line_1_31' title="bbox 189 1592 1260 1636; baseline -0.003 -8"><span class='ocrx_word' id='word_1_234' title='bbox 189 1597 333 1636; x_wconf 76' lang='lat' dir='ltr'>possibili,</span> <span class='ocrx_word' id='word_1_235' title='bbox 351 1594 545 1631; x_wconf 76' lang='lat' dir='ltr'>Ducendum,</span> <span class='ocrx_word' id='word_1_236' title='bbox 563 1594 596 1624; x_wconf 72' lang='grc' dir='ltr'>ὅ(</span> <span class='ocrx_word' id='word_1_237' title='bbox 612 1602 660 1622; x_wconf 83' lang='lat' dir='ltr'>eos</span> <span class='ocrx_word' id='word_1_238' title='bbox 677 1592 784 1623; x_wconf 87' lang='lat' dir='ltr'>ibidem</span> <span class='ocrx_word' id='word_1_239' title='bbox 802 1592 880 1623; x_wconf 81' lang='lat' dir='ltr'>salvo</span> <span class='ocrx_word' id='word_1_240' title='bbox 900 1594 934 1624; x_wconf 72' lang='grc' dir='ltr'>δε</span> <span class='ocrx_word' id='word_1_241' title='bbox 949 1594 1061 1632; x_wconf 76' lang='lat' dir='ltr'>secure,</span> <span class='ocrx_word' id='word_1_242' title='bbox 1078 1604 1162 1634; x_wconf 83' lang='lat' dir='ltr'>prout</span> <span class='ocrx_word' id='word_1_243' title='bbox 1176 1596 1260 1625; x_wconf 88' lang='lat' dir='ltr'>nobis</span> 
     </span>
     <span class='ocr_line' id='line_1_32' title="bbox 189 1630 1262 1676; baseline -0.003 -9"><span class='ocrx_word' id='word_1_244' title='bbox 189 1638 219 1667; x_wconf 91' lang='lat' dir='ltr'>in</span> <span class='ocrx_word' id='word_1_245' title='bbox 233 1636 285 1667; x_wconf 88' lang='lat' dir='ltr'>hac</span> <span class='ocrx_word' id='word_1_246' title='bbox 301 1644 377 1676; x_wconf 84' lang='lat' dir='ltr'>parte</span> <span class='ocrx_word' id='word_1_247' title='bbox 398 1631 563 1672; x_wconf 76' lang='lat' dir='ltr'>respondere</span> <span class='ocrx_word' id='word_1_248' title='bbox 583 1632 722 1669; x_wconf 78' lang='lat' dir='ltr'>volueris,</span> <span class='ocrx_word' id='word_1_249' title='bbox 743 1630 994 1671; x_wconf 82' lang='lat' dir='ltr'>Custodicndum,</span> <span class='ocrx_word' id='word_1_250' title='bbox 1011 1634 1045 1665; x_wconf 86' lang='lat'>&amp;</span> <span class='ocrx_word' id='word_1_251' title='bbox 1066 1633 1203 1665; x_wconf 88' lang='lat' dir='ltr'>custodiri</span> <span class='ocrx_word' id='word_1_252' title='bbox 1219 1634 1262 1664; x_wconf 89' lang='lat' dir='ltr'>fa-</span> 
     </span>
    </p>

    <p class='ocr_par' dir='ltr' id='par_1_11' title="bbox 181 1675 1260 2016">
     <span class='ocr_line' id='line_1_33' title="bbox 210 1675 322 1705; baseline 0 -1"><span class='ocrx_word' id='word_1_253' title='bbox 210 1676 216 1704; x_wconf 97' lang='lat' dir='ltr'>i</span> <span class='ocrx_word' id='word_1_254' title='bbox 236 1675 322 1705; x_wconf 93' lang='lat' dir='ltr'>ndum</span> 
     </span>
     <span class='ocr_line' id='line_1_34' title="bbox 189 1685 1260 1749; baseline -0.003 -5"><span class='ocrx_word' id='word_1_255' title='bbox 189 1685 207 1706; x_wconf 76' lang='lat' dir='ltr'><strong>c</strong></span> <span class='ocrx_word' id='word_1_256' title='bbox 218 1686 264 1744; x_wconf 79' lang='lat' dir='ltr'>eEt</span> <span class='ocrx_word' id='word_1_257' title='bbox 280 1713 312 1743; x_wconf 90' lang='lat' dir='ltr'>ad</span> <span class='ocrx_word' id='word_1_258' title='bbox 328 1696 371 1742; x_wconf 71' lang='lat' dir='ltr'>t’ot</span> <span class='ocrx_word' id='word_1_259' title='bbox 381 1709 478 1749; x_wconf 86' lang='lat' dir='ltr'>Equos</span> <span class='ocrx_word' id='word_1_260' title='bbox 498 1709 531 1740; x_wconf 91' lang='lat'>&amp;</span> <span class='ocrx_word' id='word_1_261' title='bbox 547 1706 701 1747; x_wconf 65' lang='lat' dir='ltr'>Care-stas,</span> <span class='ocrx_word' id='word_1_262' title='bbox 740 1716 809 1747; x_wconf 91' lang='lat' dir='ltr'>uot,</span> <span class='ocrx_word' id='word_1_263' title='bbox 827 1718 881 1746; x_wconf 88' lang='lat' dir='ltr'>pro</span> <span class='ocrx_word' id='word_1_264' title='bbox 903 1707 1036 1749; x_wconf 84' lang='lat' dir='ltr'>Catiagio</span> <span class='ocrx_word' id='word_1_265' title='bbox 1051 1710 1085 1741; x_wconf 87' lang='lat'>&amp;</span> <span class='ocrx_word' id='word_1_266' title='bbox 1099 1709 1260 1742; x_wconf 71' lang='lat' dir='ltr'>Addusftio-</span> 
     </span>
     <span class='ocr_line' id='line_1_35' title="bbox 188 1719 1257 1787; baseline -0.004 -4"><span class='ocrx_word' id='word_1_267' title='bbox 188 1762 225 1783; x_wconf 91' lang='lat' dir='ltr'>ne</span> <span class='ocrx_word' id='word_1_268' title='bbox 245 1750 469 1781; x_wconf 79' lang='lat' dir='ltr'>Prisonariomm</span> <span class='ocrx_word' id='word_1_269' title='bbox 493 1747 698 1786; x_wconf 63' lang='lat' dir='ltr'>praedictorum</span> <span class='ocrx_word' id='word_1_270' title='bbox 720 1719 757 1778; x_wconf 58' lang='lat' dir='ltr'>ge</span> <span class='ocrx_word' id='word_1_271' title='bbox 773 1748 875 1780; x_wconf 74' lang='lat' dir='ltr'>eadem</span> <span class='ocrx_word' id='word_1_272' title='bbox 902 1748 991 1779; x_wconf 92' lang='lat' dir='ltr'>Turri</span> <span class='ocrx_word' id='word_1_273' title='bbox 1014 1749 1100 1787; x_wconf 82' lang='lat' dir='ltr'>usque</span> <span class='ocrx_word' id='word_1_274' title='bbox 1122 1749 1257 1780; x_wconf 91' lang='lat' dir='ltr'>Castrum</span> 
     </span>
     <span class='ocr_line' id='line_1_36' title="bbox 186 1785 1258 1828; baseline -0.002 -8"><span class='ocrx_word' id='word_1_275' title='bbox 186 1790 373 1828; x_wconf 61' lang='lat' dir='ltr'>praediSfflm,</span> <span class='ocrx_word' id='word_1_276' title='bbox 394 1786 521 1818; x_wconf 87' lang='lat' dir='ltr'>sufficere</span> <span class='ocrx_word' id='word_1_277' title='bbox 534 1794 687 1825; x_wconf 82' lang='lat' dir='ltr'>poterunt,</span> <span class='ocrx_word' id='word_1_278' title='bbox 703 1786 736 1817; x_wconf 68' lang='grc' dir='ltr'>ὅ(</span> <span class='ocrx_word' id='word_1_279' title='bbox 751 1786 785 1816; x_wconf 90' lang='lat' dir='ltr'>ad</span> <span class='ocrx_word' id='word_1_280' title='bbox 808 1785 955 1817; x_wconf 86' lang='lat' dir='ltr'><strong>Homines</strong></span> <span class='ocrx_word' id='word_1_281' title='bbox 975 1786 1187 1825; x_wconf 87' lang='lat' dir='ltr'>Defensabiles,</span> <span class='ocrx_word' id='word_1_282' title='bbox 1203 1797 1258 1827; x_wconf 92' lang='lat' dir='ltr'>pro</span> 
     </span>
     <span class='ocr_line' id='line_1_37' title="bbox 185 1825 1257 1866; baseline -0.002 -7"><span class='ocrx_word' id='word_1_283' title='bbox 185 1828 259 1860; x_wconf 64' lang='lat' dir='ltr'>salva</span> <span class='ocrx_word' id='word_1_284' title='bbox 272 1826 478 1859; x_wconf 62' lang='lat' dir='ltr'>Conductione</span> <span class='ocrx_word' id='word_1_285' title='bbox 492 1825 676 1864; x_wconf 88' lang='lat' dir='ltr'>eorumdem,</span> <span class='ocrx_word' id='word_1_286' title='bbox 695 1825 712 1856; x_wconf 88' lang='lat' dir='ltr'>si</span> <span class='ocrx_word' id='word_1_287' title='bbox 729 1825 842 1856; x_wconf 76' lang='lat' dir='ltr'>necesse</span> <span class='ocrx_word' id='word_1_288' title='bbox 862 1826 962 1864; x_wconf 87' lang='lat' dir='ltr'>fuerit,</span> <span class='ocrx_word' id='word_1_289' title='bbox 979 1828 1157 1866; x_wconf 89' lang='lat' dir='ltr'>ubicumque</span> <span class='ocrx_word' id='word_1_290' title='bbox 1176 1828 1257 1858; x_wconf 90' lang='lat' dir='ltr'>inve-</span> 
     </span>
     <span class='ocr_line' id='line_1_38' title="bbox 185 1863 1256 1908; baseline -0.002 -10"><span class='ocrx_word' id='word_1_291' title='bbox 185 1868 237 1898; x_wconf 88' lang='lat' dir='ltr'>niri</span> <span class='ocrx_word' id='word_1_292' title='bbox 252 1875 403 1908; x_wconf 89' lang='lat' dir='ltr'>poterunt,</span> <span class='ocrx_word' id='word_1_293' title='bbox 419 1864 492 1895; x_wconf 85' lang='lat' dir='ltr'>infra</span> <span class='ocrx_word' id='word_1_294' title='bbox 510 1863 682 1901; x_wconf 74' lang='lat' dir='ltr'>Libertates,</span> <span class='ocrx_word' id='word_1_295' title='bbox 700 1864 732 1895; x_wconf 90' lang='lat'>&amp;</span> <span class='ocrx_word' id='word_1_296' title='bbox 754 1872 829 1895; x_wconf 79' lang='lat' dir='ltr'>extra</span> <span class='ocrx_word' id='word_1_297' title='bbox 849 1864 966 1900; x_wconf 86' lang='lat' dir='ltr'>(Feodo</span> <span class='ocrx_word' id='word_1_298' title='bbox 988 1864 1120 1897; x_wconf 77' lang='lat' dir='ltr'>Eccleliae</span> <span class='ocrx_word' id='word_1_299' title='bbox 1143 1865 1256 1897; x_wconf 84' lang='lat' dir='ltr'>dumta-</span> 
     </span>
     <span class='ocr_line' id='line_1_39' title="bbox 184 1902 1255 1945; baseline -0.002 -8"><span class='ocrx_word' id='word_1_300' title='bbox 184 1914 230 1937; x_wconf 84' lang='lat' dir='ltr'>xat</span> <span class='ocrx_word' id='word_1_301' title='bbox 251 1904 382 1945; x_wconf 86' lang='lat' dir='ltr'>excepto)</span> <span class='ocrx_word' id='word_1_302' title='bbox 403 1914 454 1942; x_wconf 91' lang='lat' dir='ltr'>pro</span> <span class='ocrx_word' id='word_1_303' title='bbox 472 1903 598 1933; x_wconf 86' lang='lat' dir='ltr'>Denariis</span> <span class='ocrx_word' id='word_1_304' title='bbox 618 1902 735 1942; x_wconf 88' lang='lat' dir='ltr'>nostris,</span> <span class='ocrx_word' id='word_1_305' title='bbox 755 1904 786 1934; x_wconf 93' lang='lat' dir='ltr'>in</span> <span class='ocrx_word' id='word_1_306' title='bbox 805 1904 857 1934; x_wconf 87' lang='lat' dir='ltr'>hac</span> <span class='ocrx_word' id='word_1_307' title='bbox 883 1912 959 1942; x_wconf 87' lang='lat' dir='ltr'>parte</span> <span class='ocrx_word' id='word_1_308' title='bbox 976 1904 1176 1935; x_wconf 83' lang='lat' dir='ltr'>rationabiliter</span> <span class='ocrx_word' id='word_1_309' title='bbox 1200 1905 1255 1936; x_wconf 90' lang='lat' dir='ltr'>sol-</span> 
     </span>
     <span class='ocr_line' id='line_1_40' title="bbox 181 1940 1255 2016; baseline -0.001 -40"><span class='ocrx_word' id='word_1_310' title='bbox 181 1944 358 2016; x_wconf 32' lang='lat' dir='ltr'>³{ernisigsnide</span> <span class='ocrx_word' id='word_1_311' title='bbox 378 1951 509 1982; x_wconf 85' lang='lat' dir='ltr'>ternpore</span> <span class='ocrx_word' id='word_1_312' title='bbox 528 1943 557 1972; x_wconf 89' lang='lat' dir='ltr'>in</span> <span class='ocrx_word' id='word_1_313' title='bbox 579 1949 709 1981; x_wconf 83' lang='lat' dir='ltr'>tempus,</span> <span class='ocrx_word' id='word_1_314' title='bbox 736 1940 936 1982; x_wconf 88' lang='lat' dir='ltr'>Capiendum,</span> <span class='ocrx_word' id='word_1_315' title='bbox 960 1941 1195 1983; x_wconf 73' lang='lat' dir='ltr'>providendum,</span> <span class='ocrx_word' id='word_1_316' title='bbox 1220 1944 1255 1976; x_wconf 87' lang='lat'>&amp;</span> 
     </span>
    </p>

    <p class='ocr_par' dir='ltr' id='par_1_12' title="bbox 226 1993 387 2015">
     <span class='ocr_line' id='line_1_41' title="bbox 226 1993 387 2015; baseline 0 -1"><span class='ocrx_word' id='word_1_317' title='bbox 226 1995 241 2014; x_wconf 89' lang='lat' dir='ltr'>e</span> <span class='ocrx_word' id='word_1_318' title='bbox 266 1994 301 2015; x_wconf 88' lang='lat' dir='ltr'>an</span> <span class='ocrx_word' id='word_1_319' title='bbox 323 1993 387 2014; x_wconf 93' lang='lat' dir='ltr'>um·</span> 
     </span>
    </p>

    <p class='ocr_par' dir='ltr' id='par_1_13' title="bbox 179 2007 1253 2097">
     <span class='ocr_line' id='line_1_42' title="bbox 218 2007 1253 2060; baseline -0.002 -6"><span class='ocrx_word' id='word_1_320' title='bbox 218 2022 258 2055; x_wconf 89' lang='lat' dir='ltr'>Et</span> <span class='ocrx_word' id='word_1_321' title='bbox 270 2022 337 2054; x_wconf 79' lang='lat' dir='ltr'>ideo</span> <span class='ocrx_word' id='word_1_322' title='bbox 350 2007 424 2053; x_wconf 74' lang='lat' dir='ltr'>Tibi</span> <span class='ocrx_word' id='word_1_323' title='bbox 439 2019 625 2058; x_wconf 85' lang='lat' dir='ltr'>Praecipimus</span> <span class='ocrx_word' id='word_1_324' title='bbox 641 2019 721 2058; x_wconf 66' lang='lat' dir='ltr'>qu‘od</span> <span class='ocrx_word' id='word_1_325' title='bbox 741 2020 816 2052; x_wconf 87' lang='lat' dir='ltr'>circa</span> <span class='ocrx_word' id='word_1_326' title='bbox 832 2019 977 2052; x_wconf 80' lang='lat' dir='ltr'>Praemissa</span> <span class='ocrx_word' id='word_1_327' title='bbox 989 2020 1140 2060; x_wconf 81' lang='lat' dir='ltr'>diligenter</span> <span class='ocrx_word' id='word_1_328' title='bbox 1157 2021 1253 2054; x_wconf 86' lang='lat' dir='ltr'>inten—</span> 
     </span>
     <span class='ocr_line' id='line_1_43' title="bbox 179 2058 961 2097; baseline -0.004 -4"><span class='ocrx_word' id='word_1_329' title='bbox 179 2061 227 2094; x_wconf 82' lang='lat' dir='ltr'>das</span> <span class='ocrx_word' id='word_1_330' title='bbox 263 2072 296 2093; x_wconf 86' lang='lat' dir='ltr'>ac</span> <span class='ocrx_word' id='word_1_331' title='bbox 309 2072 342 2093; x_wconf 88' lang='lat' dir='ltr'>ea</span> <span class='ocrx_word' id='word_1_332' title='bbox 356 2061 439 2092; x_wconf 76' lang='lat' dir='ltr'>facias</span> <span class='ocrx_word' id='word_1_333' title='bbox 453 2060 486 2092; x_wconf 86' lang='lat'>&amp;</span> <span class='ocrx_word' id='word_1_334' title='bbox 502 2059 645 2097; x_wconf 81' lang='lat' dir='ltr'>exequaris</span> <span class='ocrx_word' id='word_1_335' title='bbox 659 2060 689 2089; x_wconf 94' lang='lat' dir='ltr'>in</span> <span class='ocrx_word' id='word_1_336' title='bbox 703 2058 796 2091; x_wconf 68' lang='lat' dir='ltr'>forma</span> <span class='ocrx_word' id='word_1_337' title='bbox 810 2060 961 2097; x_wconf 64' lang='lat' dir='ltr'>praedicta:</span> 
     </span>
    </p>

    <p class='ocr_par' dir='ltr' id='par_1_14' title="bbox 175 2085 1258 2290">
     <span class='ocr_line' id='line_1_44' title="bbox 219 2085 1258 2139; baseline -0.002 -7"><span class='ocrx_word' id='word_1_338' title='bbox 219 2085 334 2132; x_wconf 64' lang='lat' dir='ltr'>fiamus</span> <span class='ocrx_word' id='word_1_339' title='bbox 355 2108 450 2131; x_wconf 89' lang='lat' dir='ltr'>autem</span> <span class='ocrx_word' id='word_1_340' title='bbox 472 2098 604 2129; x_wconf 85' lang='lat' dir='ltr'>universis</span> <span class='ocrx_word' id='word_1_341' title='bbox 621 2097 654 2128; x_wconf 93' lang='lat'>&amp;</span> <span class='ocrx_word' id='word_1_342' title='bbox 678 2097 789 2137; x_wconf 75' lang='lat' dir='ltr'>lingulis</span> <span class='ocrx_word' id='word_1_343' title='bbox 818 2098 1061 2138; x_wconf 80' lang='lat' dir='ltr'>vicecomitibus,</span> <span class='ocrx_word' id='word_1_344' title='bbox 1080 2097 1258 2139; x_wconf 80' lang='lat' dir='ltr'>Maioribus,</span> 
     </span>
     <span class='ocr_line' id='line_1_45' title="bbox 178 2134 1254 2177; baseline -0.004 -5"><span class='ocrx_word' id='word_1_345' title='bbox 178 2139 423 2177; x_wconf 79' lang='lat' dir='ltr'>constabulariis,</span> <span class='ocrx_word' id='word_1_346' title='bbox 441 2137 569 2176; x_wconf 76' lang='lat' dir='ltr'>Ballivis‚</span> <span class='ocrx_word' id='word_1_347' title='bbox 590 2134 746 2176; x_wconf 83' lang='lat' dir='ltr'>Ministris,</span> <span class='ocrx_word' id='word_1_348' title='bbox 762 2147 795 2168; x_wconf 90' lang='lat' dir='ltr'>ac</span> <span class='ocrx_word' id='word_1_349' title='bbox 811 2137 887 2177; x_wconf 88' lang='lat' dir='ltr'>aliis,</span> <span class='ocrx_word' id='word_1_350' title='bbox 906 2148 1031 2177; x_wconf 90' lang='lat' dir='ltr'>quorum</span> <span class='ocrx_word' id='word_1_351' title='bbox 1047 2137 1177 2176; x_wconf 86' lang='lat' dir='ltr'>interest,</span> <span class='ocrx_word' id='word_1_352' title='bbox 1190 2138 1254 2169; x_wconf 90' lang='lat' dir='ltr'>Te-</span> 
     </span>
     <span class='ocr_line' id='line_1_46' title="bbox 178 2173 1252 2215; baseline -0.002 -5"><span class='ocrx_word' id='word_1_353' title='bbox 178 2189 250 2210; x_wconf 90' lang='lat' dir='ltr'>nore</span> <span class='ocrx_word' id='word_1_354' title='bbox 267 2177 470 2215; x_wconf 88' lang='lat' dir='ltr'>Praesentium,</span> <span class='ocrx_word' id='word_1_355' title='bbox 489 2176 604 2207; x_wconf 84' lang='lat' dir='ltr'>firmiter</span> <span class='ocrx_word' id='word_1_356' title='bbox 619 2176 648 2205; x_wconf 88' lang='lat' dir='ltr'>in</span> <span class='ocrx_word' id='word_1_357' title='bbox 671 2173 817 2207; x_wconf 78' lang='lat' dir='ltr'>Mandatis</span> <span class='ocrx_word' id='word_1_358' title='bbox 838 2177 920 2215; x_wconf 79' lang='lat' dir='ltr'>quod</span> <span class='ocrx_word' id='word_1_359' title='bbox 932 2177 1022 2215; x_wconf 86' lang='lat' dir='ltr'>Tibi,</span> <span class='ocrx_word' id='word_1_360' title='bbox 1042 2178 1071 2208; x_wconf 91' lang='lat' dir='ltr'>in</span> <span class='ocrx_word' id='word_1_361' title='bbox 1098 2176 1252 2208; x_wconf 80' lang='lat' dir='ltr'>Praemiffis</span> 
     </span>
     <span class='ocr_line' id='line_1_47' title="bbox 175 2213 1255 2256; baseline -0.002 -7"><span class='ocrx_word' id='word_1_362' title='bbox 175 2218 312 2250; x_wconf 78' lang='lat' dir='ltr'>faciendis</span> <span class='ocrx_word' id='word_1_363' title='bbox 325 2217 359 2249; x_wconf 73' lang='grc' dir='ltr'>δε</span> <span class='ocrx_word' id='word_1_364' title='bbox 377 2215 565 2256; x_wconf 82' lang='lat' dir='ltr'>exequendis,</span> <span class='ocrx_word' id='word_1_365' title='bbox 583 2213 765 2247; x_wconf 66' lang='lat' dir='ltr'>Intendentoe</span> <span class='ocrx_word' id='word_1_366' title='bbox 778 2215 830 2247; x_wconf 87' lang='lat' dir='ltr'>sint</span> <span class='ocrx_word' id='word_1_367' title='bbox 845 2217 879 2247; x_wconf 86' lang='lat'>&amp;</span> <span class='ocrx_word' id='word_1_368' title='bbox 893 2216 1066 2248; x_wconf 87' lang='lat' dir='ltr'>Auxiliantes</span> <span class='ocrx_word' id='word_1_369' title='bbox 1075 2238 1086 2255; x_wconf 91' lang='lat'>,</span> <span class='ocrx_word' id='word_1_370' title='bbox 1103 2224 1191 2255; x_wconf 85' lang='lat' dir='ltr'>prout</span> <span class='ocrx_word' id='word_1_371' title='bbox 1203 2215 1255 2247; x_wconf 86' lang='lat' dir='ltr'>de-</span> 
     </span>
     <span class='ocr_line' id='line_1_48' title="bbox 178 2266 234 2290; baseline -0.036 0"><span class='ocrx_word' id='word_1_372' title='bbox 178 2266 234 2290; x_wconf 87' lang='lat' dir='ltr'>cet.</span> 
     </span>
    </p>
   </div>
   <div class='ocr_carea' id='block_1_10' title="bbox 215 2295 1253 2376">
    <p class='ocr_par' dir='ltr' id='par_1_15' title="bbox 215 2295 1253 2376">
     <span class='ocr_line' id='line_1_49' title="bbox 215 2295 1253 2376; baseline -0.001 -11"><span class='ocrx_word' id='word_1_373' title='bbox 215 2295 346 2365; x_wconf 54' lang='lat' dir='ltr'>IuTcgl&#39;l&#39;g</span> <span class='ocrx_word' id='word_1_374' title='bbox 354 2319 364 2335; x_wconf 75' lang='lat'>⁷</span> <span class='ocrx_word' id='word_1_375' title='bbox 378 2295 528 2374; x_wconf 40' lang='lat' dir='ltr'>&amp;infredo</span> <span class='ocrx_word' id='word_1_376' title='bbox 553 2335 630 2364; x_wconf 83' lang='lat' dir='ltr'>Duce</span> <span class='ocrx_word' id='word_1_377' title='bbox 656 2330 827 2376; x_wconf 78' lang='lat' dir='ltr'>Glaucestriae</span> <span class='ocrx_word' id='word_1_378' title='bbox 843 2356 854 2372; x_wconf 92' lang='lat'>,</span> <span class='ocrx_word' id='word_1_379' title='bbox 879 2330 1010 2365; x_wconf 89' lang='lat' dir='ltr'>Custode</span> <span class='ocrx_word' id='word_1_380' title='bbox 1036 2331 1148 2373; x_wconf 78' lang='lat' dir='ltr'>Angliae</span> <span class='ocrx_word' id='word_1_381' title='bbox 1177 2331 1253 2372; x_wconf 84' lang='lat' dir='ltr'>apud</span> 
     </span>
    </p>
   </div>
   <div class='ocr_carea' id='block_1_11' title="bbox 182 2371 1042 2442">
    <p class='ocr_par' dir='ltr' id='par_1_16' title="bbox 182 2371 1042 2442">
     <span class='ocr_line' id='line_1_50' title="bbox 182 2371 747 2415; baseline -0.002 -11"><span class='ocrx_word' id='word_1_382' title='bbox 182 2372 444 2415; x_wconf 59' lang='lat' dir='ltr'>westmonasterium</span> <span class='ocrx_word' id='word_1_383' title='bbox 452 2395 462 2413; x_wconf 82' lang='lat'>,</span> <span class='ocrx_word' id='word_1_384' title='bbox 482 2373 598 2413; x_wconf 78' lang='lat' dir='ltr'>Quarto</span> <span class='ocrx_word' id='word_1_385' title='bbox 612 2372 658 2403; x_wconf 82' lang='lat' dir='ltr'>dle</span> <span class='ocrx_word' id='word_1_386' title='bbox 668 2371 747 2411; x_wconf 68' lang='lat' dir='ltr'>Julfi.</span> 
     </span>
     <span class='ocr_line' id='line_1_51' title="bbox 814 2409 1042 2442; baseline 0 -1"><span class='ocrx_word' id='word_1_387' title='bbox 814 2413 870 2441; x_wconf 83' lang='lat' dir='ltr'>Per</span> <span class='ocrx_word' id='word_1_388' title='bbox 888 2409 1042 2442; x_wconf 83' lang='lat' dir='ltr'>Concilium.</span> 
     </span>
    </p>
   </div>
   <div class='ocr_carea' id='block_1_12' title="bbox 166 2485 1254 2682">
    <p class='ocr_par' dir='ltr' id='par_1_17' title="bbox 177 2485 1010 2546">
     <span class='ocr_line' id='line_1_52' title="bbox 177 2485 1010 2546; baseline -0.004 -25"><span class='ocrx_word' id='word_1_389' title='bbox 177 2488 260 2546; x_wconf 82' lang='lat' dir='ltr'>RE</span> <span class='ocrx_word' id='word_1_390' title='bbox 271 2488 303 2521; x_wconf 86' lang='lat' dir='ltr'>X</span> <span class='ocrx_word' id='word_1_391' title='bbox 313 2512 322 2526; x_wconf 88' lang='lat'>,</span> <span class='ocrx_word' id='word_1_392' title='bbox 342 2487 462 2520; x_wconf 64' lang='lat' dir='ltr'>Dile&amp;0</span> <span class='ocrx_word' id='word_1_393' title='bbox 479 2489 550 2528; x_wconf 82' lang='lat' dir='ltr'>fibi,</span> <span class='ocrx_word' id='word_1_394' title='bbox 565 2487 701 2519; x_wconf 79' lang='lat' dir='ltr'>Nicholao</span> <span class='ocrx_word' id='word_1_395' title='bbox 720 2490 825 2519; x_wconf 81' lang='lat' dir='ltr'>Saxton</span> <span class='ocrx_word' id='word_1_396' title='bbox 835 2510 845 2525; x_wconf 89' lang='lat'>,</span> <span class='ocrx_word' id='word_1_397' title='bbox 864 2485 1010 2519; x_wconf 64' lang='lat' dir='ltr'>Salutem?</span> 
     </span>
    </p>

    <p class='ocr_par' dir='ltr' id='par_1_18' title="bbox 166 2525 1254 2682">
     <span class='ocr_line' id='line_1_53' title="bbox 173 2525 1254 2567; baseline 0.001 -9"><span class='ocrx_word' id='word_1_398' title='bbox 173 2555 176 2558; x_wconf 22' lang='grc' dir='ltr'><em>ι</em></span> <span class='ocrx_word' id='word_1_399' title='bbox 271 2528 349 2558; x_wconf 87' lang='lat' dir='ltr'>Scias</span> <span class='ocrx_word' id='word_1_400' title='bbox 368 2528 470 2567; x_wconf 78' lang='lat' dir='ltr'>quod,</span> <span class='ocrx_word' id='word_1_401' title='bbox 494 2528 530 2558; x_wconf 90' lang='lat' dir='ltr'>de</span> <span class='ocrx_word' id='word_1_402' title='bbox 549 2529 724 2559; x_wconf 83' lang='lat' dir='ltr'>avisamento</span> <span class='ocrx_word' id='word_1_403' title='bbox 743 2526 870 2558; x_wconf 86' lang='lat' dir='ltr'>Concilii</span> <span class='ocrx_word' id='word_1_404' title='bbox 897 2527 1006 2565; x_wconf 88' lang='lat' dir='ltr'>nostri,</span> <span class='ocrx_word' id='word_1_405' title='bbox 1045 2525 1254 2566; x_wconf 82' lang='lat' dir='ltr'>Affignavimus</span> 
     </span>
     <span class='ocr_line' id='line_1_54' title="bbox 174 2560 1248 2605; baseline 0.003 -12"><span class='ocrx_word' id='word_1_406' title='bbox 174 2560 225 2593; x_wconf 87' lang='lat' dir='ltr'>Te</span> <span class='ocrx_word' id='word_1_407' title='bbox 242 2565 277 2595; x_wconf 90' lang='lat' dir='ltr'>ad</span> <span class='ocrx_word' id='word_1_408' title='bbox 290 2565 397 2604; x_wconf 81' lang='lat' dir='ltr'>Viginti</span> <span class='ocrx_word' id='word_1_409' title='bbox 417 2566 587 2597; x_wconf 85' lang='lat' dir='ltr'>Prisonarios</span> <span class='ocrx_word' id='word_1_410' title='bbox 614 2566 746 2605; x_wconf 86' lang='lat' dir='ltr'>nostros,</span> <span class='ocrx_word' id='word_1_411' title='bbox 763 2566 799 2597; x_wconf 91' lang='lat' dir='ltr'>de</span> <span class='ocrx_word' id='word_1_412' title='bbox 820 2565 946 2604; x_wconf 86' lang='lat' dir='ltr'>partibus</span> <span class='ocrx_word' id='word_1_413' title='bbox 968 2565 1117 2603; x_wconf 81' lang='lat' dir='ltr'>Franciae,</span> <span class='ocrx_word' id='word_1_414' title='bbox 1134 2565 1196 2602; x_wconf 61' lang='grc' dir='ltr'>ὠς.</span> <span class='ocrx_word' id='word_1_415' title='bbox 1215 2574 1248 2596; x_wconf 77' lang='lat' dir='ltr'>ut</span> 
     </span>
     <span class='ocr_line' id='line_1_55' title="bbox 166 2601 1245 2645; baseline 0.004 -13"><span class='ocrx_word' id='word_1_416' title='bbox 166 2601 256 2641; x_wconf 72' lang='lat' dir='ltr'>Ji&#39;aepra</span> <span class='ocrx_word' id='word_1_417' title='bbox 274 2603 352 2644; x_wconf 60' lang='lat' dir='ltr'>isque</span> <span class='ocrx_word' id='word_1_418' title='bbox 376 2604 427 2642; x_wconf 73' lang='lat' dir='ltr'>ibi,</span> <span class='ocrx_word' id='word_1_419' title='bbox 453 2604 588 2635; x_wconf 83' lang='lat' dir='ltr'>Castrum</span> <span class='ocrx_word' id='word_1_420' title='bbox 615 2604 764 2644; x_wconf 88' lang='lat' dir='ltr'>nostrum,</span> <span class='ocrx_word' id='word_1_421' title='bbox 791 2602 831 2641; x_wconf 65' lang='grc' dir='ltr'>ὠ·</span> <span class='ocrx_word' id='word_1_422' title='bbox 856 2611 921 2634; x_wconf 82' lang='lat' dir='ltr'>tunc</span> <span class='ocrx_word' id='word_1_423' title='bbox 934 2602 970 2644; x_wconf 82' lang='lat' dir='ltr'>fic</span> <span class='ocrx_word' id='word_1_424' title='bbox 988 2626 999 2643; x_wconf 90' lang='lat'>,</span> <span class='ocrx_word' id='word_1_425' title='bbox 1022 2604 1058 2636; x_wconf 92' lang='lat' dir='ltr'>de</span> <span class='ocrx_word' id='word_1_426' title='bbox 1080 2604 1245 2645; x_wconf 83' lang='lat' dir='ltr'>Rothelan,</span> 
     </span>
     <span class='ocr_line' id='line_1_56' title="bbox 176 2642 751 2682; baseline 0.005 -12"><span class='ocrx_word' id='word_1_427' title='bbox 176 2649 246 2671; x_wconf 87' lang='lat' dir='ltr'>cum</span> <span class='ocrx_word' id='word_1_428' title='bbox 263 2643 345 2672; x_wconf 93' lang='lat' dir='ltr'>omni</span> <span class='ocrx_word' id='word_1_429' title='bbox 363 2642 520 2682; x_wconf 84' lang='lat' dir='ltr'>celeritate,</span> <span class='ocrx_word' id='word_1_430' title='bbox 536 2642 598 2678; x_wconf 58' lang='lat' dir='ltr'>&amp;a</span> <span class='ocrx_word' id='word_1_431' title='bbox 615 2650 646 2673; x_wconf 74' lang='lat' dir='ltr'>ut</span> <span class='ocrx_word' id='word_1_432' title='bbox 658 2644 751 2682; x_wconf 81' lang='lat' dir='ltr'>supra.</span> 
     </span>
    </p>
   </div>
   <div class='ocr_carea' id='block_1_13' title="bbox 216 2679 1088 2750">
    <p class='ocr_par' dir='ltr' id='par_1_19' title="bbox 216 2679 1088 2750">
     <span class='ocr_line' id='line_1_57' title="bbox 216 2679 461 2719; baseline 0.004 -9"><span class='ocrx_word' id='word_1_433' title='bbox 216 2679 305 2711; x_wconf 87' lang='lat' dir='ltr'>Teste</span> <span class='ocrx_word' id='word_1_434' title='bbox 323 2688 354 2711; x_wconf 88' lang='lat' dir='ltr'>ut</span> <span class='ocrx_word' id='word_1_435' title='bbox 372 2682 461 2719; x_wconf 82' lang='lat' dir='ltr'>supra.</span> 
     </span>
     <span class='ocr_line' id='line_1_58' title="bbox 859 2718 1088 2750; baseline 0.004 -1"><span class='ocrx_word' id='word_1_436' title='bbox 859 2718 913 2749; x_wconf 84' lang='lat' dir='ltr'>Per</span> <span class='ocrx_word' id='word_1_437' title='bbox 929 2718 1088 2750; x_wconf 86' lang='lat' dir='ltr'>Concilium.</span> 
     </span>
    </p>
   </div>
   <div class='ocr_carea' id='block_1_14' title="bbox 167 2789 1245 3029">
    <p class='ocr_par' dir='ltr' id='par_1_20' title="bbox 184 2789 1243 2876">
     <span class='ocr_line' id='line_1_59' title="bbox 184 2789 1243 2835; baseline 0.001 -9"><span class='ocrx_word' id='word_1_438' title='bbox 184 2789 190 2793; x_wconf 54' lang='grc'><strong><em>’</em></strong></span> <span class='ocrx_word' id='word_1_439' title='bbox 238 2793 323 2835; x_wconf 86' lang='lat' dir='ltr'>EX,</span> <span class='ocrx_word' id='word_1_440' title='bbox 340 2795 447 2828; x_wconf 66' lang='lat' dir='ltr'>dilecto</span> <span class='ocrx_word' id='word_1_441' title='bbox 472 2795 539 2835; x_wconf 87' lang='lat' dir='ltr'>sibi,</span> <span class='ocrx_word' id='word_1_442' title='bbox 557 2794 685 2834; x_wconf 81' lang='lat' dir='ltr'>Johanni</span> <span class='ocrx_word' id='word_1_443' title='bbox 710 2793 794 2825; x_wconf 84' lang='lat' dir='ltr'>Bolde</span> <span class='ocrx_word' id='word_1_444' title='bbox 812 2818 823 2835; x_wconf 94' lang='lat'>,</span> <span class='ocrx_word' id='word_1_445' title='bbox 845 2794 1066 2827; x_wconf 85' lang='lat' dir='ltr'>Constabulatio</span> <span class='ocrx_word' id='word_1_446' title='bbox 1096 2793 1190 2827; x_wconf 84' lang='lat' dir='ltr'>Castri</span> <span class='ocrx_word' id='word_1_447' title='bbox 1207 2796 1243 2828; x_wconf 91' lang='lat' dir='ltr'>de</span> 
     </span>
     <span class='ocr_line' id='line_1_60' title="bbox 257 2834 582 2876; baseline -0.003 -11"><span class='ocrx_word' id='word_1_448' title='bbox 257 2835 407 2876; x_wconf 88' lang='lat' dir='ltr'>Conewey</span> <span class='ocrx_word' id='word_1_449' title='bbox 420 2858 430 2874; x_wconf 93' lang='lat'>,</span> <span class='ocrx_word' id='word_1_450' title='bbox 449 2834 582 2866; x_wconf 88' lang='lat' dir='ltr'>Salutem.</span> 
     </span>
    </p>

    <p class='ocr_par' dir='ltr' id='par_1_21' title="bbox 167 2871 1245 3029">
     <span class='ocr_line' id='line_1_61' title="bbox 212 2871 1245 2913; baseline 0 -8"><span class='ocrx_word' id='word_1_451' title='bbox 212 2874 290 2905; x_wconf 84' lang='lat' dir='ltr'>Scias</span> <span class='ocrx_word' id='word_1_452' title='bbox 306 2874 403 2913; x_wconf 76' lang='lat' dir='ltr'>quod,</span> <span class='ocrx_word' id='word_1_453' title='bbox 420 2875 456 2905; x_wconf 91' lang='lat' dir='ltr'>de</span> <span class='ocrx_word' id='word_1_454' title='bbox 479 2873 665 2904; x_wconf 88' lang='lat' dir='ltr'>Avisarnento</span> <span class='ocrx_word' id='word_1_455' title='bbox 688 2871 817 2903; x_wconf 89' lang='lat' dir='ltr'>Concilii</span> <span class='ocrx_word' id='word_1_456' title='bbox 837 2872 944 2911; x_wconf 89' lang='lat' dir='ltr'>nostri,</span> <span class='ocrx_word' id='word_1_457' title='bbox 963 2871 1173 2912; x_wconf 85' lang='lat' dir='ltr'>Affignavimus</span> <span class='ocrx_word' id='word_1_458' title='bbox 1195 2873 1245 2905; x_wconf 87' lang='lat' dir='ltr'>Te</span> 
     </span>
     <span class='ocr_line' id='line_1_62' title="bbox 173 2910 1245 2951; baseline -0.001 -8"><span class='ocrx_word' id='word_1_459' title='bbox 173 2911 210 2943; x_wconf 81' lang='lat' dir='ltr'>ad</span> <span class='ocrx_word' id='word_1_460' title='bbox 236 2911 406 2944; x_wconf 84' lang='lat' dir='ltr'>Duodecim</span> <span class='ocrx_word' id='word_1_461' title='bbox 428 2912 600 2944; x_wconf 82' lang='lat' dir='ltr'>Prisonarios</span> <span class='ocrx_word' id='word_1_462' title='bbox 619 2910 748 2950; x_wconf 86' lang='lat' dir='ltr'>nostros,</span> <span class='ocrx_word' id='word_1_463' title='bbox 764 2911 799 2942; x_wconf 90' lang='lat' dir='ltr'>de</span> <span class='ocrx_word' id='word_1_464' title='bbox 819 2911 946 2942; x_wconf 85' lang='lat' dir='ltr'>Partibus</span> <span class='ocrx_word' id='word_1_465' title='bbox 964 2911 1112 2951; x_wconf 82' lang='lat' dir='ltr'>Franciae,</span> <span class='ocrx_word' id='word_1_466' title='bbox 1132 2911 1193 2948; x_wconf 58' lang='lat' dir='ltr'>&amp;a</span> <span class='ocrx_word' id='word_1_467' title='bbox 1212 2919 1245 2943; x_wconf 74' lang='lat' dir='ltr'>ut</span> 
     </span>
     <span class='ocr_line' id='line_1_63' title="bbox 167 2947 1242 2991; baseline 0.005 -12"><span class='ocrx_word' id='word_1_468' title='bbox 167 2951 253 2990; x_wconf 76' lang='lat' dir='ltr'>supra</span> <span class='ocrx_word' id='word_1_469' title='bbox 271 2962 288 2980; x_wconf 84' lang='lat' dir='ltr'><em>u</em></span> <span class='ocrx_word' id='word_1_470' title='bbox 302 2962 351 2991; x_wconf 84' lang='lat' dir='ltr'>que</span> <span class='ocrx_word' id='word_1_471' title='bbox 369 2951 423 2989; x_wconf 79' lang='lat' dir='ltr'>ibi,</span> <span class='ocrx_word' id='word_1_472' title='bbox 439 2950 670 2988; x_wconf 87' lang='lat' dir='ltr'>Recipiendum,</span> <span class='ocrx_word' id='word_1_473' title='bbox 689 2947 727 2985; x_wconf 68' lang='grc' dir='ltr'>ό·</span> <span class='ocrx_word' id='word_1_474' title='bbox 740 2957 805 2980; x_wconf 84' lang='lat' dir='ltr'>tunc</span> <span class='ocrx_word' id='word_1_475' title='bbox 813 2949 873 2991; x_wconf 84' lang='lat' dir='ltr'>fic,</span> <span class='ocrx_word' id='word_1_476' title='bbox 889 2951 923 2983; x_wconf 88' lang='lat'>&amp;</span> <span class='ocrx_word' id='word_1_477' title='bbox 939 2960 988 2982; x_wconf 89' lang='lat' dir='ltr'>eos</span> <span class='ocrx_word' id='word_1_478' title='bbox 1003 2951 1089 2991; x_wconf 89' lang='lat' dir='ltr'>usque</span> <span class='ocrx_word' id='word_1_479' title='bbox 1105 2949 1242 2984; x_wconf 88' lang='lat' dir='ltr'>Castrum</span> 
     </span>
     <span class='ocr_line' id='line_1_64' title="bbox 176 2988 599 3029; baseline 0.002 -10"><span class='ocrx_word' id='word_1_480' title='bbox 176 2989 283 3028; x_wconf 73' lang='lat' dir='ltr'>praedic</span> <span class='ocrx_word' id='word_1_481' title='bbox 299 3000 347 3020; x_wconf 94' lang='lat' dir='ltr'>um</span> <span class='ocrx_word' id='word_1_482' title='bbox 358 3013 367 3028; x_wconf 92' lang='lat'>,</span> <span class='ocrx_word' id='word_1_483' title='bbox 382 2988 444 3024; x_wconf 78' lang='lat' dir='ltr'>&amp;c.</span> <span class='ocrx_word' id='word_1_484' title='bbox 462 2997 494 3020; x_wconf 85' lang='lat' dir='ltr'>ut</span> <span class='ocrx_word' id='word_1_485' title='bbox 502 2988 599 3029; x_wconf 72' lang='lat' dir='ltr'>ficpra.</span> 
     </span>
    </p>
   </div>
   <div class='ocr_carea' id='block_1_15' title="bbox 212 3028 1111 3098">
    <p class='ocr_par' dir='ltr' id='par_1_22' title="bbox 212 3028 1111 3098">
     <span class='ocr_line' id='line_1_65' title="bbox 212 3028 456 3069; baseline 0.004 -11"><span class='ocrx_word' id='word_1_486' title='bbox 212 3028 302 3059; x_wconf 86' lang='lat' dir='ltr'>Teste</span> <span class='ocrx_word' id='word_1_487' title='bbox 316 3037 348 3059; x_wconf 88' lang='lat' dir='ltr'>ut</span> <span class='ocrx_word' id='word_1_488' title='bbox 366 3028 456 3069; x_wconf 83' lang='lat' dir='ltr'>supra.</span> 
     </span>
     <span class='ocr_line' id='line_1_66' title="bbox 884 3067 1111 3098; baseline 0 -1"><span class='ocrx_word' id='word_1_489' title='bbox 884 3067 939 3097; x_wconf 83' lang='lat' dir='ltr'>Per</span> <span class='ocrx_word' id='word_1_490' title='bbox 957 3067 1111 3098; x_wconf 81' lang='lat' dir='ltr'>Concilium.</span> 
     </span>
    </p>
   </div>
   <div class='ocr_carea' id='block_1_16' title="bbox 22 3140 1241 3338">
    <p class='ocr_par' dir='ltr' id='par_1_23' title="bbox 171 3140 1032 3200">
     <span class='ocr_line' id='line_1_67' title="bbox 171 3140 1032 3200; baseline 0 -26"><span class='ocrx_word' id='word_1_491' title='bbox 171 3143 253 3200; x_wconf 72' lang='lat' dir='ltr'>RE</span> <span class='ocrx_word' id='word_1_492' title='bbox 265 3142 314 3181; x_wconf 91' lang='lat' dir='ltr'>X,</span> <span class='ocrx_word' id='word_1_493' title='bbox 334 3142 453 3175; x_wconf 69' lang='lat' dir='ltr'>Dilec‘to</span> <span class='ocrx_word' id='word_1_494' title='bbox 468 3143 536 3180; x_wconf 81' lang='lat' dir='ltr'>fibi,</span> <span class='ocrx_word' id='word_1_495' title='bbox 553 3143 696 3182; x_wconf 84' lang='lat' dir='ltr'>Radulpho</span> <span class='ocrx_word' id='word_1_496' title='bbox 717 3140 870 3182; x_wconf 77' lang='lat' dir='ltr'>Makerell,</span> <span class='ocrx_word' id='word_1_497' title='bbox 897 3142 1032 3175; x_wconf 85' lang='lat' dir='ltr'>Salutem.</span> 
     </span>
    </p>

    <p class='ocr_par' dir='ltr' id='par_1_24' title="bbox 22 3181 1241 3338">
     <span class='ocr_line' id='line_1_68' title="bbox 22 3181 1241 3228; baseline 0 -13"><span class='ocrx_word' id='word_1_498' title='bbox 22 3183 163 3220; x_wconf 57' lang='lat' dir='ltr'>*x.226‚</span> <span class='ocrx_word' id='word_1_499' title='bbox 265 3185 279 3200; x_wconf 62' lang='lat'>⁴⁶</span> <span class='ocrx_word' id='word_1_500' title='bbox 292 3184 369 3228; x_wconf 76' lang='lat' dir='ltr'>Scias</span> <span class='ocrx_word' id='word_1_501' title='bbox 383 3182 484 3227; x_wconf 72' lang='lat' dir='ltr'>quod,</span> <span class='ocrx_word' id='word_1_502' title='bbox 501 3182 539 3212; x_wconf 90' lang='lat' dir='ltr'>de</span> <span class='ocrx_word' id='word_1_503' title='bbox 562 3182 733 3227; x_wconf 79' lang='lat' dir='ltr'>avisamento</span> <span class='ocrx_word' id='word_1_504' title='bbox 744 3182 884 3227; x_wconf 29' lang='lat' dir='ltr'>‘Concilii</span> <span class='ocrx_word' id='word_1_505' title='bbox 897 3182 1004 3222; x_wconf 86' lang='lat' dir='ltr'>nostri,</span> <span class='ocrx_word' id='word_1_506' title='bbox 1029 3181 1241 3227; x_wconf 73' lang='lat' dir='ltr'>Affignavimus</span> 
     </span>
     <span class='ocr_line' id='line_1_69' title="bbox 172 3219 1239 3267; baseline 0.003 -17"><span class='ocrx_word' id='word_1_507' title='bbox 172 3219 218 3263; x_wconf 59' lang='lat' dir='ltr'>&#39;Pe</span> <span class='ocrx_word' id='word_1_508' title='bbox 232 3221 266 3251; x_wconf 82' lang='lat' dir='ltr'>ad</span> <span class='ocrx_word' id='word_1_509' title='bbox 281 3220 392 3260; x_wconf 85' lang='lat' dir='ltr'>Viginti</span> <span class='ocrx_word' id='word_1_510' title='bbox 409 3222 442 3253; x_wconf 90' lang='lat'>&amp;</span> <span class='ocrx_word' id='word_1_511' title='bbox 461 3222 602 3267; x_wconf 30' lang='lat' dir='ltr'>Qvi-tuor,</span> <span class='ocrx_word' id='word_1_512' title='bbox 614 3220 784 3252; x_wconf 81' lang='lat' dir='ltr'>Prisonartos</span> <span class='ocrx_word' id='word_1_513' title='bbox 799 3220 929 3259; x_wconf 85' lang='lat' dir='ltr'>nostros,</span> <span class='ocrx_word' id='word_1_514' title='bbox 949 3220 986 3251; x_wconf 89' lang='lat' dir='ltr'>de</span> <span class='ocrx_word' id='word_1_515' title='bbox 1008 3222 1131 3258; x_wconf 85' lang='lat' dir='ltr'>partibus</span> <span class='ocrx_word' id='word_1_516' title='bbox 1150 3221 1239 3253; x_wconf 88' lang='lat' dir='ltr'>Fran-</span> 
     </span>
     <span class='ocr_line' id='line_1_70' title="bbox 172 3257 1240 3304; baseline 0 -15"><span class='ocrx_word' id='word_1_517' title='bbox 172 3268 243 3297; x_wconf 74' lang='lat' dir='ltr'>ciae,</span> <span class='ocrx_word' id='word_1_518' title='bbox 260 3258 320 3293; x_wconf 75' lang='lat' dir='ltr'>&amp;c.</span> <span class='ocrx_word' id='word_1_519' title='bbox 339 3268 369 3289; x_wconf 79' lang='lat' dir='ltr'>ut</span> <span class='ocrx_word' id='word_1_520' title='bbox 386 3257 469 3299; x_wconf 69' lang='lat' dir='ltr'>ficpra</span> <span class='ocrx_word' id='word_1_521' title='bbox 491 3260 569 3304; x_wconf 59' lang='lat' dir='ltr'>usqae</span> <span class='ocrx_word' id='word_1_522' title='bbox 591 3259 646 3303; x_wconf 62' lang='lat' dir='ltr'>ibi,</span> <span class='ocrx_word' id='word_1_523' title='bbox 670 3258 804 3290; x_wconf 86' lang='lat' dir='ltr'>Castrum</span> <span class='ocrx_word' id='word_1_524' title='bbox 828 3259 973 3297; x_wconf 85' lang='lat' dir='ltr'>nostrum,</span> <span class='ocrx_word' id='word_1_525' title='bbox 993 3259 1031 3294; x_wconf 64' lang='grc' dir='ltr'>ό·</span> <span class='ocrx_word' id='word_1_526' title='bbox 1051 3267 1116 3289; x_wconf 83' lang='lat' dir='ltr'>tunc</span> <span class='ocrx_word' id='word_1_527' title='bbox 1130 3259 1188 3300; x_wconf 81' lang='lat' dir='ltr'>fic,</span> <span class='ocrx_word' id='word_1_528' title='bbox 1204 3261 1240 3293; x_wconf 83' lang='lat' dir='ltr'>de</span> 
     </span>
     <span class='ocr_line' id='line_1_71' title="bbox 173 3295 958 3338; baseline 0 -10"><span class='ocrx_word' id='word_1_529' title='bbox 173 3295 365 3337; x_wconf 77' lang='lat' dir='ltr'>Notyngham</span> <span class='ocrx_word' id='word_1_530' title='bbox 379 3308 448 3328; x_wconf 91' lang='lat' dir='ltr'>cum</span> <span class='ocrx_word' id='word_1_531' title='bbox 463 3308 546 3329; x_wconf 85' lang='lat' dir='ltr'>omni</span> <span class='ocrx_word' id='word_1_532' title='bbox 564 3298 705 3330; x_wconf 84' lang='lat' dir='ltr'>celeritate</span> <span class='ocrx_word' id='word_1_533' title='bbox 722 3323 732 3337; x_wconf 89' lang='lat'>,</span> <span class='ocrx_word' id='word_1_534' title='bbox 750 3297 811 3333; x_wconf 59' lang='lat' dir='ltr'>&amp;aa</span> <span class='ocrx_word' id='word_1_535' title='bbox 827 3304 859 3328; x_wconf 82' lang='lat' dir='ltr'>ut</span> <span class='ocrx_word' id='word_1_536' title='bbox 863 3297 958 3338; x_wconf 75' lang='lat' dir='ltr'>stapra.</span> 
     </span>
    </p>
   </div>
   <div class='ocr_carea' id='block_1_17' title="bbox 210 3335 1121 3405">
    <p class='ocr_par' dir='ltr' id='par_1_25' title="bbox 210 3335 1121 3405">
     <span class='ocr_line' id='line_1_72' title="bbox 210 3335 451 3374; baseline -0.004 -7"><span class='ocrx_word' id='word_1_537' title='bbox 210 3335 301 3367; x_wconf 88' lang='lat' dir='ltr'>Teste</span> <span class='ocrx_word' id='word_1_538' title='bbox 321 3345 350 3367; x_wconf 93' lang='lat' dir='ltr'>ut</span> <span class='ocrx_word' id='word_1_539' title='bbox 366 3336 451 3374; x_wconf 89' lang='lat' dir='ltr'>supra.</span> 
     </span>
     <span class='ocr_line' id='line_1_73' title="bbox 897 3372 1121 3405; baseline 0.004 -1"><span class='ocrx_word' id='word_1_540' title='bbox 897 3375 952 3404; x_wconf 77' lang='lat' dir='ltr'>Per</span> <span class='ocrx_word' id='word_1_541' title='bbox 970 3372 1121 3405; x_wconf 84' lang='lat' dir='ltr'>Concilium.</span> 
     </span>
    </p>
   </div>
   <div class='ocr_carea' id='block_1_18' title="bbox 168 3449 1236 3646">
    <p class='ocr_par' dir='ltr' id='par_1_26' title="bbox 171 3449 991 3514">
     <span class='ocr_line' id='line_1_74' title="bbox 171 3449 991 3514; baseline -0.002 -32"><span class='ocrx_word' id='word_1_542' title='bbox 171 3449 302 3514; x_wconf 83' lang='lat' dir='ltr'>REX</span> <span class='ocrx_word' id='word_1_543' title='bbox 313 3475 321 3488; x_wconf 83' lang='lat'>,</span> <span class='ocrx_word' id='word_1_544' title='bbox 342 3449 463 3482; x_wconf 61' lang='lat' dir='ltr'>Dilecto</span> <span class='ocrx_word' id='word_1_545' title='bbox 478 3452 547 3491; x_wconf 79' lang='lat' dir='ltr'>sibi,</span> <span class='ocrx_word' id='word_1_546' title='bbox 563 3451 671 3482; x_wconf 64' lang='lat' dir='ltr'>Thomae</span> <span class='ocrx_word' id='word_1_547' title='bbox 690 3452 837 3491; x_wconf 85' lang='lat' dir='ltr'>Barneby,</span> <span class='ocrx_word' id='word_1_548' title='bbox 856 3450 991 3482; x_wconf 79' lang='lat' dir='ltr'>Salutem.</span> 
     </span>
    </p>

    <p class='ocr_par' dir='ltr' id='par_1_27' title="bbox 168 3486 1236 3646">
     <span class='ocr_line' id='line_1_75' title="bbox 172 3486 1235 3530; baseline 0.001 -10"><span class='ocrx_word' id='word_1_549' title='bbox 172 3527 176 3530; x_wconf 17' lang='grc' dir='ltr'><strong>θ</strong></span> <span class='ocrx_word' id='word_1_550' title='bbox 271 3489 349 3521; x_wconf 69' lang='lat' dir='ltr'>Scias</span> <span class='ocrx_word' id='word_1_551' title='bbox 365 3490 446 3529; x_wconf 75' lang='lat' dir='ltr'>quod</span> <span class='ocrx_word' id='word_1_552' title='bbox 464 3491 499 3522; x_wconf 88' lang='lat' dir='ltr'>de</span> <span class='ocrx_word' id='word_1_553' title='bbox 513 3490 685 3522; x_wconf 84' lang='lat' dir='ltr'>avisamento</span> <span class='ocrx_word' id='word_1_554' title='bbox 696 3489 822 3522; x_wconf 87' lang='lat' dir='ltr'>Concilii</span> <span class='ocrx_word' id='word_1_555' title='bbox 840 3489 948 3528; x_wconf 84' lang='lat' dir='ltr'>nostri,</span> <span class='ocrx_word' id='word_1_556' title='bbox 969 3486 1176 3528; x_wconf 77' lang='lat' dir='ltr'>Affignavimus</span> <span class='ocrx_word' id='word_1_557' title='bbox 1185 3489 1235 3521; x_wconf 90' lang='lat' dir='ltr'>Te</span> 
     </span>
     <span class='ocr_line' id='line_1_76' title="bbox 170 3524 1234 3568; baseline -0.003 -8"><span class='ocrx_word' id='word_1_558' title='bbox 170 3528 205 3561; x_wconf 84' lang='lat' dir='ltr'>ad</span> <span class='ocrx_word' id='word_1_559' title='bbox 223 3526 336 3564; x_wconf 76' lang='lat' dir='ltr'>Viginti</span> <span class='ocrx_word' id='word_1_560' title='bbox 358 3527 528 3560; x_wconf 86' lang='lat' dir='ltr'>Prisonarios</span> <span class='ocrx_word' id='word_1_561' title='bbox 545 3529 677 3568; x_wconf 72' lang='lat' dir='ltr'>nostros,</span> <span class='ocrx_word' id='word_1_562' title='bbox 701 3530 737 3559; x_wconf 91' lang='lat' dir='ltr'>de</span> <span class='ocrx_word' id='word_1_563' title='bbox 775 3529 876 3560; x_wconf 82' lang='lat' dir='ltr'>artibus</span> <span class='ocrx_word' id='word_1_564' title='bbox 895 3527 1040 3564; x_wconf 85' lang='lat' dir='ltr'>Franciae‚</span> <span class='ocrx_word' id='word_1_565' title='bbox 1058 3524 1119 3562; x_wconf 80' lang='lat' dir='ltr'>&amp;c.</span> <span class='ocrx_word' id='word_1_566' title='bbox 1138 3535 1169 3557; x_wconf 82' lang='lat' dir='ltr'>ut</span> <span class='ocrx_word' id='word_1_567' title='bbox 1183 3526 1234 3568; x_wconf 71' lang='lat' dir='ltr'>fit-</span> 
     </span>
     <span class='ocr_line' id='line_1_77' title="bbox 168 3539 1236 3609; baseline 0.002 -13"><span class='ocrx_word' id='word_1_568' title='bbox 168 3576 221 3605; x_wconf 87' lang='lat' dir='ltr'>pra</span> <span class='ocrx_word' id='word_1_569' title='bbox 237 3566 316 3607; x_wconf 67' lang='lat' dir='ltr'>affine</span> <span class='ocrx_word' id='word_1_570' title='bbox 332 3567 388 3606; x_wconf 85' lang='lat' dir='ltr'>ibi,</span> <span class='ocrx_word' id='word_1_571' title='bbox 414 3566 545 3598; x_wconf 84' lang='lat' dir='ltr'>Castrum</span> <span class='ocrx_word' id='word_1_572' title='bbox 569 3567 718 3606; x_wconf 89' lang='lat' dir='ltr'>nostrum,</span> <span class='ocrx_word' id='word_1_573' title='bbox 743 3539 782 3604; x_wconf 54' lang='lat' dir='ltr'>g-</span> <span class='ocrx_word' id='word_1_574' title='bbox 800 3575 866 3598; x_wconf 85' lang='lat' dir='ltr'>tnnc</span> <span class='ocrx_word' id='word_1_575' title='bbox 881 3566 942 3609; x_wconf 81' lang='lat' dir='ltr'>fic,</span> <span class='ocrx_word' id='word_1_576' title='bbox 969 3566 1005 3597; x_wconf 87' lang='lat' dir='ltr'>de</span> <span class='ocrx_word' id='word_1_577' title='bbox 1032 3564 1236 3607; x_wconf 85' lang='lat' dir='ltr'>Caemarvan,</span> 
     </span>
     <span class='ocr_line' id='line_1_78' title="bbox 176 3604 744 3646; baseline -0.002 -9"><span class='ocrx_word' id='word_1_578' title='bbox 176 3615 245 3637; x_wconf 90' lang='lat' dir='ltr'>cum</span> <span class='ocrx_word' id='word_1_579' title='bbox 261 3607 343 3636; x_wconf 91' lang='lat' dir='ltr'>omni</span> <span class='ocrx_word' id='word_1_580' title='bbox 361 3606 518 3645; x_wconf 83' lang='lat' dir='ltr'>celeritate,</span> <span class='ocrx_word' id='word_1_581' title='bbox 533 3604 593 3640; x_wconf 65' lang='lat' dir='ltr'>&amp;a</span> <span class='ocrx_word' id='word_1_582' title='bbox 608 3614 639 3636; x_wconf 81' lang='lat' dir='ltr'>ut</span> <span class='ocrx_word' id='word_1_583' title='bbox 649 3605 744 3646; x_wconf 67' lang='lat' dir='ltr'>ficpra.</span> 
     </span>
    </p>
   </div>
   <div class='ocr_carea' id='block_1_19' title="bbox 212 3644 1078 3713">
    <p class='ocr_par' dir='ltr' id='par_1_28' title="bbox 212 3644 1078 3713">
     <span class='ocr_line' id='line_1_79' title="bbox 212 3644 444 3684; baseline -0.004 -8"><span class='ocrx_word' id='word_1_584' title='bbox 212 3644 303 3676; x_wconf 85' lang='lat' dir='ltr'>Teste</span> <span class='ocrx_word' id='word_1_585' title='bbox 316 3653 346 3675; x_wconf 92' lang='lat' dir='ltr'>ut</span> <span class='ocrx_word' id='word_1_586' title='bbox 358 3645 444 3684; x_wconf 83' lang='lat' dir='ltr'>supra.</span> 
     </span>
     <span class='ocr_line' id='line_1_80' title="bbox 857 3680 1078 3713; baseline 0.009 -2"><span class='ocrx_word' id='word_1_587' title='bbox 857 3682 911 3712; x_wconf 72' lang='lat' dir='ltr'>Per</span> <span class='ocrx_word' id='word_1_588' title='bbox 928 3680 1078 3713; x_wconf 76' lang='lat' dir='ltr'>Concilium.</span> 
     </span>
    </p>
   </div>
   <div class='ocr_carea' id='block_1_20' title="bbox 173 3757 1231 3837">
    <p class='ocr_par' dir='ltr' id='par_1_29' title="bbox 173 3757 1231 3837">
     <span class='ocr_line' id='line_1_81' title="bbox 173 3757 1166 3820; baseline -0.005 -29"><span class='ocrx_word' id='word_1_589' title='bbox 173 3758 319 3820; x_wconf 80' lang='lat' dir='ltr'>REX,</span> <span class='ocrx_word' id='word_1_590' title='bbox 336 3759 457 3807; x_wconf 50' lang='lat' dir='ltr'>Diledio</span> <span class='ocrx_word' id='word_1_591' title='bbox 474 3759 524 3791; x_wconf 85' lang='lat' dir='ltr'>sibi</span> <span class='ocrx_word' id='word_1_592' title='bbox 535 3782 544 3798; x_wconf 87' lang='lat'>,</span> <span class='ocrx_word' id='word_1_593' title='bbox 561 3757 670 3803; x_wconf 55' lang='lat' dir='ltr'>flamme</span> <span class='ocrx_word' id='word_1_594' title='bbox 687 3758 971 3803; x_wconf 42' lang='lat' dir='ltr'>Strangffissalutem..</span> <span class='ocrx_word' id='word_1_595' title='bbox 1160 3796 1166 3803; x_wconf 49' lang='grc'><strong><em>.</em></strong></span> 
     </span>
     <span class='ocr_line' id='line_1_82' title="bbox 273 3795 1231 3837; baseline -0.003 -8"><span class='ocrx_word' id='word_1_596' title='bbox 273 3800 349 3830; x_wconf 73' lang='lat' dir='ltr'>Scias</span> <span class='ocrx_word' id='word_1_597' title='bbox 369 3799 465 3837; x_wconf 86' lang='lat' dir='ltr'>quod,</span> <span class='ocrx_word' id='word_1_598' title='bbox 483 3800 520 3830; x_wconf 90' lang='lat' dir='ltr'>de</span> <span class='ocrx_word' id='word_1_599' title='bbox 545 3797 719 3829; x_wconf 79' lang='lat' dir='ltr'>avis-amento</span> <span class='ocrx_word' id='word_1_600' title='bbox 736 3795 863 3826; x_wconf 85' lang='lat' dir='ltr'>Concilit</span> <span class='ocrx_word' id='word_1_601' title='bbox 884 3797 994 3833; x_wconf 85' lang='lat' dir='ltr'>nostri,</span> <span class='ocrx_word' id='word_1_602' title='bbox 1022 3795 1231 3835; x_wconf 78' lang='lat' dir='ltr'>Affignavimus</span> 
     </span>
    </p>
   </div>
   <div class='ocr_carea' id='block_1_21' title="bbox 171 3833 1233 3955">
    <p class='ocr_par' dir='ltr' id='par_1_30' title="bbox 171 3833 1233 3955">
     <span class='ocr_line' id='line_1_83' title="bbox 174 3833 1233 3877; baseline -0.001 -12"><span class='ocrx_word' id='word_1_603' title='bbox 174 3836 223 3866; x_wconf 88' lang='lat' dir='ltr'>Te</span> <span class='ocrx_word' id='word_1_604' title='bbox 241 3838 273 3867; x_wconf 91' lang='lat' dir='ltr'>ad</span> <span class='ocrx_word' id='word_1_605' title='bbox 293 3838 473 3877; x_wconf 81' lang='lat' dir='ltr'>Quindecim</span> <span class='ocrx_word' id='word_1_606' title='bbox 490 3837 660 3868; x_wconf 83' lang='lat' dir='ltr'>Prisonarios</span> <span class='ocrx_word' id='word_1_607' title='bbox 675 3835 804 3873; x_wconf 84' lang='lat' dir='ltr'>nostros,</span> <span class='ocrx_word' id='word_1_608' title='bbox 821 3835 857 3864; x_wconf 91' lang='lat' dir='ltr'>de</span> <span class='ocrx_word' id='word_1_609' title='bbox 873 3836 994 3872; x_wconf 84' lang='lat' dir='ltr'>partibus</span> <span class='ocrx_word' id='word_1_610' title='bbox 1009 3834 1155 3874; x_wconf 86' lang='lat' dir='ltr'>Franciae,</span> <span class='ocrx_word' id='word_1_611' title='bbox 1172 3833 1233 3869; x_wconf 61' lang='lat' dir='ltr'>&amp;a</span> 
     </span>
     <span class='ocr_line' id='line_1_84' title="bbox 171 3871 1230 3915; baseline -0.001 -12"><span class='ocrx_word' id='word_1_612' title='bbox 171 3880 202 3903; x_wconf 77' lang='lat' dir='ltr'>ut</span> <span class='ocrx_word' id='word_1_613' title='bbox 216 3875 299 3913; x_wconf 63' lang='lat' dir='ltr'>fiaepra</span> <span class='ocrx_word' id='word_1_614' title='bbox 317 3877 394 3915; x_wconf 62' lang='lat' dir='ltr'>usque</span> <span class='ocrx_word' id='word_1_615' title='bbox 409 3876 461 3914; x_wconf 78' lang='lat' dir='ltr'>ibi,</span> <span class='ocrx_word' id='word_1_616' title='bbox 482 3875 616 3907; x_wconf 77' lang='lat' dir='ltr'>Castrum</span> <span class='ocrx_word' id='word_1_617' title='bbox 626 3898 637 3915; x_wconf 89' lang='lat'>,</span> <span class='ocrx_word' id='word_1_618' title='bbox 654 3872 694 3913; x_wconf 69' lang='grc' dir='ltr'>ὀ·</span> <span class='ocrx_word' id='word_1_619' title='bbox 710 3882 774 3906; x_wconf 79' lang='lat' dir='ltr'>tunc</span> <span class='ocrx_word' id='word_1_620' title='bbox 790 3871 852 3915; x_wconf 85' lang='lat' dir='ltr'>fic,</span> <span class='ocrx_word' id='word_1_621' title='bbox 868 3872 904 3904; x_wconf 89' lang='lat' dir='ltr'>de</span> <span class='ocrx_word' id='word_1_622' title='bbox 923 3872 1044 3912; x_wconf 85' lang='lat' dir='ltr'>Cherk,</span> <span class='ocrx_word' id='word_1_623' title='bbox 1062 3883 1132 3905; x_wconf 84' lang='lat' dir='ltr'>curn</span> <span class='ocrx_word' id='word_1_624' title='bbox 1148 3874 1230 3906; x_wconf 89' lang='lat' dir='ltr'>omni</span> 
     </span>
     <span class='ocr_line' id='line_1_85' title="bbox 171 3912 559 3955; baseline 0.005 -12"><span class='ocrx_word' id='word_1_625' title='bbox 171 3912 306 3943; x_wconf 83' lang='lat' dir='ltr'>celeritate</span> <span class='ocrx_word' id='word_1_626' title='bbox 317 3936 326 3951; x_wconf 83' lang='lat'>,</span> <span class='ocrx_word' id='word_1_627' title='bbox 344 3913 403 3948; x_wconf 62' lang='lat' dir='ltr'>&amp;a</span> <span class='ocrx_word' id='word_1_628' title='bbox 423 3922 454 3944; x_wconf 84' lang='lat' dir='ltr'>ut</span> <span class='ocrx_word' id='word_1_629' title='bbox 463 3914 559 3955; x_wconf 77' lang='lat' dir='ltr'>ficpra.</span> 
     </span>
    </p>
   </div>
   <div class='ocr_carea' id='block_1_22' title="bbox 202 3951 1068 4020">
    <p class='ocr_par' dir='ltr' id='par_1_31' title="bbox 202 3951 1068 4020">
     <span class='ocr_line' id='line_1_86' title="bbox 202 3951 1068 4020; baseline 0 -1"><span class='ocrx_word' id='word_1_630' title='bbox 202 3951 292 3982; x_wconf 65' lang='lat' dir='ltr'>Teste</span> <span class='ocrx_word' id='word_1_631' title='bbox 308 3960 341 3983; x_wconf 90' lang='lat' dir='ltr'>ut</span> <span class='ocrx_word' id='word_1_632' title='bbox 357 3952 443 3992; x_wconf 80' lang='lat' dir='ltr'>supra.</span> <span class='ocrx_word' id='word_1_633' title='bbox 845 3987 901 4019; x_wconf 80' lang='lat' dir='ltr'>Per</span> <span class='ocrx_word' id='word_1_634' title='bbox 913 3985 1068 4020; x_wconf 71' lang='lat' dir='ltr'>concilium.</span> 
     </span>
    </p>
   </div>
   <div class='ocr_carea' id='block_1_23' title="bbox 1262 3907 1341 3947">
    <p class='ocr_par' dir='ltr' id='par_1_32' title="bbox 1262 3907 1341 3947">
     <span class='ocr_line' id='line_1_87' title="bbox 1262 3907 1341 3947; baseline -0.025 -7"><span class='ocrx_word' id='word_1_635' title='bbox 1262 3907 1281 3947; x_wconf 90' lang='lat' dir='ltr'>J</span> <span class='ocrx_word' id='word_1_636' title='bbox 1284 3908 1330 3940; x_wconf 90' lang='lat' dir='ltr'>ulii</span> <span class='ocrx_word' id='word_1_637' title='bbox 1334 3930 1341 3939; x_wconf 89' lang='lat'><strong>.</strong></span> 
     </span>
    </p>
   </div>
   <div class='ocr_carea' id='block_1_24' title="bbox 1308 110 1959 168">
    <p class='ocr_par' dir='ltr' id='par_1_33' title="bbox 1308 110 1959 168">
     <span class='ocr_line' id='line_1_88' title="bbox 1308 110 1959 168; baseline 0.008 -16"><span class='ocrx_word' id='word_1_638' title='bbox 1308 110 1959 168; x_wconf 77' lang='lat' dir='ltr'>NES‚L1TERAE,</span> 
     </span>
    </p>
   </div>
   <div class='ocr_carea' id='block_1_25' title="bbox 1303 205 2522 398">
    <p class='ocr_par' dir='ltr' id='par_1_34' title="bbox 1415 205 2522 326">
     <span class='ocr_line' id='line_1_89' title="bbox 2385 205 2522 242; baseline 0.022 -3"><span class='ocrx_word' id='word_1_639' title='bbox 2385 205 2463 240; x_wconf 72' lang='lat' dir='ltr'>Ann-</span> <span class='ocrx_word' id='word_1_640' title='bbox 2478 209 2522 242; x_wconf 87' lang='lat' dir='ltr'>D.</span> 
     </span>
     <span class='ocr_line' id='line_1_90' title="bbox 1415 257 2497 326; baseline 0.01 -20"><span class='ocrx_word' id='word_1_641' title='bbox 1415 275 1590 321; x_wconf 37' lang='lat' dir='ltr'>Scias-quod</span> <span class='ocrx_word' id='word_1_642' title='bbox 1601 300 1614 321; x_wconf 74' lang='lat'>³.</span> <span class='ocrx_word' id='word_1_643' title='bbox 1635 277 1671 308; x_wconf 92' lang='lat' dir='ltr'>de</span> <span class='ocrx_word' id='word_1_644' title='bbox 1687 278 1858 322; x_wconf 76' lang='lat' dir='ltr'>avisamento</span> <span class='ocrx_word' id='word_1_645' title='bbox 1881 278 2009 309; x_wconf 85' lang='lat' dir='ltr'>Concilii</span> <span class='ocrx_word' id='word_1_646' title='bbox 2026 279 2133 320; x_wconf 80' lang='lat' dir='ltr'>nostri,</span> <span class='ocrx_word' id='word_1_647' title='bbox 2157 279 2371 321; x_wconf 81' lang='lat' dir='ltr'>&#39;Affignavimus</span> <span class='ocrx_word' id='word_1_648' title='bbox 2384 257 2497 326; x_wconf 45' lang='grc' dir='ltr'>Ηεῐνΐὲζ.</span> 
     </span>
    </p>

    <p class='ocr_par' dir='ltr' id='par_1_35' title="bbox 1309 313 2372 360">
     <span class='ocr_line' id='line_1_91' title="bbox 1309 313 2372 360; baseline 0.008 -17"><span class='ocrx_word' id='word_1_649' title='bbox 1309 313 1359 344; x_wconf 88' lang='lat' dir='ltr'>Te</span> <span class='ocrx_word' id='word_1_650' title='bbox 1371 313 1405 344; x_wconf 91' lang='lat' dir='ltr'>ad</span> <span class='ocrx_word' id='word_1_651' title='bbox 1421 315 1552 354; x_wconf 81' lang='lat' dir='ltr'>Triginta</span> <span class='ocrx_word' id='word_1_652' title='bbox 1568 315 1738 347; x_wconf 85' lang='lat' dir='ltr'>Prisonarios</span> <span class='ocrx_word' id='word_1_653' title='bbox 1752 316 1881 354; x_wconf 77' lang='lat' dir='ltr'>nostrOS,</span> <span class='ocrx_word' id='word_1_654' title='bbox 1899 317 1936 348; x_wconf 92' lang='lat' dir='ltr'>de</span> <span class='ocrx_word' id='word_1_655' title='bbox 1959 317 2084 355; x_wconf 87' lang='lat' dir='ltr'>partibus</span> <span class='ocrx_word' id='word_1_656' title='bbox 2098 319 2241 360; x_wconf 83' lang='lat' dir='ltr'>Franciae,</span> <span class='ocrx_word' id='word_1_657' title='bbox 2259 319 2320 357; x_wconf 65' lang='lat' dir='ltr'>&amp;a</span> <span class='ocrx_word' id='word_1_658' title='bbox 2340 329 2372 352; x_wconf 76' lang='lat' dir='ltr'>ut</span> 
     </span>
    </p>

    <p class='ocr_par' dir='ltr' id='par_1_36' title="bbox 1303 351 2372 398">
     <span class='ocr_line' id='line_1_92' title="bbox 1303 351 2372 398; baseline 0.01 -16"><span class='ocrx_word' id='word_1_659' title='bbox 1303 351 1395 397; x_wconf 37' lang='lat' dir='ltr'>fiaepra·</span> <span class='ocrx_word' id='word_1_660' title='bbox 1407 354 1487 393; x_wconf 73' lang='lat' dir='ltr'>usque</span> <span class='ocrx_word' id='word_1_661' title='bbox 1501 353 1558 393; x_wconf 72' lang='lat' dir='ltr'>ibi,</span> <span class='ocrx_word' id='word_1_662' title='bbox 1576 353 1727 394; x_wconf 80' lang='lat' dir='ltr'>Castrum,</span> <span class='ocrx_word' id='word_1_663' title='bbox 1745 354 1785 392; x_wconf 83' lang='lat'><em>&amp;</em></span> <span class='ocrx_word' id='word_1_664' title='bbox 1802 362 1866 385; x_wconf 79' lang='lat' dir='ltr'>tunc</span> <span class='ocrx_word' id='word_1_665' title='bbox 1874 353 1936 396; x_wconf 82' lang='lat' dir='ltr'>fic,</span> <span class='ocrx_word' id='word_1_666' title='bbox 1952 357 1989 388; x_wconf 88' lang='lat' dir='ltr'>de</span> <span class='ocrx_word' id='word_1_667' title='bbox 2001 355 2184 398; x_wconf 80' lang='lat' dir='ltr'>Hardelagh,</span> <span class='ocrx_word' id='word_1_668' title='bbox 2200 369 2270 392; x_wconf 87' lang='lat' dir='ltr'>curn</span> <span class='ocrx_word' id='word_1_669' title='bbox 2289 362 2372 393; x_wconf 87' lang='lat' dir='ltr'>omni</span> 
     </span>
    </p>
   </div>
   <div class='ocr_carea' id='block_1_26' title="bbox 1312 390 1707 469">
    <p class='ocr_par' dir='ltr' id='par_1_37' title="bbox 1312 390 1707 469">
     <span class='ocr_line' id='line_1_93' title="bbox 1312 390 1707 433; baseline 0.008 -12"><span class='ocrx_word' id='word_1_670' title='bbox 1312 390 1474 430; x_wconf 81' lang='lat' dir='ltr'>celeritate,</span> <span class='ocrx_word' id='word_1_671' title='bbox 1491 391 1552 427; x_wconf 79' lang='lat' dir='ltr'>&amp;c.</span> <span class='ocrx_word' id='word_1_672' title='bbox 1568 398 1601 422; x_wconf 70' lang='lat' dir='ltr'>nt</span> <span class='ocrx_word' id='word_1_673' title='bbox 1611 395 1707 433; x_wconf 79' lang='lat' dir='ltr'>supra.</span> 
     </span>
     <span class='ocr_line' id='line_1_94' title="bbox 1348 429 1589 469; baseline 0 -8"><span class='ocrx_word' id='word_1_674' title='bbox 1348 429 1439 461; x_wconf 89' lang='lat' dir='ltr'>Teste</span> <span class='ocrx_word' id='word_1_675' title='bbox 1454 439 1485 462; x_wconf 90' lang='lat' dir='ltr'>ut</span> <span class='ocrx_word' id='word_1_676' title='bbox 1501 430 1589 469; x_wconf 87' lang='lat' dir='ltr'>supra.</span> 
     </span>
    </p>
   </div>
   <div class='ocr_carea' id='block_1_27' title="bbox 1375 235 2144 278">
    <p class='ocr_par' dir='ltr' id='par_1_38' title="bbox 1375 235 2144 278">
     <span class='ocr_line' id='line_1_95' title="bbox 1375 235 2144 278; baseline 0.007 -11"><span class='ocrx_word' id='word_1_677' title='bbox 1375 235 1399 267; x_wconf 87' lang='lat' dir='ltr'>E</span> <span class='ocrx_word' id='word_1_678' title='bbox 1411 235 1442 267; x_wconf 90' lang='lat' dir='ltr'>X</span> <span class='ocrx_word' id='word_1_679' title='bbox 1453 260 1462 275; x_wconf 88' lang='lat'>,</span> <span class='ocrx_word' id='word_1_680' title='bbox 1481 236 1600 269; x_wconf 67' lang='lat' dir='ltr'>Dileeto</span> <span class='ocrx_word' id='word_1_681' title='bbox 1616 237 1685 278; x_wconf 83' lang='lat' dir='ltr'>fibi,</span> <span class='ocrx_word' id='word_1_682' title='bbox 1703 238 1834 278; x_wconf 76' lang='lat' dir='ltr'>Johanm&#39;</span> <span class='ocrx_word' id='word_1_683' title='bbox 1851 238 1991 278; x_wconf 80' lang='lat' dir='ltr'>Salghall,</span> <span class='ocrx_word' id='word_1_684' title='bbox 2009 238 2144 272; x_wconf 82' lang='lat' dir='ltr'>Salutem.</span> 
     </span>
    </p>
   </div>
   <div class='ocr_carea' id='block_1_28' title="bbox 1987 473 2213 506">
    <p class='ocr_par' dir='ltr' id='par_1_39' title="bbox 1987 473 2213 506">
     <span class='ocr_line' id='line_1_96' title="bbox 1987 473 2213 506; baseline 0.018 -4"><span class='ocrx_word' id='word_1_685' title='bbox 1987 474 2044 503; x_wconf 85' lang='lat' dir='ltr'>Per</span> <span class='ocrx_word' id='word_1_686' title='bbox 2061 473 2213 506; x_wconf 73' lang='lat' dir='ltr'>concilim.</span> 
     </span>
    </p>
   </div>
   <div class='ocr_carea' id='block_1_29' title="bbox 1307 544 2374 818">
    <p class='ocr_par' dir='ltr' id='par_1_40' title="bbox 1307 544 2374 818">
     <span class='ocr_line' id='line_1_97' title="bbox 1310 544 2308 615; baseline 0.012 -41"><span class='ocrx_word' id='word_1_687' title='bbox 1310 544 1400 606; x_wconf 85' lang='lat' dir='ltr'>RE</span> <span class='ocrx_word' id='word_1_688' title='bbox 1410 544 1458 615; x_wconf 48' lang='grc' dir='ltr'>ἐς</span> <span class='ocrx_word' id='word_1_689' title='bbox 1476 545 1595 591; x_wconf 67' lang='grc' dir='ltr'>ᾨῦεᾶο</span> <span class='ocrx_word' id='word_1_690' title='bbox 1606 547 1672 584; x_wconf 80' lang='lat' dir='ltr'>fibi,</span> <span class='ocrx_word' id='word_1_691' title='bbox 1691 546 1806 592; x_wconf 64' lang='lat' dir='ltr'>Roberto</span> <span class='ocrx_word' id='word_1_692' title='bbox 1815 545 1959 581; x_wconf 68' lang='lat' dir='ltr'>mmm</span> <span class='ocrx_word' id='word_1_693' title='bbox 1972 550 2146 598; x_wconf 68' lang='lat' dir='ltr'>Armigero,</span> <span class='ocrx_word' id='word_1_694' title='bbox 2163 548 2308 600; x_wconf 34' lang='lat' dir='ltr'>Salutem,</span> 
     </span>
     <span class='ocr_line' id='line_1_98' title="bbox 1432 586 2374 632; baseline 0.012 -17"><span class='ocrx_word' id='word_1_695' title='bbox 1432 592 1511 616; x_wconf 77' lang='lat' dir='ltr'>cratis</span> <span class='ocrx_word' id='word_1_696' title='bbox 1529 587 1627 630; x_wconf 78' lang='lat' dir='ltr'>quod,</span> <span class='ocrx_word' id='word_1_697' title='bbox 1642 586 1679 616; x_wconf 91' lang='lat' dir='ltr'>de</span> <span class='ocrx_word' id='word_1_698' title='bbox 1696 587 1869 620; x_wconf 82' lang='lat' dir='ltr'>avisamento</span> <span class='ocrx_word' id='word_1_699' title='bbox 1890 588 2017 621; x_wconf 87' lang='lat' dir='ltr'>Concilii</span> <span class='ocrx_word' id='word_1_700' title='bbox 2039 591 2146 630; x_wconf 87' lang='lat' dir='ltr'>nostri,</span> <span class='ocrx_word' id='word_1_701' title='bbox 2164 592 2374 632; x_wconf 81' lang='lat' dir='ltr'>Affignavimus</span> 
     </span>
     <span class='ocr_line' id='line_1_99' title="bbox 1309 622 2374 673; baseline 0.01 -21"><span class='ocrx_word' id='word_1_702' title='bbox 1309 623 1358 653; x_wconf 92' lang='lat' dir='ltr'>Te</span> <span class='ocrx_word' id='word_1_703' title='bbox 1373 622 1476 670; x_wconf 44' lang='lat' dir='ltr'>³⁶¹5?ss</span> <span class='ocrx_word' id='word_1_704' title='bbox 1489 623 1660 656; x_wconf 79' lang='lat' dir='ltr'>Prilonarios</span> <span class='ocrx_word' id='word_1_705' title='bbox 1674 625 1790 656; x_wconf 89' lang='lat' dir='ltr'>nostros</span> <span class='ocrx_word' id='word_1_706' title='bbox 1825 627 1861 658; x_wconf 89' lang='lat' dir='ltr'>de</span> <span class='ocrx_word' id='word_1_707' title='bbox 1874 628 1996 666; x_wconf 86' lang='lat' dir='ltr'>partibus</span> <span class='ocrx_word' id='word_1_708' title='bbox 2008 628 2154 669; x_wconf 87' lang='lat' dir='ltr'>Franciae,</span> <span class='ocrx_word' id='word_1_709' title='bbox 2171 630 2233 667; x_wconf 62' lang='lat' dir='ltr'>&amp;a</span> <span class='ocrx_word' id='word_1_710' title='bbox 2246 639 2279 662; x_wconf 71' lang='lat' dir='ltr'>ut</span> <span class='ocrx_word' id='word_1_711' title='bbox 2285 632 2374 673; x_wconf 67' lang='lat' dir='ltr'>sipra</span> 
     </span>
     <span class='ocr_line' id='line_1_100' title="bbox 1307 661 2374 742; baseline 0.013 -51"><span class='ocrx_word' id='word_1_712' title='bbox 1307 661 1634 742; x_wconf 43' lang='lat' dir='ltr'>:aessttiglfgcgatstffirni</span> <span class='ocrx_word' id='word_1_713' title='bbox 1648 662 1687 700; x_wconf 82' lang='lat'><em>&amp;</em></span> <span class='ocrx_word' id='word_1_714' title='bbox 1706 671 1771 695; x_wconf 73' lang='lat' dir='ltr'>tnnc</span> <span class='ocrx_word' id='word_1_715' title='bbox 1809 677 1841 704; x_wconf 85' lang='lat' dir='ltr'>c,</span> <span class='ocrx_word' id='word_1_716' title='bbox 1857 665 1893 696; x_wconf 89' lang='lat' dir='ltr'>de</span> <span class='ocrx_word' id='word_1_717' title='bbox 1907 665 2096 708; x_wconf 84' lang='lat' dir='ltr'>Pountfreyt,</span> <span class='ocrx_word' id='word_1_718' title='bbox 2112 679 2182 702; x_wconf 86' lang='lat' dir='ltr'>cum</span> <span class='ocrx_word' id='word_1_719' title='bbox 2202 672 2286 703; x_wconf 86' lang='lat' dir='ltr'>omni</span> <span class='ocrx_word' id='word_1_720' title='bbox 2299 671 2374 704; x_wconf 49' lang='lat' dir='ltr'>cele</span> 
     </span>
     <span class='ocr_line' id='line_1_101' title="bbox 1344 738 2214 818; baseline 0.01 -48"><span class='ocrx_word' id='word_1_721' title='bbox 1344 738 1434 770; x_wconf 86' lang='lat' dir='ltr'>Teste</span> <span class='ocrx_word' id='word_1_722' title='bbox 1449 748 1479 772; x_wconf 88' lang='lat' dir='ltr'>ut</span> <span class='ocrx_word' id='word_1_723' title='bbox 1496 740 1585 779; x_wconf 83' lang='lat' dir='ltr'>supra.</span> <span class='ocrx_word' id='word_1_724' title='bbox 1993 783 2049 814; x_wconf 63' lang='lat' dir='ltr'>Per</span> <span class='ocrx_word' id='word_1_725' title='bbox 2062 785 2214 818; x_wconf 44' lang='lat' dir='ltr'><em>confilium·</em></span> 
     </span>
    </p>
   </div>
   <div class='ocr_carea' id='block_1_30' title="bbox 1300 854 2374 1164">
    <p class='ocr_par' dir='ltr' id='par_1_41' title="bbox 1369 854 2371 929">
     <span class='ocr_line' id='line_1_102' title="bbox 1369 854 2371 928; baseline 0.011 -41"><span class='ocrx_word' id='word_1_726' title='bbox 1369 854 1453 926; x_wconf 59' lang='lat' dir='ltr'><strong>EHXf</strong></span> <span class='ocrx_word' id='word_1_727' title='bbox 1480 857 1601 928; x_wconf 51' lang='grc' dir='ltr'>Ῑέϋῗᾶο</span> <span class='ocrx_word' id='word_1_728' title='bbox 1624 859 1692 898; x_wconf 83' lang='lat' dir='ltr'>sibi,</span> <span class='ocrx_word' id='word_1_729' title='bbox 1718 861 1818 898; x_wconf 80' lang='lat' dir='ltr'>Rogero</span> <span class='ocrx_word' id='word_1_730' title='bbox 1837 856 1953 898; x_wconf 77' lang='lat' dir='ltr'>corbet,</span> <span class='ocrx_word' id='word_1_731' title='bbox 1977 858 2197 894; x_wconf 82' lang='lat' dir='ltr'>Constabulario</span> <span class='ocrx_word' id='word_1_732' title='bbox 2216 861 2310 896; x_wconf 77' lang='lat' dir='ltr'>Castri</span> <span class='ocrx_word' id='word_1_733' title='bbox 2334 866 2371 898; x_wconf 91' lang='lat' dir='ltr'>de</span> 
     </span>
     <span class='ocr_line' id='line_1_103' title="bbox 1419 904 1634 929; baseline 0.014 -3"><span class='ocrx_word' id='word_1_734' title='bbox 1419 904 1461 927; x_wconf 92' lang='lat' dir='ltr'>ot</span> <span class='ocrx_word' id='word_1_735' title='bbox 1519 907 1533 927; x_wconf 91' lang='lat' dir='ltr'>a</span> <span class='ocrx_word' id='word_1_736' title='bbox 1546 906 1634 929; x_wconf 88' lang='lat' dir='ltr'>utem.</span> 
     </span>
    </p>

    <p class='ocr_par' dir='ltr' id='par_1_42' title="bbox 1300 918 2374 1095">
     <span class='ocr_line' id='line_1_104' title="bbox 1344 918 2373 980; baseline 0.008 -15"><span class='ocrx_word' id='word_1_737' title='bbox 1344 929 1422 979; x_wconf 30' lang='lat' dir='ltr'>Sucias</span> <span class='ocrx_word' id='word_1_738' title='bbox 1435 918 1534 979; x_wconf 74' lang='lat' dir='ltr'>qu&#39;od,</span> <span class='ocrx_word' id='word_1_739' title='bbox 1551 936 1588 967; x_wconf 92' lang='lat' dir='ltr'>de</span> <span class='ocrx_word' id='word_1_740' title='bbox 1601 936 1772 968; x_wconf 86' lang='lat' dir='ltr'>avisamento</span> <span class='ocrx_word' id='word_1_741' title='bbox 1788 936 1917 968; x_wconf 91' lang='lat' dir='ltr'>Concilii</span> <span class='ocrx_word' id='word_1_742' title='bbox 1931 937 2038 978; x_wconf 84' lang='lat' dir='ltr'>nostri,</span> <span class='ocrx_word' id='word_1_743' title='bbox 2053 937 2264 980; x_wconf 82' lang='lat' dir='ltr'>Affignavimus</span> <span class='ocrx_word' id='word_1_744' title='bbox 2277 940 2327 974; x_wconf 90' lang='lat' dir='ltr'>Te</span> <span class='ocrx_word' id='word_1_745' title='bbox 2338 942 2373 974; x_wconf 89' lang='lat' dir='ltr'>ad</span> 
     </span>
     <span class='ocr_line' id='line_1_105' title="bbox 1307 968 2374 1020; baseline 0.008 -19"><span class='ocrx_word' id='word_1_746' title='bbox 1307 968 1487 1008; x_wconf 80' lang='lat' dir='ltr'>Quindecim</span> <span class='ocrx_word' id='word_1_747' title='bbox 1502 973 1674 1006; x_wconf 85' lang='lat' dir='ltr'>Prisonarios</span> <span class='ocrx_word' id='word_1_748' title='bbox 1687 975 1816 1013; x_wconf 79' lang='lat' dir='ltr'>nostrOS,</span> <span class='ocrx_word' id='word_1_749' title='bbox 1834 976 1871 1006; x_wconf 91' lang='lat' dir='ltr'>de</span> <span class='ocrx_word' id='word_1_750' title='bbox 1893 975 2022 1009; x_wconf 88' lang='lat' dir='ltr'>Partibus</span> <span class='ocrx_word' id='word_1_751' title='bbox 2038 977 2185 1018; x_wconf 85' lang='lat' dir='ltr'>Franciae,</span> <span class='ocrx_word' id='word_1_752' title='bbox 2201 978 2262 1015; x_wconf 79' lang='lat' dir='ltr'>&amp;c.</span> <span class='ocrx_word' id='word_1_753' title='bbox 2276 986 2308 1009; x_wconf 83' lang='lat' dir='ltr'>ut</span> <span class='ocrx_word' id='word_1_754' title='bbox 2323 981 2374 1020; x_wconf 72' lang='lat' dir='ltr'>fia-</span> 
     </span>
     <span class='ocr_line' id='line_1_106' title="bbox 1300 1012 2374 1058; baseline 0.011 -19"><span class='ocrx_word' id='word_1_755' title='bbox 1300 1015 1356 1046; x_wconf 80' lang='lat' dir='ltr'>pra</span> <span class='ocrx_word' id='word_1_756' title='bbox 1373 1012 1410 1056; x_wconf 77' lang='lat' dir='ltr'>uJ</span> <span class='ocrx_word' id='word_1_757' title='bbox 1423 1022 1456 1042; x_wconf 86' lang='lat' dir='ltr'>ue</span> <span class='ocrx_word' id='word_1_758' title='bbox 1476 1012 1528 1051; x_wconf 84' lang='lat' dir='ltr'>ibi,</span> <span class='ocrx_word' id='word_1_759' title='bbox 1547 1013 1779 1053; x_wconf 85' lang='lat' dir='ltr'>Recipiendum,</span> <span class='ocrx_word' id='word_1_760' title='bbox 1798 1012 1838 1049; x_wconf 83' lang='lat'><em>&amp;</em></span> <span class='ocrx_word' id='word_1_761' title='bbox 1855 1022 1920 1045; x_wconf 86' lang='lat' dir='ltr'>tunc</span> <span class='ocrx_word' id='word_1_762' title='bbox 1930 1015 1989 1058; x_wconf 86' lang='lat' dir='ltr'>fic,</span> <span class='ocrx_word' id='word_1_763' title='bbox 2007 1016 2041 1047; x_wconf 91' lang='lat'>&amp;</span> <span class='ocrx_word' id='word_1_764' title='bbox 2061 1027 2111 1048; x_wconf 82' lang='lat' dir='ltr'>eos</span> <span class='ocrx_word' id='word_1_765' title='bbox 2128 1018 2217 1057; x_wconf 86' lang='lat' dir='ltr'>usque</span> <span class='ocrx_word' id='word_1_766' title='bbox 2238 1017 2374 1050; x_wconf 87' lang='lat' dir='ltr'>Castrum</span> 
     </span>
     <span class='ocr_line' id='line_1_107' title="bbox 1305 1050 2082 1095; baseline 0.01 -17"><span class='ocrx_word' id='word_1_767' title='bbox 1305 1050 1394 1087; x_wconf 78' lang='lat' dir='ltr'>praedl</span> <span class='ocrx_word' id='word_1_768' title='bbox 1427 1061 1494 1090; x_wconf 90' lang='lat' dir='ltr'>um,</span> <span class='ocrx_word' id='word_1_769' title='bbox 1511 1062 1581 1083; x_wconf 89' lang='lat' dir='ltr'>cum</span> <span class='ocrx_word' id='word_1_770' title='bbox 1593 1054 1674 1084; x_wconf 87' lang='lat' dir='ltr'>omni</span> <span class='ocrx_word' id='word_1_771' title='bbox 1689 1054 1845 1092; x_wconf 85' lang='lat' dir='ltr'>celeritate,</span> <span class='ocrx_word' id='word_1_772' title='bbox 1864 1053 1925 1090; x_wconf 80' lang='lat' dir='ltr'>&amp;c.</span> <span class='ocrx_word' id='word_1_773' title='bbox 1945 1062 1976 1085; x_wconf 87' lang='lat' dir='ltr'>ut</span> <span class='ocrx_word' id='word_1_774' title='bbox 1984 1054 2082 1095; x_wconf 70' lang='lat' dir='ltr'>sfepra.</span> 
     </span>
    </p>

    <p class='ocr_par' dir='ltr' id='par_1_43' title="bbox 1344 1088 2211 1164">
     <span class='ocr_line' id='line_1_108' title="bbox 1344 1088 1590 1129; baseline 0.012 -10"><span class='ocrx_word' id='word_1_775' title='bbox 1344 1088 1436 1120; x_wconf 88' lang='lat' dir='ltr'>Teste</span> <span class='ocrx_word' id='word_1_776' title='bbox 1453 1099 1482 1121; x_wconf 91' lang='lat' dir='ltr'>ut</span> <span class='ocrx_word' id='word_1_777' title='bbox 1500 1090 1590 1129; x_wconf 80' lang='lat' dir='ltr'>supra.</span> 
     </span>
     <span class='ocr_line' id='line_1_109' title="bbox 1988 1132 2211 1164; baseline 0.004 -2"><span class='ocrx_word' id='word_1_778' title='bbox 1988 1133 2043 1163; x_wconf 76' lang='lat' dir='ltr'>Per</span> <span class='ocrx_word' id='word_1_779' title='bbox 2059 1132 2211 1164; x_wconf 82' lang='lat' dir='ltr'>Concilium.</span> 
     </span>
    </p>
   </div>
   <div class='ocr_carea' id='block_1_31' title="bbox 1585 1258 2081 1307">
    <p class='ocr_par' dir='ltr' id='par_1_44' title="bbox 1585 1258 2081 1307">
     <span class='ocr_line' id='line_1_110' title="bbox 1585 1258 2081 1307; baseline 0.002 -12"><span class='ocrx_word' id='word_1_780' title='bbox 1585 1263 1636 1295; x_wconf 87' lang='lat' dir='ltr'>De</span> <span class='ocrx_word' id='word_1_781' title='bbox 1657 1258 1884 1307; x_wconf 79' lang='lat' dir='ltr'>Temporalibus</span> <span class='ocrx_word' id='word_1_782' title='bbox 1906 1258 2081 1296; x_wconf 72' lang='lat' dir='ltr'>liberandis.</span> 
     </span>
    </p>
   </div>
   <div class='ocr_carea' id='block_1_32' title="bbox 1303 1341 2516 1404">
    <p class='ocr_par' dir='ltr' id='par_1_45' title="bbox 1303 1341 2516 1404">
     <span class='ocr_line' id='line_1_111' title="bbox 1303 1341 2516 1404; baseline -0.003 -24"><span class='ocrx_word' id='word_1_783' title='bbox 1303 1345 1423 1404; x_wconf 81' lang='lat' dir='ltr'>REX</span> <span class='ocrx_word' id='word_1_784' title='bbox 1443 1346 1585 1378; x_wconf 81' lang='lat' dir='ltr'>Escaetori</span> <span class='ocrx_word' id='word_1_785' title='bbox 1600 1345 1649 1376; x_wconf 89' lang='lat' dir='ltr'>suo</span> <span class='ocrx_word' id='word_1_786' title='bbox 1663 1347 1693 1377; x_wconf 87' lang='lat' dir='ltr'>in</span> <span class='ocrx_word' id='word_1_787' title='bbox 1709 1346 1858 1379; x_wconf 87' lang='lat' dir='ltr'>Comitatu</span> <span class='ocrx_word' id='word_1_788' title='bbox 1873 1346 2022 1386; x_wconf 85' lang='lat' dir='ltr'>Eborum‚</span> <span class='ocrx_word' id='word_1_789' title='bbox 2039 1347 2173 1380; x_wconf 84' lang='lat' dir='ltr'>Salutem.</span> <span class='ocrx_word' id='word_1_790' title='bbox 2379 1341 2459 1376; x_wconf 84' lang='lat' dir='ltr'>Ann.</span> <span class='ocrx_word' id='word_1_791' title='bbox 2470 1342 2516 1375; x_wconf 85' lang='lat' dir='ltr'>D.</span> 
     </span>
    </p>
   </div>
   <div class='ocr_carea' id='block_1_33' title="bbox 1295 1384 2498 1971">
    <p class='ocr_par' dir='ltr' id='par_1_46' title="bbox 1301 1384 2498 1657">
     <span class='ocr_line' id='line_1_112' title="bbox 1397 1384 2490 1432; baseline 0.005 -17"><span class='ocrx_word' id='word_1_792' title='bbox 1397 1385 1499 1424; x_wconf 75' lang='lat' dir='ltr'>cum,</span> <span class='ocrx_word' id='word_1_793' title='bbox 1520 1384 1693 1416; x_wconf 87' lang='lat' dir='ltr'>Venerabilis</span> <span class='ocrx_word' id='word_1_794' title='bbox 1708 1385 1809 1424; x_wconf 89' lang='lat' dir='ltr'>Pater,</span> <span class='ocrx_word' id='word_1_795' title='bbox 1833 1388 1967 1416; x_wconf 77' lang='lat' dir='ltr'>Henricus</span> <span class='ocrx_word' id='word_1_796' title='bbox 1993 1386 2210 1427; x_wconf 77' lang='lat' dir='ltr'>Archiepifiopus</span> <span class='ocrx_word' id='word_1_797' title='bbox 2231 1389 2370 1432; x_wconf 65' lang='lat' dir='ltr'>Rhenum,</span> <span class='ocrx_word' id='word_1_798' title='bbox 2403 1392 2490 1422; x_wconf 88' lang='lat'>1422.</span> 
     </span>
     <span class='ocr_line' id='line_1_113' title="bbox 1303 1422 2498 1464; baseline 0.008 -11"><span class='ocrx_word' id='word_1_799' title='bbox 1303 1422 1414 1464; x_wconf 81' lang='lat' dir='ltr'>Angliae</span> <span class='ocrx_word' id='word_1_800' title='bbox 1429 1424 1554 1462; x_wconf 85' lang='lat' dir='ltr'>Primas,</span> <span class='ocrx_word' id='word_1_801' title='bbox 1573 1424 1774 1464; x_wconf 66' lang='lat' dir='ltr'>Eiectionem,</span> <span class='ocrx_word' id='word_1_802' title='bbox 1791 1434 1882 1463; x_wconf 85' lang='lat' dir='ltr'>nuper</span> <span class='ocrx_word' id='word_1_803' title='bbox 1900 1425 2021 1463; x_wconf 64' lang='lat' dir='ltr'>fastam,</span> <span class='ocrx_word' id='word_1_804' title='bbox 2039 1426 2070 1456; x_wconf 90' lang='lat' dir='ltr'>in</span> <span class='ocrx_word' id='word_1_805' title='bbox 2089 1426 2218 1458; x_wconf 72' lang='lat' dir='ltr'>Ecclesia</span> <span class='ocrx_word' id='word_1_806' title='bbox 2231 1427 2372 1462; x_wconf 88' lang='lat' dir='ltr'>Conven-</span> <span class='ocrx_word' id='word_1_807' title='bbox 2383 1425 2436 1451; x_wconf 72' lang='lat'>‘³⁰-</span> <span class='ocrx_word' id='word_1_808' title='bbox 2455 1432 2498 1450; x_wconf 84' lang='lat'>¹⁰·</span> 
     </span>
     <span class='ocr_line' id='line_1_114' title="bbox 1302 1462 2465 1502; baseline 0.005 -10"><span class='ocrx_word' id='word_1_809' title='bbox 1302 1465 1370 1493; x_wconf 84' lang='lat' dir='ltr'>tuali</span> <span class='ocrx_word' id='word_1_810' title='bbox 1386 1463 1475 1494; x_wconf 68' lang='lat' dir='ltr'>bmtae</span> <span class='ocrx_word' id='word_1_811' title='bbox 1489 1462 1592 1494; x_wconf 85' lang='lat' dir='ltr'>Mariae</span> <span class='ocrx_word' id='word_1_812' title='bbox 1607 1463 1643 1493; x_wconf 88' lang='lat' dir='ltr'>de</span> <span class='ocrx_word' id='word_1_813' title='bbox 1658 1463 1755 1496; x_wconf 93' lang='lat' dir='ltr'>Novo</span> <span class='ocrx_word' id='word_1_814' title='bbox 1776 1463 1862 1495; x_wconf 90' lang='lat' dir='ltr'>Loco</span> <span class='ocrx_word' id='word_1_815' title='bbox 1897 1464 1969 1495; x_wconf 84' lang='lat' dir='ltr'>infra</span> <span class='ocrx_word' id='word_1_816' title='bbox 1990 1464 2138 1497; x_wconf 89' lang='lat' dir='ltr'>Forestam</span> <span class='ocrx_word' id='word_1_817' title='bbox 2159 1467 2195 1498; x_wconf 90' lang='lat' dir='ltr'>de</span> <span class='ocrx_word' id='word_1_818' title='bbox 2217 1467 2352 1502; x_wconf 83' lang='lat' dir='ltr'>Shirwod</span> <span class='ocrx_word' id='word_1_819' title='bbox 2380 1465 2415 1489; x_wconf 80' lang='lat' dir='ltr'>H.</span> <span class='ocrx_word' id='word_1_820' title='bbox 2437 1470 2465 1497; x_wconf 93' lang='lat'>5·</span> 
     </span>
     <span class='ocr_line' id='line_1_115' title="bbox 1302 1487 2496 1547; baseline 0.008 -16"><span class='ocrx_word' id='word_1_821' title='bbox 1302 1500 1339 1531; x_wconf 90' lang='lat' dir='ltr'>de</span> <span class='ocrx_word' id='word_1_822' title='bbox 1353 1501 1502 1546; x_wconf 75' lang='lat' dir='ltr'>Religioso</span> <span class='ocrx_word' id='word_1_823' title='bbox 1516 1501 1588 1546; x_wconf 80' lang='lat' dir='ltr'>Viro</span> <span class='ocrx_word' id='word_1_824' title='bbox 1610 1502 1705 1533; x_wconf 85' lang='lat' dir='ltr'>Fratre</span> <span class='ocrx_word' id='word_1_825' title='bbox 1723 1502 1827 1534; x_wconf 69' lang='lat' dir='ltr'>Thomu</span> <span class='ocrx_word' id='word_1_826' title='bbox 1851 1487 1884 1533; x_wconf 67' lang='lat' dir='ltr'>d}</span> <span class='ocrx_word' id='word_1_827' title='bbox 1904 1502 2052 1542; x_wconf 63' lang='lat' dir='ltr'>Carmen,</span> <span class='ocrx_word' id='word_1_828' title='bbox 2071 1503 2226 1537; x_wconf 89' lang='lat' dir='ltr'>Canonico</span> <span class='ocrx_word' id='word_1_829' title='bbox 2245 1495 2370 1547; x_wconf 86' lang='lat' dir='ltr'>ejusdem’</span> <span class='ocrx_word' id='word_1_830' title='bbox 2383 1503 2442 1528; x_wconf 58' lang='grc' dir='ltr'>ΡΜ·</span> <span class='ocrx_word' id='word_1_831' title='bbox 2454 1509 2496 1530; x_wconf 83' lang='lat'>¹0·</span> 
     </span>
     <span class='ocr_line' id='line_1_116' title="bbox 1302 1539 2463 1583; baseline 0.009 -13"><span class='ocrx_word' id='word_1_832' title='bbox 1302 1539 1439 1579; x_wconf 70' lang='lat' dir='ltr'>Domus,</span> <span class='ocrx_word' id='word_1_833' title='bbox 1457 1551 1487 1571; x_wconf 91' lang='lat' dir='ltr'>in</span> <span class='ocrx_word' id='word_1_834' title='bbox 1500 1539 1631 1571; x_wconf 85' lang='lat' dir='ltr'>Priorem</span> <span class='ocrx_word' id='word_1_835' title='bbox 1646 1540 1722 1572; x_wconf 89' lang='lat' dir='ltr'>Loci</span> <span class='ocrx_word' id='word_1_836' title='bbox 1738 1543 1808 1572; x_wconf 88' lang='lat' dir='ltr'>illius</span> <span class='ocrx_word' id='word_1_837' title='bbox 1828 1541 1888 1578; x_wconf 90' lang='lat' dir='ltr'>(cui</span> <span class='ocrx_word' id='word_1_838' title='bbox 1909 1544 1984 1581; x_wconf 87' lang='lat' dir='ltr'>prius</span> <span class='ocrx_word' id='word_1_839' title='bbox 1999 1542 2126 1583; x_wconf 82' lang='lat' dir='ltr'>Regium</span> <span class='ocrx_word' id='word_1_840' title='bbox 2146 1544 2298 1578; x_wconf 85' lang='lat' dir='ltr'>Affensum</span> <span class='ocrx_word' id='word_1_841' title='bbox 2318 1549 2369 1580; x_wconf 82' lang='lat' dir='ltr'>ad·-</span> <span class='ocrx_word' id='word_1_842' title='bbox 2385 1541 2420 1567; x_wconf 68' lang='lat' dir='ltr'>H·</span> <span class='ocrx_word' id='word_1_843' title='bbox 2435 1547 2463 1575; x_wconf 86' lang='lat'>5·</span> 
     </span>
     <span class='ocr_line' id='line_1_117' title="bbox 1301 1578 2489 1625; baseline 0.008 -16"><span class='ocrx_word' id='word_1_844' title='bbox 1301 1578 1444 1610; x_wconf 86' lang='lat' dir='ltr'>hibuimus</span> <span class='ocrx_word' id='word_1_845' title='bbox 1465 1580 1499 1610; x_wconf 91' lang='lat'>&amp;</span> <span class='ocrx_word' id='word_1_846' title='bbox 1518 1578 1674 1616; x_wconf 79' lang='lat' dir='ltr'>Pavorem)</span> <span class='ocrx_word' id='word_1_847' title='bbox 1693 1580 1925 1620; x_wconf 79' lang='lat' dir='ltr'>confirmaverit,</span> <span class='ocrx_word' id='word_1_848' title='bbox 1944 1581 2013 1613; x_wconf 89' lang='lat' dir='ltr'>sicut</span> <span class='ocrx_word' id='word_1_849' title='bbox 2031 1592 2081 1620; x_wconf 87' lang='lat' dir='ltr'>per</span> <span class='ocrx_word' id='word_1_850' title='bbox 2094 1583 2203 1616; x_wconf 84' lang='lat' dir='ltr'>Literas</span> <span class='ocrx_word' id='word_1_851' title='bbox 2213 1585 2297 1625; x_wconf 83' lang='lat' dir='ltr'>ipfius</span> <span class='ocrx_word' id='word_1_852' title='bbox 2308 1587 2365 1619; x_wconf 84' lang='lat' dir='ltr'>Ar·</span> <span class='ocrx_word' id='word_1_853' title='bbox 2385 1587 2423 1607; x_wconf 79' lang='lat'>&#39;⁷¹¹</span> <span class='ocrx_word' id='word_1_854' title='bbox 2446 1587 2489 1606; x_wconf 79' lang='lat'>³⁰·</span> 
     </span>
     <span class='ocr_line' id='line_1_118' title="bbox 1302 1618 2059 1657; baseline 0.005 -10"><span class='ocrx_word' id='word_1_855' title='bbox 1302 1618 1491 1656; x_wconf 84' lang='lat' dir='ltr'>chiepiscopi,</span> <span class='ocrx_word' id='word_1_856' title='bbox 1509 1618 1594 1648; x_wconf 88' lang='lat' dir='ltr'>nobis</span> <span class='ocrx_word' id='word_1_857' title='bbox 1608 1618 1676 1650; x_wconf 79' lang='lat' dir='ltr'>inde</span> <span class='ocrx_word' id='word_1_858' title='bbox 1691 1618 1827 1657; x_wconf 63' lang='lat' dir='ltr'>directas,</span> <span class='ocrx_word' id='word_1_859' title='bbox 1844 1620 1927 1649; x_wconf 88' lang='lat' dir='ltr'>nobis</span> <span class='ocrx_word' id='word_1_860' title='bbox 1937 1621 2059 1653; x_wconf 79' lang='lat' dir='ltr'>constat.</span> 
     </span>
    </p>

    <p class='ocr_par' dir='ltr' id='par_1_47' title="bbox 1299 1657 2369 1765">
     <span class='ocr_line' id='line_1_119' title="bbox 1337 1657 2369 1698; baseline 0.008 -10"><span class='ocrx_word' id='word_1_861' title='bbox 1337 1657 1421 1693; x_wconf 88' lang='lat' dir='ltr'>Nos,</span> <span class='ocrx_word' id='word_1_862' title='bbox 1439 1657 1700 1687; x_wconf 81' lang='lat' dir='ltr'>Confirmationern</span> <span class='ocrx_word' id='word_1_863' title='bbox 1721 1658 1796 1688; x_wconf 85' lang='lat' dir='ltr'>illam</span> <span class='ocrx_word' id='word_1_864' title='bbox 1815 1666 2010 1697; x_wconf 86' lang='lat' dir='ltr'>acceptantes,</span> <span class='ocrx_word' id='word_1_865' title='bbox 2028 1658 2168 1698; x_wconf 87' lang='lat' dir='ltr'>Cepimus</span> <span class='ocrx_word' id='word_1_866' title='bbox 2189 1661 2369 1696; x_wconf 89' lang='lat' dir='ltr'>Fidelitatem</span> 
     </span>
     <span class='ocr_line' id='line_1_120' title="bbox 1299 1694 2367 1765; baseline 0.006 -39"><span class='ocrx_word' id='word_1_867' title='bbox 1299 1695 1380 1764; x_wconf 50' lang='lat' dir='ltr'>fffius</span> <span class='ocrx_word' id='word_1_868' title='bbox 1393 1694 1505 1765; x_wconf 63' lang='lat' dir='ltr'>Electid,</span> <span class='ocrx_word' id='word_1_869' title='bbox 1523 1696 1557 1727; x_wconf 89' lang='lat'>&amp;</span> <span class='ocrx_word' id='word_1_870' title='bbox 1571 1695 1757 1735; x_wconf 88' lang='lat' dir='ltr'>Temporalia</span> <span class='ocrx_word' id='word_1_871' title='bbox 1763 1695 1908 1728; x_wconf 69' lang='lat' dir='ltr'>Prioratsis</span> <span class='ocrx_word' id='word_1_872' title='bbox 1919 1697 2008 1737; x_wconf 81' lang='lat' dir='ltr'>iuius,</span> <span class='ocrx_word' id='word_1_873' title='bbox 2025 1708 2111 1738; x_wconf 87' lang='lat' dir='ltr'>prout</span> <span class='ocrx_word' id='word_1_874' title='bbox 2124 1701 2213 1731; x_wconf 87' lang='lat' dir='ltr'>moris</span> <span class='ocrx_word' id='word_1_875' title='bbox 2227 1701 2268 1733; x_wconf 88' lang='lat' dir='ltr'>est</span> <span class='ocrx_word' id='word_1_876' title='bbox 2278 1726 2289 1742; x_wconf 91' lang='lat'>,</span> <span class='ocrx_word' id='word_1_877' title='bbox 2305 1703 2367 1735; x_wconf 82' lang='lat' dir='ltr'>Re-</span> 
     </span>
    </p>

    <p class='ocr_par' dir='ltr' id='par_1_48' title="bbox 1325 1744 1565 1766">
     <span class='ocr_line' id='line_1_121' title="bbox 1325 1744 1565 1766; baseline 0 -2"><span class='ocrx_word' id='word_1_878' title='bbox 1325 1744 1440 1766; x_wconf 86' lang='lat' dir='ltr'>ituimus</span> <span class='ocrx_word' id='word_1_879' title='bbox 1454 1745 1478 1765; x_wconf 78' lang='lat' dir='ltr'>ei</span> <span class='ocrx_word' id='word_1_880' title='bbox 1500 1744 1565 1764; x_wconf 87' lang='lat' dir='ltr'>em·</span> 
     </span>
    </p>

    <p class='ocr_par' dir='ltr' id='par_1_49' title="bbox 1296 1758 2369 1890">
     <span class='ocr_line' id='line_1_122' title="bbox 1336 1758 2366 1818; baseline 0.001 -14"><span class='ocrx_word' id='word_1_881' title='bbox 1336 1773 1374 1804; x_wconf 90' lang='lat' dir='ltr'>Et</span> <span class='ocrx_word' id='word_1_882' title='bbox 1390 1773 1456 1804; x_wconf 78' lang='lat' dir='ltr'>ideo</span> <span class='ocrx_word' id='word_1_883' title='bbox 1472 1773 1545 1804; x_wconf 88' lang='lat' dir='ltr'>Tibi</span> <span class='ocrx_word' id='word_1_884' title='bbox 1558 1758 1744 1812; x_wconf 69' lang='lat' dir='ltr'>’Praecipimus</span> <span class='ocrx_word' id='word_1_885' title='bbox 1763 1771 1843 1812; x_wconf 88' lang='lat' dir='ltr'>quod</span> <span class='ocrx_word' id='word_1_886' title='bbox 1863 1771 1957 1804; x_wconf 88' lang='lat' dir='ltr'>eidem</span> <span class='ocrx_word' id='word_1_887' title='bbox 1976 1771 2081 1804; x_wconf 68' lang='lat' dir='ltr'>Electo</span> <span class='ocrx_word' id='word_1_888' title='bbox 2097 1775 2281 1815; x_wconf 82' lang='lat' dir='ltr'>Temporalia</span> <span class='ocrx_word' id='word_1_889' title='bbox 2294 1789 2366 1818; x_wconf 55' lang='grc' dir='ltr'>ρης.</span> 
     </span>
     <span class='ocr_line' id='line_1_123' title="bbox 1296 1810 2369 1856; baseline 0.004 -15"><span class='ocrx_word' id='word_1_890' title='bbox 1296 1810 1391 1851; x_wconf 63' lang='lat' dir='ltr'>dieta,</span> <span class='ocrx_word' id='word_1_891' title='bbox 1409 1822 1478 1843; x_wconf 90' lang='lat' dir='ltr'>cum</span> <span class='ocrx_word' id='word_1_892' title='bbox 1494 1811 1691 1851; x_wconf 79' lang='lat' dir='ltr'>Pertinentiis,</span> <span class='ocrx_word' id='word_1_893' title='bbox 1709 1814 1740 1843; x_wconf 90' lang='lat' dir='ltr'>in</span> <span class='ocrx_word' id='word_1_894' title='bbox 1754 1811 1861 1844; x_wconf 67' lang='lat' dir='ltr'>Balliva</span> <span class='ocrx_word' id='word_1_895' title='bbox 1872 1811 1939 1850; x_wconf 69' lang='lat' dir='ltr'>tua,</span> <span class='ocrx_word' id='word_1_896' title='bbox 1963 1811 2081 1844; x_wconf 88' lang='lat' dir='ltr'>Liberes</span> <span class='ocrx_word' id='word_1_897' title='bbox 2099 1814 2129 1844; x_wconf 90' lang='lat' dir='ltr'>in</span> <span class='ocrx_word' id='word_1_898' title='bbox 2151 1815 2245 1847; x_wconf 71' lang='lat' dir='ltr'>forma</span> <span class='ocrx_word' id='word_1_899' title='bbox 2264 1820 2369 1856; x_wconf 78' lang='lat' dir='ltr'>praedi-</span> 
     </span>
     <span class='ocr_line' id='line_1_124' title="bbox 1297 1850 1701 1890; baseline 0.002 -9"><span class='ocrx_word' id='word_1_900' title='bbox 1297 1850 1362 1890; x_wconf 58' lang='lat' dir='ltr'>csta,</span> <span class='ocrx_word' id='word_1_901' title='bbox 1376 1851 1451 1882; x_wconf 73' lang='lat' dir='ltr'>{alvo</span> <span class='ocrx_word' id='word_1_902' title='bbox 1460 1850 1531 1889; x_wconf 87' lang='lat' dir='ltr'>Jure</span> <span class='ocrx_word' id='word_1_903' title='bbox 1546 1850 1701 1890; x_wconf 88' lang='lat' dir='ltr'>cujussibet.</span> 
     </span>
    </p>

    <p class='ocr_par' dir='ltr' id='par_1_50' title="bbox 1295 1887 2369 1971">
     <span class='ocr_line' id='line_1_125' title="bbox 1337 1887 2369 1937; baseline 0.008 -18"><span class='ocrx_word' id='word_1_904' title='bbox 1337 1890 1429 1922; x_wconf 90' lang='lat' dir='ltr'>Teste</span> <span class='ocrx_word' id='word_1_905' title='bbox 1451 1888 1600 1928; x_wconf 82' lang='lat' dir='ltr'>Humfria&#39;o</span> <span class='ocrx_word' id='word_1_906' title='bbox 1621 1892 1698 1920; x_wconf 83' lang='lat' dir='ltr'>Duce</span> <span class='ocrx_word' id='word_1_907' title='bbox 1713 1887 1884 1932; x_wconf 70' lang='lat' dir='ltr'>Glaucestriae</span> <span class='ocrx_word' id='word_1_908' title='bbox 1906 1888 2039 1921; x_wconf 80' lang='lat' dir='ltr'>Custode</span> <span class='ocrx_word' id='word_1_909' title='bbox 2058 1890 2170 1932; x_wconf 82' lang='lat' dir='ltr'>Angliae</span> <span class='ocrx_word' id='word_1_910' title='bbox 2190 1893 2266 1933; x_wconf 81' lang='lat' dir='ltr'>apud</span> <span class='ocrx_word' id='word_1_911' title='bbox 2281 1895 2369 1937; x_wconf 74' lang='lat' dir='ltr'>Wst-</span> 
     </span>
     <span class='ocr_line' id='line_1_126' title="bbox 1295 1928 2368 1971; baseline -0.003 -10"><span class='ocrx_word' id='word_1_912' title='bbox 1295 1928 1503 1971; x_wconf 78' lang='lat' dir='ltr'>monasterium,</span> <span class='ocrx_word' id='word_1_913' title='bbox 1521 1929 1599 1960; x_wconf 84' lang='lat' dir='ltr'>sexto</span> <span class='ocrx_word' id='word_1_914' title='bbox 1614 1929 1660 1960; x_wconf 88' lang='lat' dir='ltr'>die</span> <span class='ocrx_word' id='word_1_915' title='bbox 1672 1928 1750 1968; x_wconf 88' lang='lat' dir='ltr'>Julii.</span> <span class='ocrx_word' id='word_1_916' title='bbox 2365 1932 2368 1934; x_wconf 75' lang='grc'>’</span> 
     </span>
    </p>
   </div>
   <div class='ocr_carea' id='block_1_34' title="bbox 1295 2005 2368 2088">
    <p class='ocr_par' dir='ltr' id='par_1_51' title="bbox 1295 2005 2368 2088">
     <span class='ocr_line' id='line_1_127' title="bbox 1333 2005 2368 2054; baseline 0.003 -15"><span class='ocrx_word' id='word_1_917' title='bbox 1333 2006 1471 2050; x_wconf 84' lang='lat' dir='ltr'>Confimile</span> <span class='ocrx_word' id='word_1_918' title='bbox 1488 2009 1582 2054; x_wconf 47' lang='lat' dir='ltr'>Breve</span> <span class='ocrx_word' id='word_1_919' title='bbox 1599 2005 1727 2044; x_wconf 80' lang='lat' dir='ltr'>dirigitur</span> <span class='ocrx_word' id='word_1_920' title='bbox 1746 2005 1888 2047; x_wconf 78' lang='lat' dir='ltr'>Efiaetori</span> <span class='ocrx_word' id='word_1_921' title='bbox 1903 2009 1983 2048; x_wconf 69' lang='lat' dir='ltr'>Regii·</span> <span class='ocrx_word' id='word_1_922' title='bbox 1998 2009 2031 2041; x_wconf 81' lang='lat' dir='ltr'>in</span> <span class='ocrx_word' id='word_1_923' title='bbox 2054 2007 2233 2042; x_wconf 55' lang='lat' dir='ltr'>Conantibus</span> <span class='ocrx_word' id='word_1_924' title='bbox 2256 2011 2368 2051; x_wconf 62' lang='lat' dir='ltr'>Notyng&#39;</span> 
     </span>
     <span class='ocr_line' id='line_1_128' title="bbox 1295 2044 1890 2088; baseline -0.002 -11"><span class='ocrx_word' id='word_1_925' title='bbox 1295 2046 1414 2088; x_wconf 76' lang='lat' dir='ltr'>ghamtae</span> <span class='ocrx_word' id='word_1_926' title='bbox 1432 2045 1470 2083; x_wconf 63' lang='grc' dir='ltr'>ῤ’</span> <span class='ocrx_word' id='word_1_927' title='bbox 1483 2045 1613 2085; x_wconf 77' lang='lat' dir='ltr'>Derbiae,</span> <span class='ocrx_word' id='word_1_928' title='bbox 1623 2045 1678 2086; x_wconf 76' lang='lat' dir='ltr'>fiab</span> <span class='ocrx_word' id='word_1_929' title='bbox 1693 2044 1784 2078; x_wconf 82' lang='lat' dir='ltr'>eadem</span> <span class='ocrx_word' id='word_1_930' title='bbox 1798 2048 1890 2077; x_wconf 76' lang='lat' dir='ltr'>Data.</span> 
     </span>
    </p>
   </div>
   <div class='ocr_carea' id='block_1_35' title="bbox 1332 2121 1872 2163">
    <p class='ocr_par' dir='ltr' id='par_1_52' title="bbox 1332 2121 1872 2163">
     <span class='ocr_line' id='line_1_129' title="bbox 1332 2121 1872 2163; baseline -0.002 -8"><span class='ocrx_word' id='word_1_931' title='bbox 1332 2123 1371 2156; x_wconf 91' lang='lat' dir='ltr'>Et</span> <span class='ocrx_word' id='word_1_932' title='bbox 1388 2123 1564 2156; x_wconf 87' lang='lat' dir='ltr'>Mandatum</span> <span class='ocrx_word' id='word_1_933' title='bbox 1575 2121 1617 2154; x_wconf 87' lang='lat' dir='ltr'>est</span> <span class='ocrx_word' id='word_1_934' title='bbox 1631 2122 1793 2163; x_wconf 84' lang='lat' dir='ltr'>Militibus,</span> <span class='ocrx_word' id='word_1_935' title='bbox 1809 2123 1872 2155; x_wconf 64' lang='grc' dir='ltr'>ὅτε.</span> 
     </span>
    </p>
   </div>
   <div class='ocr_carea' id='block_1_36' title="bbox 1628 2251 2499 2301">
    <p class='ocr_par' dir='ltr' id='par_1_53' title="bbox 1628 2251 2499 2301">
     <span class='ocr_line' id='line_1_130' title="bbox 1628 2251 2499 2301; baseline 0.002 -16"><span class='ocrx_word' id='word_1_936' title='bbox 1628 2251 1657 2280; x_wconf 65' lang='lat'>*³</span> <span class='ocrx_word' id='word_1_937' title='bbox 1676 2254 1736 2286; x_wconf 84' lang='lat' dir='ltr'>Pro</span> <span class='ocrx_word' id='word_1_938' title='bbox 1758 2254 1835 2301; x_wconf 86' lang='lat' dir='ltr'>Rege</span> <span class='ocrx_word' id='word_1_939' title='bbox 1858 2253 2027 2287; x_wconf 79' lang='lat' dir='ltr'>Scotorum.</span> <span class='ocrx_word' id='word_1_940' title='bbox 2377 2253 2499 2298; x_wconf 59' lang='lat' dir='ltr'>*Xazq</span> 
     </span>
    </p>
   </div>
   <div class='ocr_carea' id='block_1_37' title="bbox 1282 2330 2509 3002">
    <p class='ocr_par' dir='ltr' id='par_1_54' title="bbox 1294 2330 2509 2418">
     <span class='ocr_line' id='line_1_131' title="bbox 1294 2330 2509 2397; baseline 0.003 -27"><span class='ocrx_word' id='word_1_941' title='bbox 1294 2335 1381 2397; x_wconf 79' lang='lat' dir='ltr'>RE</span> <span class='ocrx_word' id='word_1_942' title='bbox 1391 2338 1422 2371; x_wconf 90' lang='lat' dir='ltr'>X</span> <span class='ocrx_word' id='word_1_943' title='bbox 1431 2363 1440 2378; x_wconf 91' lang='lat'>,</span> <span class='ocrx_word' id='word_1_944' title='bbox 1459 2349 1509 2381; x_wconf 86' lang='lat' dir='ltr'>per</span> <span class='ocrx_word' id='word_1_945' title='bbox 1521 2337 1634 2372; x_wconf 74' lang='lat' dir='ltr'>Literas</span> <span class='ocrx_word' id='word_1_946' title='bbox 1645 2339 1703 2370; x_wconf 87' lang='lat' dir='ltr'>suas</span> <span class='ocrx_word' id='word_1_947' title='bbox 1720 2336 1870 2377; x_wconf 84' lang='lat' dir='ltr'>Patentes,</span> <span class='ocrx_word' id='word_1_948' title='bbox 1888 2348 1939 2376; x_wconf 89' lang='lat' dir='ltr'>per</span> <span class='ocrx_word' id='word_1_949' title='bbox 1951 2338 2024 2371; x_wconf 88' lang='lat' dir='ltr'>duos</span> <span class='ocrx_word' id='word_1_950' title='bbox 2040 2338 2154 2372; x_wconf 71' lang='lat' dir='ltr'>Menses</span> <span class='ocrx_word' id='word_1_951' title='bbox 2167 2341 2303 2379; x_wconf 64' lang='lat' dir='ltr'>proximo</span> <span class='ocrx_word' id='word_1_952' title='bbox 2317 2341 2362 2374; x_wconf 89' lang='lat' dir='ltr'>fu·</span> <span class='ocrx_word' id='word_1_953' title='bbox 2375 2330 2452 2367; x_wconf 70' lang='grc' dir='ltr'>ᾹΠΠ·</span> <span class='ocrx_word' id='word_1_954' title='bbox 2463 2335 2509 2376; x_wconf 75' lang='lat' dir='ltr'>D«.</span> 
     </span>
     <span class='ocr_line' id='line_1_132' title="bbox 1373 2378 2482 2418; baseline 0.005 -8"><span class='ocrx_word' id='word_1_955' title='bbox 1373 2388 1452 2410; x_wconf 90' lang='lat' dir='ltr'>turos</span> <span class='ocrx_word' id='word_1_956' title='bbox 1465 2379 1622 2418; x_wconf 87' lang='lat' dir='ltr'>duraturas,</span> <span class='ocrx_word' id='word_1_957' title='bbox 1640 2378 1760 2416; x_wconf 85' lang='lat' dir='ltr'>suscepit</span> <span class='ocrx_word' id='word_1_958' title='bbox 1779 2379 1809 2408; x_wconf 91' lang='lat' dir='ltr'>in</span> <span class='ocrx_word' id='word_1_959' title='bbox 1828 2378 1936 2408; x_wconf 87' lang='lat' dir='ltr'>salvum</span> <span class='ocrx_word' id='word_1_960' title='bbox 1949 2379 1993 2412; x_wconf 69' lang='grc' dir='ltr'>,δε</span> <span class='ocrx_word' id='word_1_961' title='bbox 2015 2379 2145 2410; x_wconf 72' lang='lat' dir='ltr'>securum</span> <span class='ocrx_word' id='word_1_962' title='bbox 2159 2379 2360 2418; x_wconf 70' lang='lat' dir='ltr'>‚Conductum</span> <span class='ocrx_word' id='word_1_963' title='bbox 2394 2384 2482 2415; x_wconf 85' lang='lat'>1422·</span> 
     </span>
    </p>

    <p class='ocr_par' dir='ltr' id='par_1_55' title="bbox 1287 2417 2503 2729">
     <span class='ocr_line' id='line_1_133' title="bbox 1291 2417 2488 2460; baseline 0.002 -11"><span class='ocrx_word' id='word_1_964' title='bbox 1291 2418 1392 2458; x_wconf 88' lang='lat' dir='ltr'>suum,</span> <span class='ocrx_word' id='word_1_965' title='bbox 1409 2429 1442 2450; x_wconf 80' lang='lat' dir='ltr'>ac</span> <span class='ocrx_word' id='word_1_966' title='bbox 1458 2419 1487 2449; x_wconf 87' lang='lat' dir='ltr'>in</span> <span class='ocrx_word' id='word_1_967' title='bbox 1501 2418 1734 2455; x_wconf 74' lang='lat' dir='ltr'>Proteffionem,</span> <span class='ocrx_word' id='word_1_968' title='bbox 1751 2417 1941 2455; x_wconf 87' lang='lat' dir='ltr'>Tuitionem,</span> <span class='ocrx_word' id='word_1_969' title='bbox 1959 2417 1993 2448; x_wconf 75' lang='grc' dir='ltr'>δε</span> <span class='ocrx_word' id='word_1_970' title='bbox 2008 2417 2215 2451; x_wconf 87' lang='lat' dir='ltr'>Defensionem</span> <span class='ocrx_word' id='word_1_971' title='bbox 2230 2420 2287 2451; x_wconf 88' lang='lat' dir='ltr'>suas</span> <span class='ocrx_word' id='word_1_972' title='bbox 2299 2421 2360 2460; x_wconf 85' lang='lat' dir='ltr'>spe-</span> <span class='ocrx_word' id='word_1_973' title='bbox 2374 2417 2424 2442; x_wconf 85' lang='lat' dir='ltr'>An.</span> <span class='ocrx_word' id='word_1_974' title='bbox 2444 2424 2488 2446; x_wconf 85' lang='lat'>¹0-</span> 
     </span>
     <span class='ocr_line' id='line_1_134' title="bbox 1288 2455 2454 2498; baseline -0.001 -9"><span class='ocrx_word' id='word_1_975' title='bbox 1288 2458 1390 2496; x_wconf 81' lang='lat' dir='ltr'>ciales,</span> <span class='ocrx_word' id='word_1_976' title='bbox 1408 2457 1582 2498; x_wconf 84' lang='lat' dir='ltr'>Magistrum</span> <span class='ocrx_word' id='word_1_977' title='bbox 1595 2456 1766 2487; x_wconf 65' lang='lat' dir='ltr'>{mammae</span> <span class='ocrx_word' id='word_1_978' title='bbox 1781 2458 1890 2487; x_wconf 85' lang='lat' dir='ltr'>Mirton</span> <span class='ocrx_word' id='word_1_979' title='bbox 1898 2479 1908 2495; x_wconf 91' lang='lat'>,</span> <span class='ocrx_word' id='word_1_980' title='bbox 1926 2455 2114 2495; x_wconf 90' lang='lat' dir='ltr'>Capellanum</span> <span class='ocrx_word' id='word_1_981' title='bbox 2123 2458 2157 2489; x_wconf 89' lang='lat'>&amp;</span> <span class='ocrx_word' id='word_1_982' title='bbox 2169 2458 2357 2498; x_wconf 86' lang='lat' dir='ltr'>Servientem,</span> <span class='ocrx_word' id='word_1_983' title='bbox 2371 2456 2407 2481; x_wconf 78' lang='grc' dir='ltr'>Η·</span> <span class='ocrx_word' id='word_1_984' title='bbox 2426 2461 2454 2488; x_wconf 88' lang='lat'>5·</span> 
     </span>
     <span class='ocr_line' id='line_1_135' title="bbox 1288 2493 2503 2536; baseline -0.006 -9"><span class='ocrx_word' id='word_1_985' title='bbox 1288 2497 1421 2528; x_wconf 86' lang='lat' dir='ltr'>cariffimi</span> <span class='ocrx_word' id='word_1_986' title='bbox 1433 2496 1645 2536; x_wconf 83' lang='lat' dir='ltr'>Consanguinei</span> <span class='ocrx_word' id='word_1_987' title='bbox 1658 2495 1764 2534; x_wconf 82' lang='lat' dir='ltr'>Regis,</span> <span class='ocrx_word' id='word_1_988' title='bbox 1781 2493 1883 2534; x_wconf 80' lang='lat' dir='ltr'>Jacobi</span> <span class='ocrx_word' id='word_1_989' title='bbox 1898 2498 1976 2536; x_wconf 78' lang='lat' dir='ltr'>Regis</span> <span class='ocrx_word' id='word_1_990' title='bbox 1996 2499 2147 2535; x_wconf 73' lang='lat' dir='ltr'>Scotorum,</span> <span class='ocrx_word' id='word_1_991' title='bbox 2165 2507 2234 2528; x_wconf 80' lang='lat' dir='ltr'>cum</span> <span class='ocrx_word' id='word_1_992' title='bbox 2249 2497 2357 2529; x_wconf 67' lang='lat' dir='ltr'>Tribus</span> <span class='ocrx_word' id='word_1_993' title='bbox 2372 2495 2440 2519; x_wconf 80' lang='lat' dir='ltr'>Scot.</span> <span class='ocrx_word' id='word_1_994' title='bbox 2462 2501 2503 2520; x_wconf 85' lang='lat'>10.</span> 
     </span>
     <span class='ocr_line' id='line_1_136' title="bbox 1289 2532 2453 2575; baseline -0.002 -9"><span class='ocrx_word' id='word_1_995' title='bbox 1289 2535 1481 2567; x_wconf 88' lang='lat' dir='ltr'>Servientibus</span> <span class='ocrx_word' id='word_1_996' title='bbox 1496 2536 1550 2567; x_wconf 90' lang='lat' dir='ltr'>suis</span> <span class='ocrx_word' id='word_1_997' title='bbox 1560 2537 1590 2566; x_wconf 91' lang='lat' dir='ltr'>in</span> <span class='ocrx_word' id='word_1_998' title='bbox 1605 2534 1758 2567; x_wconf 72' lang='lat' dir='ltr'>Comiriva</span> <span class='ocrx_word' id='word_1_999' title='bbox 1772 2534 1834 2573; x_wconf 70' lang='lat' dir='ltr'>sua,</span> <span class='ocrx_word' id='word_1_1000' title='bbox 1853 2545 1939 2573; x_wconf 87' lang='lat' dir='ltr'>penes</span> <span class='ocrx_word' id='word_1_1001' title='bbox 1957 2533 2137 2567; x_wconf 86' lang='lat' dir='ltr'>Praesentiam</span> <span class='ocrx_word' id='word_1_1002' title='bbox 2153 2535 2281 2575; x_wconf 66' lang='lat' dir='ltr'>praedicti</span> <span class='ocrx_word' id='word_1_1003' title='bbox 2295 2535 2357 2567; x_wconf 86' lang='lat' dir='ltr'>Re—</span> <span class='ocrx_word' id='word_1_1004' title='bbox 2372 2532 2407 2557; x_wconf 79' lang='lat' dir='ltr'>H·</span> <span class='ocrx_word' id='word_1_1005' title='bbox 2424 2538 2453 2564; x_wconf 83' lang='lat'>5·</span> 
     </span>
     <span class='ocr_line' id='line_1_137' title="bbox 1288 2572 2451 2615; baseline 0 -10"><span class='ocrx_word' id='word_1_1006' title='bbox 1288 2576 1330 2615; x_wconf 85' lang='lat' dir='ltr'>gis</span> <span class='ocrx_word' id='word_1_1007' title='bbox 1344 2575 1519 2613; x_wconf 88' lang='lat' dir='ltr'>Scotorum,</span> <span class='ocrx_word' id='word_1_1008' title='bbox 1538 2576 1567 2605; x_wconf 89' lang='lat' dir='ltr'>in</span> <span class='ocrx_word' id='word_1_1009' title='bbox 1590 2572 1738 2605; x_wconf 67' lang='lat' dir='ltr'>Comitiva</span> <span class='ocrx_word' id='word_1_1010' title='bbox 1760 2572 1848 2613; x_wconf 87' lang='lat' dir='ltr'>Regis</span> <span class='ocrx_word' id='word_1_1011' title='bbox 1870 2575 1898 2604; x_wconf 92' lang='lat' dir='ltr'>in</span> <span class='ocrx_word' id='word_1_1012' title='bbox 1921 2573 2029 2613; x_wconf 88' lang='lat' dir='ltr'>Regno</span> <span class='ocrx_word' id='word_1_1013' title='bbox 2049 2574 2177 2605; x_wconf 85' lang='lat' dir='ltr'>Franciae</span> <span class='ocrx_word' id='word_1_1014' title='bbox 2198 2575 2356 2614; x_wconf 78' lang='lat' dir='ltr'>existentis,</span> <span class='ocrx_word' id='word_1_1015' title='bbox 2372 2578 2410 2597; x_wconf 76' lang='lat' dir='ltr'>m·</span> <span class='ocrx_word' id='word_1_1016' title='bbox 2426 2576 2436 2594; x_wconf 86' lang='lat'>¹</span> <span class='ocrx_word' id='word_1_1017' title='bbox 2443 2589 2451 2597; x_wconf 90' lang='lat'><strong>·</strong></span> 
     </span>
     <span class='ocr_line' id='line_1_138' title="bbox 1288 2612 2357 2653; baseline 0 -8"><span class='ocrx_word' id='word_1_1018' title='bbox 1288 2613 1476 2653; x_wconf 87' lang='lat' dir='ltr'>transeundo,</span> <span class='ocrx_word' id='word_1_1019' title='bbox 1502 2616 1536 2646; x_wconf 86' lang='lat'>&amp;</span> <span class='ocrx_word' id='word_1_1020' title='bbox 1556 2613 1664 2644; x_wconf 88' lang='lat' dir='ltr'>ibidem</span> <span class='ocrx_word' id='word_1_1021' title='bbox 1685 2612 1828 2643; x_wconf 91' lang='lat' dir='ltr'>morando</span> <span class='ocrx_word' id='word_1_1022' title='bbox 1843 2635 1853 2651; x_wconf 91' lang='lat'>,</span> <span class='ocrx_word' id='word_1_1023' title='bbox 1875 2613 1910 2644; x_wconf 92' lang='lat'>&amp;</span> <span class='ocrx_word' id='word_1_1024' title='bbox 1932 2612 2033 2642; x_wconf 81' lang='lat' dir='ltr'>exinde</span> <span class='ocrx_word' id='word_1_1025' title='bbox 2055 2612 2084 2643; x_wconf 90' lang='lat' dir='ltr'>in</span> <span class='ocrx_word' id='word_1_1026' title='bbox 2106 2612 2247 2649; x_wconf 87' lang='lat' dir='ltr'>Regnum</span> <span class='ocrx_word' id='word_1_1027' title='bbox 2269 2613 2357 2653; x_wconf 82' lang='lat' dir='ltr'>Regis</span> 
     </span>
     <span class='ocr_line' id='line_1_139' title="bbox 1288 2650 2357 2692; baseline -0.001 -8"><span class='ocrx_word' id='word_1_1028' title='bbox 1288 2653 1402 2692; x_wconf 82' lang='lat' dir='ltr'>Angliae</span> <span class='ocrx_word' id='word_1_1029' title='bbox 1424 2651 1584 2691; x_wconf 87' lang='lat' dir='ltr'>veniendo,</span> <span class='ocrx_word' id='word_1_1030' title='bbox 1609 2653 1643 2684; x_wconf 89' lang='lat'>&amp;</span> <span class='ocrx_word' id='word_1_1031' title='bbox 1665 2650 1772 2681; x_wconf 85' lang='lat' dir='ltr'>ibidem</span> <span class='ocrx_word' id='word_1_1032' title='bbox 1795 2650 1959 2690; x_wconf 89' lang='lat' dir='ltr'>morando,</span> <span class='ocrx_word' id='word_1_1033' title='bbox 1984 2659 2100 2682; x_wconf 89' lang='lat' dir='ltr'>necnon</span> <span class='ocrx_word' id='word_1_1034' title='bbox 2122 2650 2235 2691; x_wconf 84' lang='lat' dir='ltr'>Equos,</span> <span class='ocrx_word' id='word_1_1035' title='bbox 2260 2651 2357 2691; x_wconf 87' lang='lat' dir='ltr'>Bona,</span> 
     </span>
     <span class='ocr_line' id='line_1_140' title="bbox 1287 2689 1854 2729; baseline -0.005 -7"><span class='ocrx_word' id='word_1_1036' title='bbox 1287 2691 1367 2729; x_wconf 82' lang='lat' dir='ltr'>Res,</span> <span class='ocrx_word' id='word_1_1037' title='bbox 1382 2692 1416 2722; x_wconf 91' lang='lat'><strong>&amp;</strong></span> <span class='ocrx_word' id='word_1_1038' title='bbox 1428 2691 1565 2721; x_wconf 86' lang='lat' dir='ltr'>Hemesia</span> <span class='ocrx_word' id='word_1_1039' title='bbox 1579 2689 1625 2721; x_wconf 89' lang='lat' dir='ltr'>sua</span> <span class='ocrx_word' id='word_1_1040' title='bbox 1663 2698 1854 2727; x_wconf 85' lang='lat' dir='ltr'>uaecumque;</span> 
     </span>
    </p>

    <p class='ocr_par' dir='ltr' id='par_1_56' title="bbox 1282 2699 2354 2846">
     <span class='ocr_line' id='line_1_141' title="bbox 1325 2699 2354 2768; baseline 0 -9"><span class='ocrx_word' id='word_1_1041' title='bbox 1325 2729 1443 2761; x_wconf 88' lang='lat' dir='ltr'>Proviso</span> <span class='ocrx_word' id='word_1_1042' title='bbox 1456 2729 1565 2768; x_wconf 87' lang='lat' dir='ltr'>semper</span> <span class='ocrx_word' id='word_1_1043' title='bbox 1579 2699 1662 2767; x_wconf 58' lang='lat' dir='ltr'>quog</span> <span class='ocrx_word' id='word_1_1044' title='bbox 1675 2727 1825 2765; x_wconf 65' lang='lat' dir='ltr'>praedictus</span> <span class='ocrx_word' id='word_1_1045' title='bbox 1838 2726 1969 2766; x_wconf 69' lang='lat' dir='ltr'>Thomas,</span> <span class='ocrx_word' id='word_1_1046' title='bbox 1986 2737 2020 2759; x_wconf 82' lang='lat' dir='ltr'>ac</span> <span class='ocrx_word' id='word_1_1047' title='bbox 2033 2727 2192 2759; x_wconf 83' lang='lat' dir='ltr'>Servientes</span> <span class='ocrx_word' id='word_1_1048' title='bbox 2206 2728 2354 2768; x_wconf 66' lang='lat' dir='ltr'>praedicti,</span> 
     </span>
     <span class='ocr_line' id='line_1_142' title="bbox 1283 2765 2354 2808; baseline 0.001 -10"><span class='ocrx_word' id='word_1_1049' title='bbox 1283 2769 1440 2808; x_wconf 89' lang='lat' dir='ltr'>quicquam</span> <span class='ocrx_word' id='word_1_1050' title='bbox 1450 2790 1460 2806; x_wconf 82' lang='lat'>,</span> <span class='ocrx_word' id='word_1_1051' title='bbox 1473 2768 1551 2807; x_wconf 88' lang='lat' dir='ltr'>quod</span> <span class='ocrx_word' id='word_1_1052' title='bbox 1567 2767 1596 2797; x_wconf 91' lang='lat' dir='ltr'>in</span> <span class='ocrx_word' id='word_1_1053' title='bbox 1610 2767 1698 2805; x_wconf 83' lang='lat' dir='ltr'>Regis</span> <span class='ocrx_word' id='word_1_1054' title='bbox 1714 2765 1927 2805; x_wconf 87' lang='lat' dir='ltr'>Contemptum</span> <span class='ocrx_word' id='word_1_1055' title='bbox 1940 2766 1986 2798; x_wconf 92' lang='lat' dir='ltr'>vel</span> <span class='ocrx_word' id='word_1_1056' title='bbox 2000 2766 2203 2805; x_wconf 81' lang='lat' dir='ltr'>Praejudicium</span> <span class='ocrx_word' id='word_1_1057' title='bbox 2212 2791 2222 2805; x_wconf 84' lang='lat'><strong><em>‚</em></strong></span> <span class='ocrx_word' id='word_1_1058' title='bbox 2240 2776 2286 2799; x_wconf 92' lang='lat' dir='ltr'>aut</span> <span class='ocrx_word' id='word_1_1059' title='bbox 2295 2767 2354 2799; x_wconf 88' lang='lat' dir='ltr'>Po-</span> 
     </span>
     <span class='ocr_line' id='line_1_143' title="bbox 1282 2804 2272 2846; baseline 0 -9"><span class='ocrx_word' id='word_1_1060' title='bbox 1282 2807 1341 2846; x_wconf 89' lang='lat' dir='ltr'>puli</span> <span class='ocrx_word' id='word_1_1061' title='bbox 1356 2807 1394 2837; x_wconf 90' lang='lat' dir='ltr'>sui</span> <span class='ocrx_word' id='word_1_1062' title='bbox 1410 2805 1581 2845; x_wconf 87' lang='lat' dir='ltr'>Dampnum</span> <span class='ocrx_word' id='word_1_1063' title='bbox 1591 2828 1600 2844; x_wconf 86' lang='lat'>‚</span> <span class='ocrx_word' id='word_1_1064' title='bbox 1618 2804 1768 2845; x_wconf 85' lang='lat' dir='ltr'>aliqualiter</span> <span class='ocrx_word' id='word_1_1065' title='bbox 1775 2804 1875 2837; x_wconf 87' lang='lat' dir='ltr'>cedere</span> <span class='ocrx_word' id='word_1_1066' title='bbox 1889 2806 1994 2843; x_wconf 87' lang='lat' dir='ltr'>valeat,</span> <span class='ocrx_word' id='word_1_1067' title='bbox 2013 2815 2074 2835; x_wconf 88' lang='lat' dir='ltr'>non</span> <span class='ocrx_word' id='word_1_1068' title='bbox 2087 2812 2272 2846; x_wconf 84' lang='lat' dir='ltr'>attemptent‚</span> 
     </span>
    </p>

    <p class='ocr_par' dir='ltr' id='par_1_57' title="bbox 1282 2841 2355 2962">
     <span class='ocr_line' id='line_1_144' title="bbox 1321 2841 2355 2885; baseline -0.001 -9"><span class='ocrx_word' id='word_1_1069' title='bbox 1321 2845 1472 2884; x_wconf 81' lang='lat' dir='ltr'>Qiodque</span> <span class='ocrx_word' id='word_1_1070' title='bbox 1486 2845 1536 2885; x_wconf 87' lang='lat' dir='ltr'>ipsi</span> <span class='ocrx_word' id='word_1_1071' title='bbox 1550 2844 1661 2874; x_wconf 89' lang='lat' dir='ltr'>nullum</span> <span class='ocrx_word' id='word_1_1072' title='bbox 1677 2841 1844 2875; x_wconf 89' lang='lat' dir='ltr'>Castrorum</span> <span class='ocrx_word' id='word_1_1073' title='bbox 1853 2867 1862 2883; x_wconf 88' lang='lat'>,</span> <span class='ocrx_word' id='word_1_1074' title='bbox 1872 2843 2012 2874; x_wconf 85' lang='lat' dir='ltr'>Villarum</span> <span class='ocrx_word' id='word_1_1075' title='bbox 2024 2843 2193 2875; x_wconf 81' lang='lat' dir='ltr'>firmatarum</span> <span class='ocrx_word' id='word_1_1076' title='bbox 2201 2866 2212 2884; x_wconf 90' lang='lat'>,</span> <span class='ocrx_word' id='word_1_1077' title='bbox 2229 2844 2274 2875; x_wconf 89' lang='lat' dir='ltr'>seu</span> <span class='ocrx_word' id='word_1_1078' title='bbox 2283 2844 2355 2875; x_wconf 84' lang='lat' dir='ltr'>For-</span> 
     </span>
     <span class='ocr_line' id='line_1_145' title="bbox 1282 2881 2353 2924; baseline 0 -10"><span class='ocrx_word' id='word_1_1079' title='bbox 1282 2883 1436 2915; x_wconf 84' lang='lat' dir='ltr'>talitiorum</span> <span class='ocrx_word' id='word_1_1080' title='bbox 1453 2884 1555 2924; x_wconf 82' lang='lat' dir='ltr'>Regis,</span> <span class='ocrx_word' id='word_1_1081' title='bbox 1575 2883 1677 2922; x_wconf 83' lang='lat' dir='ltr'>absque</span> <span class='ocrx_word' id='word_1_1082' title='bbox 1700 2882 1808 2921; x_wconf 90' lang='lat' dir='ltr'>speciali</span> <span class='ocrx_word' id='word_1_1083' title='bbox 1828 2882 1961 2914; x_wconf 70' lang='lat' dir='ltr'>Licentia</span> <span class='ocrx_word' id='word_1_1084' title='bbox 1977 2881 2201 2921; x_wconf 85' lang='lat' dir='ltr'>Capitaneorum</span> <span class='ocrx_word' id='word_1_1085' title='bbox 2218 2883 2266 2914; x_wconf 82' lang='lat' dir='ltr'>seu</span> <span class='ocrx_word' id='word_1_1086' title='bbox 2288 2882 2353 2915; x_wconf 87' lang='lat' dir='ltr'>Cu-</span> 
     </span>
     <span class='ocr_line' id='line_1_146' title="bbox 1282 2921 1950 2962; baseline -0.003 -9"><span class='ocrx_word' id='word_1_1087' title='bbox 1282 2922 1397 2954; x_wconf 90' lang='lat' dir='ltr'>stodum</span> <span class='ocrx_word' id='word_1_1088' title='bbox 1413 2922 1599 2960; x_wconf 89' lang='lat' dir='ltr'>eorumdem,</span> <span class='ocrx_word' id='word_1_1089' title='bbox 1618 2923 1723 2953; x_wconf 86' lang='lat' dir='ltr'>intrent</span> <span class='ocrx_word' id='word_1_1090' title='bbox 1736 2922 1838 2962; x_wconf 88' lang='lat' dir='ltr'>quovis</span> <span class='ocrx_word' id='word_1_1091' title='bbox 1852 2921 1950 2952; x_wconf 86' lang='lat' dir='ltr'>modo.</span> 
     </span>
    </p>

    <p class='ocr_par' dir='ltr' id='par_1_58' title="bbox 1319 2958 2350 3002">
     <span class='ocr_line' id='line_1_147' title="bbox 1319 2958 2350 3002; baseline -0.002 -8"><span class='ocrx_word' id='word_1_1092' title='bbox 1319 2962 1409 2994; x_wconf 84' lang='lat' dir='ltr'>Teste</span> <span class='ocrx_word' id='word_1_1093' title='bbox 1423 2961 1553 2994; x_wconf 92' lang='lat' dir='ltr'>Custode</span> <span class='ocrx_word' id='word_1_1094' title='bbox 1569 2961 1682 3001; x_wconf 86' lang='lat' dir='ltr'>Angliae</span> <span class='ocrx_word' id='word_1_1095' title='bbox 1696 2961 1769 3001; x_wconf 88' lang='lat' dir='ltr'>apud</span> <span class='ocrx_word' id='word_1_1096' title='bbox 1791 2959 2067 3002; x_wconf 77' lang='lat' dir='ltr'>Wflmnasterium,</span> <span class='ocrx_word' id='word_1_1097' title='bbox 2088 2958 2195 2990; x_wconf 66' lang='lat' dir='ltr'>octavo</span> <span class='ocrx_word' id='word_1_1098' title='bbox 2212 2958 2260 2990; x_wconf 92' lang='lat' dir='ltr'>die</span> <span class='ocrx_word' id='word_1_1099' title='bbox 2271 2958 2350 3000; x_wconf 73' lang='lat' dir='ltr'>julii.</span> 
     </span>
    </p>
   </div>
   <div class='ocr_carea' id='block_1_38' title="bbox 1958 3034 2189 3067">
    <p class='ocr_par' dir='ltr' id='par_1_59' title="bbox 1958 3034 2189 3067">
     <span class='ocr_line' id='line_1_148' title="bbox 1958 3034 2189 3067; baseline -0.004 -1"><span class='ocrx_word' id='word_1_1100' title='bbox 1958 3036 2015 3066; x_wconf 78' lang='lat' dir='ltr'>Per</span> <span class='ocrx_word' id='word_1_1101' title='bbox 2032 3034 2189 3067; x_wconf 79' lang='lat' dir='ltr'>Concilium.</span> 
     </span>
    </p>
   </div>
   <div class='ocr_carea' id='block_1_39' title="bbox 1588 3160 2027 3199">
    <p class='ocr_par' dir='ltr' id='par_1_60' title="bbox 1588 3160 2027 3199">
     <span class='ocr_line' id='line_1_149' title="bbox 1588 3160 2027 3199; baseline -0.005 -1"><span class='ocrx_word' id='word_1_1102' title='bbox 1588 3167 1648 3199; x_wconf 88' lang='lat' dir='ltr'>Pro</span> <span class='ocrx_word' id='word_1_1103' title='bbox 1673 3162 1786 3196; x_wconf 78' lang='lat' dir='ltr'>comite</span> <span class='ocrx_word' id='word_1_1104' title='bbox 1807 3160 1844 3196; x_wconf 83' lang='lat' dir='ltr'>de</span> <span class='ocrx_word' id='word_1_1105' title='bbox 1867 3160 2027 3196; x_wconf 81' lang='lat' dir='ltr'>Vendome.</span> 
     </span>
    </p>
   </div>
   <div class='ocr_carea' id='block_1_40' title="bbox 1268 3244 2490 3913">
    <p class='ocr_par' dir='ltr' id='par_1_61' title="bbox 1270 3244 2490 3708">
     <span class='ocr_line' id='line_1_150' title="bbox 1278 3244 2490 3306; baseline -0.003 -24"><span class='ocrx_word' id='word_1_1106' title='bbox 1278 3248 1422 3306; x_wconf 82' lang='lat' dir='ltr'>REX,</span> <span class='ocrx_word' id='word_1_1107' title='bbox 1439 3260 1487 3289; x_wconf 88' lang='lat' dir='ltr'>per</span> <span class='ocrx_word' id='word_1_1108' title='bbox 1502 3247 1610 3281; x_wconf 87' lang='lat' dir='ltr'>Literas</span> <span class='ocrx_word' id='word_1_1109' title='bbox 1622 3248 1681 3280; x_wconf 86' lang='lat' dir='ltr'>suas</span> <span class='ocrx_word' id='word_1_1110' title='bbox 1693 3247 1841 3287; x_wconf 83' lang='lat' dir='ltr'>Patentes,</span> <span class='ocrx_word' id='word_1_1111' title='bbox 1858 3257 1908 3287; x_wconf 88' lang='lat' dir='ltr'>per</span> <span class='ocrx_word' id='word_1_1112' title='bbox 1919 3247 1995 3279; x_wconf 69' lang='lat' dir='ltr'>Tres</span> <span class='ocrx_word' id='word_1_1113' title='bbox 2015 3244 2129 3279; x_wconf 82' lang='lat' dir='ltr'>Menses</span> <span class='ocrx_word' id='word_1_1114' title='bbox 2143 3248 2283 3287; x_wconf 42' lang='lat' dir='ltr'>proximo,</span> <span class='ocrx_word' id='word_1_1115' title='bbox 2297 3248 2344 3282; x_wconf 69' lang='grc' dir='ltr'>ἥι-</span> <span class='ocrx_word' id='word_1_1116' title='bbox 2360 3249 2436 3281; x_wconf 86' lang='lat' dir='ltr'>Ann.</span> <span class='ocrx_word' id='word_1_1117' title='bbox 2447 3250 2490 3282; x_wconf 72' lang='lat' dir='ltr'>D.&#39;</span> 
     </span>
     <span class='ocr_line' id='line_1_151' title="bbox 1357 3285 2464 3327; baseline -0.001 -7"><span class='ocrx_word' id='word_1_1118' title='bbox 1357 3299 1435 3320; x_wconf 91' lang='lat' dir='ltr'>turos</span> <span class='ocrx_word' id='word_1_1119' title='bbox 1449 3290 1608 3325; x_wconf 87' lang='lat' dir='ltr'>duraturas,</span> <span class='ocrx_word' id='word_1_1120' title='bbox 1627 3287 1743 3327; x_wconf 86' lang='lat' dir='ltr'>suscepit</span> <span class='ocrx_word' id='word_1_1121' title='bbox 1761 3288 1791 3317; x_wconf 92' lang='lat' dir='ltr'>in</span> <span class='ocrx_word' id='word_1_1122' title='bbox 1812 3287 1918 3318; x_wconf 83' lang='lat' dir='ltr'>salvum</span> <span class='ocrx_word' id='word_1_1123' title='bbox 1941 3286 1976 3318; x_wconf 90' lang='lat'>&amp;</span> <span class='ocrx_word' id='word_1_1124' title='bbox 1997 3285 2125 3317; x_wconf 88' lang='lat' dir='ltr'>securum</span> <span class='ocrx_word' id='word_1_1125' title='bbox 2149 3285 2340 3319; x_wconf 61' lang='lat' dir='ltr'>Conduefflm</span> <span class='ocrx_word' id='word_1_1126' title='bbox 2378 3298 2464 3325; x_wconf 80' lang='lat'>1422.</span> 
     </span>
     <span class='ocr_line' id='line_1_152' title="bbox 1274 3323 2471 3367; baseline 0.002 -11"><span class='ocrx_word' id='word_1_1127' title='bbox 1274 3325 1370 3366; x_wconf 83' lang='lat' dir='ltr'>suum,</span> <span class='ocrx_word' id='word_1_1128' title='bbox 1385 3337 1419 3358; x_wconf 89' lang='lat' dir='ltr'>ac</span> <span class='ocrx_word' id='word_1_1129' title='bbox 1433 3328 1463 3357; x_wconf 88' lang='lat' dir='ltr'>in</span> <span class='ocrx_word' id='word_1_1130' title='bbox 1478 3327 1708 3365; x_wconf 70' lang='lat' dir='ltr'>Prooeffionem,</span> <span class='ocrx_word' id='word_1_1131' title='bbox 1726 3326 1913 3364; x_wconf 88' lang='lat' dir='ltr'>Tuitionem,</span> <span class='ocrx_word' id='word_1_1132' title='bbox 1931 3325 1965 3357; x_wconf 90' lang='lat'>&amp;</span> <span class='ocrx_word' id='word_1_1133' title='bbox 1978 3323 2187 3357; x_wconf 87' lang='lat' dir='ltr'>Defensionem</span> <span class='ocrx_word' id='word_1_1134' title='bbox 2208 3326 2266 3357; x_wconf 81' lang='lat' dir='ltr'>suas</span> <span class='ocrx_word' id='word_1_1135' title='bbox 2278 3326 2339 3367; x_wconf 86' lang='lat' dir='ltr'>spe·</span> <span class='ocrx_word' id='word_1_1136' title='bbox 2352 3331 2406 3355; x_wconf 65' lang='lat' dir='ltr'>Aa.</span> <span class='ocrx_word' id='word_1_1137' title='bbox 2427 3338 2471 3358; x_wconf 86' lang='lat'>10.</span> 
     </span>
     <span class='ocr_line' id='line_1_153' title="bbox 1274 3364 2438 3404; baseline -0.002 -8"><span class='ocrx_word' id='word_1_1138' title='bbox 1274 3365 1374 3404; x_wconf 68' lang='lat' dir='ltr'>dales,</span> <span class='ocrx_word' id='word_1_1139' title='bbox 1390 3368 1504 3396; x_wconf 84' lang='lat' dir='ltr'>Petrum</span> <span class='ocrx_word' id='word_1_1140' title='bbox 1522 3366 1555 3396; x_wconf 85' lang='lat' dir='ltr'>de</span> <span class='ocrx_word' id='word_1_1141' title='bbox 1572 3369 1713 3396; x_wconf 83' lang='lat' dir='ltr'>Gonzowe</span> <span class='ocrx_word' id='word_1_1142' title='bbox 1734 3365 1911 3396; x_wconf 88' lang='lat' dir='ltr'>Servientem</span> <span class='ocrx_word' id='word_1_1143' title='bbox 1925 3366 2035 3394; x_wconf 78' lang='lat' dir='ltr'>Comitis</span> <span class='ocrx_word' id='word_1_1144' title='bbox 2053 3365 2086 3394; x_wconf 83' lang='lat' dir='ltr'>de</span> <span class='ocrx_word' id='word_1_1145' title='bbox 2103 3364 2249 3404; x_wconf 81' lang='lat' dir='ltr'>Vendome,</span> <span class='ocrx_word' id='word_1_1146' title='bbox 2269 3374 2338 3397; x_wconf 89' lang='lat' dir='ltr'>cum</span> <span class='ocrx_word' id='word_1_1147' title='bbox 2354 3369 2390 3394; x_wconf 80' lang='grc' dir='ltr'>Η.</span> <span class='ocrx_word' id='word_1_1148' title='bbox 2411 3374 2438 3400; x_wconf 86' lang='lat'>5.</span> 
     </span>
     <span class='ocr_line' id='line_1_154' title="bbox 1273 3401 2458 3443; baseline 0.001 -9"><span class='ocrx_word' id='word_1_1149' title='bbox 1273 3413 1334 3435; x_wconf 93' lang='lat' dir='ltr'>uno</span> <span class='ocrx_word' id='word_1_1150' title='bbox 1353 3404 1486 3436; x_wconf 89' lang='lat' dir='ltr'>Homine</span> <span class='ocrx_word' id='word_1_1151' title='bbox 1500 3406 1530 3436; x_wconf 89' lang='lat' dir='ltr'>in</span> <span class='ocrx_word' id='word_1_1152' title='bbox 1551 3404 1702 3436; x_wconf 73' lang='lat' dir='ltr'>Comitiva</span> <span class='ocrx_word' id='word_1_1153' title='bbox 1716 3405 1781 3443; x_wconf 91' lang='lat' dir='ltr'>sua,</span> <span class='ocrx_word' id='word_1_1154' title='bbox 1798 3413 1883 3442; x_wconf 88' lang='lat' dir='ltr'>penes</span> <span class='ocrx_word' id='word_1_1155' title='bbox 1896 3402 2079 3434; x_wconf 82' lang='lat' dir='ltr'>Praesentiam</span> <span class='ocrx_word' id='word_1_1156' title='bbox 2091 3401 2184 3441; x_wconf 90' lang='lat' dir='ltr'>Regis</span> <span class='ocrx_word' id='word_1_1157' title='bbox 2199 3403 2340 3436; x_wconf 87' lang='lat' dir='ltr'>transeun-</span> <span class='ocrx_word' id='word_1_1158' title='bbox 2389 3402 2458 3443; x_wconf 62' lang='lat' dir='ltr'>ihil,</span> 
     </span>
     <span class='ocr_line' id='line_1_155' title="bbox 1274 3441 2338 3484; baseline 0.002 -11"><span class='ocrx_word' id='word_1_1159' title='bbox 1274 3442 1314 3473; x_wconf 93' lang='lat' dir='ltr'>do</span> <span class='ocrx_word' id='word_1_1160' title='bbox 1328 3466 1338 3482; x_wconf 86' lang='lat'>‚</span> <span class='ocrx_word' id='word_1_1161' title='bbox 1365 3444 1398 3475; x_wconf 78' lang='grc' dir='ltr'>δε</span> <span class='ocrx_word' id='word_1_1162' title='bbox 1417 3444 1524 3475; x_wconf 90' lang='lat' dir='ltr'>ibidem</span> <span class='ocrx_word' id='word_1_1163' title='bbox 1546 3445 1706 3484; x_wconf 83' lang='lat' dir='ltr'>morando,</span> <span class='ocrx_word' id='word_1_1164' title='bbox 1727 3453 1843 3475; x_wconf 86' lang='lat' dir='ltr'>necnon</span> <span class='ocrx_word' id='word_1_1165' title='bbox 1866 3441 1966 3481; x_wconf 85' lang='lat' dir='ltr'>Bona,</span> <span class='ocrx_word' id='word_1_1166' title='bbox 1983 3441 2062 3481; x_wconf 86' lang='lat' dir='ltr'>Res,</span> <span class='ocrx_word' id='word_1_1167' title='bbox 2079 3441 2114 3473; x_wconf 88' lang='lat'>&amp;</span> <span class='ocrx_word' id='word_1_1168' title='bbox 2135 3441 2273 3474; x_wconf 89' lang='lat' dir='ltr'>Hernefia</span> <span class='ocrx_word' id='word_1_1169' title='bbox 2293 3442 2338 3475; x_wconf 83' lang='lat' dir='ltr'>sua</span> 
     </span>
     <span class='ocr_line' id='line_1_156' title="bbox 1270 3491 2335 3566; baseline -0.003 -15"><span class='ocrx_word' id='word_1_1170' title='bbox 1270 3491 1499 3553; x_wconf 54' lang='grc' dir='ltr'>ςυῗξέιξῗῖἓυίὲἷη</span> <span class='ocrx_word' id='word_1_1171' title='bbox 1521 3531 1550 3552; x_wconf 89' lang='lat' dir='ltr'>er</span> <span class='ocrx_word' id='word_1_1172' title='bbox 1561 3520 1643 3566; x_wconf 64' lang='lat' dir='ltr'>quod</span> <span class='ocrx_word' id='word_1_1173' title='bbox 1658 3520 1737 3551; x_wconf 88' lang='lat' dir='ltr'>idem</span> <span class='ocrx_word' id='word_1_1174' title='bbox 1753 3521 1854 3565; x_wconf 54' lang='lat' dir='ltr'>Petrus</span> <span class='ocrx_word' id='word_1_1175' title='bbox 1866 3519 1900 3551; x_wconf 90' lang='lat'>&amp;</span> <span class='ocrx_word' id='word_1_1176' title='bbox 1919 3517 2026 3550; x_wconf 89' lang='lat' dir='ltr'>Homo</span> <span class='ocrx_word' id='word_1_1177' title='bbox 2037 3518 2270 3565; x_wconf 59' lang='lat' dir='ltr'>.s¹?u⁵,pf,aedl&amp;².¹⁹</span> <span class='ocrx_word' id='word_1_1178' title='bbox 2283 3518 2335 3549; x_wconf 86' lang='lat' dir='ltr'>ali—</span> 
     </span>
     <span class='ocr_line' id='line_1_157' title="bbox 1272 3531 2334 3602; baseline -0.002 -12"><span class='ocrx_word' id='word_1_1179' title='bbox 1272 3570 1327 3599; x_wconf 87' lang='lat' dir='ltr'>qua</span> <span class='ocrx_word' id='word_1_1180' title='bbox 1352 3559 1450 3591; x_wconf 89' lang='lat' dir='ltr'>Castra</span> <span class='ocrx_word' id='word_1_1181' title='bbox 1463 3584 1473 3599; x_wconf 89' lang='lat'>,</span> <span class='ocrx_word' id='word_1_1182' title='bbox 1499 3531 1658 3598; x_wconf 49' lang='lat' dir='ltr'>gortahna,</span> <span class='ocrx_word' id='word_1_1183' title='bbox 1676 3560 1733 3591; x_wconf 90' lang='lat' dir='ltr'>sive</span> <span class='ocrx_word' id='word_1_1184' title='bbox 1754 3559 1839 3590; x_wconf 85' lang='lat' dir='ltr'>Villas</span> <span class='ocrx_word' id='word_1_1185' title='bbox 1861 3558 1982 3602; x_wconf 77' lang='lat' dir='ltr'>firmatas</span> <span class='ocrx_word' id='word_1_1186' title='bbox 2002 3567 2124 3588; x_wconf 84' lang='lat' dir='ltr'>minime</span> <span class='ocrx_word' id='word_1_1187' title='bbox 2144 3555 2334 3596; x_wconf 84' lang='lat' dir='ltr'>ingrediantur</span> 
     </span>
     <span class='ocr_line' id='line_1_158' title="bbox 1270 3593 2335 3640; baseline -0.003 -10"><span class='ocrx_word' id='word_1_1188' title='bbox 1270 3599 1375 3637; x_wconf 87' lang='lat' dir='ltr'>absque</span> <span class='ocrx_word' id='word_1_1189' title='bbox 1387 3610 1425 3631; x_wconf 91' lang='lat' dir='ltr'>eo</span> <span class='ocrx_word' id='word_1_1190' title='bbox 1438 3600 1518 3638; x_wconf 82' lang='lat' dir='ltr'>quod</span> <span class='ocrx_word' id='word_1_1191' title='bbox 1531 3598 1582 3637; x_wconf 90' lang='lat' dir='ltr'>ipfi</span> <span class='ocrx_word' id='word_1_1192' title='bbox 1594 3598 1739 3638; x_wconf 76' lang='lat' dir='ltr'>praesentes</span> <span class='ocrx_word' id='word_1_1193' title='bbox 1754 3599 1858 3629; x_wconf 88' lang='lat' dir='ltr'>Literas</span> <span class='ocrx_word' id='word_1_1194' title='bbox 1872 3596 1960 3636; x_wconf 83' lang='lat' dir='ltr'>Regis</span> <span class='ocrx_word' id='word_1_1195' title='bbox 1970 3596 2006 3628; x_wconf 89' lang='lat' dir='ltr'>de</span> <span class='ocrx_word' id='word_1_1196' title='bbox 2019 3596 2095 3627; x_wconf 88' lang='lat' dir='ltr'>salvo</span> <span class='ocrx_word' id='word_1_1197' title='bbox 2103 3593 2266 3640; x_wconf 67' lang='lat' dir='ltr'>Confludtu</span> <span class='ocrx_word' id='word_1_1198' title='bbox 2275 3593 2335 3627; x_wconf 62' lang='lat' dir='ltr'>Ca⁴</span> 
     </span>
     <span class='ocr_line' id='line_1_159' title="bbox 1272 3631 2335 3708; baseline -0.003 -40"><span class='ocrx_word' id='word_1_1199' title='bbox 1272 3638 1408 3708; x_wconf 52' lang='lat' dir='ltr'>{titaness’</span> <span class='ocrx_word' id='word_1_1200' title='bbox 1424 3637 1601 3677; x_wconf 75' lang='lat' dir='ltr'>Maioribus,</span> <span class='ocrx_word' id='word_1_1201' title='bbox 1618 3638 1674 3670; x_wconf 91' lang='lat' dir='ltr'>sive</span> <span class='ocrx_word' id='word_1_1202' title='bbox 1688 3636 1864 3669; x_wconf 85' lang='lat' dir='ltr'>Custodibus</span> <span class='ocrx_word' id='word_1_1203' title='bbox 1883 3635 2053 3668; x_wconf 88' lang='lat' dir='ltr'>eorumdem</span> <span class='ocrx_word' id='word_1_1204' title='bbox 2068 3642 2198 3673; x_wconf 86' lang='lat' dir='ltr'>primitus</span> <span class='ocrx_word' id='word_1_1205' title='bbox 2211 3631 2335 3671; x_wconf 44' lang='lat' dir='ltr'>demonf</span> 
     </span>
    </p>

    <p class='ocr_par' dir='ltr' id='par_1_62' title="bbox 1299 3686 1359 3708">
     <span class='ocr_line' id='line_1_160' title="bbox 1299 3686 1359 3708; baseline 0.033 -2"><span class='ocrx_word' id='word_1_1206' title='bbox 1299 3686 1359 3708; x_wconf 76' lang='lat' dir='ltr'>rent</span> 
     </span>
    </p>

    <p class='ocr_par' dir='ltr' id='par_1_63' title="bbox 1268 3700 2336 3871">
     <span class='ocr_line' id='line_1_161' title="bbox 1309 3700 2336 3755; baseline -0.004 -9"><span class='ocrx_word' id='word_1_1207' title='bbox 1309 3700 1459 3754; x_wconf 58' lang='lat' dir='ltr'>dique</span> <span class='ocrx_word' id='word_1_1208' title='bbox 1470 3714 1518 3752; x_wconf 89' lang='lat' dir='ltr'>ipsi</span> <span class='ocrx_word' id='word_1_1209' title='bbox 1533 3715 1608 3746; x_wconf 78' lang='lat' dir='ltr'>bene</span> <span class='ocrx_word' id='word_1_1210' title='bbox 1622 3715 1656 3746; x_wconf 92' lang='lat'>&amp;</span> <span class='ocrx_word' id='word_1_1211' title='bbox 1672 3713 1792 3746; x_wconf 74' lang='lat' dir='ltr'>honeste</span> <span class='ocrx_word' id='word_1_1212' title='bbox 1801 3714 1826 3744; x_wconf 75' lang='lat' dir='ltr'>Ie</span> <span class='ocrx_word' id='word_1_1213' title='bbox 1842 3713 1962 3755; x_wconf 80' lang='lat' dir='ltr'>habeant</span> <span class='ocrx_word' id='word_1_1214' title='bbox 1975 3711 2010 3743; x_wconf 66' lang='grc' dir='ltr'>ὅ(</span> <span class='ocrx_word' id='word_1_1215' title='bbox 2023 3715 2118 3754; x_wconf 75' lang='lat' dir='ltr'>gerant</span> <span class='ocrx_word' id='word_1_1216' title='bbox 2131 3718 2195 3748; x_wconf 86' lang='lat' dir='ltr'>erga</span> <span class='ocrx_word' id='word_1_1217' title='bbox 2207 3708 2336 3754; x_wconf 77' lang='lat' dir='ltr'>Regem;</span> 
     </span>
     <span class='ocr_line' id='line_1_162' title="bbox 1269 3745 2334 3793; baseline -0.002 -9"><span class='ocrx_word' id='word_1_1218' title='bbox 1269 3754 1304 3784; x_wconf 90' lang='lat'>&amp;</span> <span class='ocrx_word' id='word_1_1219' title='bbox 1324 3754 1467 3793; x_wconf 90' lang='lat' dir='ltr'>Populum</span> <span class='ocrx_word' id='word_1_1220' title='bbox 1483 3754 1580 3792; x_wconf 89' lang='lat' dir='ltr'>suum,</span> <span class='ocrx_word' id='word_1_1221' title='bbox 1605 3755 1639 3786; x_wconf 91' lang='lat'>&amp;</span> <span class='ocrx_word' id='word_1_1222' title='bbox 1658 3755 1831 3793; x_wconf 80' lang='lat' dir='ltr'>quicquam,</span> <span class='ocrx_word' id='word_1_1223' title='bbox 1853 3749 1931 3790; x_wconf 90' lang='lat' dir='ltr'>quod</span> <span class='ocrx_word' id='word_1_1224' title='bbox 1951 3760 1982 3779; x_wconf 90' lang='lat' dir='ltr'>in</span> <span class='ocrx_word' id='word_1_1225' title='bbox 1998 3748 2085 3786; x_wconf 79' lang='lat' dir='ltr'>Regis</span> <span class='ocrx_word' id='word_1_1226' title='bbox 2101 3745 2334 3793; x_wconf 84' lang='lat' dir='ltr'>Contemptum,</span> 
     </span>
     <span class='ocr_line' id='line_1_163' title="bbox 1268 3791 2331 3832; baseline -0.002 -9"><span class='ocrx_word' id='word_1_1227' title='bbox 1268 3801 1317 3823; x_wconf 87' lang='lat' dir='ltr'>aut</span> <span class='ocrx_word' id='word_1_1228' title='bbox 1329 3791 1435 3831; x_wconf 89' lang='lat' dir='ltr'>Populi</span> <span class='ocrx_word' id='word_1_1229' title='bbox 1448 3792 1488 3822; x_wconf 89' lang='lat' dir='ltr'>sui</span> <span class='ocrx_word' id='word_1_1230' title='bbox 1502 3792 1689 3832; x_wconf 85' lang='lat' dir='ltr'>Dampnum,</span> <span class='ocrx_word' id='word_1_1231' title='bbox 1707 3792 1806 3823; x_wconf 88' lang='lat' dir='ltr'>cedere</span> <span class='ocrx_word' id='word_1_1232' title='bbox 1820 3791 1925 3827; x_wconf 88' lang='lat' dir='ltr'>valeat,</span> <span class='ocrx_word' id='word_1_1233' title='bbox 1945 3797 2006 3827; x_wconf 82' lang='lat' dir='ltr'>non</span> <span class='ocrx_word' id='word_1_1234' title='bbox 2025 3793 2214 3827; x_wconf 84' lang='lat' dir='ltr'>attemptent,</span> <span class='ocrx_word' id='word_1_1235' title='bbox 2229 3797 2277 3821; x_wconf 91' lang='lat' dir='ltr'>aut</span> <span class='ocrx_word' id='word_1_1236' title='bbox 2288 3798 2331 3821; x_wconf 83' lang='lat' dir='ltr'>at-</span> 
     </span>
     <span class='ocr_line' id='line_1_164' title="bbox 1269 3827 2010 3871; baseline -0.005 -11"><span class='ocrx_word' id='word_1_1237' title='bbox 1269 3833 1402 3868; x_wconf 87' lang='lat' dir='ltr'>temptari</span> <span class='ocrx_word' id='word_1_1238' title='bbox 1416 3832 1508 3862; x_wconf 82' lang='lat' dir='ltr'>facere</span> <span class='ocrx_word' id='word_1_1239' title='bbox 1520 3832 1707 3870; x_wconf 85' lang='lat' dir='ltr'>praesutnant,</span> <span class='ocrx_word' id='word_1_1240' title='bbox 1724 3830 1827 3869; x_wconf 89' lang='lat' dir='ltr'>quovis</span> <span class='ocrx_word' id='word_1_1241' title='bbox 1840 3827 1939 3858; x_wconf 86' lang='lat' dir='ltr'>modo.</span> <span class='ocrx_word' id='word_1_1242' title='bbox 2004 3865 2010 3871; x_wconf 29' lang='grc' dir='ltr'><strong>θ</strong></span> 
     </span>
    </p>

    <p class='ocr_par' dir='ltr' id='par_1_64' title="bbox 1305 3861 2328 3913">
     <span class='ocr_line' id='line_1_165' title="bbox 1305 3861 2328 3913; baseline 0 -13"><span class='ocrx_word' id='word_1_1243' title='bbox 1305 3869 1397 3913; x_wconf 66' lang='lat' dir='ltr'>Teste</span> <span class='ocrx_word' id='word_1_1244' title='bbox 1421 3869 1533 3911; x_wconf 76' lang='lat' dir='ltr'>Custode</span> <span class='ocrx_word' id='word_1_1245' title='bbox 1557 3868 1671 3911; x_wconf 75' lang='lat' dir='ltr'>Angliae</span> <span class='ocrx_word' id='word_1_1246' title='bbox 1696 3868 1772 3909; x_wconf 76' lang='lat' dir='ltr'>apud</span> <span class='ocrx_word' id='word_1_1247' title='bbox 1797 3861 2054 3908; x_wconf 60' lang='lat' dir='ltr'>tffistmonastmum</span> <span class='ocrx_word' id='word_1_1248' title='bbox 2067 3885 2078 3902; x_wconf 81' lang='lat'>‚</span> <span class='ocrx_word' id='word_1_1249' title='bbox 2103 3864 2261 3898; x_wconf 85' lang='lat' dir='ltr'>undecimo</span> <span class='ocrx_word' id='word_1_1250' title='bbox 2279 3866 2328 3900; x_wconf 81' lang='lat' dir='ltr'>die</span> 
     </span>
    </p>
   </div>
   <div class='ocr_carea' id='block_1_41' title="bbox 1948 3939 2169 3975">
    <p class='ocr_par' dir='ltr' id='par_1_65' title="bbox 1948 3939 2169 3975">
     <span class='ocr_line' id='line_1_166' title="bbox 1948 3939 2169 3975; baseline 0 -2"><span class='ocrx_word' id='word_1_1251' title='bbox 1948 3940 2002 3973; x_wconf 76' lang='lat' dir='ltr'>Per</span> <span class='ocrx_word' id='word_1_1252' title='bbox 2017 3939 2169 3975; x_wconf 70' lang='lat' dir='ltr'>Concilium.</span> 
     </span>
    </p>
   </div>
   <div class='ocr_carea' id='block_1_42' title="bbox 2284 4058 2331 4088">
    <p class='ocr_par' dir='ltr' id='par_1_66' title="bbox 2284 4058 2331 4088">
     <span class='ocr_line' id='line_1_167' title="bbox 2284 4058 2331 4088; baseline -0.021 0"><span class='ocrx_word' id='word_1_1253' title='bbox 2284 4058 2331 4088; x_wconf 68' lang='lat' dir='ltr'>De</span> 
     </span>
    </p>
   </div>
  </div>
 </body>
</html>
