2562 4274
687 202 798 247 ET
879 201 1149 246 ACTA
1232 196 1707 246 PUBLICA.

0 297 70 330 Ann.
84 293 126 326 D.

16 344 103 375 1413.

0 380 57 406 Hm.
77 383 106 410 5’
136 392 187 424 Dc
213 386 384 422 Traelando
392 387 485 434 ficper
506 385 731 422 Deliberatione
744 387 904 435 praedifla,
926 390 963 426 o&
982 385 1017 419 de
1037 385 1206 418 Conduflu-

640 435 705 470 bus.

0 530 47 556 An.
71 537 93 554 1.
142 519 270 576 REX
304 531 353 559 per
378 521 485 553 Literas
498 523 556 554 suas
567 522 717 560 Parentes,
735 521 820 561 usque
834 520 869 551 ad
887 521 1004 553 Festum
1021 520 1117 552 Saneti
1131 520 1208 551 Petri

0 570 31 593 H.
51 575 78 600 5.
196 571 200 574 ·
220 560 254 590 ad
270 544 409 598 vincula,
427 562 560 598 proximo
582 561 729 598 futurum,
746 561 905 599 duraturas,
923 561 1040 598 suscepit
1056 561 1083 604 iri
1098 560 1208 604 salvum

26 603 95 631 Ibid.
142 594 176 626 &
194 597 322 628 securum
348 598 537 631 Conductum
558 599 655 638 suum,
670 610 705 630 ac
725 600 753 629 in
777 599 1010 637 Proteetionem,
1023 599 1209 634 Tuitionem,

0 652 32 671 m.
52 651 78 677 7.
141 633 176 664 &
195 636 401 668 Defenfionem
423 638 480 668 suas
500 638 647 677 speciales,
673 638 833 678 Johannem
854 638 886 667 de
902 639 1001 669 Sana‘io
1022 636 1121 674 Claro,
1139 645 1207 679 cum

138 671 308 706 Duodecim
327 675 470 715 personis,
485 677 688 717 cujuscumque
707 676 809 715 statsiS,
830 676 952 716 gradus,
968 677 1025 707 five
1038 676 1210 706 conditionis

137 712 273 752 existant,
291 724 358 744 cum
372 714 479 754 Equis,
496 716 595 755 rebus,
611 716 645 747 &
659 717 715 746 aliis
731 715 884 747 neceffariis
897 715 950 746 suis
963 714 1210 752 quibuscumque,

140 751 244 792 absque
257 753 350 789 aliquo
366 753 592 793 impedimento,
619 755 697 786 salvo
718 755 752 786 &
773 755 872 785 secure
889 764 938 793 per
956 754 1081 784 Terram
1096 753 1141 784 vel
1161 756 1210 792 per

141 789 236 829 Mare,
253 792 284 821 in
299 791 436 831 Regnum
453 792 542 832 Regis
557 794 685 833 Angliae,

177 829 225 860 Ad
247 829 537 862 Communicandum
561 833 595 864 ὃς
614 833 815 865 Tractandum
838 841 908 862 cum
923 830 1006 870 Rege
1019 829 1099 869 super
1111 827 1212 859 delibe-

142 871 249 898 ratione
260 871 338 907 Regis
353 873 447 899 Scotiae
454 894 465 909 ‚
1179 907 1183 911 η

181 905 353 946 Veniendo,
372 909 479 939 ibidem
500 909 658 949 morando,
685 911 719 941 &
740 908 842 940 exinde
864 907 957 939 versus
974 915 1062 946 partes
1083 906 1211 937 FranC1ae

143 945 310 976 transeundo
320 970 330 985 ,
344 958 377 978 ac
390 948 419 977 in
434 949 510 979 idem
527 948 663 988 Regnum
681 948 788 985 Regis,
802 956 872 978 cum
887 955 961 977 certa
976 945 1143 983 Armatura,
1160 954 1212 989 pro

144 983 270 1015 Persona
290 986 335 1016 sua
357 988 487 1026 propria,
502 997 555 1026 pro
576 988 658 1016 certis
675 986 755 1016 fietis
768 994 932 1023 armorum,
951 985 1141 1022 reveniendo,
1153 985 1213 1028 ‚ibi-

144 1023 212 1053 dem
235 1025 395 1063 morando,
421 1026 455 1056 &
477 1025 596 1063 abinde,
624 1024 658 1055 ad
678 1033 779 1055 eorum
798 1024 1024 1062 beneplacitum,
1050 1024 1106 1054 sine
1125 1022 1213 1061 aliqua

144 1061 343 1093 molestatione
359 1063 402 1093 vel
415 1062 582 1093 arestatione
595 1062 745 1102 Marquse,
763 1061 825 1097 &c.
837 1069 918 1101 prout
926 1064 1018 1100 supra.

183 1099 274 1131 Teste
286 1101 367 1141 Rege
379 1101 451 1142 apud
466 1100 729 1142 Wstmonasterium
737 1125 747 1141 ,
766 1102 831 1133 xxvi
851 1101 897 1132 die
909 1101 1018 1140 Aprilis.

600 1181 654 1209 Per
671 1182 763 1209 Breve
776 1179 807 1209 de
823 1181 942 1209 Privato
958 1177 1056 1217 Sigillo.

148 1307 199 1340 De
221 1309 308 1339 certis
333 1308 484 1342 Materiis
505 1317 562 1353 per
589 1307 734 1355 quosdam
759 1311 858 1340 Scotos
890 1318 958 1340 cnm
987 1307 1065 1353 Rege
1082 1315 1217 1337 comnm-

603 1356 751 1389 m'candis.
1227 1355 1231 1360 '

5 1445 85 1478 Ann.
97 1444 139 1476 D.
152 1439 362 1502 HEnricuS,
382 1441 440 1472 Dei
457 1442 562 1482 gratis,
583 1442 650 1473 Rex
666 1441 780 1481 Angliae
797 1443 831 1474 &
851 1440 996 1478 Franciae‚
1019 1439 1052 1471 &
1072 1438 1221 1470 Dominus

0 1503 15 1510 α
28 1494 114 1525 1413.
245 1480 414 1518 Hiberniae,
429 1481 561 1512 universis
576 1482 610 1513 ὃς
624 1481 735 1520 lingulis
751 1481 928 1520 capitaneis,
948 1480 1010 1510 ὅτε.
1030 1477 1166 1509 Salutem.

4 1528 58 1552 An.
83 1534 106 1552 i.
188 1519 285 1550 Sciatis
303 1519 381 1557 quod
400 1519 570 1558 suscepimus
588 1522 619 1550 in
638 1521 742 1550 salvum
763 1522 797 1552 ὅ(
820 1521 947 1550 securum
961 1516 1154 1547 Conduetam
1168 1526 1220 1546 no-

9 1567 44 1590 H.
66 1571 93 1597 5.
154 1558 261 1596 strum,
277 1567 311 1588 ac
330 1558 360 1588 in
383 1556 615 1597 Proteffionem,
634 1560 823 1597 Tuitionem,
839 1560 874 1589 &
895 1555 1101 1600 Defensioriem
1114 1554 1222 1585 nostras

36 1601 102 1630 Ibid.
151 1597 294 1636 speciales,
310 1595 448 1634 Jacobum
467 1598 499 1627 de
525 1597 644 1635 Douglas
665 1597 818 1635 Chivaler,
839 1597 941 1627 Filium
961 1594 1086 1624 Domini
1099 1594 1135 1624 de
1150 1593 1221 1624 Dal-

150 1635 235 1672 keth,
253 1634 286 1665 &
298 1635 434 1673 Jacobum
453 1635 570 1673 Douglas
583 1637 618 1667 de
636 1635 790 1667 Roberton
805 1634 958 1672 Chivaler,
975 1633 1012 1663 de
1026 1632 1132 1677 Regno
1146 1632 1220 1677 Sco-

148 1676 211 1712 tiae,
227 1674 357 1712 insimul,
372 1674 418 1704 vel
440 1675 568 1713 divisim,
582 1685 614 1706 ac
629 1674 799 1706 Duodecim
814 1674 946 1705 Personas
960 1672 1068 1716 Scotos·
1079 1682 1108 1701 in
1125 1681 1218 1702 comi-

147 1713 206 1744 tiva
227 1713 290 1750 sua,
306 1714 335 1743 in
360 1712 498 1752 Regnum
521 1713 653 1744 nostrum
678 1713 808 1753 Anglice,
823 1723 855 1744 ac
875 1713 925 1743 alia
948 1710 1086 1742 Dominia
1108 1710 1219 1755 nostra,

147 1760 208 1783 tam
249 1762 279 1782 er
300 1752 442 1789 Terram,
457 1753 544 1789 quarn
565 1763 614 1790 per
639 1752 740 1790 Mare,
757 1763 811 1791 pro
833 1752 915 1782 certis
934 1750 1020 1781 causis
1040 1750 1074 1781 &
1095 1758 1217 1780 materiis

146 1761 299 1822 nobisgum
322 1791 590 1830 communicandis,
615 1792 770 1829 veniendo,
791 1790 898 1821 ibidem
917 1788 1078 1834 morando,
1118 1788 1219 1819 erben-

147 1828 293 1866 dinando,
308 1830 342 1860 &
363 1829 466 1860 exinde
486 1830 521 1861 ad
544 1831 658 1868 propria
679 1830 841 1868 redeundo,
860 1830 894 1861 &
916 1837 1018 1859 iterum
1033 1837 1076 1872 m.
1110 1837 1125 1858 e
1147 1837 1217 1858 num

150 1867 332 1900 &Dominia
341 1868 435 1898 nostra
445 1868 597 1907 praedicta,
616 1870 745 1907 quotiens
759 1869 809 1899 sibi
823 1868 1116 1910 placuerit,revenien
1136 1876 1156 1895 0
1165 1867 1217 1904 ,&

151 1906 255 1938 deinde
268 1906 301 1937 ad
317 1909 428 1944 propria
438 1908 608 1938 transeundo
623 1909 656 1939 &
665 1907 822 1944 redeundo,
831 1917 951 1938 necnon
964 1905 1113 1937 tresdecim
1120 1914 1220 1945 equos,

150 1947 245 1989 bona,
263 1945 296 1976 δε
311 1945 434 1976 hernesia
454 1945 498 1976 fua
511 1955 718 1986 quaecumque,
1178 1984 1184 1990 .

184 1983 223 2014 Et
237 1983 304 2014 ideo
319 1985 402 2014 vobis
415 1984 582 2016 mandamus
615 1985 671 2016 uod
687 1985 775 2024 ipsos,
788 1984 936 2024 Jacobum
949 1985 983 2015 &
995 1983 1158 2023 Jacobum,
1176 1993 1221 2013 in-

150 2022 248 2060 fimul‚
266 2022 313 2053 vel
328 2022 459 2061 divifim,
476 2033 509 2054 ac
524 1995 615 2055 Duod
1025 2023 1031 2029 ’

150 2063 214 2100 sua,
230 2061 260 2090 in
276 2060 412 2101 Regnum
428 2062 462 2092 &
476 2061 615 2093 Dominia
629 2062 724 2094 nostra
738 2063 873 2102 praedidta
886 2045 1050 2100 veniendo,
1067 2060 1129 2096 &n
1136 2068 1220 2100 prout

150 2104 181 2132 in
196 2098 324 2139 ejusmodi
338 2100 371 2129 de
385 2101 524 2130 condam
538 2104 653 2131 Literis.

187 2139 223 2171 In
243 2139 322 2178 cujus
337 2139 377 2168 rei
394 2138 610 2170 Testimonium
630 2140 678 2171 has
694 2139 802 2172 Literas
820 2140 927 2172 nostras
946 2139 1006 2170 fieri
1026 2139 1147 2170 fecimus
1163 2137 1221 2170 Pa-

149 2185 253 2214 tentes,
272 2179 355 2216 usque
373 2177 507 2208 ultimum
525 2179 601 2209 diem
619 2178 739 2218 Augusti
758 2181 893 2219 proximo
913 2179 1040 2210 futurum
1054 2177 1206 2209 duraturas.

184 2217 273 2249 Teste
298 2216 500 2254 meipsoapud
524 2217 804 2258 Wstmonasterium,
832 2219 898 2249 xxii.
917 2218 963 2248 die
985 2216 1106 2255 Aprilis,
1132 2216 1222 2247 Anno

150 2250 248 2297 Regni
263 2255 353 2288 nostri
370 2254 480 2286 Primo.

615 2025 691 2054 ecim
706 2024 834 2064 personas
846 2023 995 2062 praedieias
1024 2033 1054 2053 in
1070 2022 1220 2053 Comitiva

796 2298 851 2326 Per
865 2292 950 2335 ipfiam
968 2297 1073 2332 Regem.

256 2422 366 2467 .-Super
383 2422 532 2463 flnancia
555 2420 601 2455 W
599 2421 718 2454 illielmi
734 2419 772 2454 de
789 2421 926 2468 Douglas
935 2419 1096 2467 fhlvenda.

0 2514 81 2547 *Am-¹,
94 2513 155 2546 D‚›
215 2505 303 2543 EX,
324 2515 376 2550 per
390 2504 502 2537 Literas
519 2506 576 2537 suas
595 2506 736 2545 Parentes,
755 2515 804 2545 per
815 2516 908 2538 unum
924 2507 1044 2538 Annum
1062 2507 1223 2553 duraturas,

24 2564 37 2584 1
67 2564 79 2584 Ι
105 2578 111 2584 ,
165 2582 172 2588 η
235 2544 400 2589 ίίιΐεεριείξτι
421 2545 528 2575 salvum
543 2543 577 2576 &
591 2545 723 2576 securum
735 2545 1039 2590 Conduetum'suum,
1057 2554 1090 2577 ac
1104 2555 1135 2577 in
1150 2546 1223 2577 Pro·

1 2564 63 2622 Ani·
80 2563 103 2621 ¹3·
151 2591 272 2620 tionem,
295 2583 478 2622 Tumonem,
497 2583 532 2614 &
555 2583 763 2627 Defensionem
785 2584 843 2615 suas
863 2584 1008 2623 speeiales,
1032 2584 1170 2630 Jacobum
1190 2586 1222 2616 de

2 2636 39 2661 Η,
77 2653 83 2660 ,
151 2622 273 2659 Douglat
291 2621 328 2652 de
343 2621 505 2666 *Roberton
527 2621 664 2666 Chivaler
676 2646 684 2661 ,
707 2623 742 2654 &
759 2624 857 2652 Adam
875 2624 907 2653 de
927 2627 1010 2664 Corry
1030 2624 1221 2663 Armigerum

21 2641 87 2698 χιι-ξι,
150 2659 189 2705 de
210 2661 322 2700 Semta,
341 2661 472 2705 insimul,
489 2661 536 2691 vel
555 2660 685 2706 divisim,
704 2665 719 2679 ¹*
735 2672 769 2707 ac
789 2661 832 2692 sex
847 2661 982 2693 Personas
993 2662 1098 2693 Scotos
1112 2665 1142 2693 in
1157 2662 1222 2693 Co—

1 2717 40 2738 m,
55 2709 83 2736 6.
150 2700 248 2735 mitiva
266 2699 327 2738 sua,
346 2709 376 2730 in
399 2699 537 2740 Regnum
555 2699 646 2740 Regis
662 2700 797 2739 Angliae,
821 2709 878 2732 tam
899 2710 948 2739 per
969 2701 1111 2740 Terram,
1134 2703 1222 2742 quam

3 2747 20 2766 ⁴
30 2747 119 2783 IX⁸⁷’
149 2738 482 2847 {E’fflglffddedmotione
503 2777 558 2810 five
579 2776 709 2810 Finantia
729 2777 876 2809 Willielmi
890 2778 922 2808 de
937 2777 1061 2816 Douglas
1075 2778 1111 2809 de
1125 2778 1225 2811 Scotifi

204 2825 236 2851 gi
257 2824 341 2849 oven
364 2827 397 2852 a,

190 2853 366 2892 veniendo,
388 2854 498 2885 ibidem
524 2854 776 2894 perhendinando,
803 2856 837 2887 &
867 2856 967 2887 exinde
985 2857 1020 2888 ad
1041 2858 1155 2895 propria
1181 2867 1224 2888 re—

150 2893 285 2938 deundo,
305 2903 421 2924 necnon
435 2893 508 2923 octo
527 2903 633 2933 equos,
648 2895 725 2925 bona
737 2895 770 2925 &
785 2894 909 2925 hernesia
923 2896 970 2926 sua
982 2905 1189 2935 quaecumque,

187 2931 308 2963 Proviso
334 2931 443 2969 semper
463 2931 544 2970 quod
565 2932 650 2962 iidem
667 2955 676 2970 ,
700 2932 826 2972 Jacobus
844 2934 879 2963 &
894 2934 987 2964 Adam
1000 2957 1009 2972 ,
1030 2941 1078 2964 aut
1097 2935 1223 2973 personae

152 2970 314 3009 praedictae,
329 2970 420 3010 aliqua
441 2970 537 3008 Regi,
556 2970 601 3001 seu
622 2969 730 3011 Regno
743 2971 794 3002 suo
807 2972 937 3012 Angliae,
956 2972 1150 3010 praejudicialia
1161 2983 1224 3005 non

149 3007 274 3048 faciant,
291 3017 344 3045 aut,
352 3009 445 3040 facere
458 3009 504 3040 vel
517 3016 684 3048 attemptare
699 3010 869 3048 praesumant
879 3012 981 3050 quovis
997 3011 1105 3051 modo,

192 3046 353 3087 Qodquel
365 3048 511 3086 praesentes
531 3047 637 3079 Literas
657 3049 749 3087 Regis
765 3048 801 3079 de
814 3049 891 3087 salvo
906 3048 1084 3089 ConduClm,
1099 3059 1163 3081 ante
1179 3052 1225 3081 in-

151 3085 270 3116 troitum
293 3084 374 3116 ffium
393 3087 550 3123 aliquarum
569 3085 728 3119 Civitatum
745 3087 791 3119 seu
807 3086 948 3119 Villarum
965 3089 1138 3119 firmatarum
1155 3090 1226 3121 infla

149 3123 267 3154 ditstum
283 3122 422 3161 Regnum
440 3125 528 3164 Regis
545 3125 678 3165 Angliae,
701 3125 874 3166 Majoribus,
893 3127 1020 3166 Ballivis‚
1040 3128 1096 3159 five
1115 3127 1224 3160 Custo-

151 3162 243 3198 dibus:
256 3163 419 3194 earumdem
439 3163 649 3204 demonstrent,
666 3166 800 3206 quodque
818 3166 1109 3211 personaehpraedietae
1126 3167 1224 3205 prodi-

152 3208 231 3233 tores
254 3200 348 3238 Regis
362 3223 373 3239 ‚
397 3209 446 3232 aut
463 3200 598 3234 Personae,
618 3211 694 3236 extra
718 3204 857 3244 Regnum
879 3204 969 3245 Regis
994 3205 1162 3244 abjudicatae
1177 3206 1223 3237 seu

152 3240 296 3276 bannitae,
314 3249 376 3270 non
389 3239 517 3271 existant.

147 3296 151 3298 v
187 3275 281 3309 Teste
300 3277 382 3317 Rege
399 3279 475 3317 apud
493 3279 769 3321 westmonasterium,
788 3283 872 3314 tertio
884 3283 932 3314 die
948 3281 1033 3313 Maii.

808 3362 863 3391 Per
877 3358 961 3399 ipspm
974 3361 1079 3398 Regem.

312 3508 314 3511 >
368 3488 462 3532 Super
484 3487 632 3518 financia
659 3488 781 3520 Comitis
805 3485 842 3519 de
867 3486 1013 3534 Douglas.

3 3585 81 3617 -Ann-
93 3585 135 3619 D·
147 3569 298 3627 REX,
314 3580 365 3610 per
381 3571 490 3603 Literas
510 3570 567 3601 suas
587 3570 835 3617 Patentes‚.usflue
857 3571 974 3604 Festum
992 3570 1109 3604 Paschae
1122 3573 1220 3613 proxi-

22 3634 110 3665 1413·
149 3609 760 3687 ὼιᾶἔὲῗςᾞέἷυῗεάἓᾶῗῖἓῗεέἑὶῗὲἷ
774 3610 936 3680 Ἐῑῖῗέἒεῗη
944 3611 1219 3683 &seseffi‘ffifflfl

3 3667 102 3736 ffl‘sh
150 3680 206 3716 suas
227 3686 372 3724 speciales,
383 3671 567 3719 ’Williolmum
581 3684 701 3724 Douglas
715 3671 893 3718 de’Dalketh
907 3672 957 3727 qu’i
973 3689 1085 3727 Hospes
1098 3701 1151 3729 pro
1167 3695 1217 3721 Co-

149 3726 215 3766 ‚mite
228 3726 260 3755 de
275 3726 404 3765 Doaglas,
412 3734 501 3767 nuper
514 3727 623 3765 eremit,
634 3725 771 3765 Jacobum
785 3724 908 3764 Douglas
923 3727 960 3758 de
974 3727 1128 3760 Roberton
1144 3725 1218 3760 Chi-

150 3761 227 3793 valer
247 3763 280 3794 &
303 3765 500 3806 Adam‘Corry
522 3765 724 3805 Armigerum,
739 3764 830 3795 versus
845 3773 934 3803 partes
946 3765 1069 3805 Scotiae,
1087 3769 1196 3799 insimul

149 3801 197 3835 ,vel
217 3801 351 3842 divisim„
365 3814 399 3835 ac
419 3802 492 3835 οὲὶο
510 3803 642 3835 Personas
661 3804 765 3835 Scotos
787 3804 816 3834 in
828 3813 930 3847 eorum
945 3804 1112 3845 comitiva,
1131 3790 1218 3838 transi

150 3847 265 3879 eunno,
278 3841 314 3881 ὃ(
328 3842 429 3873 abinde
443 3843 475 3873 in
489 3842 630 3880 Regnum
644 3842 734 3882 Regis
748 3842 919 3882 Angliae,ac
932 3842 983 3874 alia
995 3841 1138 3878 Dominia
1152 3843 1215 3879 Re·

149 3876 208 3916 gis,
228 3886 285 3908 tam
300 3889 349 3919 per
359 3879 500 3920 Terram,
517 3881 604 3919 quam
621 3892 670 3920 per
688 3881 787 3919 Mare,

185 3915 246 3949 Pro
260 3917 400 3950 sbiutione
413 3919 636 3957 Redemptionis
649 3921 682 3952 &
696 3920 720 3952 F
722 3920 841 3952 inanciae
855 3919 937 3960 ipsius
951 3919 1096 3961 Comitis,

185 3953 480 3995 Veniend0,vibidem
501 3959 666 3999 morando,
683 3961 716 3992 ὃς
738 3959 984 3999 perhendinandO,
1008 3960 1043 3991 ὃς
1061 3960 1161 3997 exinde
1180 3962 1216 3995 ad

147 3992 499 4066 fflffffifilff‘iffirssm
511 3997 636 4067 {e‘issivif
648 3997 804 4069 {ffffiss
817 3998 965 4067 ἲὲἀῗῖἷὲἒὸ
977 3999 1078 4039 ‘m’
1091 4001 1124 4032 ἃ
1139 4000 1215 4032 ‘³⁴³³'

184 4043 390 4116 Nolenscidem
401 4045 565 4116 ‘Rexqgugd
579 4048 682 4113 ἰίἀὲτῃ,
699 4047 882 4114 Ιῗῐῖίίὶιιίνηιις,
898 4060 1040 4115 Jaco’bus,
1057 4077 1092 4108 δε
1107 4077 1215 4116 Adam,

142 4110 254 4149 insimul
262 4133 272 4150 ,
289 4110 336 4143 vel
350 4109 477 4149 divisim,
493 4111 539 4143 vel
553 4111 688 4146 Personae
701 4115 862 4154 praediEtae2
879 4122 926 4147 aut
941 4123 1043 4146 eorum
1057 4113 1157 4154 aliqui,
1171 4127 1213 4148 ra-

38 3724 100 3768 ibic).

60 3788 74 3803 ’1

2268 216 2322 254 29

1242 289 1320 318 tione
1341 287 1473 326 Marquae
1495 288 1541 318 seu
1561 288 1739 328 Reprisaliae,
1764 299 1813 328 per
1834 290 1927 329 ipsum
1946 291 2062 330 Regem
2084 289 2242 329 conceffae,
2263 299 2310 321 aut
2327 284 2405 316 Anna
2418 283 2462 318 D·

1244 326 1395 356 occasione
1416 327 1621 363 cujuscumque
1640 327 1831 367 Contractus,
1850 330 1970 369 Debiti,
1989 332 2046 361 five
2070 328 2231 366 compoti,
2247 337 2310 359 ante
2350 328 2437 365 1413-

1245 364 1352 394 Duram
1372 364 1554 401 praelentium
1576 366 1663 395 habiti
1671 388 1680 403 ,
1704 368 1873 407 arestentur,
1899 371 2061 408 capiantur,
2078 367 2260 398 molestentur
2282 370 2311 397 iii
2329 368 2391 392 ΗΜ·
2409 373 2439 401 5.,

1243 403 1340 440 aliquo
1354 401 1400 433 seu
1413 412 1579 441 graventur,

1282 442 1402 471 Proviso
1417 442 1526 480 semper
1538 442 1618 479 quod
1634 443 1760 480 praediffi
1772 468 1780 481 ,
1801 445 1980 485 walkelmus,
1997 445 2136 484 Jacobus,
2153 445 2186 475 &c
2202 444 2310 482 Adam,

1243 488 1290 510 aut
1304 480 1429 519 personae
1444 479 1604 518 praedicte,
1619 482 1708 518 aliqua
1719 504 1727 519 ,
1747 482 1821 521 Regi
1837 484 1881 514 seu
1898 485 2004 523 Regno
2019 485 2067 515 suo
2081 483 2193 522 Angliae
2209 484 2312 522 praeju-

1244 518 1371 587 diciglia,
1390 528 1450 549 non
1470 518 1570 549 faciant
1591 527 1637 549 aut
1656 519 1748 551 facere
1770 522 1815 552 vel
1834 531 1997 561 attemptare
2018 524 2186 562 praesumant
2210 523 2313 562 quovis

1245 566 1297 587 mo
1317 567 1344 586 o.

1284 594 1317 625 In
1332 595 1428 634 cujus,
1447 596 1508 627 &c.

1314 633 1403 665 Teste
1417 635 1502 673 Rege
1516 633 1592 674 apud
1609 634 1890 676 Westmonasterium,
1909 638 1945 667 xi.
1961 637 2006 668 die
2021 637 2103 669 Maii.

1937 716 1991 744 Per
2006 715 2088 754 ipfizm
2105 718 2210 755 Regem.

1529 849 1588 880 Pro
1611 845 1831 881 Gubernatione
1857 847 1893 882 de
1912 852 2025 883 Arrius,

1249 929 1389 986 REX,
1407 940 1457 970 per
1477 933 1582 965 Literas
1604 934 1661 964 suas
1684 934 1832 973 Patentes,
1851 935 1936 972 usque
1958 936 1993 966 ad
2015 931 2132 967 Festum
2154 936 2315 977 Sanffljo-
2335 924 2411 960 ΑΠΩ·
2425 926 2469 967 DL,

1322 970 1420 1000 hannis
1437 970 1568 1009 Baptista:
1581 974 1716 1010 proximo
1731 973 1859 1004 futurum
1875 974 2153 1015 duraturas‚suscepit
2169 977 2198 1006 in
2210 976 2314 1007 silvum
2363 976 2450 1006 1413·

1249 1005 1284 1036 &
1298 1008 1426 1039 securum
1442 1009 1630 1042 Condudhim
1644 1011 1743 1050 suum,
1761 1022 1793 1042 ac
1810 1014 1838 1042 in
1855 1014 2083 1052 proteetionem,
2103 1015 2268 1054 tuitionem,
2284 1017 2316 1046 ἃ(
2336 1010 2387 1035 An.
2408 1017 2432 1034 ¹·

1250 1044 1444 1079 defensionem
1466 1050 1522 1080 suas
1533 1050 1678 1089 speciales,
1698 1050 1877 1081 Willielmum
1890 1053 2022 1091 Bonmyer
2035 1053 2267 1084 Gubernatorem
2283 1057 2318 1087 de
2342 1049 2376 1072 H.
2391 1053 2420 1079 5·

1251 1084 1353 1124 Arras,
1377 1087 1411 1117 &
1434 1087 1613 1118 Willielmum
1633 1090 1665 1119 de
1683 1089 1838 1130 Rabecque,
1864 1100 1898 1120 ac
1917 1090 2066 1122 Sex-decim
2085 1091 2237 1133 Personas,
2263 1103 2322 1126 tam
2339 1087 2359 1109 F
2358 1093 2370 1108 r
2371 1093 2428 1114 '²²³⁶‘

1253 1121 1415 1156 Generosos
1436 1126 1568 1158 homines
1582 1150 1591 1166 ,
1618 1129 1703 1166 quum
1726 1128 1792 1158 alios
1812 1128 1930 1159 minoris
1948 1129 2033 1160 status
2048 1152 2057 1168 ‚
2081 1138 2150 1161 cum
2170 1131 2322 1165 sexdecim
2344 1131 2366 1148 ¹·
2386 1124 2456 1156 ΗἨ

1253 1165 1330 1202 equis
1347 1165 1376 1194 in
1393 1164 1542 1196 Comitiva
1557 1168 1620 1204 sua,
1644 1168 1674 1196 in
1695 1166 1832 1206 Regnum
1851 1167 1939 1207 Regis
1955 1169 2086 1208 Angliae‚
2104 1180 2188 1207 penes
2202 1170 2323 1204 Praesen-
2340 1169 2378 1188 m·
2397 1168 2444 1197 37·-

1254 1203 1324 1232 tiam
1337 1201 1442 1241 Regis,
1459 1205 1539 1234 certis
1551 1206 1588 1235 de
1600 1206 1686 1235 causis
1703 1206 1864 1244 veniendo,
1878 1208 1985 1237 ibidem
2000 1209 2155 1247 morandO,
2172 1210 2206 1241 &
2222 1212 2324 1244 exinde

1255 1241 1289 1270 ad
1311 1248 1399 1284 partes
1419 1241 1476 1271 suas
1497 1244 1621 1281 proprias
1641 1244 1802 1283 redeundo,
1828 1255 1943 1276 necnon
1965 1257 2069 1285 equos,
2085 1257 2202 1288 aurum,
2221 1260 2324 1288 argen—

1257 1287 1338 1317 tum,
1356 1280 1471 1318 localia,
1487 1282 1568 1311 robas
1578 1304 1588 1319 ,
1607 1282 1640 1311 &
1655 1282 1705 1312 alia
1719 1284 1796 1313 bona
1814 1283 1859 1314 sua
1871 1294 2069 1323 quaecumque.

1294 1316 1413 1348 Proviso
1437 1318 1544 1358 semper
1564 1320 1644 1359 quod
1669 1321 1804 1360 praefati,
1837 1322 2001 1352 Willielmus
2019 1326 2052 1355 &
2078 1319 2244 1356 lVillielmus
2257 1351 2267 1366 ‚
2291 1329 2326 1361 δε

1256 1356 1382 1400 personae
1403 1358 1564 1397 praedieiae,
1584 1359 1759 1398 quicquam,
1775 1361 1856 1398 quod
1872 1361 1902 1402 in
1924 1361 2012 1399 Regis
2028 1363 2072 1393 seu
2086 1365 2185 1404 populi
2202 1366 2242 1396 sui
2255 1376 2328 1404 prae-

1254 1394 1396 1434 judicium
1410 1395 1510 1426 cedere
1525 1397 1630 1433 valeat,
1647 1396 1709 1430 (ἶφι.
1724 1405 1755 1426 ut
1772 1401 1802 1427 in
1821 1399 1944 1437 ejusmodi
1957 1401 1989 1430 de
2003 1402 2139 1431 Conduc‘lu
2155 1406 2271 1435 Literis.

1297 1433 1387 1464 Teste
1406 1433 1489 1474 Rege
1507 1436 1580 1476 apud
1599 1435 1877 1476 Wstmonasterium,
1895 1438 2011 1469 decimo
2029 1440 2075 1470 die
2093 1440 2177 1472 Maii.

1892 1517 1947 1545 Per
1965 1516 2047 1554 ipfiaem
2065 1519 2169 1555 Regem.

1304 1635 1403 1670 *2De
1428 1640 1596 1685 Peregrinis
1620 1638 1726 1683 verfhs
1738 1638 1885 1671 Sanflum
1902 1637 2061 1686 Jdcolmm
2078 1642 2281 1678 traducendis.

2347 1651 2363 1670 ο
2374 1647 2463 1683 ixei¹

1255 1721 1340 1790 REt
1341 1721 1399 1791 ἔῃ,
1408 1722 1540 1754 universis
1555 1724 1589 1755 sc
1605 1724 1715 1764 singuiis
1733 1723 1912 1764 Adm1rallis,
1929 1725 1991 1757 &e
2009 1726 2044 1758 ad
2061 1737 2148 1768 quos,
2167 1729 2229 1760 ecc.
2245 1729 2323 1762 Saia.
2345 1723 2482 1805 Agl-{Ji

1292 1798 1392 1830 Sciatis
1411 1800 1493 1838 quod
1511 1799 1717 1833 Conceffimus
1738 1803 1772 1834 &
1791 1802 1935 1834 licentiam
1950 1803 2097 1844 dedimus,
2116 1805 2222 1838 dileeto
2239 1809 2273 1840 δε
2293 1807 2327 1838 fi-
2347 1809 2404 1833 An.
2426 1815 2449 1833 1·

1254 1836 1311 1868 deli
1330 1838 1430 1869 nostro
1446 1863 1456 1877 ,
1478 1840 1622 1870 Edwardo
1637 1839 1701 1881 filio
1720 1841 1860 1871 Edwardi
1884 1846 1995 1872 Comitis
2012 1847 2150 1875 Deveniae
2171 1847 2252 1884 quod
2273 1847 2330 1887 ipse
2349 1847 2384 1871 H·
2402 1851 2420 1878 5
2424 1864 2431 1870 ·

1257 1876 1380 1917 Qiinqu
1417 1879 1476 1909 inta
1490 1877 1673 1918 Peregrinos,
1693 1879 1796 1919 Ligeos
1812 1882 1846 1912 &
1859 1880 1994 1912 Subditos
2011 1883 2140 1923 nostros,
2159 1885 2187 1915 in
2206 1885 2330 1923 quadam
2382 1881 2448 1911 lbi&

1256 1914 1360 1953 Bargea
1397 1928 1432 1948 ua
1454 1927 1559 1949 vocato
1573 1919 1596 1948 la
1618 1916 1778 1957 Margarete
1796 1919 1833 1949 de
1851 1919 2056 1960 Plymmouth,
2082 1924 2174 1955 versus
2190 1923 2330 1956 Sanetum

1252 1955 1397 1994 Jacobum
1415 1958 1532 1996 peregre
1551 1957 1746 1997 profe&uros‚
1771 1968 1820 1997 per
1839 1958 2014 1998 Magistrum
2030 1962 2064 1992 &
2084 1962 2253 1993 Marinarios
2269 1963 2331 1995 suos

1256 1993 1381 2032 ejusdem
1398 1994 1529 2035 Bzrgeae,
1544 1997 1612 2027 duci
1629 1997 1721 2028 facere
1737 1997 1839 2038 possit,

1297 2032 1335 2064 Et
1362 2033 1430 2064 ideo
1454 2034 1540 2065 vobis
1564 2034 1740 2066 Mandamns
1760 2036 1840 2076 quod
1860 2037 1952 2076 ipsum
1973 2039 2149 2069 Edwardum
2167 2040 2337 2079 Peregrinos

1258 2071 1427 2111 praedietos,
1445 2073 1474 2102 in
1495 2072 1597 2113 Bargea
1616 2074 1769 2113 praedicta,
1786 2075 1879 2107 versus
1901 2086 1991 2113 partes
2015 2078 2177 2117 praedieras,
2194 2089 2230 2110 ex
2256 2080 2337 2111 causa

1259 2109 1415 2150 praemissa,
1431 2110 1499 2142 duci
1522 2113 1612 2144 facere
1633 2114 1818 2154 permittatiss,
1843 2115 1938 2154 aliquo
1961 2117 2096 2147 mandato
2116 2118 2234 2156 nostro,
2252 2119 2336 2150 vobis

1259 2150 1306 2180 seu
1324 2151 1406 2182 alicui
1422 2150 1551 2181 vestrum
1566 2153 1595 2182 in
1609 2153 1786 2183 contrarium
1799 2153 1926 2191 directo,
1945 2163 2005 2184 non
2019 2155 2148 2187 obstante
2168 2167 2174 2186 :

1299 2188 1385 2220 Dum
1405 2198 1501 2220 tamen
1517 2191 1613 2226 {iidem
1632 2190 1777 2230 Peregrini
1796 2191 1933 2223 Proceres
1949 2193 1995 2223 vel
2010 2193 2159 2232 Magnates
2174 2195 2270 2234 Regni
2283 2203 2338 2227 no-

1260 2225 1311 2258 stri
1334 2228 1447 2266 Angliae
1465 2239 1524 2258 non
1547 2229 1680 2267 existant,
1698 2240 1752 2260 nec
1769 2229 1861 2268 aliqua
1873 2232 1956 2261 nobis
1972 2232 2018 2263 seu
2035 2232 2142 2271 Regno
2156 2234 2258 2265 nostro
2271 2234 2334 2267 Am

1260 2267 1324 2335 gliie
1339 2266 1536 2336 Ρῐαςῇυάἰεὲεέϋα
1549 2268 1647 2299 secum
1660 2278 1721 2299 non
1739 2268 1867 2300 deferant
1882 2271 1983 2309 quovis
1996 2272 2095 2302 modo.

1312 2315 1331 2335 n
1351 2315 1389 2335 cu
1400 2316 1430 2335 us
1499 2316 1526 2337 c.

1334 2343 1382 2374 Te
1409 2354 1426 2374 e
1436 2330 1526 2384 'Rege
1542 2344 1616 2383 apud
1633 2343 1912 2384 Wstmonasterium,
1929 2355 1957 2376 x.
1975 2346 2021 2377 die
2040 2346 2126 2380 Maii.

1259 2483 1309 2515 De
1340 2481 1561 2525 Aequietantia
1582 2488 1637 2525 pro
1668 2488 1759 2525 parte
1775 2481 1938 2523 Financiae,
1963 2481 2126 2516 Willielmi
2142 2473 2342 2531 deDouglasss

2351 2563 2428 2595 Ann.
2443 2560 2487 2597 Di

1264 2567 1320 2623 R
1376 2603 1474 2634 Sciatis
1496 2611 1550 2633 nos
1564 2603 1719 2642 recepisse,
1737 2603 1782 2635 die
1798 2604 1989 2636 confeetionis
2004 2602 2200 2646 praesentium,
2217 2601 2254 2639 de
2267 2603 2334 2639 Do·
2374 2614 2460 2645 1413·

1261 2642 1342 2673 mino
1361 2641 1467 2680 Jacobo
1485 2641 1518 2671 de
1531 2641 1653 2679 Douglas
1670 2642 1705 2672 de
1725 2641 1880 2674 Roberton
1895 2643 2012 2682 Milite,
2029 2644 2236 2677 Commissario
2247 2647 2336 2685 depu-
2350 2646 2403 2671 Au.
2427 2655 2451 2673 1·

1259 2689 1319 2712 tato
1335 2682 1368 2713 &
1386 2681 1421 2711 N
1424 2681 1512 2711 uncio
1525 2680 1633 2720 speciali
1647 2682 1748 2711 nobilis
1764 2682 1818 2712 viri
1832 2682 1959 2713 Domini
1971 2682 2076 2721 Jacobi
2089 2684 2121 2714 de
2138 2684 2259 2722 Douglas
2268 2686 2335 2716 Do-
2352 2686 2386 2710 H.
2402 2691 2430 2718 5-

1262 2721 1332 2751 mini
1346 2720 1382 2751 de
1397 2719 1524 2750 Dalketh
1534 2744 1542 2757 ,
1558 2719 1744 2756 septingentas
1760 2719 1873 2752 Marcas·
1888 2722 1975 2752 bonae
1990 2723 2024 2754 &
2040 2722 2134 2763 legalis
2148 2732 2291 2763 monetae,
2305 2724 2335 2756 in
2353 2725 2420 2748 Sm-
2440 2724 2468 2753 ιε’

1262 2769 1372 2799 partem
1386 2758 1530 2789 solutionis
1542 2757 1626 2789 Mille
1639 2757 1821 2798 Marcarum,
2353 2764 2388 2788 H.
2406 2768 2435 2796 5·

1299 2798 1397 2829 Nobis
1416 2804 1470 2837 pro
1490 2797 1657 2832 liberatione
1679 2796 1827 2828 Willielmi
1848 2798 1880 2828 de
1899 2798 2022 2837 Douglas
2036 2821 2047 2838 ,
2079 2799 2208 2840 Nepotis
2229 2801 2337 2842 praefati
2351 2807 2388 2827 m.
2409 2806 2437 2835 7.

1263 2835 1366 2877 Jacobi
1381 2836 1414 2866 de
1428 2834 1551 2873 Douglas
1565 2835 1691 2866 Domini
1707 2836 1743 2867 de
1759 2836 1902 2875 Dalketh,

1301 2876 1359 2906 Pro
1375 2874 1546 2904 Archibala'o
1570 2877 1673 2904 comite
1691 2874 1723 2904 de
1744 2875 1868 2912 Douglas
1887 2884 1977 2915 nuper
1998 2875 2154 2908 Prisonario
2176 2876 2210 2910 δε
2226 2880 2341 2918 captivo

1263 2913 1444 2947 Illustriffimi
1464 2913 1553 2952 Regis
1574 2913 1700 2943 Domini
1720 2915 1835 2943 Hearici
1857 2921 1938 2951 nuper
1958 2917 2038 2952 Regis
2050 2916 2163 2954 Angliae
2178 2916 2268 2948 Patris
2283 2928 2338 2948 no-

1263 2954 1312 2986 stri
1330 2951 1479 2990 defunffi,
1498 2961 1584 2991 penes
1605 2952 1754 2990 praefatum
1778 2951 1994 2984 illustrissimum
2018 2953 2132 2986 Patrem
2154 2955 2285 2987 nostrum
2306 2957 2339 2988 in

1263 2993 1384 3032 Ostagio
1399 2992 1584 3029 remanentis,

1303 3031 1475 3063 Debitarum
1485 3052 1495 3068 ,

1300 3070 1350 3101 De
1372 3070 1474 3108 quibus
1509 3068 1605 3098 uidem
1622 3067 1798 3107 septingentis
1813 3067 1923 3100 Marcis
1935 3070 2085 3109 praefatos,
2104 3069 2259 3111 Jacobum,
2276 3068 2337 3111 Jaff

1262 3109 1371 3147 cobum,
1387 3109 1421 3139 &
1438 3109 1487 3138 Wi
1509 3106 1632 3145 ielmum,
1648 3108 1843 3144 acquietamus
1855 3117 1905 3146 per
1920 3107 2082 3140 Praesentes.

1300 3147 1371 3179 Dat.
1389 3147 1440 3178 sub
1458 3145 1571 3185 Magno
1588 3145 1687 3184 Sigillo
1707 3144 1806 3176 nostro
1823 3146 1897 3184 apud
1918 3146 2026 3186 wesin).
2048 3148 2084 3178 xi.
2101 3147 2148 3179 die
2163 3147 2246 3180 Maii.

1358 2564 1390 2597 X
1409 2563 1575 2602 Omnibus,
1594 2562 1627 2594 ad
1645 2573 1733 2602 quos,
1753 2565 1813 2596 &c.
1833 2565 1968 2596 Salutem.

1260 3283 1311 3316 De
1336 3283 1502 3327 Peregrinis
1519 3278 1626 3325 verfiss
1643 3279 1791 3313 Sanb'z‘nm
1809 3276 1968 3325 Jacobum
1986 3280 2107 3315 Galict'ae
2126 3277 2331 3313 traducendis.

1260 3366 1343 3425 RE
1353 3365 1401 3404 x,
1418 3364 1554 3398 universis
1567 3365 1601 3397 sc
1615 3364 1725 3406 singuiis
1738 3364 1917 3405 Admiraiiis,
1932 3366 1993 3397 sec.
2013 3365 2049 3398 ad
2064 3374 2153 3406 quos,
2171 3367 2233 3398 &e
2252 3364 2331 3397 Saiu-
2344 3350 2476 3434 {aq-3132

1334 3415 1402 3437 tem.
2442 3417 2450 3425 ·

1296 3443 1398 3475 Sciatis
1413 3443 1493 3481 quod
1515 3442 1716 3474 Conceffimus
1736 3443 1769 3474 &
1790 3443 1936 3474 licentiam
1950 3443 2095 3483 dedimus,
2114 3443 2221 3475 dileelo
2233 3437 2393 3481 nobis‚A⁷2·
2414 3444 2436 3461 ¹²

1263 3483 1384 3513 Waltero
1404 3480 1509 3521 Willy,
1527 3481 1669 3521 Magistro
1685 3481 1830 3519 cujusdam
1845 3482 1941 3513 Navis
1956 3492 2068 3514 vocatae
2082 3483 2118 3514 de
2133 3483 2207 3514 Elen
2222 3484 2257 3514 de
2274 3482 2329 3511 Le·
2344 3476 2376 3499 H·
2394 3481 2421 3507 5·

1260 3530 1345 3561 vant,
1365 3521 1445 3560 quod
1473 3520 1530 3560 ipse
1552 3520 1730 3560 quadraginta
1753 3520 1907 3559 Pereginos
1927 3521 1957 3551 iri
1977 3522 2113 3561 praedfflta
2138 3523 2276 3561 recipere,
2294 3521 2326 3551 δε
2339 3514 2427 3539 franc.

1256 3570 1305 3591 eos
1327 3560 1419 3592 versus
1441 3559 1581 3590 Sanetum
1597 3559 1744 3598 Jacobum
1765 3559 1904 3597 Galiciae,
1920 3559 1955 3590 ad
1976 3568 2043 3591 vota
2065 3561 2111 3591 sua
2123 3561 2230 3591 ibidem
2245 3557 2327 3597 perfi—
2343 3557 2365 3577 ¹·
2382 3553 2455 3585 HJ,

1256 3599 1370 3636 cienda,
1388 3599 1510 3636 ducere,
1530 3598 1564 3628 δε
1583 3598 1686 3628 abinde
1708 3596 1737 3627 in
1761 3596 1899 3636 Regnum
1920 3597 2050 3629 nostrum
2065 3599 2177 3638 Angliae
2192 3597 2324 3628 reducere
2337 3596 2373 3616 m·
2391 3589 2438 3626 3⁶2

1255 3637 1341 3677 poffit
1354 3637 1441 3668 libere
1452 3639 1487 3706 &stc
1500 3637 1634 3706 imffine,
1651 3636 1788 3674 aliquibus
1800 3636 2040 3677 ordinationibus,
2055 3639 2083 3668 in
2097 3637 2270 3669 contrarium
2284 3635 2327 3666 fa-

1256 3677 1309 3708 ‹stis
1343 3686 1404 3708 non
1419 3676 1460 3706 ob
1485 3676 1543 3706 anti
1585 3685 1596 3705 s

1292 3699 1378 3746 D⁷um
1395 3723 1489 3744 tamen
1503 3714 1590 3744 iidem
1604 3697 1735 3753 ²Peregini
1749 3713 1885 3744 Proceres
1899 3714 1944 3744 vel
1961 3711 2110 3754 Magnates
2122 3713 2216 3752 Regni
2232 3711 2322 3756 nostri

1255 3753 1370 3791 Angliae
1389 3763 1448 3783 non
1469 3753 1604 3792 existant,
1623 3762 1677 3783 nec
1697 3753 1787 3791 aliqua
1802 3752 1903 3783 Nobis
1916 3753 1962 3784 seu
1976 3751 2084 3792 Regno
2098 3751 2197 3782 nostro
2210 3750 2322 3790 Angliae

1253 3792 1447 3833 praejudicialia
1459 3792 1556 3823 secum
1571 3801 1632 3822 non
1648 3790 1772 3822 deferant
1785 3792 1885 3831 quovis
1900 3791 1998 3822 modo.

1289 3830 1323 3862 ln
1343 3830 1424 3861 cii'us
1460 3830 1522 3862 &a
2107 3867 2124 3872 ..

1321 3868 1354 3902 Τ
1397 3879 1415 3901 e
1429 3852 1513 3910 kege
1529 3869 1604 3910 apud
1625 3867 1904 3909 Wstmonasterium,
1922 3867 1969 3898 xii.
1987 3867 2033 3897 die
2051 3865 2132 3898 Maii.

2270 4146 2326 4178 Pro
