2562 4274
685 145 793 186 ET
877 143 1148 183 ACTA

0 247 60 276 mn,
76 241 116 273 D.
134 235 413 271 Renunciationem,
428 232 527 272 sponte
539 230 641 268 fadus,
659 231 693 261 &
709 240 758 268 pei·
773 230 846 261 hanc
860 229 1070 260 Sacrosanetam
1087 229 1106 248 ’Κ
1129 228 1193 258 Ge-

8 290 90 321 ¹4¹7·

0 328 48 350 ieri.
70 330 94 355 ς’.

0 361 68 388 ἾΧ.

0 401 55 435 736,

135 275 259 306 neralem
278 271 425 313 Synodum
448 268 700 300 Constanciensem
722 268 871 298 solenniter
890 268 1079 305 approbatos,
1097 268 1130 297 ὃς
1145 276 1194 303 per

138 313 356 352 Depositionem
379 319 394 340 a
414 308 521 347 Papatu
544 307 581 337 de
600 306 761 343 Benedir‘lo,
783 305 866 335 XIII.
887 307 971 336 etiam
989 307 1018 335 in
1042 306 1097 342 ejus
1111 304 1192 335 Obe-

137 352 240 382 dientia
253 356 432 386 nuncupato,
450 348 533 377 etiam
549 355 597 382 per
611 345 696 382 ipsam
710 344 860 384 Synodum
871 353 904 373 cx
920 345 1007 375 tribus
1014 342 1194 373 Obedientiis

140 392 264 427 unitam,
282 389 310 417 in
322 395 479 423 unamque,
498 384 612 422 Regum
628 382 710 422 Rege
732 376 850 420 pacifico
872 382 1089 413 misericorditer
1110 381 1194 419 inspi-

139 437 234 466 rante,
252 424 431 462 confersiam,
447 423 587 453 canonice
601 421 702 459 sadias,

177 466 253 496 Non
273 463 315 493 est
334 462 424 501 passus
443 460 557 492 ulterius
579 459 697 490 eandem
711 457 865 490 Ecclesiam
876 485 885 499 ,
902 458 1004 491 diutius
1016 458 1131 489 Pastore
1147 467 1194 489 ca-

140 512 264 541 rentem,
284 502 339 532 suae
354 500 499 532 Viduitatis
510 497 698 530 incommoda
712 497 871 536 deplorare:

176 541 221 573 Ac

176 563 248 611 Post
263 576 384 616 multos,
402 573 639 614 varios,diutin0s
653 575 803 606 Tra&atus
816 586 848 606 ac
863 576 988 606 Labores
1004 575 1064 612 (illo
1080 575 1195 613 desuper

141 617 305 656 inspirante,
324 617 374 655 qui
393 617 442 652 ubi
462 616 523 646 vult
544 613 641 653 spirat,
661 615 694 645 &
712 614 768 644 sure
789 615 969 652 Aspiratioiiis
982 612 1082 644 Radiis
1096 613 1196 644 Corda

95 671 97 674 ·
140 657 277 687 Fidelium
294 655 417 686 vivificat
431 655 464 685 &
479 649 605 690 illustrat)
621 654 699 690 super
714 651 810 683 Modo
824 654 857 684 &
874 652 978 683 Forma
991 652 1114 690 eligendi
1127 661 1194 683 tunc

0 3282 11 3314 ς
23 3278 39 3294 ·
59 3278 112 3305 nt.

26 3324 88 3353 537·

138 692 440 734 proximum'f'uturum
456 691 625 722 Romanum
642 691 813 722 Pontificem
823 714 832 729 ,

178 734 231 764 Per
246 742 332 771 quern
347 729 582 760 Obedientiarum
597 729 763 767 DiveilitaS,
780 731 811 760 sc
826 730 919 760 omnis
934 729 1040 766 ubique
1055 728 1196 758 Scismatis

139 774 173 803 &
195 771 347 802 Divisionis
367 769 509 799 tolleretur
532 767 673 805 Occasio,
692 767 820 805 nullaque
842 768 1033 804 Retrac'tatio,
1051 766 1197 804 nullusque

138 810 279 847 scrupulus
299 810 329 838 in
352 807 501 838 Mentibus
521 807 687 837 Hominum
704 806 898 844 cujuscunque
926 804 1106 835 Obe‘dientiae
1132 804 1194 834 resi-

139 849 218 879 deret

179 872 387 917 De’Consensu
401 895 433 915 ac
449 882 604 915 Voluntate
616 882 759 920 expressis,
777 882 985 913 Venerabilium
1001 881 1130 911 Fratrum
1144 889 1198 910 no-

142 924 399 963 st1·0rum,sanetae
415 924 558 954 Romanae
572 921 705 951 Eccleliae
725 920 916 950 C>trdiiiiliuin
934 920 980 955 (dc
997 928 1121 957 quorum
1129 918 1197 948 Nu-

143 973 224 994 mero
237 972 305 993 tunc
318 964 437 998 eramus)
450 971 499 998 per
513 960 590 990 idem
606 960 725 990 Sacrum
733 958 900 989 Concilium
919 958 949 988 O
960 967 983 988 R
993 967 1014 988 D
1023 968 1034 989 1
1044 966 1066 988 N
1075 967 1095 987 Α
1105 966 1127 988 Τ
1136 965 1159 987 υ
1169 964 1197 987 M

144 1010 217 1032 asa*
235 1004 268 1032 ὃς
289 1000 548 1037 DECRETUM,

180 1040 292 1080 Qiod,
307 1038 340 1070 ea
361 1039 424 1068 vice
443 1039 602 1074 dumtaxat,
620 1035 653 1066 ad
680 1035 851 1072 Eligendum
877 1036 1046 1066 Romanum
1063 1036 1096 1066 &
1113 1034 1199 1065 Sum-

142 1088 225 1109 mum
250 1076 437 1112 Pontificem,
455 1077 511 1106 una
530 1085 598 1106 cum
619 1074 681 1112 ipsis
704 1074 911 1112 Cardinalibus,
929 1075 983 1104 Sex
1006 1074 1134 1111 Praelati,
1151 1073 1199 1103 vel

143 1118 206 1147 aliae
222 1116 400 1147 honorabiles
418 1115 549 1145 Personae
567 1112 789 1152 Ecclesiasticae,
807 1115 837 1143 in
853 1113 940 1144 Sacris
959 1113 1116 1143 Ordinibus
1129 1121 1200 1142 con-

144 1156 265 1193 stitutae,
281 1164 334 1192 pro
347 1153 471 1192 qualibet
485 1152 615 1182 Natione
629 1159 754 1190 protunc
771 1153 800 1181 in
813 1151 916 1182 eodem
932 1150 1069 1182 Concilio
1081 1150 1201 1181 existen-

144 1203 172 1225 te
187 1196 221 1226 &
236 1194 396 1229 nominata,
415 1201 487 1230 quos
500 1191 545 1222 seu
560 1200 625 1230 quas
641 1190 771 1228 quaelibet
787 1190 951 1220 Nationurn
967 1190 1086 1227 ipsarum
1099 1198 1151 1227 pro
1175 1188 1202 1217 se

144 1233 261 1262 duceret
277 1230 433 1270 eligendas,
451 1230 513 1268 iplis
532 1229 726 1260 Cardinalibus
746 1228 980 1267 adjungerentur,
1003 1229 1103 1266 quibus
1125 1226 1202 1256 idem

145 1270 315 1301 Concilium
335 1268 480 1308 Eligendi,
498 1278 566 1300 cum
589 1267 650 1306 ipsis
670 1266 880 1305 Cardimhbus,
899 1266 1067 1297 Romanum
1081 1263 1203 1295 Pontifi-

145 1318 211 1340 cem
223 1309 322 1340 tribuit
336 1307 524 1345 Potestatem3
573 1325 577 1329 -

183 1348 225 1378 Ita
239 1347 319 1385 quod
330 1346 393 1384 ille,
411 1348 443 1378 ὃς
457 1356 516 1376 non
530 1345 614 1383 alter,
629 1343 730 1382 absque
745 1344 801 1374 ulla
817 1343 1013 1381 Exceptione,
1031 1343 1068 1372 ab
1090 1342 1204 1372 univer-

146 1385 192 1417 sali
213 1385 337 1416 Ecclesia
356 1385 506 1415 Romanus
525 1383 658 1414 Pontifex
676 1383 824 1413 haberetur
837 1407 846 1419 ,
864 1384 912 1420 qui
935 1392 950 1411 a
973 1381 1092 1412 Duabus
1114 1380 1204 1410 Parti-

147 1426 200 1455 bus
226 1423 419 1455 Cardinalium
433 1446 443 1462 ,
469 1425 503 1455 &
529 1433 543 1452 a
570 1421 718 1459 cujussibet
748 1421 886 1451 Nationis
908 1420 1026 1450 Duabus
1052 1419 1178 1449 Partibus
1194 1443 1204 1456 ,

149 1463 253 1494 eisdem
272 1462 466 1493 Cardinalibus
483 1460 742 1498 adjungendorum,
762 1459 875 1490 Electus
891 1459 963 1489 fo‘ret
981 1459 1014 1489 ὃς
1033 1457 1186 1494 Receptus.

188 1502 320 1540 Qibus,
338 1501 473 1537 Triginta
488 1500 643 1536 NumerO,
661 1508 710 1536 pei·
725 1499 790 1536 ipsas
805 1497 948 1528 Nationes
963 1496 1084 1534 Eleffis,
1103 1497 1136 1527 ὃς
1159 1505 1208 1533 per

150 1540 228 1571 idem
245 1540 365 1570 Sacrum
378 1538 545 1569 Concilium
559 1536 678 1575 praefatis
692 1536 885 1566 Cardinalibus
899 1546 967 1565 cum
986 1535 1128 1565 Praedicta
1148 1534 1208 1565 Po-

150 1578 248 1609 testate
260 1576 411 1614 adjunctis,
432 1577 491 1607 Die
506 1577 615 1613 Lunae,
633 1574 737 1605 oClawa
750 1574 860 1605 Mensis
881 1574 1061 1604 Novembris
1071 1596 1080 1611 ,
1096 1575 1207 1603 circiter

148 1616 261 1646 Horam
283 1616 424 1654 Qiartam
444 1614 508 1654 post
533 1614 689 1644 Meridiem
710 1613 740 1642 in
761 1612 831 1643 illius
845 1612 996 1651 Nomine,
1013 1613 1062 1650 qui
1076 1611 1208 1650 perpetua

149 1653 298 1684 Mundum
320 1653 447 1684 Ratione
465 1653 619 1692 gubernat,
636 1651 798 1682 Cardinales
814 1675 823 1690 ,
842 1650 980 1682 Numero
1001 1651 1113 1687 Viginti
1133 1651 1208 1680 Tres

150 1693 198 1730 (de
221 1702 346 1731 quorum
367 1701 477 1723 eramus
496 1692 581 1721 etiam
603 1700 672 1721 tunc
696 1689 845 1727 Numero)
862 1691 895 1721 &
911 1689 1034 1727 adjuneti
1049 1689 1209 1727 hujusmodi

151 1735 335 1770 (cooperante
354 1729 473 1768 Spiritfis
489 1729 586 1760 saneti
605 1728 725 1766 Gratia)
743 1728 906 1759 ‘Decretum
929 1730 962 1759 &
980 1727 1152 1758 Ordinatum
1173 1727 1208 1757 ad

149 1771 209 1801 hoc
227 1769 283 1800 Co
293 1779 316 1800 N
327 1778 428 1799 cLAv
439 1778 456 1798 i:
467 1791 477 1807 ,
496 1767 638 1799 Libertate
652 1776 735 1805 atque
751 1767 906 1797 Securitate
921 1768 954 1797 &
975 1765 1158 1797 celeberrima
1173 1766 1209 1795 ab

150 1818 227 1839 extra
238 1808 378 1839 Custodia
397 1806 630 1846 munitissimum,
647 1806 683 1838 ad
698 1805 806 1837 Pacem
828 1805 965 1836 Ecclesiae
988 1805 1150 1844 aspirantes,
1167 1805 1211 1834 in—
1229 1833 1231 1835 ,

151 1855 260 1878 trarunt
935 1869 937 1871 .

188 1869 398 1923 Mitl‘a’rumque
410 1884 554 1916 celebratis
569 1884 605 1914 de
621 1883 709 1914 More
724 1883 880 1921 Solenniis,
897 1892 930 1913 ac
946 1881 1049 1913 deinde
1072 1881 1212 1912 Conciliis

148 1923 249 1954 habitis
261 1925 402 1962 repetitis,
419 1933 503 1961 prout
518 1931 604 1954 tantae
627 1922 685 1952 Rei
707 1921 877 1952 Sublimitas«
889 1921 1073 1958 exposcebat,
1093 1920 1150 1950 Die·
1160 1920 1212 1958 Jo-

150 1963 210 2000 vis,
228 1962 382 1992 undecima
396 1963 465 1992 dieti
477 1961 602 1999 Mensis,
619 1960 796 1990 Celebritatis
819 1959 893 1990 Beati
916 1959 1035 1989 Martini
1055 1959 1213 1989 Confeffo-

151 2002 188 2030 ris
202 2009 286 2039 atque
300 1999 464 2037 Pontificis,
479 1999 564 2030 Hora
578 1999 652 2037 quasi
669 1998 795 2028 Decima
808 1998 923 2036 (eodem
945 1997 1050 2035 Spiritu
1072 1997 1211 2027 Paraclito

152 2038 268 2069 Menses
283 2038 391 2069 nostras
406 2039 584 2071 uniformiter
595 2047 627 2067 ac
643 2039 728 2067 etiam
743 2036 924 2067 concorditer
938 2036 1096 2073 inspirante)
1111 2035 1146 2066 ad
1162 2035 1213 2066 Al-

152 2077 246 2108 tisiimi
263 2077 409 2116 Laudem,
428 2076 577 2115 Gloriam,
596 2077 629 2107 ὃς
647 2074 821 2113 Honorem,
839 2076 872 2106 &
887 2076 998 2106 Statum
1014 2074 1096 2111 ipsius
1110 2074 1213 2104 Eccle-

151 2115 215 2155 fiae,
234 2114 475 2153 Evulsionemque
487 2115 603 2145 totalem
617 2123 651 2143 ex
668 2113 748 2151 Agro
769 2113 931 2144 Dominico
953 2113 1073 2150 pestiferi
1093 2113 1212 2143 Scisma-

152 2155 205 2192 tis,
226 2153 388 2185 Cardinales
400 2157 433 2186 ὃς
450 2153 583 2191 Adjunt‘ti
598 2153 705 2189 praefati
720 2153 749 2182 in
765 2152 834 2182 Nos
850 2153 930 2190 (tunc
944 2151 1040 2182 Sanffi
1048 2151 1171 2189 Georgii
1178 2151 1212 2181 ad

152 2192 259 2223 Velum
273 2193 399 2224 Aureum
413 2192 579 2223 Diaconum
595 2191 787 2227 Cardinalem)
801 2200 851 2229 ac,
869 2201 899 2221 ut
915 2190 1078 2228 praefertur,
1096 2199 1165 2221 tunc
1178 2189 1214 2220 de

154 2233 278 2269 ipsorum
299 2232 437 2262 Numero
451 2232 546 2269 ..elicet
559 2253 568 2268 ,
595 2239 629 2261 ex
650 2230 803 2267 fragillitate
823 2230 955 2259 humanae
976 2228 1158 2258 Condicionis
1179 2228 1215 2258 ad

155 2278 264 2300 tantum
280 2270 363 2301 Onus
377 2270 537 2308 Regiminis
549 2268 723 2299 Universalis
741 2267 875 2298 Ecclesiae
895 2267 1127 2297 insufficientibus
1149 2266 1215 2297 Hu-

156 2309 258 2347 meris,
275 2311 378 2339 eorum
396 2316 466 2339 vota
487 2309 657 2338 unanimiter
680 2306 864 2344 (discrepante
878 2305 1020 2342 Nemine)
1037 2305 1216 2343 direxerunt,

155 2347 264 2384 nosque
279 2348 308 2377 in
323 2346 492 2377 Romanum
505 2347 539 2377 &
550 2345 704 2376 Summum
720 2345 893 2376 Pontificem
906 2345 1066 2382 elegerunt,
1085 2345 1113 2374 in
1133 2343 1216 2383 Jubi-

155 2386 186 2417 lo
222 2395 341 2423 mpnum
358 2385 388 2416 T
399 2395 417 2416 E
436 2384 467 2415 D
477 2393 496 2414 E
505 2393 529 2414 U
538 2392 566 2414 M
583 2384 760 2415 decantantes
770 2407 779 2421 ,

234 2424 443 2462 oxqu'e,'juxta'
457 2422 562 2454 Ritum
584 2422 708 2461 praefatae
728 2422 879 2460 Ecclesiae,
899 2421 1080 2459 Cardinales,
1097 2422 1131 2452 δε
1154 2420 1216 2451 Ad-

153 2462 246 2501 junsti
260 2462 437 2500 hujusmodi,
455 2462 489 2492 &
506 2462 565 2499 alii,
584 2463 656 2491 intra
671 2460 819 2491 Conclave
833 2461 924 2499 ipsum
948 2460 1111 2497 existentes,
1130 2459 1215 2496 Nos,

158 2503 238 2538 super
253 2499 365 2538 Altare,
383 2501 422 2530 ibi
443 2500 544 2537 situm,
563 2499 777 2538 Intronisantes,
796 2499 1020 2536 Adorantesque,
1038 2498 1167 2535 Osculis,
1187 2499 1217 2528 in

158 2542 264 2577 Papam
284 2540 318 2570 δε
339 2542 473 2568 Summum
494 2538 648 2578 Pontificem
669 2537 780 2575 (nostro
794 2539 868 2575 ptius
885 2537 1017 2574 requlfito
1032 2538 1064 2568 &
1079 2538 1219 2567 humiliter

158 2578 287 2609 adhibito
301 2576 457 2613 Consensu)
472 2584 638 2614 receperunt
651 2576 825 2614 sollenniter,
843 2585 873 2606 ut
887 2576 928 2605 est
943 2576 1045 2614 moris,

196 2616 241 2646 Ac
261 2615 361 2646 deinde
381 2616 555 2646 celeberimis
582 2615 715 2652 sacrisque
730 2637 738 2650 ,
769 2616 925 2645 undecimo
953 2613 1017 2643 Kal.
1047 2613 1220 2644 Decembris

181 2656 294 2691 roximo
309 2655 491 2693 praeteriti,in
501 2653 715 2683 Constancieuli
728 2653 869 2690 Ecclesia,
884 2654 961 2690 julita
974 2652 1078 2682 Ritum
1094 2652 1218 2690 praefatae

160 2665 311 2762 lEcclesiae,
329 2703 398 2724 cum
414 2693 574 2724 Astantium
591 2691 768 2722 Exultatione
786 2691 973 2730 permaximis,
992 2690 1135 2721 celebratis
1156 2691 1221 2721 Sol-

173 2742 261 2762 enniis

199 2755 396 2801 Cardinalibus
415 2770 494 2809 ipsis,
512 2780 644 2808 necnon,
662 2769 802 2800 carissimo
822 2769 852 2799 in
872 2767 991 2799 Christo
1010 2766 1085 2798 Filio
1106 2767 1222 2806 nostr0,

163 2809 326 2848 Sigismundo
339 2811 518 2838 Romanorum
530 2809 568 2844 &
583 2811 734 2846 Hungariae
748 2810 817 2845 Rege
831 2807 935 2838 Illustri
950 2806 1105 2843 Regalibus
1125 2806 1223 2836 Infulis

163 2849 314 2886 iniignito‚
333 2846 456 2878 Praelatis
471 2871 480 2884 ‚
499 2847 694 2885 Principibus,
714 2847 864 2885 Ducibus,
882 2845 979 2883 Cleri,
998 2845 1170 2882 Nobilium,
1189 2847 1224 2876 &

163 2885 269 2924 Populi
281 2886 468 2917 Multitudine
476 2908 486 2923 ,
503 2885 654 2915 astantibus
668 2886 801 2923 copiose,

203 2925 249 2955 Ad
272 2925 405 2955 omnium
425 2924 567 2954 Creatoris
589 2923 718 2953 Laudem
740 2924 772 2953 &
788 2923 941 2960 Gloriam,
957 2922 1063 2952 Pacem
1078 2932 1110 2952 ac
1125 2920 1223 2952 Unio-

167 2972 234 2992 nem
247 2963 369 3000 praefatae
386 2962 520 2994 Ecclesiae
541 2961 737 2999 Orthodoxae,
758 2961 836 2991 Fidei
858 2960 1052 2999 Incrementa,
1071 2960 1227 2999 Gregisque

169 3000 311 3030 commiffi
329 3001 537 3039 Qiietudinem
552 3001 584 3031 &
600 3000 742 3036 Salutem,
759 2998 861 3029 nostrae
884 2998 1086 3029 Coronationis
1107 2998 1226 3037 Insignia

170 3037 334 3069 Cardinales
351 3039 417 3077 ipsi,
432 3039 593 3070 humillime
613 3049 662 3077 per
683 3038 752 3069 Nos
775 3037 912 3075 suscepta,
930 3037 1089 3067 sollenniter
1112 3046 1228 3076 perege-

169 3085 257 3115 runt,

209 3116 303 3153 Quae,
320 3114 464 3146 Serenitati
475 3123 531 3146 tuae
545 3115 580 3147 ad
594 3115 717 3146 laetitiam
732 3116 859 3145 intimare
873 3113 1054 3152 providimus.

183 3187 189 3189 Α
206 3154 318 3184 Scimus
342 3154 428 3195 enim⁴
441 3163 544 3191 quanta
563 3154 663 3192 fuerit,
679 3164 695 3184 a
716 3153 814 3184 diebus
831 3154 966 3190 antiquis,
984 3151 1227 3182 Christianissimae

171 3191 291 3222 Domus
304 3201 338 3223 ac
354 3190 532 3222 Celsitudinis
546 3200 602 3222 tuae
614 3192 648 3222 ad
661 3191 868 3222 Romanam&
884 3191 1066 3222 universalem
1073 3190 1228 3222 Ecclesiam

171 3231 322 3268 Devotio,
337 3232 424 3268 quam
439 3229 519 3260 fortis
534 3231 567 3261 δε
583 3229 682 3260 efficax
697 3230 767 3260 illius
780 3230 936 3260 protectio.

210 3272 225 3287 ἵ·
247 3269 397 3300 Novimus
412 3268 520 3305 insuper
533 3268 617 3306 quam
633 3269 742 3298 sinceris
758 3268 935 3306 Affectibtis,
955 3268 1122 3306 summisque
1132 3267 1230 3298 Labo-

170 3309 263 3346 ribus,
282 3307 386 3338 Studiis
401 3330 410 3345 ,
429 3308 462 3337 &
483 3306 618 3344 Impensis
639 3306 791 3336 Unionem
811 3307 966 3344 perfet‘tam
980 3307 1115 3337 Ecclesiae
1132 3308 1230 3345 (quam

173 3347 254 3378 Deus
265 3348 294 3377 in
308 3345 431 3376 Persona
445 3344 542 3376 nostra
556 3344 641 3375 hodie
658 3344 793 3382 perficere
805 3346 932 3383 dignatus
945 3345 998 3382 est)
1014 3355 1059 3376 tua
1081 3346 1163 3376 fuerit
1178 3345 1231 3376 Se-

172 3387 273 3417 tenitas
291 3385 448 3422 prosecuta,

211 3423 250 3455 Et
266 3424 353 3462 quam
375 3423 484 3453 Statum
503 3422 536 3453 &
555 3421 712 3452 Honorem
733 3421 854 3459 ejusdem
877 3429 933 3451 tuae
954 3420 1135 3452 Celsitudinis
1149 3429 1233 3459 atque

174 3461 271 3501 Regni
283 3461 426 3500 praecipua
440 3460 544 3491 Cordis
557 3461 710 3490 affefflone
730 3459 893 3498 dileximus,
913 3461 946 3490 &
969 3462 1115 3491 continere
1135 3460 1231 3490 sedulo

175 3501 346 3532 intendimus
366 3501 394 3530 in
416 3499 520 3530 nostrae
541 3499 688 3530 visceribus
709 3497 838 3528 Caritatis
855 3520 863 3535 ,
894 3498 1013 3529 eandem
1044 3499 1231 3529 Serenitatem

175 3549 254 3570 tuam
279 3541 375 3578 (quam
396 3536 489 3570 Statsis
510 3539 544 3569 &
566 3537 698 3567 Honoris
712 3536 834 3574 ejusdem
851 3536 984 3567 Ecclesiae
998 3546 1031 3567 ac
1044 3536 1133 3567 nostri
1147 3537 1182 3566 ab
1194 3536 1235 3566 af-

178 3577 256 3608 feCm
276 3578 425 3608 didicimus
443 3575 689 3612 ferventissimam)
711 3583 806 3605 tenere
825 3576 956 3605 volumus
969 3599 977 3612 ,
1000 3585 1052 3613 pro
1075 3575 1234 3613 constanti,

177 3616 276 3654 quod,
294 3625 430 3654 quantum
452 3625 521 3646 cum
543 3614 611 3644 Deo
630 3614 663 3644 &
684 3612 841 3643 Honestate
863 3614 1033 3650 poterimus,
1052 3623 1116 3652 erga
1138 3612 1235 3643 Incre-

179 3663 273 3685 menta
287 3656 319 3686 &
335 3654 587 3686 Conservationcm
605 3652 688 3691 Regii
703 3653 742 3681 tui
755 3650 914 3689 Nominis,
934 3651 1031 3689 Regni
1051 3650 1144 3682 Status
1163 3653 1234 3690 pari-

178 3700 220 3722 ter
240 3693 274 3723 &
293 3693 434 3732 Honoris,
453 3693 562 3730 semper
582 3691 667 3722 Curis
686 3689 876 3721 Paternalibus
898 3698 1072 3727 exponemus
1088 3689 1236 3720 Pastoralis

181 3729 344 3768 Diligentiae
359 3731 453 3762 Partes
466 3732 582 3762 nostras.

218 3767 402 3800 Laudabilem
423 3770 543 3800 demum
567 3768 769 3799 Excellentiam
790 3765 998 3796 Venerabilium
1020 3767 1142 3805 ejusdem
1155 3766 1238 3797 Sere-

181 3807 289 3843 nitatiS‚
305 3807 342 3837 ad
355 3808 414 3838 hoc
430 3808 550 3839 Sacrum
567 3807 735 3838 Concilium
760 3806 950 3844 Legatorum,
966 3805 999 3836 &
1022 3806 1152 3842 praeclara
1175 3805 1239 3835 illo-

182 3853 246 3874 rum
260 3844 294 3873 ad
309 3854 380 3881 opus
392 3845 475 3876 Pacis
491 3846 598 3884 studia,
615 3848 647 3877 Sc
664 3845 802 3882 impensos
823 3843 965 3881 Labores,
983 3844 1073 3882 dignis
1096 3843 1239 3874 Laudibus

181 3882 256 3920 apud
270 3881 455 3914 Serenitatem
468 3893 545 3915 tuam
563 3884 694 3915 duximus
707 3881 889 3913 extollendos.

217 3920 307 3958 Super
326 3921 480 3958 quibus&
499 3923 642 3953 nonnullis
659 3922 716 3952 aliis
736 3921 826 3951 arduis
841 3943 850 3958 ‚
869 3919 1013 3950 Nostrum
1027 3942 1036 3957 ‚
1062 3921 1095 3952 &
1117 3920 1241 3958 praefatae

181 3958 292 3989 Statum
304 3957 455 4002 Ecclesiae,
473 3959 683 3999 Serenitatisque
697 3969 771 3997 tuae,
792 3958 905 3997 Regni,
923 3968 955 3988 ac
964 3957 1151 3989 Subditorum
1160 3960 1241 3996 ipsius

182 3996 398 4034 Prosperitatem
412 3998 443 4027 ἃ
459 3995 564 4039 Pacem
577 3999 623 4036 (ad
636 4009 700 4036 quae
712 3998 875 4036 propensius
889 3997 1047 4034 aspiramus)
1057 3997 1243 4035 undequaque

172 4035 361 4106 -cessentiiiigs
370 4035 568 4103 ,PadleIeJIusdem
581 4044 639 4068 tuae
651 4036 810 4068 serenitatis
823 4036 1020 4073 Praesentiam,
1038 4034 1118 4066 Pacis
1129 4036 1242 4074 Angelo

244 4085 293 4106 omi
353 4096 360 4104 .
404 4096 411 4103 .
482 4095 488 4102 .

1232 145 1713 188 PUBLICA.
2240 165 2288 204 33

1237 230 1411 268 comitante,
1428 231 1564 262 <medium
1580 231 1700 271 Filium,
1719 233 1863 264 Nobilem
1878 234 1999 272 Virum,
2016 235 2184 264 Ricciardum
2205 237 2292 263 Comi·
2309 233 2383 264 Ana.
2399 232 2441 263 D.

1237 274 1291 296 tem
1311 268 1342 296 de
1365 269 1535 313 Manliana,
1553 272 1690 300 nuncium
1712 272 1859 309 nostrum,
1878 273 1914 303 de
1934 273 2044 304 Mentis
2062 273 2167 304 nostrae
2188 272 2292 302 salutari
2330 279 2416 311 1417»

1240 305 1391 350 Proposito
1413 312 1597 351 informatum
1619 309 1802 346 amplissime,
1819 311 2024 348 piaesentialiter
2038 311 2223 348 destinamus,
2243 320 2294 340 cu·
2312 316 2416 348 Hen.5.

1235 353 1278 382 Jus
1294 343 1438 375 Relatibus
1453 346 1587 375 adhibere
1602 348 1707 383 placeat
1722 346 1882 378 Credentiae
1899 349 2009 386 plenam
2024 349 2121 379 sidem.

1238 380 1353 456 pririgar.
1376 383 1540 421 Constanciae
1562 393 1589 415 x.
1613 384 1680 414 Kal.
1696 385 1818 423 Januarii
1832 408 1842 424 ,
1874 387 2062 418 Pontificatus
2085 386 2174 417 nostri
2204 385 2294 417 Anno

1312 430 1341 450 0.

1595 501 1727 538 Scriptum
1743 498 1869 530 Cadomi
1880 499 2022 539 secundum
2041 501 2190 541 Originale.

1518 634 1576 664 Pro
1598 629 1867 674 Ambafficitoribm
1892 634 2031 666 Franciae.

1244 712 1379 767 REX,
1399 720 1447 752 per
1468 714 1574 746 Literas
1590 716 1647 746 suas
1665 715 1809 754 Parentes,
1828 715 1914 753 usque
1932 717 2069 747 offitavum
2087 711 2178 748 Diem
2193 718 2298 758 janua-
2317 704 2444 737 AUU'D‘

1320 759 1353 795 rii
1368 755 1499 790 proximo
1519 754 1645 784 futurum
1661 754 1818 792 duraturas,
1837 754 1952 792 suscepit
1970 757 1998 785 in
2016 756 2133 794 salvum,
2152 759 2212 788 &c-
2241 757 2299 788 Ve—
2334 753 2420 783 ¹4¹7·

1241 790 1392 829 nerabilem
1411 791 1541 829 Patrem,
1559 791 1735 828 Regi-‘ualdum
1754 792 1983 830 Archiepiscopum
1997 795 2163 833 Remensem,
2181 797 2214 826 ὃς
2229 796 2296 826 Ma-
2313 787 2363 825 An·
2381 793 2409 818 5·

1240 826 1360 861 gistrum
1380 829 1524 859 Robertum
1543 831 1575 859 de
1592 831 1721 869 Tuleriis,
1739 831 1825 868 usque
1843 830 2019 862 Praesentiam
2038 831 2145 871 Regis,
2166 834 2297 865 ubicum-
2313 826 2344 849 H.
2365 831 2393 857 5·

1243 873 1298 899 que
1316 876 1386 911 eum'
1400 868 1462 898 fore
1481 869 1630 907 contigerit
1646 892 1655 907 ,
1681 879 1749 899 cum
1776 869 1968 907 Qadraginta
1989 869 2076 908 Equis
2101 873 2130 900 in
2148 870 2297 902 Comitiva
2314 863 2371 887 Par.

1243 902 1303 941 sua,
1323 906 1480 944 veniendo,
1499 907 1605 938 ibidem
1625 908 1784 946 moi-ando,
1802 909 1836 939 ὃς
1854 907 1953 938 exinde
1971 909 2154 948 transeundo,
2172 920 2205 941 ac
2222 909 2301 949 Res,
2317 901 2368 924 Nor
2370 906 2406 924 ⁷⁷³*
2422 905 2449 930 5·

1244 941 1340 981 Bona,
1358 944 1391 975 &
1406 944 1541 976 Hernefia
1555 946 1599 976 sua
1612 955 1818 984 quaecumque3
2319 939 2354 962 H.
2364 943 2435 970 5·⁷⁷¹·

1282 981 1400 1013 Proviso
1412 983 1519 1021 semper
1534 985 1615 1022 quiid
1628 985 1677 1022 ipsi
1695 985 1869 1025 quicquam,
1885 984 1964 1023 quod
1983 986 2012 1014 in
2031 985 2120 1026 Regis
2140 985 2305 1025 Contemp-
2326 982 2367 1008 ¹7·

1244 1027 1306 1049 tum
1323 1021 1367 1052 vel
1390 1020 1608 1061 Praejudicium,
1623 1033 1669 1054 aur
1689 1023 1793 1063 Populi
1814 1023 1855 1053 sui
1876 1022 2045 1061 Dampnum
2058 1047 2069 1063 ,
2085 1025 2237 1062 aliqualiter
2257 1035 2306 1056 ce-

1244 1058 1311 1088 dere
1325 1060 1430 1096 valeat,
1446 1070 1504 1090 non
1519 1070 1703 1099 attemptent,
1720 1063 1766 1092 seu
1781 1061 1882 1092 faciant
1896 1063 2047 1100 aliqualiter
2062 1064 2236 1101 attemptari,

1285 1097 1432 1135 Qiodque
1441 1098 1572 1129 Personae
1587 1100 1729 1138 praedictae
1737 1100 1899 1130 Proditores
1913 1100 2003 1137 Regis
2018 1111 2065 1133 aut
2080 1110 2155 1133 exrra
2163 1101 2303 1140 Regnum

1246 1134 1325 1166 suum
1340 1136 1452 1179 Angliae
1468 1137 1592 1168 Bannitae
1606 1138 1652 1169 seu
1667 1138 1842 1176 Abjudicatae
1855 1148 1916 1169 non
1928 1139 2054 1171 existant.

1320 1172 1355 1203 In
1368 1183 1462 1213 cujus,
1477 1176 1538 1205 ὅτε.

1284 1249 1373 1280 Teste
1389 1248 1474 1294 Rege
1488 1273 1497 1287 ,
1520 1251 1550 1293 ¹in
1570 1250 1704 1296 Exercitu
1722 1252 1771 1282 suo
1785 1276 1795 1290 ,
1809 1263 1898 1291 prope
1919 1248 2024 1284 Villam
2037 1253 2146 1296 Falefiae
2162 1278 2172 1294 ,
2194 1257 2224 1285 in
2240 1253 2306 1285 Du-

1249 1296 1314 1318 catu
1333 1288 1425 1326 Regis
1438 1288 1596 1328 prcediStO,
1614 1294 1749 1322 vicesimo
1767 1293 1848 1322 tertio
1866 1293 1913 1322 die
1931 1292 2112 1324 Decembris.

1931 1370 1984 1398 Per
2003 1369 2083 1407 ipsiaem
2100 1373 2203 1407 Regem.

1467 1513 1524 1544 Pro
1550 1513 1687 1558 Episcopo
1711 1509 1876 1558 Eligendcv,
1903 1509 1939 1544 cle
1954 1514 2101 1545 Licentia.
2360 1517 2408 1548 εὑ

1256 1596 1548 1659 EXcellentissimo
1567 1598 1594 1627 in
1615 1595 1731 1627 Christo
1752 1596 1894 1636 Principi,
1912 1598 1945 1628 ὅς
1963 1597 2097 1628 Domino
2113 1597 2230 1636 nostro,
2247 1597 2314 1628 Do·
2331 1586 2405 1616 Anu*
2418 1587 2457 1617 θ’

1333 1638 1413 1667 mino
1428 1637 1561 1672 Henrim,
1580 1635 1638 1665 Dei
1651 1634 1753 1674 gratia,
1769 1639 1834 1672 Regi
1847 1636 1962 1673 Angliie
1978 1634 2015 1670 ἔφ’
2030 1639 2150 1666 Frauciae
2160 1661 2169 1672 ,
2187 1638 2219 1667 ὃς
2246 1636 2312 1666 Do·
2351 1627 2424 1663 1418

1256 1676 1337 1705 mino
1351 1675 1499 1705 Hiberniae
1514 1673 1614 1704 Illustri
1628 1674 1723 1705 devoti
1741 1673 1877 1704 Oratores
1892 1674 1975 1705 vestri
2004 1674 2226 1706 'Locumtenens
2236 1674 2311 1711 (De-
2328 1669 2379 1691 ΑΨ
2395 1675 2422 1700 5·

1256 1724 1330 1744 cano
1345 1714 1467 1750 absente)
1485 1714 1518 1743 &
1533 1711 1696 1751 Capitulum
1712 1712 1846 1743 Ecclesiae
1861 1713 1959 1743 vestiat:
1974 1697 2157 1743 Cic‘es'trenlis
2164 1716 2312 1750 omnimo·-
2327 1706 2362 1729 H·
2381 1712 2409 1738 5·

1255 1753 1307 1783 dos
1320 1752 1520 1782 Reverentiam
1536 1752 1569 1782 &
1585 1751 1740 1780 Honorem
1756 1751 1857 1790 Regi-ae
1872 1752 1983 1782 debitos
1997 1751 2146 1789 lN¹1ajesta⁴tL
2328 1743 2405 1790 sssf&

1294 1789 1421 1821 Vacante
1434 1796 1521 1828 nuper
1535 1789 1661 1819 Ecclelifi
1676 1789 1844 1820 Cicestrensi
1858 1800 1906 1828 per
1928 1790 2059 1821 Mortem
2068 1813 2077 1828 ,
2097 1791 2187 1821 boiiae·
2200 1800 2312 1821 memo·
2330 1783 2443 1811 Tnmm·

1258 1830 1323 1866 riae,
1342 1829 1465 1860 Domini
1479 1828 1605 1865 Roberti,
1623 1827 1737 1866 ejusdem
1753 1827 1873 1867 Ecclefiae
1887 1828 2021 1868 Episc'opt'‚
2038 1828 2179 1866 petitaque
2194 1840 2210 1859 a
2222 1827 2316 1859 vestra

1257 1867 1432 1899 Excellentia
1446 1866 1554 1906 Regia,
1573 1876 1656 1904 prout
1672 1868 1758 1902 moris
1771 1867 1829 1904 est,
1838 1866 1966 1898 Licentia
1980 1866 2107 1906 Eligendi
2119 1868 2246 1898 futurum
2260 1877 2313 1897 no-

1258 1908 1346 1937 strum
1362 1905 1538 1944 Episcopum
1554 1907 1652 1944 pariter
1667 1905 1700 1936 &
1715 1906 1850 1942 obtenta,
1868 1906 2017 1936 observatis
2031 1906 2166 1936 omnibus
2199 1915 2256 1936 tam
2277 1905 2314 1936 de

1254 1946 1352 1990 Jure,
1376 1946 1462 2012 qua-sk?
1482 1945 1519 1974 de
1540 1943 1751 1974 Consuetudine
1765 1968 1775 1981 ,
1793 1943 1952 1982 hujusmodi
1975 1944 2129 1974 Elefflonis
2150 1930 2317 1983 Negotium

1258 1993 1357 2015 contin
1378 1992 1434 2014 enti
1458 1993 1488 2014 us
1980 2010 1983 2012 ,

1296 1994 1505 2053 Rev{rendum’
1514 2022 1542 2050 in
1555 2020 1673 2051 Christo
1689 2021 1802 2052 Patrem
1816 2021 1850 2051 δὲ
1871 2021 2051 2059 Dominum,
2070 2017 2234 2052 Dominum
2254 2023 2316 2051 Ste-

1253 2061 1377 2101 phanum
1394 2063 1581 2097 Patrrngton,
1599 2060 1789 2098 Menevensem
1802 2059 1971 2098 Episcopum,
1990 2059 2086 2091 NobiS
2101 2061 2133 2091 &
2152 2059 2243 2090 eidem
2259 2059 2317 2089 Ec-

1259 2100 1351 2169 {2¹⁸3ae
1367 2100 1396 2129 in
1411 2098 1589 2138 Episcopum
1603 2098 1731 2129 futurum
1747 2097 1932 2129 concorditer
1945 2097 2147 2136 postulavimus
2161 2099 2261 2136 pariter
2283 2098 2317 2129 δε

1283 2148 1299 2169 a
1325 2147 1418 2169 orem.

1302 2177 1425 2216 Jamque
1447 2175 1524 2207 idem
1550 2174 1710 2206 Postulatus
1732 2175 1829 2206 noster
1843 2200 1852 2213 ,
1876 2181 1939 2206 ante
1962 2175 2043 2213 ipsius
2065 2175 2200 2206 Ecclesiae
2232 2174 2318 2206 Cice-

1260 2215 1384 2285 {sittensisff
1386 2214 1589 2246 assecutionem
1606 2236 1616 2252 ,
1639 2219 1725 2252 prout
1741 2213 1885 2256 Altiffimo
1903 2214 2008 2251 placuit
2022 2238 2032 2252 ,
2058 2215 2093 2245 ab
2112 2215 2164 2245 hac
2182 2214 2263 2245 Luce
2278 2213 2320 2244 est

1274 2266 1289 2285 u
1313 2263 1352 2284 tra
1387 2264 1433 2291 us,
2114 2282 2116 2284 ,

1296 2293 1315 2312 ⁴*
1330 2292 1385 2323 Ne
1399 2291 1483 2330 igitur
1490 2290 1614 2322 Ecclesia
1628 2290 1722 2321 nostra
1734 2290 1836 2321 diutius
1849 2298 1959 2321 maneat
1966 2290 2088 2321 Pastoris
2100 2290 2196 2322 solatio
2204 2290 2320 2322 destitu-
2336 2296 2352 2313 *
2374 2295 2428 2322 lx:

1260 2338 1304 2368 ta,
1321 2333 1399 2362 acin
1419 2329 1613 2368 Spiritualibus
1633 2331 1667 2361 &
1686 2329 1923 2368 Temporalibus,
1940 2339 1988 2366 per
2011 2330 2093 2367 ipsius
2112 2330 2399 2374 diuturnioremt538.

1261 2368 1464 2406 Vacationem,
1480 2369 1509 2398 iri
1524 2369 1650 2398 futurum
1666 2369 1777 2405 gravius
1791 2368 1908 2404 patiatur
1922 2367 2123 2398 detrimentum
2134 2391 2143 2406 ,
2159 2369 2250 2399 eidem
2260 2367 2322 2402 Ex2
2396 2367 2400 2369 ’

1262 2409 1399 2439 cellentiae
1420 2407 1523 2437 vestrae
1544 2405 1663 2447 Regiae,
1682 2416 1750 2436 cum
1772 2407 1804 2436 ea
1827 2406 1883 2444 qua
1904 2406 2048 2444 possumus
2062 2407 2216 2437 humilitate
2230 2408 2263 2438 ὃς
2277 2408 2322 2436 in-

1263 2446 1377 2485 stantia,
1394 2446 1578 2483 supplicamus
1590 2446 1718 2483 quatinus
1735 2445 1817 2474 nobis
1832 2445 1953 2479 eiusdem
1976 2444 2111 2476 Ecclesiae
2130 2445 2232 2476 nostra:
2251 2445 2322 2483 Epi-

1263 2485 1382 2524 scopum
1397 2485 1441 2515 Eli
1462 2484 1527 2514 endi
1544 2485 1643 2516 iterum
1671 2483 1829 2514 Licentiam
1843 2483 2002 2514 concedere
2015 2485 2145 2520 dignetur
2160 2483 2248 2515 vestra
2262 2483 2324 2514 Re-

1263 2525 1308 2563 gia
1336 2523 1437 2563 Magni
1460 2522 1576 2560 centia,
1601 2531 1686 2559 quam
1701 2545 1710 2559 ,
1739 2522 1772 2552 ad
1798 2521 1893 2561 Regni
1918 2522 2003 2553 vestri
2021 2522 2137 2554 tutelam
2151 2547 2161 2560 ,
2185 2521 2326 2554 custodiat

1266 2562 1421 2594 Altiffimus
1441 2570 1491 2599 per
1508 2569 1636 2600 tempora
1655 2561 1791 2599 longiora.

1304 2639 1371 2669 Dat.
1393 2640 1421 2668 in
1441 2642 1526 2668 Domo
1549 2635 1639 2676 nostra
1659 2636 1812 2675 Capitulio-i
1831 2636 1983 2676 cicestrensi
1997 2660 2006 2675 ,
2033 2632 2082 2667 sub
2105 2635 2206 2674 Sigillo
2226 2636 2327 2667 nostro

1268 2676 1430 2708 Communi
1444 2677 1477 2707 ad
1496 2675 1616 2714 Causas,
1634 2678 1717 2706 tertio
1739 2677 1784 2706 die
1808 2675 1914 2705 Menlis
1931 2676 2072 2714 januarii,
2090 2675 2179 2706 Anno
2203 2675 2326 2706 Domin'i

1268 2716 1416 2747 Milelimo
1432 2715 1738 2755 Quadringentesimo,
1758 2714 1886 2744 Decimo
1900 2714 2029 2752 septimo.

1271 2845 1359 2889 Copt'a
1384 2844 1491 2875 Litcrae
1516 2842 1639 2873 Domini
1663 2843 1747 2887 Regis
1783 2844 1982 2873 Romanorum
2000 2866 2010 2882 ‚
2043 2843 2074 2872 in
2108 2852 2169 2886 qua
2202 2841 2330 2874 mandat

1317 2893 1427 2922 comiti
1453 2890 1592 2924 Palatina
1613 2888 1694 2936 qnod
1730 2887 1940 2933 Baltlmfhrum
1972 2889 2051 2934 Coffbt
2071 2915 2081 2930 ,
2112 2890 2183 2921 olim
2215 2893 2330 2935 Papam

1314 2936 1488 2986 Johmmem
1514 2940 1648 2974 XXIII.
1674 2947 1896 2983 nuncupatum,
1918 2947 2009 2982 ponat
2032 2936 2077 2969 ad
2099 2941 2216 2969 Alanus
2237 2942 2331 2971 Sum-

1316 2992 1360 3021 mi
1384 2985 1541 3032 pontificis.

1273 3071 1493 3135 SIgismundus,
1510 3072 1569 3102 Dei
1589 3070 1675 3111 grati&
1689 3094 1698 3109 ,
1713 3074 1891 3101 Romanorum
1911 3072 1972 3100 Rex
1993 3070 2103 3109 semper
2121 3071 2277 3110 Augustus,
2297 3081 2330 3101 ac
2350 3065 2478 3103 Ann.D.

1332 3112 1489 3147 l-Iungariae
1505 3133 1514 3148 ,
1533 3111 1684 3140 Dalmatiae
1697 3133 1706 3147 ,
1727 3107 1852 3139 Croariae
1866 3132 1874 3146 ,
1900 3111 1960 3139 &c-
1982 3108 2046 3138 Rex‘
2068 3109 2167 3140 illustri
2189 3110 2329 3139 Ludovico
2370 3113 2455 3149 1418.

1272 3154 1369 3179 Comiti
1394 3148 1522 3178 Palatino
1543 3153 1631 3186 Reni,
1651 3148 1728 3180 Sacri
1752 3148 1865 3185 Imperii
1890 3147 2105 3185 Archidapifero
2120 3173 2129 3185 ,
2148 3150 2181 3179 δε
2203 3148 2329 3188 Principi
2345 3154 2397 3178 An.
2417 3160 2445 3186 5.

1272 3189 1414 3226 Eieetori‚
1433 3198 1465 3218 ac
1480 3188 1559 3217 Duci
1580 3187 1717 3224 Bavariae,
1735 3186 1889 3217 Avunculo
1910 3187 2008 3216 nostro
2023 3185 2182 3224 cariffimo,
2200 3185 2329 3217 Gratiam
2347 3194 2375 3218 R.
2399 3198 2426 3224 5.

1273 3228 1397 3267 Regiam
1416 3226 1448 3257 &
1467 3236 1556 3256 omne
1575 3227 1696 3256 bonum.
2349 3231 2419 3255 Penes
2428 3229 2482 3261 cua}

1313 3303 1542 3335 ILLUSTRJS
1561 3302 1793 3338 Punicam,
1813 3300 2049 3332 Amineum:
2076 3276 2409 3341 CARISSIME²mer‚

1314 3381 1454 3419 Qiamvis
1469 3380 1577 3410 dudum
1592 3379 1710 3417 praesens
1722 3378 1840 3409 Sacrum
1855 3377 2075 3409 Constanciense
2082 3378 2337 3417 Concilium,post

1277 3420 1454 3458 Balthafizris
1471 3417 1544 3457 Coffiz
1561 3420 1643 3455 (olim
1658 3417 1797 3455 Johannis
1812 3419 1893 3455 Papae
1911 3416 2027 3446 XXIII.
2047 3418 2077 3447 in
2097 3417 2144 3448 sua
2165 3417 2336 3448 Obedientifi

1278 3459 1443 3495 nuncupati)
1456 3458 1471 3487 a
1487 3457 1594 3495 Papatu
1618 3457 1836 3494 Depositionem
1860 3458 1936 3492 (quae
1949 3465 1999 3492 per
2015 3455 2195 3486 diffinitivam
2210 3457 2335 3493 ejusdem

1279 3497 1404 3528 Concilii
1420 3496 1594 3526 Sententiam
1607 3496 1748 3525 canonice
1760 3494 1833 3524 faeta
1848 3493 1899 3529 est)
1918 3493 2068 3523 Personam
2083 3494 2205 3533 ejusdem
2214 3493 2337 3522 Baltlm-

1270 3536 1345 3576 fizris
1364 3535 1445 3565 nobis
1460 3534 1650 3572 deputaverit,
1668 3534 1697 3562 in
1715 3542 1811 3570 certo,
1830 3542 1907 3568 tum,
1925 3532 1957 3561 &
1974 3532 2095 3563 honesto
2117 3533 2201 3570 loco,
2219 3532 2336 3561 nomine

1279 3575 1347 3605 dieti
1362 3572 1504 3609 Concilii,
1522 3572 1572 3602 sub
1586 3571 1660 3601 fideli
1675 3570 1816 3601 Custodia
1829 3570 2050 3601 conservandam
2060 3594 2069 3608 ,
2087 3572 2219 3608 quamdiu
2243 3570 2337 3599 eidem

1280 3614 1369 3643 Sacro
1390 3609 1528 3641 Concilio
1550 3619 1601 3648 pro
1624 3610 1704 3640 bono
1725 3610 1835 3640 unionis
1853 3607 1986 3639 Ecclefiae
2002 3610 2067 3639 utile
2083 3612 2116 3640 Sc
2133 3608 2279 3646 expediens
2293 3608 2336 3639 vi-

1280 3652 1408 3681 deretur:

1306 3689 1406 3726 -Cujus
1422 3686 1568 3718 Custodiae
1579 3696 1668 3724 onus,
1686 3685 1721 3715 ad
1737 3685 1901 3719 firmandam
1915 3686 2052 3716 unionem
2071 3685 2182 3716 Sancte
2204 3684 2262 3714 Dei
2279 3683 2340 3715 Ee-

1281 3727 1388 3764 clesiae,
1406 3723 1573 3764 suscepimus
1589 3725 1722 3756 benivole
1736 3734 1819 3761 atque
1833 3727 1965 3762 prompte
1978 3734 1984 3753 :

1320 3766 1367 3796 De
1381 3764 1428 3795 tua
1442 3774 1556 3802 quoque
1570 3763 1674 3793 sinceri
1687 3763 1742 3794 fide
1757 3764 1790 3794 &
1805 3764 1870 3793 zelo
1887 3764 1982 3800 (quam
1997 3761 2031 3792 ad
2046 3761 2164 3792 Sacrum
2171 3760 2337 3792 Concilium

1282 3806 1316 3836 &
1329 3804 1462 3834 Sanctam
1478 3801 1678 3833 Universalem
1702 3800 1856 3831 Ecclesiam
1877 3800 2086 3830 evidentissimis
2114 3801 2287 3835 argumentis
2306 3801 2338 3831 in

1284 3851 1313 3872 te
1327 3843 1422 3880 vigere
1435 3842 1638 3879 cognovimus)
1661 3840 1850 3870 indubitanter
1869 3838 1984 3875 confisi,
2005 3837 2161 3867 Dilectioni
2179 3846 2233 3868 tuae
2253 3839 2339 3875 (tam-

1285 3890 1371 3919 quam
1387 3903 1396 3918 ,
1421 3890 1479 3918 prae
1495 3880 1602 3909 caeteris
1621 3879 1700 3909 Sacri
1719 3877 1833 3914 Imperii
1852 3875 2026 3911 Principibus
2040 3899 2050 3912 ,
2068 3875 2102 3905 ad
2121 3876 2200 3913 hujus
2219 3877 2257 3906 rei
2275 3887 2341 3907 exe-

1285 3920 1450 3955 cutionem,
1470 3919 1557 3956 magis
1575 3916 1725 3947 sufficienti
1743 3916 1776 3945 &
1794 3914 1916 3952 ydoneo)
1939 3913 2088 3943 Personam
2104 3914 2208 3951 praefati
2221 3914 2344 3945 Baltha-

1279 3957 1352 3997 saris
1381 3956 1604 3993 assignavimus,
1631 3964 1716 3993 quem
1740 3955 1769 3982 in
1794 3954 1861 3982 loco
1885 3952 2006 3995 honesto
2030 3953 2071 3981 tui
2090 3951 2225 3983 Dominii
2243 3954 2342 3991 (veluti

1290 3996 1414 4026 Unionis
1433 3996 1465 4026 &
1486 3992 1565 4024 Pacis
1585 3992 1721 4024 Ecctefiae
1740 3992 1860 4021 Amator
1877 3991 2004 4025 eximius)
2024 3989 2178 4021 fideliffime
2193 3992 2344 4023 conserva-

1288 4033 1340 4071 sti·,
1360 4042 1412 4070 pro
1430 4043 1490 4071 quo
1508 4032 1582 4071 apud
1600 4031 1841 4068 Omnipotentem
1860 4027 1960 4059 Deum
1978 4027 2119 4067 Praemia,
2136 4030 2259 4068 &apud
2276 4030 2344 4060 Ho-

1771 4066 1798 4098 E
2256 4069 2349 4099 mines
