<?xml version="1.0" encoding="UTF-8"?>
<!DOCTYPE html PUBLIC "-//W3C//DTD XHTML 1.0 Transitional//EN"
    "http://www.w3.org/TR/xhtml1/DTD/xhtml1-transitional.dtd">
<html xmlns="http://www.w3.org/1999/xhtml" xml:lang="en" lang="en">
 <head>
  <title>
</title>
<meta http-equiv="Content-Type" content="text/html;charset=utf-8" />
  <meta name='ocr-system' content='tesseract 3.04.00' />
  <meta name='ocr-capabilities' content='ocr_page ocr_carea ocr_par ocr_line ocrx_word'/>
</head>
<body>
  <div class='ocr_page' id='page_1' title='image "./fderaconventione04ryme_0064.png"; bbox 0 0 2562 4274; ppageno 0'>
   <div class='ocr_carea' id='block_1_1' title="bbox 644 100 1893 154">
    <p class='ocr_par' dir='ltr' id='par_1_1' title="bbox 644 100 1893 154">
     <span class='ocr_line' id='line_1_1' title="bbox 644 100 1893 154; baseline -0.001 -7"><span class='ocrx_word' id='word_1_1' title='bbox 644 100 1893 154; x_wconf 73' lang='lat' dir='ltr'><strong>CONVENTIONES3L1TERAE,</strong></span> 
     </span>
    </p>
   </div>
   <div class='ocr_carea' id='block_1_2' title="bbox 48 109 2540 322">
    <p class='ocr_par' dir='ltr' id='par_1_2' title="bbox 48 109 2540 322">
     <span class='ocr_line' id='line_1_2' title="bbox 200 109 250 153; baseline -0.08 0"><span class='ocrx_word' id='word_1_2' title='bbox 200 123 219 153; x_wconf 86' lang='lat'>2</span> <span class='ocrx_word' id='word_1_3' title='bbox 228 109 250 149; x_wconf 84' lang='lat'>8</span> 
     </span>
     <span class='ocr_line' id='line_1_3' title="bbox 48 185 2540 233; baseline -0.001 -8"><span class='ocrx_word' id='word_1_4' title='bbox 48 193 129 225; x_wconf 62' lang='lat' dir='ltr'><strong>&#39;Amr</strong></span> <span class='ocrx_word' id='word_1_5' title='bbox 142 192 182 224; x_wconf 90' lang='lat' dir='ltr'><strong>D.</strong></span> <span class='ocrx_word' id='word_1_6' title='bbox 1331 198 1379 233; x_wconf 71' lang='lat' dir='ltr'><strong>nae</strong></span> <span class='ocrx_word' id='word_1_7' title='bbox 1394 190 1464 221; x_wconf 90' lang='lat' dir='ltr'><strong>hinc</strong></span> <span class='ocrx_word' id='word_1_8' title='bbox 1480 190 1547 222; x_wconf 91' lang='lat' dir='ltr'><strong>inde</strong></span> <span class='ocrx_word' id='word_1_9' title='bbox 1563 190 1600 221; x_wconf 92' lang='lat' dir='ltr'><strong>de</strong></span> <span class='ocrx_word' id='word_1_10' title='bbox 1615 189 1744 229; x_wconf 80' lang='lat' dir='ltr'><strong>praesenti</strong></span> <span class='ocrx_word' id='word_1_11' title='bbox 1764 189 1968 230; x_wconf 83' lang='lat' dir='ltr'>exprimentia,</span> <span class='ocrx_word' id='word_1_12' title='bbox 1986 189 2006 212; x_wconf 70' lang='lat'><strong>*¹²</strong></span> <span class='ocrx_word' id='word_1_13' title='bbox 2025 190 2191 223; x_wconf 90' lang='lat' dir='ltr'><strong>melioribus</strong></span> <span class='ocrx_word' id='word_1_14' title='bbox 2204 188 2238 222; x_wconf 92' lang='lat'>&amp;</span> <span class='ocrx_word' id='word_1_15' title='bbox 2248 189 2392 222; x_wconf 82' lang='lat' dir='ltr'><strong>efficacio-</strong></span> <span class='ocrx_word' id='word_1_16' title='bbox 2405 188 2482 221; x_wconf 79' lang='lat' dir='ltr'><strong>Ann.</strong></span> <span class='ocrx_word' id='word_1_17' title='bbox 2497 185 2540 222; x_wconf 85' lang='lat' dir='ltr'><strong>D.</strong></span> 
     </span>
     <span class='ocr_line' id='line_1_4' title="bbox 81 228 2515 271; baseline 0 -11"><span class='ocrx_word' id='word_1_18' title='bbox 81 240 165 270; x_wconf 82' lang='lat'><strong>1402.</strong></span> <span class='ocrx_word' id='word_1_19' title='bbox 1330 229 1406 271; x_wconf 68' lang='lat' dir='ltr'><strong>ribus</strong></span> <span class='ocrx_word' id='word_1_20' title='bbox 1424 228 1542 268; x_wconf 86' lang='lat' dir='ltr'><strong>Modis,</strong></span> <span class='ocrx_word' id='word_1_21' title='bbox 1559 230 1671 268; x_wconf 85' lang='lat' dir='ltr'><strong>verbis,</strong></span> <span class='ocrx_word' id='word_1_22' title='bbox 1688 231 1723 262; x_wconf 86' lang='lat'>&amp;</span> <span class='ocrx_word' id='word_1_23' title='bbox 1741 231 1855 269; x_wconf 88' lang='lat' dir='ltr'><strong>formis,</strong></span> <span class='ocrx_word' id='word_1_24' title='bbox 1871 230 1990 268; x_wconf 83' lang='lat' dir='ltr'><strong>quibus,</strong></span> <span class='ocrx_word' id='word_1_25' title='bbox 2007 229 2043 260; x_wconf 92' lang='lat' dir='ltr'><strong>de</strong></span> <span class='ocrx_word' id='word_1_26' title='bbox 2054 229 2123 268; x_wconf 89' lang='lat' dir='ltr'><strong>Jure</strong></span> <span class='ocrx_word' id='word_1_27' title='bbox 2137 230 2181 261; x_wconf 89' lang='lat' dir='ltr'><strong>seu</strong></span> <span class='ocrx_word' id='word_1_28' title='bbox 2196 229 2232 260; x_wconf 92' lang='lat' dir='ltr'><strong>de</strong></span> <span class='ocrx_word' id='word_1_29' title='bbox 2247 229 2336 260; x_wconf 71' lang='lat' dir='ltr'><strong>Facto</strong></span> <span class='ocrx_word' id='word_1_30' title='bbox 2343 229 2393 261; x_wconf 85' lang='lat' dir='ltr'><strong>fie-</strong></span> <span class='ocrx_word' id='word_1_31' title='bbox 2428 237 2515 268; x_wconf 85' lang='lat'><strong>1402.</strong></span> 
     </span>
     <span class='ocr_line' id='line_1_5' title="bbox 52 267 2536 322; baseline -0 -23"><span class='ocrx_word' id='word_1_32' title='bbox 52 276 117 299; x_wconf 76' lang='lat' dir='ltr'><strong>Hm.</strong></span> <span class='ocrx_word' id='word_1_33' title='bbox 133 281 160 307; x_wconf 85' lang='lat'><strong>4.</strong></span> <span class='ocrx_word' id='word_1_34' title='bbox 247 282 304 312; x_wconf 67' lang='lat' dir='ltr'><strong>Pro</strong></span> <span class='ocrx_word' id='word_1_35' title='bbox 325 276 482 312; x_wconf 61' lang='lat' dir='ltr'><em>Marchigs</em></span> <span class='ocrx_word' id='word_1_36' title='bbox 501 275 693 322; x_wconf 60' lang='lat' dir='ltr'><em>deftndmdis</em></span> <span class='ocrx_word' id='word_1_37' title='bbox 704 302 714 319; x_wconf 64' lang='lat'>‚</span> <span class='ocrx_word' id='word_1_38' title='bbox 739 274 776 308; x_wconf 65' lang='lat' dir='ltr'><strong>de</strong></span> <span class='ocrx_word' id='word_1_39' title='bbox 796 275 1034 309; x_wconf 83' lang='lat' dir='ltr'><strong>Proclamatione</strong></span> <span class='ocrx_word' id='word_1_40' title='bbox 1042 274 1199 321; x_wconf 78' lang='lat' dir='ltr'><strong>facienda.</strong></span> <span class='ocrx_word' id='word_1_41' title='bbox 1325 275 1348 295; x_wconf 81' lang='lat' dir='ltr'><strong>n</strong></span> <span class='ocrx_word' id='word_1_42' title='bbox 1367 268 1470 304; x_wconf 82' lang='lat' dir='ltr'><strong>poterit</strong></span> <span class='ocrx_word' id='word_1_43' title='bbox 1482 267 1707 299; x_wconf 82' lang='lat' dir='ltr'><strong>contrahendum</strong></span> <span class='ocrx_word' id='word_1_44' title='bbox 1718 291 1727 307; x_wconf 92' lang='lat'><strong>,</strong></span> <span class='ocrx_word' id='word_1_45' title='bbox 1744 278 1778 299; x_wconf 88' lang='lat' dir='ltr'><strong>ac</strong></span> <span class='ocrx_word' id='word_1_46' title='bbox 1796 268 1882 306; x_wconf 83' lang='lat' dir='ltr'>ipsam</span> <span class='ocrx_word' id='word_1_47' title='bbox 1896 267 2058 299; x_wconf 79' lang='lat' dir='ltr'>Dominam</span> <span class='ocrx_word' id='word_1_48' title='bbox 2076 267 2244 300; x_wconf 84' lang='lat' dir='ltr'><strong>Katerinam</strong></span> <span class='ocrx_word' id='word_1_49' title='bbox 2258 269 2288 298; x_wconf 90' lang='lat' dir='ltr'><strong>in</strong></span> <span class='ocrx_word' id='word_1_50' title='bbox 2305 267 2393 299; x_wconf 85' lang='lat' dir='ltr'><strong>Uxo—</strong></span> <span class='ocrx_word' id='word_1_51' title='bbox 2406 272 2469 296; x_wconf 83' lang='lat' dir='ltr'><strong>Hen-</strong></span> <span class='ocrx_word' id='word_1_52' title='bbox 2486 276 2518 305; x_wconf 88' lang='lat'><strong>4.</strong></span> <span class='ocrx_word' id='word_1_53' title='bbox 2529 290 2536 295; x_wconf 92' lang='lat'><strong>.</strong></span> 
     </span>
    </p>
   </div>
   <div class='ocr_carea' id='block_1_3' title="bbox 1327 305 2513 351">
    <p class='ocr_par' dir='ltr' id='par_1_3' title="bbox 1327 305 2513 351">
     <span class='ocr_line' id='line_1_6' title="bbox 1327 305 2513 351; baseline 0.003 -17"><span class='ocrx_word' id='word_1_54' title='bbox 1327 314 1388 334; x_wconf 87' lang='lat' dir='ltr'><strong>rem</strong></span> <span class='ocrx_word' id='word_1_55' title='bbox 1405 305 1478 336; x_wconf 68' lang='lat' dir='ltr'><strong>dieti</strong></span> <span class='ocrx_word' id='word_1_56' title='bbox 1492 305 1617 336; x_wconf 89' lang='lat' dir='ltr'>Domini</span> <span class='ocrx_word' id='word_1_57' title='bbox 1634 306 1759 337; x_wconf 86' lang='lat' dir='ltr'><strong>Henrici</strong></span> <span class='ocrx_word' id='word_1_58' title='bbox 1774 306 1913 345; x_wconf 84' lang='lat' dir='ltr'><strong>Principis</strong></span> <span class='ocrx_word' id='word_1_59' title='bbox 1927 305 2150 351; x_wconf 37' lang='lat' dir='ltr'><strong>Constituentis&#39;,</strong></span> <span class='ocrx_word' id='word_1_60' title='bbox 2169 317 2219 346; x_wconf 86' lang='lat' dir='ltr'><strong>per</strong></span> <span class='ocrx_word' id='word_1_61' title='bbox 2234 306 2394 347; x_wconf 84' lang='lat' dir='ltr'><strong>hujusmodi</strong></span> <span class='ocrx_word' id='word_1_62' title='bbox 2411 306 2473 329; x_wconf 56' lang='lat' dir='ltr'><strong>*Aa</strong></span> <span class='ocrx_word' id='word_1_63' title='bbox 2487 309 2513 329; x_wconf 74' lang='lat' dir='ltr'><strong>h·</strong></span> 
     </span>
    </p>
   </div>
   <div class='ocr_carea' id='block_1_4' title="bbox 1331 339 2540 396">
    <p class='ocr_par' dir='ltr' id='par_1_4' title="bbox 1331 339 2540 396">
     <span class='ocr_line' id='line_1_7' title="bbox 1331 339 2540 396; baseline 0.003 -23"><span class='ocrx_word' id='word_1_64' title='bbox 1331 342 1426 374; x_wconf 87' lang='lat' dir='ltr'><strong>Verba</strong></span> <span class='ocrx_word' id='word_1_65' title='bbox 1440 344 1478 375; x_wconf 91' lang='lat' dir='ltr'><strong>de</strong></span> <span class='ocrx_word' id='word_1_66' title='bbox 1494 345 1641 384; x_wconf 81' lang='lat' dir='ltr'><strong>praesenti,</strong></span> <span class='ocrx_word' id='word_1_67' title='bbox 1658 347 1692 377; x_wconf 89' lang='lat'>&amp;</span> <span class='ocrx_word' id='word_1_68' title='bbox 1717 355 1766 383; x_wconf 88' lang='lat' dir='ltr'><strong>per</strong></span> <span class='ocrx_word' id='word_1_69' title='bbox 1788 345 1840 375; x_wconf 87' lang='lat' dir='ltr'><strong>alia</strong></span> <span class='ocrx_word' id='word_1_70' title='bbox 1861 354 2040 383; x_wconf 70' lang='lat' dir='ltr'><strong>quaecunque</strong></span> <span class='ocrx_word' id='word_1_71' title='bbox 2059 345 2187 383; x_wconf 88' lang='lat' dir='ltr'><strong>legitima</strong></span> <span class='ocrx_word' id='word_1_72' title='bbox 2201 369 2211 385; x_wconf 87' lang='lat'><strong>,</strong></span> <span class='ocrx_word' id='word_1_73' title='bbox 2235 345 2268 376; x_wconf 70' lang='grc' dir='ltr'><strong>ὃ(</strong></span> <span class='ocrx_word' id='word_1_74' title='bbox 2283 346 2317 376; x_wconf 87' lang='lat' dir='ltr'><strong>ad</strong></span> <span class='ocrx_word' id='word_1_75' title='bbox 2338 345 2396 377; x_wconf 87' lang='lat' dir='ltr'><strong>hoc</strong></span> <span class='ocrx_word' id='word_1_76' title='bbox 2411 339 2540 396; x_wconf 43' lang='grc' dir='ltr'><strong>ῧξζῗιῗὲζῐ·</strong></span> 
     </span>
    </p>
   </div>
   <div class='ocr_carea' id='block_1_5' title="bbox 52 344 1135 419">
    <p class='ocr_par' dir='ltr' id='par_1_5' title="bbox 52 344 1135 419">
     <span class='ocr_line' id='line_1_8' title="bbox 52 344 1135 419; baseline 0.004 -30"><span class='ocrx_word' id='word_1_77' title='bbox 52 347 131 377; x_wconf 68' lang='grc' dir='ltr'>ΑΠΠ·</span> <span class='ocrx_word' id='word_1_78' title='bbox 146 344 186 376; x_wconf 83' lang='lat' dir='ltr'><strong>D·</strong></span> <span class='ocrx_word' id='word_1_79' title='bbox 206 364 291 419; x_wconf 80' lang='lat' dir='ltr'><strong>RE</strong></span> <span class='ocrx_word' id='word_1_80' title='bbox 301 365 349 403; x_wconf 93' lang='lat' dir='ltr'><strong>X,</strong></span> <span class='ocrx_word' id='word_1_81' title='bbox 366 363 541 395; x_wconf 87' lang='lat' dir='ltr'><strong>Vicecomiti</strong></span> <span class='ocrx_word' id='word_1_82' title='bbox 556 361 781 399; x_wconf 79' lang='lat' dir='ltr'><strong>Notinghamiae</strong></span> <span class='ocrx_word' id='word_1_83' title='bbox 796 363 829 394; x_wconf 68' lang='grc' dir='ltr'><strong>ὃς</strong></span> <span class='ocrx_word' id='word_1_84' title='bbox 846 361 1135 398; x_wconf 51' lang='lat' dir='ltr'><strong>Derbiae,Salutem.</strong></span> 
     </span>
    </p>
   </div>
   <div class='ocr_carea' id='block_1_6' title="bbox 58 2003 195 2234">
    <p class='ocr_par' dir='ltr' id='par_1_6' title="bbox 58 2003 195 2121">
     <span class='ocr_line' id='line_1_9' title="bbox 58 2003 195 2036; baseline -0.015 0"><span class='ocrx_word' id='word_1_85' title='bbox 58 2003 136 2036; x_wconf 90' lang='lat' dir='ltr'><strong>Ann.</strong></span> <span class='ocrx_word' id='word_1_86' title='bbox 154 2003 195 2034; x_wconf 94' lang='lat' dir='ltr'><strong>D.</strong></span> 
     </span>
     <span class='ocr_line' id='line_1_10' title="bbox 86 2052 173 2082; baseline -0.011 -9"><span class='ocrx_word' id='word_1_87' title='bbox 86 2052 173 2082; x_wconf 80' lang='lat'><strong>1402.</strong></span> 
     </span>
     <span class='ocr_line' id='line_1_11' title="bbox 75 2086 174 2121; baseline 0.01 -12"><span class='ocrx_word' id='word_1_88' title='bbox 75 2086 128 2109; x_wconf 79' lang='lat' dir='ltr'><strong>An.</strong></span> <span class='ocrx_word' id='word_1_89' title='bbox 147 2091 174 2121; x_wconf 79' lang='lat'><strong>3.</strong></span> 
     </span>
    </p>

    <p class='ocr_par' dir='ltr' id='par_1_7' title="bbox 59 2126 129 2156">
     <span class='ocr_line' id='line_1_12' title="bbox 59 2126 129 2156; baseline -0.029 -6"><span class='ocrx_word' id='word_1_90' title='bbox 59 2126 94 2150; x_wconf 76' lang='lat' dir='ltr'><strong>H.</strong></span> <span class='ocrx_word' id='word_1_91' title='bbox 111 2131 129 2156; x_wconf 82' lang='lat'><em>4</em></span> 
     </span>
    </p>

    <p class='ocr_par' dir='ltr' id='par_1_8' title="bbox 58 2163 140 2187">
     <span class='ocr_line' id='line_1_13' title="bbox 58 2163 140 2187; baseline 0 -1"><span class='ocrx_word' id='word_1_92' title='bbox 58 2163 99 2187; x_wconf 71' lang='lat' dir='ltr'><strong>Ex</strong></span> <span class='ocrx_word' id='word_1_93' title='bbox 114 2163 140 2186; x_wconf 90' lang='lat' dir='ltr'><em>A</em></span> 
     </span>
    </p>

    <p class='ocr_par' dir='ltr' id='par_1_9' title="bbox 62 2206 125 2234">
     <span class='ocr_line' id='line_1_14' title="bbox 62 2206 125 2234; baseline 0.016 -10"><span class='ocrx_word' id='word_1_94' title='bbox 62 2206 125 2234; x_wconf 78' lang='lat' dir='ltr'><strong>rogr.</strong></span> 
     </span>
    </p>
   </div>
   <div class='ocr_carea' id='block_1_7' title="bbox 62 2602 190 2675">
    <p class='ocr_par' dir='ltr' id='par_1_10' title="bbox 62 2602 190 2675">
     <span class='ocr_line' id='line_1_15' title="bbox 62 2602 190 2630; baseline 0.023 -3"><span class='ocrx_word' id='word_1_95' title='bbox 62 2602 83 2621; x_wconf 66' lang='lat'>0</span> <span class='ocrx_word' id='word_1_96' title='bbox 106 2603 190 2630; x_wconf 82' lang='lat' dir='ltr'>VIII.</span> 
     </span>
     <span class='ocr_line' id='line_1_16' title="bbox 81 2639 145 2675; baseline -0.016 -8"><span class='ocrx_word' id='word_1_97' title='bbox 81 2639 145 2675; x_wconf 83' lang='lat'><strong>258.</strong></span> 
     </span>
    </p>
   </div>
   <div class='ocr_carea' id='block_1_8' title="bbox 49 3471 181 3627">
    <p class='ocr_par' dir='ltr' id='par_1_11' title="bbox 68 3471 181 3593">
     <span class='ocr_line' id='line_1_17' title="bbox 68 3471 181 3503; baseline 0.009 -9"><span class='ocrx_word' id='word_1_98' title='bbox 68 3474 88 3503; x_wconf 48' lang='grc' dir='ltr'>ψ</span> <span class='ocrx_word' id='word_1_99' title='bbox 104 3471 139 3494; x_wconf 69' lang='lat' dir='ltr'><strong>Aa</strong></span> <span class='ocrx_word' id='word_1_100' title='bbox 156 3471 181 3495; x_wconf 79' lang='lat' dir='ltr'><strong>ii-</strong></span> 
     </span>
     <span class='ocr_line' id='line_1_18' title="bbox 70 3513 162 3527; baseline 0 0"><span class='ocrx_word' id='word_1_101' title='bbox 70 3513 122 3527; x_wconf 81' lang='lat' dir='ltr'><strong>xiem</strong></span> <span class='ocrx_word' id='word_1_102' title='bbox 139 3513 162 3527; x_wconf 90' lang='lat' dir='ltr'><strong>in</strong></span> 
     </span>
     <span class='ocr_line' id='line_1_19' title="bbox 69 3537 153 3560; baseline 0 0"><span class='ocrx_word' id='word_1_103' title='bbox 69 3537 153 3560; x_wconf 74' lang='lat' dir='ltr'><strong>Instru—</strong></span> 
     </span>
     <span class='ocr_line' id='line_1_20' title="bbox 70 3579 150 3593; baseline 0 0"><span class='ocrx_word' id='word_1_104' title='bbox 70 3579 150 3593; x_wconf 70' lang='lat' dir='ltr'><strong>merito</strong></span> 
     </span>
    </p>

    <p class='ocr_par' dir='ltr' id='par_1_12' title="bbox 49 3605 170 3627">
     <span class='ocr_line' id='line_1_21' title="bbox 49 3605 170 3627; baseline -0.008 -1"><span class='ocrx_word' id='word_1_105' title='bbox 49 3612 52 3616; x_wconf 86' lang='grc'><em>·</em></span> <span class='ocrx_word' id='word_1_106' title='bbox 68 3612 120 3626; x_wconf 86' lang='lat' dir='ltr'><strong>curn</strong></span> <span class='ocrx_word' id='word_1_107' title='bbox 134 3605 170 3627; x_wconf 75' lang='lat' dir='ltr'><strong>tali</strong></span> 
     </span>
    </p>
   </div>
   <div class='ocr_carea' id='block_1_9' title="bbox 53 382 2541 593">
    <p class='ocr_par' dir='ltr' id='par_1_13' title="bbox 53 382 2541 593">
     <span class='ocr_line' id='line_1_22' title="bbox 53 382 2541 460; baseline 0 -28"><span class='ocrx_word' id='word_1_108' title='bbox 53 394 160 460; x_wconf 39' lang='lat' dir='ltr'><strong>g&#39;ffss·</strong></span> <span class='ocrx_word' id='word_1_109' title='bbox 304 404 384 441; x_wconf 84' lang='lat' dir='ltr'><strong>Qiia</strong></span> <span class='ocrx_word' id='word_1_110' title='bbox 397 402 496 432; x_wconf 85' lang='lat' dir='ltr'><strong>datum</strong></span> <span class='ocrx_word' id='word_1_111' title='bbox 510 400 551 431; x_wconf 89' lang='lat' dir='ltr'><strong>est</strong></span> <span class='ocrx_word' id='word_1_112' title='bbox 567 400 666 431; x_wconf 91' lang='lat' dir='ltr'><strong>Nobis</strong></span> <span class='ocrx_word' id='word_1_113' title='bbox 681 400 801 438; x_wconf 84' lang='lat' dir='ltr'><strong>intelligi</strong></span> <span class='ocrx_word' id='word_1_114' title='bbox 819 400 898 444; x_wconf 71' lang='lat' dir='ltr'><strong>quod</strong></span> <span class='ocrx_word' id='word_1_115' title='bbox 913 402 982 429; x_wconf 87' lang='lat' dir='ltr'><strong>Dux</strong></span> <span class='ocrx_word' id='word_1_116' title='bbox 997 399 1151 437; x_wconf 78' lang='lat' dir='ltr'><strong>Albaniae,</strong></span> <span class='ocrx_word' id='word_1_117' title='bbox 1165 399 1270 443; x_wconf 30' lang='lat' dir='ltr'>*&amp;·Co-</span> <span class='ocrx_word' id='word_1_118' title='bbox 1330 382 2005 460; x_wconf 46' lang='grc' dir='ltr'><strong>3Ρὲἔαξτίξξέἓὲἑῗὶῗᾶὅὲζεῇἳὲῑῇῗὲζὲἓᾙώῃ</strong></span> <span class='ocrx_word' id='word_1_119' title='bbox 2042 420 2245 453; x_wconf 60' lang='lat' dir='ltr'>Exercendum</span> <span class='ocrx_word' id='word_1_120' title='bbox 2261 421 2347 454; x_wconf 68' lang='lat' dir='ltr'><strong>&amp;EX</strong></span> <span class='ocrx_word' id='word_1_121' title='bbox 2367 434 2396 455; x_wconf 35' lang='lat' dir='ltr'><strong>e*</strong></span> <span class='ocrx_word' id='word_1_122' title='bbox 2413 407 2541 445; x_wconf 67' lang='lat' dir='ltr'><strong>miiaigiio.</strong></span> 
     </span>
     <span class='ocr_line' id='line_1_23' title="bbox 54 434 2540 509; baseline 0.003 -20"><span class='ocrx_word' id='word_1_123' title='bbox 54 466 88 489; x_wconf 85' lang='lat' dir='ltr'><strong>H.</strong></span> <span class='ocrx_word' id='word_1_124' title='bbox 107 472 135 497; x_wconf 85' lang='lat'><strong>4.</strong></span> <span class='ocrx_word' id='word_1_125' title='bbox 208 453 261 472; x_wconf 70' lang='lat'><strong>&#39;&#39;¹²⁹&#39;&#39;</strong></span> <span class='ocrx_word' id='word_1_126' title='bbox 291 439 469 509; x_wconf 63' lang='lat' dir='ltr'><strong>d‘&#39;stD⁰f‘gla¹</strong></span> <span class='ocrx_word' id='word_1_127' title='bbox 485 448 591 508; x_wconf 63' lang='lat' dir='ltr'>’Reum</span> <span class='ocrx_word' id='word_1_128' title='bbox 615 449 719 508; x_wconf 39' lang='lat' dir='ltr'>mags&amp;</span> <span class='ocrx_word' id='word_1_129' title='bbox 745 439 921 508; x_wconf 43' lang='lat' dir='ltr'><strong>mufflmdlff‘e</strong></span> <span class='ocrx_word' id='word_1_130' title='bbox 946 438 1102 506; x_wconf 59' lang='lat' dir='ltr'><strong>chtortilm</strong></span> <span class='ocrx_word' id='word_1_131' title='bbox 1128 436 1271 501; x_wconf 50' lang='lat' dir='ltr'><strong>If&#39;muco‘-</strong></span> <span class='ocrx_word' id='word_1_132' title='bbox 1328 457 1483 497; x_wconf 89' lang='lat' dir='ltr'><strong>diendum,</strong></span> <span class='ocrx_word' id='word_1_133' title='bbox 1501 470 1564 497; x_wconf 84' lang='lat' dir='ltr'><strong>quae</strong></span> <span class='ocrx_word' id='word_1_134' title='bbox 1579 461 1609 489; x_wconf 88' lang='lat' dir='ltr'><strong>in</strong></span> <span class='ocrx_word' id='word_1_135' title='bbox 1625 460 1794 498; x_wconf 84' lang='lat' dir='ltr'><strong>Praemiflis,</strong></span> <span class='ocrx_word' id='word_1_136' title='bbox 1810 461 1856 490; x_wconf 90' lang='lat' dir='ltr'><strong>vel</strong></span> <span class='ocrx_word' id='word_1_137' title='bbox 1870 470 1973 491; x_wconf 85' lang='lat' dir='ltr'><strong>eorum</strong></span> <span class='ocrx_word' id='word_1_138' title='bbox 1988 444 2082 498; x_wconf 77' lang='lat' dir='ltr'><strong>aliquo</strong></span> <span class='ocrx_word' id='word_1_139' title='bbox 2105 461 2254 491; x_wconf 69' lang='lat' dir='ltr'><strong>necessaria</strong></span> <span class='ocrx_word' id='word_1_140' title='bbox 2274 434 2378 493; x_wconf 52' lang='lat' dir='ltr'><strong>fueriilit</strong></span> <span class='ocrx_word' id='word_1_141' title='bbox 2413 442 2540 503; x_wconf 49' lang='lat' dir='ltr'><strong>{pagnesraffin</strong></span> 
     </span>
     <span class='ocr_line' id='line_1_24' title="bbox 53 485 2527 553; baseline 0.002 -28"><span class='ocrx_word' id='word_1_142' title='bbox 53 500 140 536; x_wconf 70' lang='lat' dir='ltr'><strong>Claus</strong></span> <span class='ocrx_word' id='word_1_143' title='bbox 158 508 183 535; x_wconf 86' lang='lat'><strong>3.</strong></span> <span class='ocrx_word' id='word_1_144' title='bbox 203 491 275 549; x_wconf 41' lang='lat'><strong>‘2⁰3¹</strong></span> <span class='ocrx_word' id='word_1_145' title='bbox 290 487 869 553; x_wconf 44' lang='grc' dir='ltr'><strong>Ἶξοῲξιὲἑῃίίσεῖἕῖιέᾜῐίἓῖᾓέξπῇεὲᾓξ</strong></span> <span class='ocrx_word' id='word_1_146' title='bbox 882 487 917 545; x_wconf 47' lang='lat'>¹¹2³}</span> <span class='ocrx_word' id='word_1_147' title='bbox 932 487 1088 545; x_wconf 42' lang='lat' dir='ltr'>Mssrctffffsa</span> <span class='ocrx_word' id='word_1_148' title='bbox 1095 485 1268 547; x_wconf 48' lang='grc' dir='ltr'><strong>ὃὲἶῗὶέῗὲ-</strong></span> <span class='ocrx_word' id='word_1_149' title='bbox 1325 497 1372 527; x_wconf 86' lang='lat' dir='ltr'><strong>vel</strong></span> <span class='ocrx_word' id='word_1_150' title='bbox 1385 505 1523 544; x_wconf 74' lang='lat' dir='ltr'><strong>oportuna</strong></span> <span class='ocrx_word' id='word_1_151' title='bbox 1538 520 1549 536; x_wconf 94' lang='lat'><strong>,</strong></span> <span class='ocrx_word' id='word_1_152' title='bbox 1571 499 1678 528; x_wconf 86' lang='lat' dir='ltr'><strong>etiarnsi</strong></span> <span class='ocrx_word' id='word_1_153' title='bbox 1694 497 1872 543; x_wconf 76' lang='lat' dir='ltr'><strong>Mandatum</strong></span> <span class='ocrx_word' id='word_1_154' title='bbox 1897 500 1928 529; x_wconf 88' lang='lat' dir='ltr'><strong>in</strong></span> <span class='ocrx_word' id='word_1_155' title='bbox 1953 498 2048 537; x_wconf 86' lang='lat' dir='ltr'><strong>aliquo</strong></span> <span class='ocrx_word' id='word_1_156' title='bbox 2070 497 2287 531; x_wconf 81' lang='lat' dir='ltr'><strong>Praemissorum</strong></span> <span class='ocrx_word' id='word_1_157' title='bbox 2301 502 2336 531; x_wconf 90' lang='lat' dir='ltr'><strong>de</strong></span> <span class='ocrx_word' id='word_1_158' title='bbox 2356 486 2396 532; x_wconf 70' lang='lat' dir='ltr'><strong>sui</strong></span> <span class='ocrx_word' id='word_1_159' title='bbox 2409 514 2449 537; x_wconf 70' lang='lat' dir='ltr'><strong>per</strong></span> <span class='ocrx_word' id='word_1_160' title='bbox 2461 508 2527 531; x_wconf 69' lang='lat' dir='ltr'><strong>verba</strong></span> 
     </span>
     <span class='ocr_line' id='line_1_25' title="bbox 53 536 2525 593; baseline -0.001 -6"><span class='ocrx_word' id='word_1_161' title='bbox 53 542 88 566; x_wconf 57' lang='grc' dir='ltr'>Η</span> <span class='ocrx_word' id='word_1_162' title='bbox 105 549 132 573; x_wconf 72' lang='lat'><strong>4&#39;</strong></span> <span class='ocrx_word' id='word_1_163' title='bbox 202 541 352 588; x_wconf 75' lang='lat' dir='ltr'><strong>bitan&#39;ribus</strong></span> <span class='ocrx_word' id='word_1_164' title='bbox 371 539 572 593; x_wconf 63' lang='lat' dir='ltr'><strong>inferendum,</strong></span> <span class='ocrx_word' id='word_1_165' title='bbox 590 555 623 585; x_wconf 74' lang='grc' dir='ltr'><strong>δε</strong></span> <span class='ocrx_word' id='word_1_166' title='bbox 640 565 687 585; x_wconf 89' lang='lat' dir='ltr'><strong>eos</strong></span> <span class='ocrx_word' id='word_1_167' title='bbox 700 554 808 593; x_wconf 75' lang='lat' dir='ltr'><strong>penitus</strong></span> <span class='ocrx_word' id='word_1_168' title='bbox 826 553 915 591; x_wconf 83' lang='lat' dir='ltr'><strong>(quod</strong></span> <span class='ocrx_word' id='word_1_169' title='bbox 931 553 1012 590; x_wconf 86' lang='lat' dir='ltr'><strong>absit)</strong></span> <span class='ocrx_word' id='word_1_170' title='bbox 1035 552 1265 593; x_wconf 87' lang='lat' dir='ltr'><strong>Destruendum,</strong></span> <span class='ocrx_word' id='word_1_171' title='bbox 1326 542 1424 566; x_wconf 64' lang='lat' dir='ltr'>natum</span> <span class='ocrx_word' id='word_1_172' title='bbox 1438 545 1529 573; x_wconf 75' lang='lat' dir='ltr'>m³g¹⁵</span> <span class='ocrx_word' id='word_1_173' title='bbox 1543 536 1620 567; x_wconf 56' lang='lat' dir='ltr'>dese</span> <span class='ocrx_word' id='word_1_174' title='bbox 1633 545 1776 576; x_wconf 68' lang='lat' dir='ltr'><strong>exegenm</strong></span> <span class='ocrx_word' id='word_1_175' title='bbox 1789 537 1924 576; x_wconf 59' lang='lat' dir='ltr'>spefflsse’</span> <span class='ocrx_word' id='word_1_176' title='bbox 2410 541 2437 562; x_wconf 50' lang='grc' dir='ltr'><strong>ἀρ</strong></span> <span class='ocrx_word' id='word_1_177' title='bbox 2451 540 2525 564; x_wconf 53' lang='grc' dir='ltr'><strong>ωωω</strong></span> 
     </span>
    </p>
   </div>
   <div class='ocr_carea' id='block_1_10' title="bbox 202 590 1274 1442">
    <p class='ocr_par' dir='ltr' id='par_1_14' title="bbox 202 590 1268 671">
     <span class='ocr_line' id='line_1_26' title="bbox 202 590 1268 665; baseline -0.001 -41"><span class='ocrx_word' id='word_1_178' title='bbox 202 595 312 665; x_wconf 58' lang='grc' dir='ltr'><em>ᾞςῑεάὶ</em></span> <span class='ocrx_word' id='word_1_179' title='bbox 335 593 480 624; x_wconf 90' lang='lat' dir='ltr'><strong>intendunt</strong></span> <span class='ocrx_word' id='word_1_180' title='bbox 498 593 570 624; x_wconf 84' lang='lat' dir='ltr'><strong>infra</strong></span> <span class='ocrx_word' id='word_1_181' title='bbox 594 594 679 624; x_wconf 89' lang='lat' dir='ltr'><strong>breve</strong></span> <span class='ocrx_word' id='word_1_182' title='bbox 694 616 705 632; x_wconf 92' lang='lat'><strong>,</strong></span> <span class='ocrx_word' id='word_1_183' title='bbox 728 592 780 624; x_wconf 86' lang='lat' dir='ltr'><strong>nili</strong></span> <span class='ocrx_word' id='word_1_184' title='bbox 803 602 906 623; x_wconf 85' lang='lat' dir='ltr'><strong>eorum</strong></span> <span class='ocrx_word' id='word_1_185' title='bbox 933 590 1054 622; x_wconf 84' lang='lat' dir='ltr'><strong>Malitiae</strong></span> <span class='ocrx_word' id='word_1_186' title='bbox 1079 591 1187 622; x_wconf 73' lang='lat' dir='ltr'><strong>virilius</strong></span> <span class='ocrx_word' id='word_1_187' title='bbox 1204 593 1268 623; x_wconf 89' lang='lat' dir='ltr'><strong>resi-</strong></span> 
     </span>
     <span class='ocr_line' id='line_1_27' title="bbox 233 642 310 671; baseline -0.013 -8"><span class='ocrx_word' id='word_1_188' title='bbox 233 642 310 671; x_wconf 78' lang='lat' dir='ltr'><strong>atur,</strong></span> 
     </span>
    </p>

    <p class='ocr_par' dir='ltr' id='par_1_15' title="bbox 245 671 333 710">
     <span class='ocr_line' id='line_1_28' title="bbox 245 671 333 710; baseline -0.023 -8"><span class='ocrx_word' id='word_1_189' title='bbox 245 671 333 710; x_wconf 86' lang='lat' dir='ltr'><strong>Nos,</strong></span> 
     </span>
    </p>

    <p class='ocr_par' dir='ltr' id='par_1_16' title="bbox 204 705 1271 899">
     <span class='ocr_line' id='line_1_29' title="bbox 245 705 1269 748; baseline 0 -9"><span class='ocrx_word' id='word_1_190' title='bbox 245 709 369 741; x_wconf 84' lang='lat' dir='ltr'><strong>Malitiae</strong></span> <span class='ocrx_word' id='word_1_191' title='bbox 384 710 510 748; x_wconf 88' lang='lat' dir='ltr'><strong>ipsorum</strong></span> <span class='ocrx_word' id='word_1_192' title='bbox 526 708 618 740; x_wconf 86' lang='lat' dir='ltr'><strong>Ducis</strong></span> <span class='ocrx_word' id='word_1_193' title='bbox 632 708 666 740; x_wconf 69' lang='grc' dir='ltr'><strong>δε</strong></span> <span class='ocrx_word' id='word_1_194' title='bbox 681 707 808 740; x_wconf 91' lang='lat' dir='ltr'><strong>Comitis</strong></span> <span class='ocrx_word' id='word_1_195' title='bbox 823 715 857 738; x_wconf 90' lang='lat' dir='ltr'><strong>ac</strong></span> <span class='ocrx_word' id='word_1_196' title='bbox 871 706 993 738; x_wconf 85' lang='lat' dir='ltr'><strong>aliorum</strong></span> <span class='ocrx_word' id='word_1_197' title='bbox 1012 705 1204 738; x_wconf 88' lang='lat' dir='ltr'><strong>Inimicorum</strong></span> <span class='ocrx_word' id='word_1_198' title='bbox 1212 717 1269 739; x_wconf 90' lang='lat' dir='ltr'><strong>no-</strong></span> 
     </span>
     <span class='ocr_line' id='line_1_30' title="bbox 208 745 1271 787; baseline -0.002 -7"><span class='ocrx_word' id='word_1_199' title='bbox 208 747 330 780; x_wconf 88' lang='lat' dir='ltr'><strong>strorum</strong></span> <span class='ocrx_word' id='word_1_200' title='bbox 351 749 558 787; x_wconf 66' lang='lat' dir='ltr'><strong>praedie&#39;horum</strong></span> <span class='ocrx_word' id='word_1_201' title='bbox 586 747 703 786; x_wconf 60' lang='lat' dir='ltr'><strong>(Gratia</strong></span> <span class='ocrx_word' id='word_1_202' title='bbox 727 747 838 778; x_wconf 85' lang='lat' dir='ltr'><strong>favente</strong></span> <span class='ocrx_word' id='word_1_203' title='bbox 857 745 971 782; x_wconf 64' lang='lat' dir='ltr'><strong>divina)</strong></span> <span class='ocrx_word' id='word_1_204' title='bbox 992 745 1111 776; x_wconf 81' lang='lat' dir='ltr'><strong>resistere</strong></span> <span class='ocrx_word' id='word_1_205' title='bbox 1124 770 1135 785; x_wconf 91' lang='lat'><strong>,</strong></span> <span class='ocrx_word' id='word_1_206' title='bbox 1160 758 1193 778; x_wconf 88' lang='lat' dir='ltr'><strong>ac</strong></span> <span class='ocrx_word' id='word_1_207' title='bbox 1218 757 1271 785; x_wconf 87' lang='lat' dir='ltr'><strong>pro</strong></span> 
     </span>
     <span class='ocr_line' id='line_1_31' title="bbox 206 783 1270 823; baseline 0.001 -7"><span class='ocrx_word' id='word_1_208' title='bbox 206 786 366 818; x_wconf 86' lang='lat' dir='ltr'><strong>Salvatione</strong></span> <span class='ocrx_word' id='word_1_209' title='bbox 381 788 415 819; x_wconf 90' lang='lat'>&amp;</span> <span class='ocrx_word' id='word_1_210' title='bbox 428 787 601 818; x_wconf 80' lang='lat' dir='ltr'><strong>Defensione</strong></span> <span class='ocrx_word' id='word_1_211' title='bbox 614 786 684 816; x_wconf 67' lang='lat' dir='ltr'><strong>dieti</strong></span> <span class='ocrx_word' id='word_1_212' title='bbox 698 784 797 823; x_wconf 85' lang='lat' dir='ltr'><strong>Regni</strong></span> <span class='ocrx_word' id='word_1_213' title='bbox 812 785 919 823; x_wconf 85' lang='lat' dir='ltr'><strong>nostri,</strong></span> <span class='ocrx_word' id='word_1_214' title='bbox 937 785 969 815; x_wconf 64' lang='grc' dir='ltr'><strong>ὃς</strong></span> <span class='ocrx_word' id='word_1_215' title='bbox 987 783 1184 815; x_wconf 89' lang='lat' dir='ltr'><strong>Marchiarum</strong></span> <span class='ocrx_word' id='word_1_216' title='bbox 1200 796 1270 823; x_wconf 61' lang='lat' dir='ltr'><strong>prse-</strong></span> 
     </span>
     <span class='ocr_line' id='line_1_32' title="bbox 204 821 1268 864; baseline -0.001 -8"><span class='ocrx_word' id='word_1_217' title='bbox 204 825 344 856; x_wconf 68' lang='lat' dir='ltr'><strong>dictarum</strong></span> <span class='ocrx_word' id='word_1_218' title='bbox 357 849 367 864; x_wconf 95' lang='lat'><strong>,</strong></span> <span class='ocrx_word' id='word_1_219' title='bbox 385 837 418 857; x_wconf 91' lang='lat' dir='ltr'><strong>ac</strong></span> <span class='ocrx_word' id='word_1_220' title='bbox 434 826 594 863; x_wconf 84' lang='lat' dir='ltr'><strong>Ligeorum</strong></span> <span class='ocrx_word' id='word_1_221' title='bbox 615 823 780 855; x_wconf 88' lang='lat' dir='ltr'><strong>nostrorum</strong></span> <span class='ocrx_word' id='word_1_222' title='bbox 800 824 830 853; x_wconf 91' lang='lat' dir='ltr'><strong>iri</strong></span> <span class='ocrx_word' id='word_1_223' title='bbox 849 821 953 854; x_wconf 85' lang='lat' dir='ltr'><strong>eisdem</strong></span> <span class='ocrx_word' id='word_1_224' title='bbox 968 822 1175 862; x_wconf 77' lang='lat' dir='ltr'><strong>habitantium,</strong></span> <span class='ocrx_word' id='word_1_225' title='bbox 1193 825 1268 855; x_wconf 90' lang='lat' dir='ltr'><strong>ordi-</strong></span> 
     </span>
     <span class='ocr_line' id='line_1_33' title="bbox 205 865 620 899; baseline -0.005 -3"><span class='ocrx_word' id='word_1_226' title='bbox 205 874 272 896; x_wconf 89' lang='lat' dir='ltr'><strong>nare</strong></span> <span class='ocrx_word' id='word_1_227' title='bbox 287 865 413 895; x_wconf 82' lang='lat' dir='ltr'><strong>volentes</strong></span> <span class='ocrx_word' id='word_1_228' title='bbox 428 873 459 895; x_wconf 88' lang='lat' dir='ltr'><strong>ut</strong></span> <span class='ocrx_word' id='word_1_229' title='bbox 474 873 620 899; x_wconf 87' lang='lat' dir='ltr'><strong>tenemur,</strong></span> 
     </span>
    </p>

    <p class='ocr_par' dir='ltr' id='par_1_17' title="bbox 205 898 1274 1395">
     <span class='ocr_line' id='line_1_34' title="bbox 242 898 1270 943; baseline -0.001 -10"><span class='ocrx_word' id='word_1_230' title='bbox 242 903 314 934; x_wconf 88' lang='lat' dir='ltr'><strong>Tibi</strong></span> <span class='ocrx_word' id='word_1_231' title='bbox 332 903 518 943; x_wconf 85' lang='lat' dir='ltr'><strong>Praecipimus</strong></span> <span class='ocrx_word' id='word_1_232' title='bbox 537 902 653 932; x_wconf 89' lang='lat' dir='ltr'><strong>firmiter</strong></span> <span class='ocrx_word' id='word_1_233' title='bbox 671 900 848 939; x_wconf 68' lang='lat' dir='ltr'><strong>injungentes</strong></span> <span class='ocrx_word' id='word_1_234' title='bbox 872 899 951 938; x_wconf 63' lang='lat' dir='ltr'><strong>qued</strong></span> <span class='ocrx_word' id='word_1_235' title='bbox 972 898 1086 936; x_wconf 89' lang='lat' dir='ltr'><strong>statim,</strong></span> <span class='ocrx_word' id='word_1_236' title='bbox 1115 899 1176 930; x_wconf 80' lang='lat' dir='ltr'><strong>visis</strong></span> <span class='ocrx_word' id='word_1_237' title='bbox 1190 898 1270 932; x_wconf 85' lang='lat' dir='ltr'><strong>Prae-</strong></span> 
     </span>
     <span class='ocr_line' id='line_1_35' title="bbox 205 937 1272 982; baseline -0.004 -9"><span class='ocrx_word' id='word_1_238' title='bbox 205 941 342 982; x_wconf 81' lang='lat' dir='ltr'><strong>sentibus,</strong></span> <span class='ocrx_word' id='word_1_239' title='bbox 360 943 389 972; x_wconf 93' lang='lat' dir='ltr'><strong>in</strong></span> <span class='ocrx_word' id='word_1_240' title='bbox 406 941 516 981; x_wconf 82' lang='lat' dir='ltr'><strong>singulis</strong></span> <span class='ocrx_word' id='word_1_241' title='bbox 532 941 601 971; x_wconf 87' lang='lat' dir='ltr'><strong>locis</strong></span> <span class='ocrx_word' id='word_1_242' title='bbox 617 939 689 970; x_wconf 87' lang='lat' dir='ltr'><strong>infra</strong></span> <span class='ocrx_word' id='word_1_243' title='bbox 704 939 837 969; x_wconf 87' lang='lat' dir='ltr'><strong>Ballivam</strong></span> <span class='ocrx_word' id='word_1_244' title='bbox 854 946 931 981; x_wconf 76' lang='lat' dir='ltr'><strong>tuam</strong></span> <span class='ocrx_word' id='word_1_245' title='bbox 941 960 951 975; x_wconf 86' lang='lat'><strong>,</strong></span> <span class='ocrx_word' id='word_1_246' title='bbox 966 939 1015 981; x_wconf 80' lang='lat' dir='ltr'><strong>ubi</strong></span> <span class='ocrx_word' id='word_1_247' title='bbox 1029 937 1127 968; x_wconf 89' lang='lat' dir='ltr'><strong>melius</strong></span> <span class='ocrx_word' id='word_1_248' title='bbox 1142 939 1272 976; x_wconf 85' lang='lat' dir='ltr'><strong>expedire</strong></span> 
     </span>
     <span class='ocr_line' id='line_1_36' title="bbox 207 975 1271 1018; baseline -0.003 -7"><span class='ocrx_word' id='word_1_249' title='bbox 207 980 327 1018; x_wconf 83' lang='lat' dir='ltr'><strong>videris,</strong></span> <span class='ocrx_word' id='word_1_250' title='bbox 346 990 380 1011; x_wconf 84' lang='lat' dir='ltr'><strong>ex</strong></span> <span class='ocrx_word' id='word_1_251' title='bbox 395 988 471 1018; x_wconf 87' lang='lat' dir='ltr'><strong>parte</strong></span> <span class='ocrx_word' id='word_1_252' title='bbox 487 978 580 1009; x_wconf 82' lang='lat' dir='ltr'><strong>nostra</strong></span> <span class='ocrx_word' id='word_1_253' title='bbox 601 978 716 1016; x_wconf 77' lang='lat' dir='ltr'><strong>publice</strong></span> <span class='ocrx_word' id='word_1_254' title='bbox 736 976 909 1007; x_wconf 85' lang='lat' dir='ltr'><strong>Proclamari</strong></span> <span class='ocrx_word' id='word_1_255' title='bbox 932 976 1014 1006; x_wconf 86' lang='lat' dir='ltr'><strong>facias</strong></span> <span class='ocrx_word' id='word_1_256' title='bbox 1031 975 1110 1013; x_wconf 79' lang='lat' dir='ltr'><strong>quod</strong></span> <span class='ocrx_word' id='word_1_257' title='bbox 1124 985 1224 1007; x_wconf 85' lang='lat' dir='ltr'><strong>omnes</strong></span> <span class='ocrx_word' id='word_1_258' title='bbox 1238 979 1271 1008; x_wconf 90' lang='lat'>&amp;</span> 
     </span>
     <span class='ocr_line' id='line_1_37' title="bbox 207 1012 1272 1056; baseline -0.003 -7"><span class='ocrx_word' id='word_1_259' title='bbox 207 1017 309 1056; x_wconf 82' lang='lat' dir='ltr'><strong>singuli</strong></span> <span class='ocrx_word' id='word_1_260' title='bbox 317 1019 458 1050; x_wconf 84' lang='lat' dir='ltr'><strong>Homines</strong></span> <span class='ocrx_word' id='word_1_261' title='bbox 470 1016 663 1048; x_wconf 87' lang='lat' dir='ltr'><strong>Defensabiles</strong></span> <span class='ocrx_word' id='word_1_262' title='bbox 671 1039 680 1054; x_wconf 87' lang='lat'><strong>,</strong></span> <span class='ocrx_word' id='word_1_263' title='bbox 689 1012 759 1046; x_wconf 84' lang='lat' dir='ltr'><strong>infra</strong></span> <span class='ocrx_word' id='word_1_264' title='bbox 766 1016 872 1045; x_wconf 66' lang='lat' dir='ltr'><strong>dietam</strong></span> <span class='ocrx_word' id='word_1_265' title='bbox 882 1013 1016 1044; x_wconf 84' lang='lat' dir='ltr'><strong>Ballivam</strong></span> <span class='ocrx_word' id='word_1_266' title='bbox 1027 1023 1105 1056; x_wconf 81' lang='lat' dir='ltr'><strong>tuam</strong></span> <span class='ocrx_word' id='word_1_267' title='bbox 1118 1036 1128 1051; x_wconf 94' lang='lat'><strong>,</strong></span> <span class='ocrx_word' id='word_1_268' title='bbox 1138 1012 1272 1053; x_wconf 87' lang='lat' dir='ltr'><strong>Prompti</strong></span> 
     </span>
     <span class='ocr_line' id='line_1_38' title="bbox 210 1051 1272 1095; baseline -0.002 -8"><span class='ocrx_word' id='word_1_269' title='bbox 210 1057 263 1087; x_wconf 88' lang='lat' dir='ltr'><strong>sint</strong></span> <span class='ocrx_word' id='word_1_270' title='bbox 280 1058 313 1088; x_wconf 86' lang='lat'>&amp;</span> <span class='ocrx_word' id='word_1_271' title='bbox 328 1057 434 1095; x_wconf 82' lang='lat' dir='ltr'><strong>Parati,</strong></span> <span class='ocrx_word' id='word_1_272' title='bbox 452 1066 484 1086; x_wconf 92' lang='lat' dir='ltr'><strong>ac</strong></span> <span class='ocrx_word' id='word_1_273' title='bbox 499 1055 668 1086; x_wconf 83' lang='lat' dir='ltr'><strong>sufficienter</strong></span> <span class='ocrx_word' id='word_1_274' title='bbox 687 1054 803 1084; x_wconf 77' lang='lat' dir='ltr'><strong>Ari-aiati</strong></span> <span class='ocrx_word' id='word_1_275' title='bbox 822 1054 854 1083; x_wconf 62' lang='grc' dir='ltr'><strong>ὃς</strong></span> <span class='ocrx_word' id='word_1_276' title='bbox 870 1051 995 1088; x_wconf 87' lang='lat' dir='ltr'><strong>Muniti,</strong></span> <span class='ocrx_word' id='word_1_277' title='bbox 1010 1051 1140 1095; x_wconf 77' lang='lat' dir='ltr'><strong>yidelicet</strong></span> <span class='ocrx_word' id='word_1_278' title='bbox 1158 1053 1272 1091; x_wconf 84' lang='lat' dir='ltr'><strong>(quern-</strong></span> 
     </span>
     <span class='ocr_line' id='line_1_39' title="bbox 208 1089 1270 1131; baseline -0.002 -6"><span class='ocrx_word' id='word_1_279' title='bbox 208 1094 276 1125; x_wconf 84' lang='lat' dir='ltr'><strong>libet</strong></span> <span class='ocrx_word' id='word_1_280' title='bbox 292 1106 393 1126; x_wconf 89' lang='lat' dir='ltr'><strong>eorum</strong></span> <span class='ocrx_word' id='word_1_281' title='bbox 409 1097 482 1131; x_wconf 79' lang='lat' dir='ltr'><strong>iuxta</strong></span> <span class='ocrx_word' id='word_1_282' title='bbox 498 1094 598 1125; x_wconf 86' lang='lat' dir='ltr'><strong>statum</strong></span> <span class='ocrx_word' id='word_1_283' title='bbox 614 1095 647 1124; x_wconf 89' lang='lat'><strong>&amp;</strong></span> <span class='ocrx_word' id='word_1_284' title='bbox 662 1091 820 1122; x_wconf 78' lang='lat' dir='ltr'><strong>facultatem</strong></span> <span class='ocrx_word' id='word_1_285' title='bbox 836 1090 915 1128; x_wconf 81' lang='lat' dir='ltr'><strong>suns)</strong></span> <span class='ocrx_word' id='word_1_286' title='bbox 936 1089 1099 1120; x_wconf 79' lang='lat' dir='ltr'><strong>Nobiscum</strong></span> <span class='ocrx_word' id='word_1_287' title='bbox 1115 1091 1143 1120; x_wconf 87' lang='lat' dir='ltr'><strong>in</strong></span> <span class='ocrx_word' id='word_1_288' title='bbox 1160 1094 1270 1130; x_wconf 87' lang='lat' dir='ltr'><strong>propria</strong></span> 
     </span>
     <span class='ocr_line' id='line_1_40' title="bbox 208 1128 1271 1167; baseline -0.001 -4"><span class='ocrx_word' id='word_1_289' title='bbox 208 1132 333 1164; x_wconf 79' lang='lat' dir='ltr'><strong>Persona</strong></span> <span class='ocrx_word' id='word_1_290' title='bbox 354 1134 448 1165; x_wconf 88' lang='lat' dir='ltr'><strong>nostra</strong></span> <span class='ocrx_word' id='word_1_291' title='bbox 473 1132 565 1163; x_wconf 86' lang='lat' dir='ltr'><strong>versus</strong></span> <span class='ocrx_word' id='word_1_292' title='bbox 591 1131 732 1161; x_wconf 85' lang='lat' dir='ltr'><strong>Marchias</strong></span> <span class='ocrx_word' id='word_1_293' title='bbox 761 1129 904 1167; x_wconf 57' lang='lat' dir='ltr'><strong>praedictas</strong></span> <span class='ocrx_word' id='word_1_294' title='bbox 918 1152 928 1167; x_wconf 92' lang='lat'><strong>,</strong></span> <span class='ocrx_word' id='word_1_295' title='bbox 954 1130 984 1159; x_wconf 92' lang='lat' dir='ltr'><strong>in</strong></span> <span class='ocrx_word' id='word_1_296' title='bbox 1002 1128 1123 1159; x_wconf 85' lang='lat' dir='ltr'><strong>Malitiae</strong></span> <span class='ocrx_word' id='word_1_297' title='bbox 1145 1130 1271 1167; x_wconf 87' lang='lat' dir='ltr'><strong>ipsorum</strong></span> 
     </span>
     <span class='ocr_line' id='line_1_41' title="bbox 207 1166 1272 1209; baseline -0.008 -7"><span class='ocrx_word' id='word_1_298' title='bbox 207 1170 300 1203; x_wconf 88' lang='lat' dir='ltr'><strong>Ducis</strong></span> <span class='ocrx_word' id='word_1_299' title='bbox 314 1173 346 1203; x_wconf 89' lang='lat'>&amp;</span> <span class='ocrx_word' id='word_1_300' title='bbox 362 1171 503 1209; x_wconf 87' lang='lat' dir='ltr'><strong>Comitis,</strong></span> <span class='ocrx_word' id='word_1_301' title='bbox 522 1180 555 1200; x_wconf 90' lang='lat' dir='ltr'><strong>ac</strong></span> <span class='ocrx_word' id='word_1_302' title='bbox 569 1170 686 1199; x_wconf 85' lang='lat' dir='ltr'><strong>aliorum</strong></span> <span class='ocrx_word' id='word_1_303' title='bbox 697 1192 707 1206; x_wconf 87' lang='lat'><strong>,</strong></span> <span class='ocrx_word' id='word_1_304' title='bbox 722 1168 913 1199; x_wconf 81' lang='lat' dir='ltr'><strong>inimicorum</strong></span> <span class='ocrx_word' id='word_1_305' title='bbox 937 1166 1099 1198; x_wconf 90' lang='lat' dir='ltr'><strong>nostrorum</strong></span> <span class='ocrx_word' id='word_1_306' title='bbox 1117 1169 1272 1205; x_wconf 61' lang='lat' dir='ltr'><strong>praedicto-</strong></span> 
     </span>
     <span class='ocr_line' id='line_1_42' title="bbox 208 1205 1272 1249; baseline -0.003 -8"><span class='ocrx_word' id='word_1_307' title='bbox 208 1219 273 1240; x_wconf 87' lang='lat' dir='ltr'><strong>rum</strong></span> <span class='ocrx_word' id='word_1_308' title='bbox 289 1234 299 1249; x_wconf 89' lang='lat'><strong>,</strong></span> <span class='ocrx_word' id='word_1_309' title='bbox 325 1210 545 1247; x_wconf 73' lang='lat' dir='ltr'><strong>Resistentiam,</strong></span> <span class='ocrx_word' id='word_1_310' title='bbox 568 1218 601 1238; x_wconf 90' lang='lat' dir='ltr'><strong>ac</strong></span> <span class='ocrx_word' id='word_1_311' title='bbox 627 1206 818 1238; x_wconf 81' lang='lat' dir='ltr'><strong>Marchiarum</strong></span> <span class='ocrx_word' id='word_1_312' title='bbox 842 1205 1041 1244; x_wconf 58' lang='lat' dir='ltr'><strong>praedictarum</strong></span> <span class='ocrx_word' id='word_1_313' title='bbox 1058 1205 1272 1247; x_wconf 85' lang='lat' dir='ltr'><strong>Ligeorumque</strong></span> 
     </span>
     <span class='ocr_line' id='line_1_43' title="bbox 207 1244 1274 1287; baseline -0.007 -9"><span class='ocrx_word' id='word_1_314' title='bbox 207 1248 368 1279; x_wconf 88' lang='lat' dir='ltr'><strong>nostrorum</strong></span> <span class='ocrx_word' id='word_1_315' title='bbox 382 1247 582 1287; x_wconf 60' lang='lat' dir='ltr'><strong>praedictorum</strong></span> <span class='ocrx_word' id='word_1_316' title='bbox 600 1246 805 1277; x_wconf 72' lang='lat' dir='ltr'><strong>Defeniioncm</strong></span> <span class='ocrx_word' id='word_1_317' title='bbox 815 1268 824 1282; x_wconf 86' lang='lat'><strong>,</strong></span> <span class='ocrx_word' id='word_1_318' title='bbox 842 1245 886 1274; x_wconf 91' lang='lat' dir='ltr'><strong>vel</strong></span> <span class='ocrx_word' id='word_1_319' title='bbox 902 1254 971 1275; x_wconf 88' lang='lat' dir='ltr'><strong>cum</strong></span> <span class='ocrx_word' id='word_1_320' title='bbox 990 1244 1059 1282; x_wconf 85' lang='lat' dir='ltr'><strong>hiis,</strong></span> <span class='ocrx_word' id='word_1_321' title='bbox 1079 1255 1147 1283; x_wconf 84' lang='lat' dir='ltr'><strong>quos</strong></span> <span class='ocrx_word' id='word_1_322' title='bbox 1162 1247 1196 1277; x_wconf 86' lang='lat' dir='ltr'><strong>ad</strong></span> <span class='ocrx_word' id='word_1_323' title='bbox 1207 1258 1274 1285; x_wconf 73' lang='lat' dir='ltr'><strong>pro-</strong></span> 
     </span>
     <span class='ocr_line' id='line_1_44' title="bbox 206 1282 1272 1321; baseline -0.001 -3"><span class='ocrx_word' id='word_1_324' title='bbox 206 1286 244 1317; x_wconf 76' lang='lat' dir='ltr'><strong>fic</strong></span> <span class='ocrx_word' id='word_1_325' title='bbox 256 1287 389 1318; x_wconf 87' lang='lat' dir='ltr'><strong>scendum</strong></span> <span class='ocrx_word' id='word_1_326' title='bbox 406 1286 496 1317; x_wconf 89' lang='lat' dir='ltr'><strong>versus</strong></span> <span class='ocrx_word' id='word_1_327' title='bbox 511 1285 621 1316; x_wconf 89' lang='lat' dir='ltr'><strong>easdem</strong></span> <span class='ocrx_word' id='word_1_328' title='bbox 638 1284 781 1314; x_wconf 74' lang='lat' dir='ltr'><strong>Mareliias</strong></span> <span class='ocrx_word' id='word_1_329' title='bbox 794 1292 828 1314; x_wconf 82' lang='lat' dir='ltr'><strong>ex</strong></span> <span class='ocrx_word' id='word_1_330' title='bbox 843 1282 921 1314; x_wconf 84' lang='lat' dir='ltr'><strong>causa</strong></span> <span class='ocrx_word' id='word_1_331' title='bbox 936 1282 1070 1321; x_wconf 54' lang='lat' dir='ltr'><strong>praedicta</strong></span> <span class='ocrx_word' id='word_1_332' title='bbox 1084 1283 1214 1321; x_wconf 82' lang='lat' dir='ltr'><strong>assignari</strong></span> <span class='ocrx_word' id='word_1_333' title='bbox 1231 1287 1272 1317; x_wconf 85' lang='lat' dir='ltr'><strong>fe-</strong></span> 
     </span>
     <span class='ocr_line' id='line_1_45' title="bbox 209 1320 1274 1365; baseline 0.001 -11"><span class='ocrx_word' id='word_1_334' title='bbox 209 1327 349 1364; x_wconf 82' lang='lat' dir='ltr'><strong>cerimus,</strong></span> <span class='ocrx_word' id='word_1_335' title='bbox 366 1325 542 1362; x_wconf 60' lang='lat' dir='ltr'><strong>profecturi,</strong></span> <span class='ocrx_word' id='word_1_336' title='bbox 561 1333 629 1354; x_wconf 91' lang='lat' dir='ltr'><strong>cum</strong></span> <span class='ocrx_word' id='word_1_337' title='bbox 643 1323 708 1354; x_wconf 90' lang='lat' dir='ltr'><strong>inde</strong></span> <span class='ocrx_word' id='word_1_338' title='bbox 723 1332 756 1353; x_wconf 81' lang='lat' dir='ltr'><strong>ex</strong></span> <span class='ocrx_word' id='word_1_339' title='bbox 772 1330 848 1361; x_wconf 76' lang='lat' dir='ltr'><strong>parte</strong></span> <span class='ocrx_word' id='word_1_340' title='bbox 864 1321 957 1352; x_wconf 85' lang='lat' dir='ltr'><strong>nostra</strong></span> <span class='ocrx_word' id='word_1_341' title='bbox 980 1320 1082 1352; x_wconf 84' lang='lat' dir='ltr'><strong>fuerint</strong></span> <span class='ocrx_word' id='word_1_342' title='bbox 1096 1325 1274 1365; x_wconf 76' lang='lat' dir='ltr'><strong>proeiiiuniti,</strong></span> 
     </span>
     <span class='ocr_line' id='line_1_46' title="bbox 210 1362 618 1395; baseline -0.005 -1"><span class='ocrx_word' id='word_1_343' title='bbox 210 1362 246 1394; x_wconf 85' lang='lat' dir='ltr'><strong>Et</strong></span> <span class='ocrx_word' id='word_1_344' title='bbox 262 1365 317 1394; x_wconf 82' lang='lat' dir='ltr'><strong>hoc</strong></span> <span class='ocrx_word' id='word_1_345' title='bbox 334 1364 485 1395; x_wconf 84' lang='lat' dir='ltr'><strong>nullatenus</strong></span> <span class='ocrx_word' id='word_1_346' title='bbox 500 1363 618 1393; x_wconf 88' lang='lat' dir='ltr'><strong>omittas.</strong></span> 
     </span>
    </p>

    <p class='ocr_par' dir='ltr' id='par_1_18' title="bbox 250 1397 1072 1442">
     <span class='ocr_line' id='line_1_47' title="bbox 250 1397 1072 1442; baseline -0.007 -8"><span class='ocrx_word' id='word_1_347' title='bbox 250 1402 340 1434; x_wconf 89' lang='lat' dir='ltr'>Teste</span> <span class='ocrx_word' id='word_1_348' title='bbox 356 1403 441 1442; x_wconf 82' lang='lat' dir='ltr'>Rege</span> <span class='ocrx_word' id='word_1_349' title='bbox 454 1401 528 1440; x_wconf 84' lang='lat' dir='ltr'><strong>apud</strong></span> <span class='ocrx_word' id='word_1_350' title='bbox 545 1399 820 1441; x_wconf 72' lang='lat' dir='ltr'><strong>W’stmonasterium,</strong></span> <span class='ocrx_word' id='word_1_351' title='bbox 841 1399 907 1437; x_wconf 78' lang='lat' dir='ltr'><strong>xxiij</strong></span> <span class='ocrx_word' id='word_1_352' title='bbox 926 1398 972 1429; x_wconf 90' lang='lat' dir='ltr'><strong>die</strong></span> <span class='ocrx_word' id='word_1_353' title='bbox 989 1397 1072 1429; x_wconf 85' lang='lat' dir='ltr'><strong>Maii.</strong></span> 
     </span>
    </p>
   </div>
   <div class='ocr_carea' id='block_1_11' title="bbox 731 1474 1237 1517">
    <p class='ocr_par' dir='ltr' id='par_1_19' title="bbox 731 1474 1237 1517">
     <span class='ocr_line' id='line_1_48' title="bbox 731 1474 1237 1517; baseline 0.002 -10"><span class='ocrx_word' id='word_1_354' title='bbox 731 1479 784 1507; x_wconf 75' lang='lat' dir='ltr'><strong>Per</strong></span> <span class='ocrx_word' id='word_1_355' title='bbox 802 1474 887 1517; x_wconf 71' lang='lat' dir='ltr'><strong>ipsicm</strong></span> <span class='ocrx_word' id='word_1_356' title='bbox 910 1477 1006 1512; x_wconf 81' lang='lat' dir='ltr'><em>Regem</em></span> <span class='ocrx_word' id='word_1_357' title='bbox 1024 1475 1063 1511; x_wconf 51' lang='grc' dir='ltr'><strong>(θ’</strong></span> <span class='ocrx_word' id='word_1_358' title='bbox 1082 1476 1237 1508; x_wconf 78' lang='lat' dir='ltr'><strong>concilium.</strong></span> 
     </span>
    </p>
   </div>
   <div class='ocr_carea' id='block_1_12' title="bbox 207 1551 1272 1633">
    <p class='ocr_par' dir='ltr' id='par_1_20' title="bbox 207 1551 1272 1633">
     <span class='ocr_line' id='line_1_49' title="bbox 207 1551 1272 1624; baseline -0.004 -34"><span class='ocrx_word' id='word_1_359' title='bbox 207 1557 378 1590; x_wconf 83' lang='lat' dir='ltr'><strong>Confimilia</strong></span> <span class='ocrx_word' id='word_1_360' title='bbox 391 1555 488 1587; x_wconf 82' lang='lat' dir='ltr'><strong>Brevia</strong></span> <span class='ocrx_word' id='word_1_361' title='bbox 505 1555 665 1593; x_wconf 85' lang='lat' dir='ltr'><strong>diriguntur</strong></span> <span class='ocrx_word' id='word_1_362' title='bbox 678 1553 907 1624; x_wconf 51' lang='lat' dir='ltr'><strong>Viceciorlriitibus</strong></span> <span class='ocrx_word' id='word_1_363' title='bbox 923 1551 1123 1584; x_wconf 85' lang='lat' dir='ltr'><strong>Comitatuum</strong></span> <span class='ocrx_word' id='word_1_364' title='bbox 1137 1554 1272 1595; x_wconf 86' lang='lat' dir='ltr'><strong>subscrip-</strong></span> 
     </span>
     <span class='ocr_line' id='line_1_50' title="bbox 602 1601 880 1633; baseline -0.011 -8"><span class='ocrx_word' id='word_1_365' title='bbox 602 1603 714 1633; x_wconf 66' lang='lat' dir='ltr'><strong>torum,</strong></span> <span class='ocrx_word' id='word_1_366' title='bbox 732 1603 761 1624; x_wconf 90' lang='lat' dir='ltr'><strong>vi</strong></span> <span class='ocrx_word' id='word_1_367' title='bbox 782 1601 880 1630; x_wconf 75' lang='lat' dir='ltr'><strong>ercet,</strong></span> 
     </span>
    </p>
   </div>
   <div class='ocr_carea' id='block_1_13' title="bbox 797 1668 1116 1747">
    <p class='ocr_par' dir='ltr' id='par_1_21' title="bbox 797 1668 1116 1747">
     <span class='ocr_line' id='line_1_51' title="bbox 798 1668 1080 1698; baseline 0 0"><span class='ocrx_word' id='word_1_368' title='bbox 798 1672 825 1698; x_wconf 87' lang='lat' dir='ltr'><em>V</em></span> <span class='ocrx_word' id='word_1_369' title='bbox 829 1672 955 1698; x_wconf 83' lang='lat' dir='ltr'><strong>icecomiti</strong></span> <span class='ocrx_word' id='word_1_370' title='bbox 973 1668 1080 1698; x_wconf 81' lang='lat' dir='ltr'><strong>Cumbr.</strong></span> 
     </span>
     <span class='ocr_line' id='line_1_52' title="bbox 797 1706 1116 1747; baseline -0.003 -9"><span class='ocrx_word' id='word_1_371' title='bbox 797 1710 826 1738; x_wconf 93' lang='lat' dir='ltr'><em>V</em></span> <span class='ocrx_word' id='word_1_372' title='bbox 827 1711 952 1738; x_wconf 84' lang='lat' dir='ltr'><strong>icecomiti</strong></span> <span class='ocrx_word' id='word_1_373' title='bbox 968 1706 1116 1747; x_wconf 77' lang='lat' dir='ltr'><strong>Wflmerl.</strong></span> 
     </span>
    </p>
   </div>
   <div class='ocr_carea' id='block_1_14' title="bbox 245 1672 597 1783">
    <p class='ocr_par' dir='ltr' id='par_1_22' title="bbox 245 1672 597 1783">
     <span class='ocr_line' id='line_1_53' title="bbox 245 1672 546 1705; baseline -0.017 0"><span class='ocrx_word' id='word_1_374' title='bbox 245 1677 273 1705; x_wconf 87' lang='lat' dir='ltr'><em>V</em></span> <span class='ocrx_word' id='word_1_375' title='bbox 273 1676 399 1704; x_wconf 64' lang='lat' dir='ltr'><strong>ici-comiti</strong></span> <span class='ocrx_word' id='word_1_376' title='bbox 420 1672 546 1702; x_wconf 81' lang='lat' dir='ltr'><strong>Eborum.</strong></span> 
     </span>
     <span class='ocr_line' id='line_1_54' title="bbox 246 1709 597 1744; baseline -0.009 -1"><span class='ocrx_word' id='word_1_377' title='bbox 246 1716 399 1744; x_wconf 81' lang='lat' dir='ltr'><strong>Vicccomiti</strong></span> <span class='ocrx_word' id='word_1_378' title='bbox 414 1713 447 1741; x_wconf 91' lang='lat' dir='ltr'><strong>N</strong></span> <span class='ocrx_word' id='word_1_379' title='bbox 448 1709 597 1740; x_wconf 78' lang='lat' dir='ltr'><strong>orthumbr.</strong></span> 
     </span>
     <span class='ocr_line' id='line_1_55' title="bbox 246 1749 543 1783; baseline -0.013 -1"><span class='ocrx_word' id='word_1_380' title='bbox 246 1755 274 1783; x_wconf 84' lang='lat' dir='ltr'><em>V</em></span> <span class='ocrx_word' id='word_1_381' title='bbox 275 1754 398 1782; x_wconf 70' lang='lat' dir='ltr'><strong>icecomiti</strong></span> <span class='ocrx_word' id='word_1_382' title='bbox 419 1749 543 1780; x_wconf 77' lang='lat' dir='ltr'><em>meoln.</em></span> 
     </span>
    </p>
   </div>
   <div class='ocr_carea' id='block_1_15' title="bbox 211 1872 1276 1970">
    <p class='ocr_par' dir='ltr' id='par_1_23' title="bbox 211 1872 1276 1970">
     <span class='ocr_line' id='line_1_56' title="bbox 211 1872 1276 1919; baseline -0.008 -5"><span class='ocrx_word' id='word_1_383' title='bbox 211 1879 460 1915; x_wconf 76' lang='lat' dir='ltr'><strong>Procuratorium</strong></span> <span class='ocrx_word' id='word_1_384' title='bbox 479 1876 607 1910; x_wconf 82' lang='lat' dir='ltr'><strong>Henrici</strong></span> <span class='ocrx_word' id='word_1_385' title='bbox 625 1872 698 1907; x_wconf 81' lang='lat' dir='ltr'><strong>Filii</strong></span> <span class='ocrx_word' id='word_1_386' title='bbox 708 1875 836 1906; x_wconf 83' lang='lat' dir='ltr'><strong>Henrici</strong></span> <span class='ocrx_word' id='word_1_387' title='bbox 854 1873 976 1919; x_wconf 65' lang='lat' dir='ltr'><strong>Quarti</strong></span> <span class='ocrx_word' id='word_1_388' title='bbox 998 1882 1053 1918; x_wconf 91' lang='lat' dir='ltr'><strong>pro</strong></span> <span class='ocrx_word' id='word_1_389' title='bbox 1072 1874 1276 1906; x_wconf 80' lang='lat' dir='ltr'><strong>Matrimonio</strong></span> 
     </span>
     <span class='ocr_line' id='line_1_57' title="bbox 281 1923 1201 1970; baseline -0.007 -9"><span class='ocrx_word' id='word_1_390' title='bbox 281 1924 479 1970; x_wconf 80' lang='lat' dir='ltr'><strong>contrahendo</strong></span> <span class='ocrx_word' id='word_1_391' title='bbox 499 1936 568 1957; x_wconf 86' lang='lat' dir='ltr'><strong>cum</strong></span> <span class='ocrx_word' id='word_1_392' title='bbox 583 1926 732 1957; x_wconf 81' lang='lat' dir='ltr'><strong>Katerina</strong></span> <span class='ocrx_word' id='word_1_393' title='bbox 753 1925 857 1956; x_wconf 84' lang='lat' dir='ltr'><strong>Sorore</strong></span> <span class='ocrx_word' id='word_1_394' title='bbox 875 1924 962 1954; x_wconf 79' lang='lat' dir='ltr'><strong>Erici</strong></span> <span class='ocrx_word' id='word_1_395' title='bbox 979 1924 1067 1968; x_wconf 78' lang='lat' dir='ltr'><strong>Regis</strong></span> <span class='ocrx_word' id='word_1_396' title='bbox 1087 1923 1201 1955; x_wconf 84' lang='lat' dir='ltr'><strong>Daciae.</strong></span> 
     </span>
    </p>
   </div>
   <div class='ocr_carea' id='block_1_16' title="bbox 209 2009 1281 3624">
    <p class='ocr_par' dir='ltr' id='par_1_24' title="bbox 245 2009 759 2048">
     <span class='ocr_line' id='line_1_58' title="bbox 245 2009 759 2048; baseline -0.01 -4"><span class='ocrx_word' id='word_1_397' title='bbox 245 2013 279 2044; x_wconf 93' lang='lat' dir='ltr'>N</span> <span class='ocrx_word' id='word_1_398' title='bbox 300 2013 382 2043; x_wconf 70' lang='lat' dir='ltr'><strong>Det</strong></span> <span class='ocrx_word' id='word_1_399' title='bbox 408 2019 519 2042; x_wconf 77' lang='lat' dir='ltr'>N0M1</span> <span class='ocrx_word' id='word_1_400' title='bbox 534 2019 606 2048; x_wconf 77' lang='lat' dir='ltr'><strong>NE,</strong></span> <span class='ocrx_word' id='word_1_401' title='bbox 623 2009 759 2041; x_wconf 78' lang='grc' dir='ltr'><strong>ΑΜΕΝ.</strong></span> 
     </span>
    </p>

    <p class='ocr_par' dir='ltr' id='par_1_25' title="bbox 209 2046 1278 2438">
     <span class='ocr_line' id='line_1_59' title="bbox 283 2046 1277 2088; baseline -0.005 -6"><span class='ocrx_word' id='word_1_402' title='bbox 283 2052 336 2082; x_wconf 89' lang='lat' dir='ltr'><strong>Per</strong></span> <span class='ocrx_word' id='word_1_403' title='bbox 351 2050 469 2088; x_wconf 83' lang='lat' dir='ltr'><strong>praesens</strong></span> <span class='ocrx_word' id='word_1_404' title='bbox 483 2049 636 2079; x_wconf 82' lang='lat' dir='ltr'><strong>Publicum</strong></span> <span class='ocrx_word' id='word_1_405' title='bbox 651 2047 877 2079; x_wconf 88' lang='lat' dir='ltr'><strong>Instrumentum</strong></span> <span class='ocrx_word' id='word_1_406' title='bbox 891 2046 1001 2078; x_wconf 70' lang='lat' dir='ltr'><strong>cunetis</strong></span> <span class='ocrx_word' id='word_1_407' title='bbox 1016 2054 1143 2087; x_wconf 80' lang='lat' dir='ltr'><strong>appareat</strong></span> <span class='ocrx_word' id='word_1_408' title='bbox 1159 2046 1277 2078; x_wconf 87' lang='lat' dir='ltr'><strong>eviden-</strong></span> 
     </span>
     <span class='ocr_line' id='line_1_60' title="bbox 213 2085 1277 2130; baseline -0.005 -9"><span class='ocrx_word' id='word_1_409' title='bbox 213 2097 272 2129; x_wconf 88' lang='lat' dir='ltr'><strong>ter,</strong></span> <span class='ocrx_word' id='word_1_410' title='bbox 291 2089 384 2130; x_wconf 83' lang='lat' dir='ltr'><strong>Qiod</strong></span> <span class='ocrx_word' id='word_1_411' title='bbox 411 2089 497 2120; x_wconf 87' lang='lat' dir='ltr'><strong>Anno</strong></span> <span class='ocrx_word' id='word_1_412' title='bbox 517 2088 553 2117; x_wconf 86' lang='lat' dir='ltr'><strong>ab</strong></span> <span class='ocrx_word' id='word_1_413' title='bbox 572 2087 770 2118; x_wconf 86' lang='lat' dir='ltr'><strong>Incarnatione</strong></span> <span class='ocrx_word' id='word_1_414' title='bbox 794 2085 921 2117; x_wconf 88' lang='lat' dir='ltr'><strong>Domini</strong></span> <span class='ocrx_word' id='word_1_415' title='bbox 939 2085 1113 2124; x_wconf 83' lang='lat' dir='ltr'><strong>Millesimo,</strong></span> <span class='ocrx_word' id='word_1_416' title='bbox 1132 2085 1277 2125; x_wconf 79' lang='lat' dir='ltr'><strong>Quadrin-</strong></span> 
     </span>
     <span class='ocr_line' id='line_1_61' title="bbox 209 2123 1276 2168; baseline -0.005 -8"><span class='ocrx_word' id='word_1_417' title='bbox 209 2129 365 2168; x_wconf 80' lang='lat' dir='ltr'><strong>gentesimo</strong></span> <span class='ocrx_word' id='word_1_418' title='bbox 385 2127 528 2165; x_wconf 90' lang='lat' dir='ltr'><strong>secundo,</strong></span> <span class='ocrx_word' id='word_1_419' title='bbox 546 2125 709 2156; x_wconf 65' lang='lat' dir='ltr'><strong>lndid&#39;tione</strong></span> <span class='ocrx_word' id='word_1_420' title='bbox 724 2125 869 2164; x_wconf 67' lang='lat' dir='ltr'><strong>Decimii,</strong></span> <span class='ocrx_word' id='word_1_421' title='bbox 895 2123 1080 2156; x_wconf 69' lang='lat' dir='ltr'><strong>Pontificatfis</strong></span> <span class='ocrx_word' id='word_1_422' title='bbox 1101 2124 1276 2155; x_wconf 65' lang='lat' dir='ltr'><strong>Sanetiffimi</strong></span> 
     </span>
     <span class='ocr_line' id='line_1_62' title="bbox 210 2160 1276 2204; baseline -0.003 -7"><span class='ocrx_word' id='word_1_423' title='bbox 210 2170 239 2197; x_wconf 93' lang='lat' dir='ltr'><strong>in</strong></span> <span class='ocrx_word' id='word_1_424' title='bbox 256 2167 377 2197; x_wconf 85' lang='lat' dir='ltr'><strong>Christo</strong></span> <span class='ocrx_word' id='word_1_425' title='bbox 394 2166 504 2204; x_wconf 87' lang='lat' dir='ltr'><strong>Patris,</strong></span> <span class='ocrx_word' id='word_1_426' title='bbox 520 2165 553 2196; x_wconf 87' lang='lat'>&amp;</span> <span class='ocrx_word' id='word_1_427' title='bbox 576 2165 701 2195; x_wconf 86' lang='lat' dir='ltr'><strong>Domini</strong></span> <span class='ocrx_word' id='word_1_428' title='bbox 727 2163 817 2194; x_wconf 92' lang='lat' dir='ltr'><strong>nostri</strong></span> <span class='ocrx_word' id='word_1_429' title='bbox 830 2186 841 2202; x_wconf 88' lang='lat'><strong>,</strong></span> <span class='ocrx_word' id='word_1_430' title='bbox 867 2160 1142 2203; x_wconf 56' lang='lat' dir='ltr'><strong>Domini‘Bonrfacii</strong></span> <span class='ocrx_word' id='word_1_431' title='bbox 1166 2163 1276 2195; x_wconf 65' lang='lat' dir='ltr'><strong>Divina</strong></span> 
     </span>
     <span class='ocr_line' id='line_1_63' title="bbox 209 2201 1277 2243; baseline -0.005 -6"><span class='ocrx_word' id='word_1_432' title='bbox 209 2204 396 2237; x_wconf 71' lang='lat' dir='ltr'><strong>Providentia</strong></span> <span class='ocrx_word' id='word_1_433' title='bbox 417 2207 499 2243; x_wconf 79' lang='lat' dir='ltr'><strong>Papae</strong></span> <span class='ocrx_word' id='word_1_434' title='bbox 513 2206 577 2234; x_wconf 83' lang='lat' dir='ltr'><strong>noni</strong></span> <span class='ocrx_word' id='word_1_435' title='bbox 594 2204 681 2234; x_wconf 89' lang='lat' dir='ltr'><strong>Anno</strong></span> <span class='ocrx_word' id='word_1_436' title='bbox 698 2202 933 2240; x_wconf 87' lang='lat' dir='ltr'><strong>Tertiodecimo,</strong></span> <span class='ocrx_word' id='word_1_437' title='bbox 952 2203 985 2234; x_wconf 91' lang='lat'>&amp;</span> <span class='ocrx_word' id='word_1_438' title='bbox 1009 2202 1115 2232; x_wconf 77' lang='lat' dir='ltr'><strong>Mensis</strong></span> <span class='ocrx_word' id='word_1_439' title='bbox 1134 2201 1209 2232; x_wconf 87' lang='lat' dir='ltr'><strong>Maii</strong></span> <span class='ocrx_word' id='word_1_440' title='bbox 1229 2201 1277 2232; x_wconf 87' lang='lat' dir='ltr'><strong>die</strong></span> 
     </span>
     <span class='ocr_line' id='line_1_64' title="bbox 210 2240 1276 2282; baseline -0.005 -6"><span class='ocrx_word' id='word_1_441' title='bbox 210 2244 327 2282; x_wconf 60' lang='lat' dir='ltr'><strong>octava,</strong></span> <span class='ocrx_word' id='word_1_442' title='bbox 349 2246 378 2274; x_wconf 89' lang='lat' dir='ltr'><strong>in</strong></span> <span class='ocrx_word' id='word_1_443' title='bbox 394 2241 752 2280; x_wconf 80' lang='lat' dir='ltr'><strong>Camera,Sereniffimiin</strong></span> <span class='ocrx_word' id='word_1_444' title='bbox 761 2240 879 2271; x_wconf 89' lang='lat' dir='ltr'><strong>Christo</strong></span> <span class='ocrx_word' id='word_1_445' title='bbox 887 2240 1067 2279; x_wconf 79' lang='lat' dir='ltr'><strong>Principis&amp;</strong></span> <span class='ocrx_word' id='word_1_446' title='bbox 1080 2240 1208 2271; x_wconf 88' lang='lat' dir='ltr'><strong>Domini</strong></span> <span class='ocrx_word' id='word_1_447' title='bbox 1223 2250 1276 2271; x_wconf 90' lang='lat' dir='ltr'><strong>no-</strong></span> 
     </span>
     <span class='ocr_line' id='line_1_65' title="bbox 211 2277 1278 2321; baseline -0.004 -7"><span class='ocrx_word' id='word_1_448' title='bbox 211 2284 276 2321; x_wconf 87' lang='lat' dir='ltr'><strong>stri,</strong></span> <span class='ocrx_word' id='word_1_449' title='bbox 296 2283 420 2313; x_wconf 86' lang='lat' dir='ltr'><strong>Domini</strong></span> <span class='ocrx_word' id='word_1_450' title='bbox 435 2283 566 2318; x_wconf 76' lang='lat' dir='ltr'><strong>Henrici,</strong></span> <span class='ocrx_word' id='word_1_451' title='bbox 586 2280 642 2310; x_wconf 88' lang='lat' dir='ltr'><strong>Dei</strong></span> <span class='ocrx_word' id='word_1_452' title='bbox 658 2279 766 2318; x_wconf 64' lang='lat' dir='ltr'><strong>gratia,</strong></span> <span class='ocrx_word' id='word_1_453' title='bbox 783 2282 861 2315; x_wconf 79' lang='lat' dir='ltr'><strong>Regis</strong></span> <span class='ocrx_word' id='word_1_454' title='bbox 875 2278 987 2317; x_wconf 77' lang='lat' dir='ltr'><strong>Angliae</strong></span> <span class='ocrx_word' id='word_1_455' title='bbox 1005 2277 1042 2314; x_wconf 62' lang='grc' dir='ltr'><strong>(ῤ’</strong></span> <span class='ocrx_word' id='word_1_456' title='bbox 1062 2283 1186 2309; x_wconf 84' lang='lat' dir='ltr'><strong>Franciae</strong></span> <span class='ocrx_word' id='word_1_457' title='bbox 1211 2277 1278 2310; x_wconf 89' lang='lat' dir='ltr'><strong>Illu-</strong></span> 
     </span>
     <span class='ocr_line' id='line_1_66' title="bbox 213 2316 1278 2360; baseline -0.005 -8"><span class='ocrx_word' id='word_1_458' title='bbox 213 2322 291 2360; x_wconf 89' lang='lat' dir='ltr'><strong>stris,</strong></span> <span class='ocrx_word' id='word_1_459' title='bbox 307 2332 341 2352; x_wconf 93' lang='lat' dir='ltr'><strong>ac</strong></span> <span class='ocrx_word' id='word_1_460' title='bbox 359 2321 481 2352; x_wconf 87' lang='lat' dir='ltr'><strong>Domini</strong></span> <span class='ocrx_word' id='word_1_461' title='bbox 495 2319 661 2356; x_wconf 64' lang='lat' dir='ltr'><strong>Hiberniae,</strong></span> <span class='ocrx_word' id='word_1_462' title='bbox 678 2317 748 2348; x_wconf 89' lang='lat' dir='ltr'><strong>infra</strong></span> <span class='ocrx_word' id='word_1_463' title='bbox 763 2316 896 2348; x_wconf 84' lang='lat' dir='ltr'><strong>Castrum</strong></span> <span class='ocrx_word' id='word_1_464' title='bbox 912 2318 992 2347; x_wconf 89' lang='lat' dir='ltr'><strong>suum</strong></span> <span class='ocrx_word' id='word_1_465' title='bbox 1015 2317 1071 2348; x_wconf 86' lang='lat' dir='ltr'><strong>five</strong></span> <span class='ocrx_word' id='word_1_466' title='bbox 1085 2318 1208 2348; x_wconf 84' lang='lat' dir='ltr'><strong>Turrim</strong></span> <span class='ocrx_word' id='word_1_467' title='bbox 1223 2317 1278 2348; x_wconf 87' lang='lat' dir='ltr'><strong>Ci-</strong></span> 
     </span>
     <span class='ocr_line' id='line_1_67' title="bbox 212 2355 1277 2396; baseline -0.003 -6"><span class='ocrx_word' id='word_1_468' title='bbox 212 2362 304 2390; x_wconf 77' lang='lat' dir='ltr'><strong>vitatis</strong></span> <span class='ocrx_word' id='word_1_469' title='bbox 318 2361 372 2390; x_wconf 81' lang='lat' dir='ltr'><strong>suae</strong></span> <span class='ocrx_word' id='word_1_470' title='bbox 388 2359 551 2389; x_wconf 83' lang='lat' dir='ltr'><strong>Londoniae</strong></span> <span class='ocrx_word' id='word_1_471' title='bbox 564 2358 676 2396; x_wconf 71' lang='lat' dir='ltr'><strong>situata,</strong></span> <span class='ocrx_word' id='word_1_472' title='bbox 693 2365 793 2386; x_wconf 82' lang='lat' dir='ltr'><strong>coram</strong></span> <span class='ocrx_word' id='word_1_473' title='bbox 816 2356 919 2386; x_wconf 88' lang='lat' dir='ltr'><strong>eodem</strong></span> <span class='ocrx_word' id='word_1_474' title='bbox 944 2355 1077 2386; x_wconf 90' lang='lat' dir='ltr'><strong>Domino</strong></span> <span class='ocrx_word' id='word_1_475' title='bbox 1096 2356 1194 2387; x_wconf 88' lang='lat' dir='ltr'><strong>nostro</strong></span> <span class='ocrx_word' id='word_1_476' title='bbox 1217 2356 1277 2387; x_wconf 86' lang='lat' dir='ltr'><strong>Re-</strong></span> 
     </span>
     <span class='ocr_line' id='line_1_68' title="bbox 214 2396 750 2438; baseline -0.007 -10"><span class='ocrx_word' id='word_1_477' title='bbox 214 2407 250 2438; x_wconf 83' lang='lat' dir='ltr'><strong>ge</strong></span> <span class='ocrx_word' id='word_1_478' title='bbox 286 2398 394 2428; x_wconf 87' lang='lat' dir='ltr'><strong>ibidem</strong></span> <span class='ocrx_word' id='word_1_479' title='bbox 411 2396 586 2436; x_wconf 84' lang='lat' dir='ltr'><strong>personaliter</strong></span> <span class='ocrx_word' id='word_1_480' title='bbox 599 2396 750 2432; x_wconf 84' lang='lat' dir='ltr'><strong>existente,</strong></span> 
     </span>
    </p>

    <p class='ocr_par' dir='ltr' id='par_1_26' title="bbox 211 2421 1279 2897">
     <span class='ocr_line' id='line_1_69' title="bbox 250 2421 1275 2472; baseline -0.003 -5"><span class='ocrx_word' id='word_1_481' title='bbox 250 2421 428 2468; x_wconf 75' lang='lat' dir='ltr'><strong>Coiistltutus</strong></span> <span class='ocrx_word' id='word_1_482' title='bbox 442 2434 615 2472; x_wconf 86' lang='lat' dir='ltr'><strong>personaliter</strong></span> <span class='ocrx_word' id='word_1_483' title='bbox 630 2456 639 2471; x_wconf 89' lang='lat'><strong>,</strong></span> <span class='ocrx_word' id='word_1_484' title='bbox 665 2432 864 2463; x_wconf 86' lang='lat' dir='ltr'><strong>Nobiliffimus</strong></span> <span class='ocrx_word' id='word_1_485' title='bbox 879 2433 911 2463; x_wconf 88' lang='lat'>&amp;</span> <span class='ocrx_word' id='word_1_486' title='bbox 934 2432 1192 2464; x_wconf 74' lang='lat' dir='ltr'><strong>Excellentiffimus</strong></span> <span class='ocrx_word' id='word_1_487' title='bbox 1208 2432 1275 2464; x_wconf 92' lang='lat' dir='ltr'><strong>Do-</strong></span> 
     </span>
     <span class='ocr_line' id='line_1_70' title="bbox 213 2470 1277 2512; baseline -0.004 -6"><span class='ocrx_word' id='word_1_488' title='bbox 213 2477 323 2512; x_wconf 84' lang='lat' dir='ltr'><strong>minus,</strong></span> <span class='ocrx_word' id='word_1_489' title='bbox 340 2474 483 2504; x_wconf 81' lang='lat' dir='ltr'><strong>Dominus</strong></span> <span class='ocrx_word' id='word_1_490' title='bbox 497 2475 647 2509; x_wconf 79' lang='lat' dir='ltr'><strong>Henricus,</strong></span> <span class='ocrx_word' id='word_1_491' title='bbox 666 2471 735 2501; x_wconf 67' lang='lat' dir='ltr'><strong>dicii</strong></span> <span class='ocrx_word' id='word_1_492' title='bbox 751 2470 873 2500; x_wconf 87' lang='lat' dir='ltr'><strong>Domini</strong></span> <span class='ocrx_word' id='word_1_493' title='bbox 887 2470 974 2500; x_wconf 79' lang='lat' dir='ltr'><strong>nostri</strong></span> <span class='ocrx_word' id='word_1_494' title='bbox 991 2471 1082 2508; x_wconf 86' lang='lat' dir='ltr'><strong>Regis</strong></span> <span class='ocrx_word' id='word_1_495' title='bbox 1106 2472 1193 2502; x_wconf 86' lang='lat' dir='ltr'><strong>Filius</strong></span> <span class='ocrx_word' id='word_1_496' title='bbox 1211 2472 1277 2502; x_wconf 86' lang='lat' dir='ltr'><strong>Pri-</strong></span> 
     </span>
     <span class='ocr_line' id='line_1_71' title="bbox 212 2508 1276 2551; baseline -0.004 -7"><span class='ocrx_word' id='word_1_497' title='bbox 212 2515 374 2551; x_wconf 85' lang='lat' dir='ltr'><strong>mogenitus</strong></span> <span class='ocrx_word' id='word_1_498' title='bbox 389 2513 422 2543; x_wconf 85' lang='lat'>&amp;</span> <span class='ocrx_word' id='word_1_499' title='bbox 438 2511 537 2541; x_wconf 61' lang='lat' dir='ltr'><strong>Heres</strong></span> <span class='ocrx_word' id='word_1_500' title='bbox 551 2511 693 2547; x_wconf 83' lang='lat' dir='ltr'><strong>legitimus</strong></span> <span class='ocrx_word' id='word_1_501' title='bbox 709 2519 741 2539; x_wconf 82' lang='lat' dir='ltr'><strong>ac</strong></span> <span class='ocrx_word' id='word_1_502' title='bbox 759 2508 895 2546; x_wconf 82' lang='lat' dir='ltr'><strong>Princeps</strong></span> <span class='ocrx_word' id='word_1_503' title='bbox 909 2508 1044 2545; x_wconf 70' lang='lat' dir='ltr'><strong>Walliae,</strong></span> <span class='ocrx_word' id='word_1_504' title='bbox 1070 2508 1137 2539; x_wconf 80' lang='lat' dir='ltr'><strong>Dux</strong></span> <span class='ocrx_word' id='word_1_505' title='bbox 1158 2510 1276 2549; x_wconf 88' lang='lat' dir='ltr'><strong>Aquita-</strong></span> 
     </span>
     <span class='ocr_line' id='line_1_72' title="bbox 211 2546 1276 2590; baseline -0.004 -8"><span class='ocrx_word' id='word_1_506' title='bbox 211 2554 288 2590; x_wconf 74' lang='lat' dir='ltr'><strong>niae,</strong></span> <span class='ocrx_word' id='word_1_507' title='bbox 309 2550 494 2586; x_wconf 76' lang='lat' dir='ltr'><strong>Lancnstriae,</strong></span> <span class='ocrx_word' id='word_1_508' title='bbox 514 2550 547 2580; x_wconf 67' lang='grc' dir='ltr'><strong>ὃς</strong></span> <span class='ocrx_word' id='word_1_509' title='bbox 563 2548 737 2585; x_wconf 76' lang='lat' dir='ltr'><strong>Cornubiae,</strong></span> <span class='ocrx_word' id='word_1_510' title='bbox 755 2556 788 2576; x_wconf 80' lang='lat' dir='ltr'><strong>:ic</strong></span> <span class='ocrx_word' id='word_1_511' title='bbox 811 2546 920 2577; x_wconf 87' lang='lat' dir='ltr'><strong>Comes</strong></span> <span class='ocrx_word' id='word_1_512' title='bbox 941 2546 1078 2584; x_wconf 75' lang='lat' dir='ltr'><strong>Cestriae,</strong></span> <span class='ocrx_word' id='word_1_513' title='bbox 1098 2547 1196 2577; x_wconf 89' lang='lat' dir='ltr'><strong>volens</strong></span> <span class='ocrx_word' id='word_1_514' title='bbox 1212 2570 1221 2585; x_wconf 91' lang='lat'><strong>,</strong></span> <span class='ocrx_word' id='word_1_515' title='bbox 1247 2557 1276 2578; x_wconf 91' lang='lat' dir='ltr'><strong>ut</strong></span> 
     </span>
     <span class='ocr_line' id='line_1_73' title="bbox 212 2584 1276 2629; baseline -0.005 -8"><span class='ocrx_word' id='word_1_516' title='bbox 212 2591 300 2629; x_wconf 81' lang='lat' dir='ltr'><strong>dixit,</strong></span> <span class='ocrx_word' id='word_1_517' title='bbox 320 2600 388 2620; x_wconf 89' lang='lat' dir='ltr'><strong>cum</strong></span> <span class='ocrx_word' id='word_1_518' title='bbox 405 2591 421 2607; x_wconf 66' lang='lat'><strong>&#39;¹‘</strong></span> <span class='ocrx_word' id='word_1_519' title='bbox 439 2587 544 2618; x_wconf 86' lang='lat' dir='ltr'><strong>Nobili</strong></span> <span class='ocrx_word' id='word_1_520' title='bbox 566 2587 599 2618; x_wconf 86' lang='lat'>&amp;</span> <span class='ocrx_word' id='word_1_521' title='bbox 623 2585 748 2623; x_wconf 66' lang='lat' dir='ltr'><strong>Egregia</strong></span> <span class='ocrx_word' id='word_1_522' title='bbox 766 2584 886 2616; x_wconf 86' lang='lat' dir='ltr'><strong>Muliere</strong></span> <span class='ocrx_word' id='word_1_523' title='bbox 903 2586 935 2616; x_wconf 71' lang='grc' dir='ltr'><strong>ὃ(</strong></span> <span class='ocrx_word' id='word_1_524' title='bbox 959 2585 1091 2616; x_wconf 68' lang='lat' dir='ltr'><strong>Domina</strong></span> <span class='ocrx_word' id='word_1_525' title='bbox 1106 2608 1115 2622; x_wconf 88' lang='lat'><strong>,</strong></span> <span class='ocrx_word' id='word_1_526' title='bbox 1143 2585 1276 2617; x_wconf 66' lang='lat' dir='ltr'><strong>Domina</strong></span> 
     </span>
     <span class='ocr_line' id='line_1_74' title="bbox 213 2622 1276 2665; baseline -0.006 -6"><span class='ocrx_word' id='word_1_527' title='bbox 213 2629 371 2665; x_wconf 66' lang='lat' dir='ltr'><strong>Katerind,</strong></span> <span class='ocrx_word' id='word_1_528' title='bbox 389 2627 492 2657; x_wconf 87' lang='lat' dir='ltr'><strong>Sorore</strong></span> <span class='ocrx_word' id='word_1_529' title='bbox 507 2625 648 2664; x_wconf 68' lang='lat' dir='ltr'><strong>legitima,</strong></span> <span class='ocrx_word' id='word_1_530' title='bbox 665 2622 899 2654; x_wconf 72' lang='lat' dir='ltr'><strong>Excellentiffimi</strong></span> <span class='ocrx_word' id='word_1_531' title='bbox 922 2622 1062 2661; x_wconf 85' lang='lat' dir='ltr'><strong>Principis</strong></span> <span class='ocrx_word' id='word_1_532' title='bbox 1081 2624 1114 2654; x_wconf 89' lang='lat'>&amp;</span> <span class='ocrx_word' id='word_1_533' title='bbox 1130 2622 1276 2663; x_wconf 85' lang='lat' dir='ltr'><strong>Domini,</strong></span> 
     </span>
     <span class='ocr_line' id='line_1_75' title="bbox 213 2661 1276 2703; baseline -0.006 -5"><span class='ocrx_word' id='word_1_534' title='bbox 213 2668 340 2699; x_wconf 86' lang='lat' dir='ltr'><strong>Domini</strong></span> <span class='ocrx_word' id='word_1_535' title='bbox 355 2669 447 2703; x_wconf 81' lang='lat' dir='ltr'><strong>Erici,</strong></span> <span class='ocrx_word' id='word_1_536' title='bbox 467 2665 522 2694; x_wconf 84' lang='lat' dir='ltr'><strong>Dei</strong></span> <span class='ocrx_word' id='word_1_537' title='bbox 538 2664 644 2701; x_wconf 68' lang='lat' dir='ltr'><strong>gratia,</strong></span> <span class='ocrx_word' id='word_1_538' title='bbox 661 2665 737 2700; x_wconf 76' lang='lat' dir='ltr'><strong>Regis</strong></span> <span class='ocrx_word' id='word_1_539' title='bbox 754 2664 865 2700; x_wconf 82' lang='lat' dir='ltr'><strong>Daciae,</strong></span> <span class='ocrx_word' id='word_1_540' title='bbox 883 2661 998 2692; x_wconf 80' lang='lat' dir='ltr'><strong>Swetiae</strong></span> <span class='ocrx_word' id='word_1_541' title='bbox 1008 2684 1018 2699; x_wconf 82' lang='lat'><strong>,</strong></span> <span class='ocrx_word' id='word_1_542' title='bbox 1037 2662 1070 2692; x_wconf 89' lang='lat'>&amp;</span> <span class='ocrx_word' id='word_1_543' title='bbox 1084 2662 1200 2693; x_wconf 87' lang='lat' dir='ltr'><strong>Norwe</strong></span> <span class='ocrx_word' id='word_1_544' title='bbox 1224 2664 1276 2701; x_wconf 78' lang='lat' dir='ltr'><strong>iae,</strong></span> 
     </span>
     <span class='ocr_line' id='line_1_76' title="bbox 212 2701 1278 2741; baseline -0.007 -4"><span class='ocrx_word' id='word_1_545' title='bbox 212 2717 247 2737; x_wconf 90' lang='lat' dir='ltr'><strong>ac</strong></span> <span class='ocrx_word' id='word_1_546' title='bbox 266 2706 354 2736; x_wconf 69' lang='lat' dir='ltr'><strong>Ducis</strong></span> <span class='ocrx_word' id='word_1_547' title='bbox 369 2704 565 2741; x_wconf 78' lang='lat' dir='ltr'><strong>Pomeraniae,</strong></span> <span class='ocrx_word' id='word_1_548' title='bbox 584 2701 806 2732; x_wconf 83' lang='lat' dir='ltr'><strong>Matrimonium</strong></span> <span class='ocrx_word' id='word_1_549' title='bbox 822 2701 950 2736; x_wconf 74' lang='lat' dir='ltr'><strong>legitime</strong></span> <span class='ocrx_word' id='word_1_550' title='bbox 960 2701 1186 2737; x_wconf 84' lang='lat' dir='ltr'><strong>contrahere,de</strong></span> <span class='ocrx_word' id='word_1_551' title='bbox 1225 2711 1278 2731; x_wconf 94' lang='lat' dir='ltr'><strong>on-</strong></span> 
     </span>
     <span class='ocr_line' id='line_1_77' title="bbox 213 2738 1279 2779; baseline -0.006 -4"><span class='ocrx_word' id='word_1_552' title='bbox 213 2744 291 2776; x_wconf 88' lang='lat' dir='ltr'><strong>sensu</strong></span> <span class='ocrx_word' id='word_1_553' title='bbox 306 2745 339 2774; x_wconf 61' lang='grc' dir='ltr'><strong>ὃς</strong></span> <span class='ocrx_word' id='word_1_554' title='bbox 354 2743 505 2774; x_wconf 77' lang='lat' dir='ltr'><strong>Voluntate</strong></span> <span class='ocrx_word' id='word_1_555' title='bbox 517 2740 645 2779; x_wconf 81' lang='lat' dir='ltr'><strong>expreslis</strong></span> <span class='ocrx_word' id='word_1_556' title='bbox 659 2739 729 2769; x_wconf 68' lang='lat' dir='ltr'><strong>dieti</strong></span> <span class='ocrx_word' id='word_1_557' title='bbox 746 2738 916 2768; x_wconf 81' lang='lat' dir='ltr'><strong>Sereniffimi</strong></span> <span class='ocrx_word' id='word_1_558' title='bbox 935 2738 1074 2775; x_wconf 84' lang='lat' dir='ltr'><strong>Principis</strong></span> <span class='ocrx_word' id='word_1_559' title='bbox 1090 2738 1214 2768; x_wconf 88' lang='lat' dir='ltr'><strong>Domini</strong></span> <span class='ocrx_word' id='word_1_560' title='bbox 1225 2749 1279 2769; x_wconf 93' lang='lat' dir='ltr'><strong>no—</strong></span> 
     </span>
     <span class='ocr_line' id='line_1_78' title="bbox 216 2776 1279 2822; baseline -0.005 -9"><span class='ocrx_word' id='word_1_561' title='bbox 216 2783 265 2814; x_wconf 86' lang='lat' dir='ltr'><strong>stri</strong></span> <span class='ocrx_word' id='word_1_562' title='bbox 281 2783 367 2822; x_wconf 83' lang='lat' dir='ltr'><strong>Regis</strong></span> <span class='ocrx_word' id='word_1_563' title='bbox 384 2781 494 2820; x_wconf 52' lang='lat' dir='ltr'><strong>Angue</strong></span> <span class='ocrx_word' id='word_1_564' title='bbox 509 2780 542 2810; x_wconf 91' lang='lat'>&amp;</span> <span class='ocrx_word' id='word_1_565' title='bbox 565 2779 706 2814; x_wconf 81' lang='lat' dir='ltr'><strong>Franciae,</strong></span> <span class='ocrx_word' id='word_1_566' title='bbox 725 2787 757 2808; x_wconf 90' lang='lat' dir='ltr'><strong>ac</strong></span> <span class='ocrx_word' id='word_1_567' title='bbox 783 2777 908 2807; x_wconf 85' lang='lat' dir='ltr'><strong>Domini</strong></span> <span class='ocrx_word' id='word_1_568' title='bbox 931 2777 1082 2807; x_wconf 75' lang='lat' dir='ltr'><strong>Hiberniae</strong></span> <span class='ocrx_word' id='word_1_569' title='bbox 1099 2799 1108 2814; x_wconf 93' lang='lat'><strong>,</strong></span> <span class='ocrx_word' id='word_1_570' title='bbox 1135 2776 1221 2807; x_wconf 87' lang='lat' dir='ltr'><strong>Patris</strong></span> <span class='ocrx_word' id='word_1_571' title='bbox 1241 2778 1279 2808; x_wconf 91' lang='lat' dir='ltr'><strong>sui</strong></span> 
     </span>
     <span class='ocr_line' id='line_1_79' title="bbox 215 2814 1277 2860; baseline -0.007 -9"><span class='ocrx_word' id='word_1_572' title='bbox 215 2822 365 2860; x_wconf 55' lang='lat' dir='ltr'><strong>praedisti,</strong></span> <span class='ocrx_word' id='word_1_573' title='bbox 383 2820 417 2851; x_wconf 65' lang='lat' dir='ltr'><strong>&amp;c</strong></span> <span class='ocrx_word' id='word_1_574' title='bbox 432 2819 465 2848; x_wconf 81' lang='lat' dir='ltr'><strong>ad</strong></span> <span class='ocrx_word' id='word_1_575' title='bbox 481 2817 708 2849; x_wconf 86' lang='lat' dir='ltr'><strong>contrahendum</strong></span> <span class='ocrx_word' id='word_1_576' title='bbox 726 2815 950 2845; x_wconf 80' lang='lat' dir='ltr'><strong>Matrimonium</strong></span> <span class='ocrx_word' id='word_1_577' title='bbox 973 2814 1133 2853; x_wconf 87' lang='lat' dir='ltr'><strong>hujusmodi</strong></span> <span class='ocrx_word' id='word_1_578' title='bbox 1156 2826 1207 2853; x_wconf 91' lang='lat' dir='ltr'><strong>pro</strong></span> <span class='ocrx_word' id='word_1_579' title='bbox 1223 2826 1277 2852; x_wconf 89' lang='lat' dir='ltr'><strong>eo,</strong></span> 
     </span>
     <span class='ocr_line' id='line_1_80' title="bbox 217 2853 985 2897; baseline -0.012 -6"><span class='ocrx_word' id='word_1_580' title='bbox 217 2862 250 2892; x_wconf 71' lang='grc' dir='ltr'><strong>ὅ(</strong></span> <span class='ocrx_word' id='word_1_581' title='bbox 267 2861 323 2897; x_wconf 85' lang='lat' dir='ltr'><strong>ejus</strong></span> <span class='ocrx_word' id='word_1_582' title='bbox 339 2859 476 2894; x_wconf 77' lang='lat' dir='ltr'><strong>nomine,</strong></span> <span class='ocrx_word' id='word_1_583' title='bbox 495 2866 564 2887; x_wconf 91' lang='lat' dir='ltr'><strong>cum</strong></span> <span class='ocrx_word' id='word_1_584' title='bbox 577 2856 676 2886; x_wconf 88' lang='lat' dir='ltr'><strong>eadem</strong></span> <span class='ocrx_word' id='word_1_585' title='bbox 693 2854 823 2884; x_wconf 86' lang='lat' dir='ltr'><strong>Domina</strong></span> <span class='ocrx_word' id='word_1_586' title='bbox 839 2853 985 2891; x_wconf 80' lang='lat' dir='ltr'><strong>Katerina,</strong></span> 
     </span>
    </p>

    <p class='ocr_par' dir='ltr' id='par_1_27' title="bbox 216 2891 1281 3549">
     <span class='ocr_line' id='line_1_81' title="bbox 254 2891 1278 2930; baseline -0.005 -2"><span class='ocrx_word' id='word_1_587' title='bbox 254 2898 355 2928; x_wconf 87' lang='lat' dir='ltr'><strong>Certos</strong></span> <span class='ocrx_word' id='word_1_588' title='bbox 370 2896 566 2927; x_wconf 76' lang='lat' dir='ltr'><strong>Procuratores</strong></span> <span class='ocrx_word' id='word_1_589' title='bbox 582 2893 768 2930; x_wconf 79' lang='lat' dir='ltr'><strong>infrascriptos</strong></span> <span class='ocrx_word' id='word_1_590' title='bbox 786 2892 876 2922; x_wconf 79' lang='lat' dir='ltr'><strong>facere</strong></span> <span class='ocrx_word' id='word_1_591' title='bbox 893 2894 925 2922; x_wconf 84' lang='lat'>&amp;</span> <span class='ocrx_word' id='word_1_592' title='bbox 935 2891 1124 2930; x_wconf 85' lang='lat' dir='ltr'><strong>constituere,</strong></span> <span class='ocrx_word' id='word_1_593' title='bbox 1142 2893 1278 2923; x_wconf 85' lang='lat' dir='ltr'><strong>omnibus</strong></span> 
     </span>
     <span class='ocr_line' id='line_1_82' title="bbox 217 2930 1278 2970; baseline -0.006 -4"><span class='ocrx_word' id='word_1_594' title='bbox 217 2937 379 2966; x_wconf 85' lang='lat' dir='ltr'><strong>melioribus</strong></span> <span class='ocrx_word' id='word_1_595' title='bbox 395 2934 504 2970; x_wconf 86' lang='lat' dir='ltr'><strong>modis,</strong></span> <span class='ocrx_word' id='word_1_596' title='bbox 522 2934 588 2970; x_wconf 80' lang='lat' dir='ltr'><strong>viis,</strong></span> <span class='ocrx_word' id='word_1_597' title='bbox 608 2933 716 2969; x_wconf 86' lang='lat' dir='ltr'><strong>verbis,</strong></span> <span class='ocrx_word' id='word_1_598' title='bbox 733 2932 765 2961; x_wconf 75' lang='grc' dir='ltr'><strong>δε</strong></span> <span class='ocrx_word' id='word_1_599' title='bbox 776 2930 874 2960; x_wconf 83' lang='lat' dir='ltr'><strong>formis</strong></span> <span class='ocrx_word' id='word_1_600' title='bbox 891 2931 991 2968; x_wconf 83' lang='lat' dir='ltr'><strong>quibus</strong></span> <span class='ocrx_word' id='word_1_601' title='bbox 1007 2931 1098 2969; x_wconf 85' lang='lat' dir='ltr'><strong>potuit</strong></span> <span class='ocrx_word' id='word_1_602' title='bbox 1113 2938 1159 2961; x_wconf 84' lang='lat' dir='ltr'><strong>aut</strong></span> <span class='ocrx_word' id='word_1_603' title='bbox 1168 2931 1278 2969; x_wconf 83' lang='lat' dir='ltr'><strong>potest,</strong></span> 
     </span>
     <span class='ocr_line' id='line_1_83' title="bbox 217 2968 1277 3007; baseline -0.006 -2"><span class='ocrx_word' id='word_1_604' title='bbox 217 2973 349 3005; x_wconf 65' lang='lat' dir='ltr'><strong>Dilecios</strong></span> <span class='ocrx_word' id='word_1_605' title='bbox 365 2975 414 3004; x_wconf 76' lang='lat' dir='ltr'><strong>libi</strong></span> <span class='ocrx_word' id='word_1_606' title='bbox 430 2974 457 3002; x_wconf 90' lang='lat' dir='ltr'><strong>in</strong></span> <span class='ocrx_word' id='word_1_607' title='bbox 474 2971 590 3002; x_wconf 82' lang='lat' dir='ltr'><strong>Christo</strong></span> <span class='ocrx_word' id='word_1_608' title='bbox 608 2970 753 3000; x_wconf 86' lang='lat' dir='ltr'><strong>Nobilem</strong></span> <span class='ocrx_word' id='word_1_609' title='bbox 765 2969 886 3007; x_wconf 85' lang='lat' dir='ltr'><strong>Virum,</strong></span> <span class='ocrx_word' id='word_1_610' title='bbox 905 2969 1070 2999; x_wconf 90' lang='lat' dir='ltr'><strong>Dominum</strong></span> <span class='ocrx_word' id='word_1_611' title='bbox 1096 2969 1138 2998; x_wconf 94' lang='lat' dir='ltr'><em>W</em></span> <span class='ocrx_word' id='word_1_612' title='bbox 1139 2968 1277 2999; x_wconf 81' lang='lat' dir='ltr'><strong>illielmum</strong></span> 
     </span>
     <span class='ocr_line' id='line_1_84' title="bbox 218 3006 1278 3049; baseline -0.002 -8"><span class='ocrx_word' id='word_1_613' title='bbox 218 3013 389 3049; x_wconf 71' lang='lat' dir='ltr'><strong>Bourghcher</strong></span> <span class='ocrx_word' id='word_1_614' title='bbox 403 3012 439 3041; x_wconf 89' lang='lat' dir='ltr'><strong>de</strong></span> <span class='ocrx_word' id='word_1_615' title='bbox 452 3010 574 3040; x_wconf 82' lang='lat' dir='ltr'><strong>Camera</strong></span> <span class='ocrx_word' id='word_1_616' title='bbox 586 3009 655 3039; x_wconf 66' lang='lat' dir='ltr'><strong>dieii</strong></span> <span class='ocrx_word' id='word_1_617' title='bbox 670 3008 793 3038; x_wconf 86' lang='lat' dir='ltr'><strong>Domini</strong></span> <span class='ocrx_word' id='word_1_618' title='bbox 810 3007 948 3045; x_wconf 88' lang='lat' dir='ltr'><strong>Principis</strong></span> <span class='ocrx_word' id='word_1_619' title='bbox 963 3007 1075 3037; x_wconf 85' lang='lat' dir='ltr'><strong>Walliae</strong></span> <span class='ocrx_word' id='word_1_620' title='bbox 1093 3006 1278 3046; x_wconf 85' lang='lat' dir='ltr'><strong>Militem,ac</strong></span> 
     </span>
     <span class='ocr_line' id='line_1_85' title="bbox 218 3045 1280 3084; baseline -0.007 -2"><span class='ocrx_word' id='word_1_621' title='bbox 218 3050 245 3081; x_wconf 86' lang='lat' dir='ltr'>V</span> <span class='ocrx_word' id='word_1_622' title='bbox 248 3048 415 3082; x_wconf 82' lang='lat' dir='ltr'><strong>enerabilem</strong></span> <span class='ocrx_word' id='word_1_623' title='bbox 430 3050 463 3079; x_wconf 67' lang='grc' dir='ltr'>ἃ</span> <span class='ocrx_word' id='word_1_624' title='bbox 480 3048 642 3079; x_wconf 77' lang='lat' dir='ltr'><strong>Discretum</strong></span> <span class='ocrx_word' id='word_1_625' title='bbox 658 3048 776 3082; x_wconf 87' lang='lat' dir='ltr'><strong>Virum,</strong></span> <span class='ocrx_word' id='word_1_626' title='bbox 797 3045 968 3080; x_wconf 73' lang='lat' dir='ltr'><strong>Magistrum</strong></span> <span class='ocrx_word' id='word_1_627' title='bbox 982 3046 1128 3075; x_wconf 81' lang='lat' dir='ltr'><strong>Ricardum</strong></span> <span class='ocrx_word' id='word_1_628' title='bbox 1137 3046 1280 3084; x_wconf 78' lang='lat' dir='ltr'><strong>Derham,</strong></span> 
     </span>
     <span class='ocr_line' id='line_1_86' title="bbox 216 3084 1279 3124; baseline -0.007 -4"><span class='ocrx_word' id='word_1_629' title='bbox 216 3092 246 3119; x_wconf 86' lang='lat' dir='ltr'><strong>in</strong></span> <span class='ocrx_word' id='word_1_630' title='bbox 262 3088 515 3124; x_wconf 76' lang='lat' dir='ltr'><strong>SacraTlieologia</strong></span> <span class='ocrx_word' id='word_1_631' title='bbox 526 3087 735 3122; x_wconf 82' lang='lat' dir='ltr'><strong>Licentiaturn,</strong></span> <span class='ocrx_word' id='word_1_632' title='bbox 752 3086 785 3114; x_wconf 83' lang='lat'>&amp;</span> <span class='ocrx_word' id='word_1_633' title='bbox 802 3085 882 3114; x_wconf 72' lang='lat' dir='ltr'><strong>Aulae</strong></span> <span class='ocrx_word' id='word_1_634' title='bbox 892 3084 1052 3114; x_wconf 79' lang='lat' dir='ltr'><strong>scolarium</strong></span> <span class='ocrx_word' id='word_1_635' title='bbox 1069 3084 1139 3114; x_wconf 69' lang='lat' dir='ltr'><strong>dieti</strong></span> <span class='ocrx_word' id='word_1_636' title='bbox 1156 3084 1279 3114; x_wconf 88' lang='lat' dir='ltr'><strong>Domini</strong></span> 
     </span>
     <span class='ocr_line' id='line_1_87' title="bbox 218 3121 1276 3164; baseline -0.006 -6"><span class='ocrx_word' id='word_1_637' title='bbox 218 3128 307 3158; x_wconf 79' lang='lat' dir='ltr'><strong>nostri</strong></span> <span class='ocrx_word' id='word_1_638' title='bbox 323 3127 410 3164; x_wconf 82' lang='lat' dir='ltr'><strong>Regis</strong></span> <span class='ocrx_word' id='word_1_639' title='bbox 426 3126 553 3164; x_wconf 73' lang='lat' dir='ltr'><strong>Angliae,</strong></span> <span class='ocrx_word' id='word_1_640' title='bbox 571 3126 601 3154; x_wconf 92' lang='lat' dir='ltr'><strong>in</strong></span> <span class='ocrx_word' id='word_1_641' title='bbox 618 3123 806 3154; x_wconf 74' lang='lat' dir='ltr'><strong>Univeriitate</strong></span> <span class='ocrx_word' id='word_1_642' title='bbox 816 3122 859 3153; x_wconf 81' lang='lat' dir='ltr'><strong>sua</strong></span> <span class='ocrx_word' id='word_1_643' title='bbox 873 3121 1083 3160; x_wconf 83' lang='lat' dir='ltr'><strong>Cantabrigiae,</strong></span> <span class='ocrx_word' id='word_1_644' title='bbox 1103 3122 1276 3159; x_wconf 85' lang='lat' dir='ltr'><strong>Magistrum</strong></span> 
     </span>
     <span class='ocr_line' id='line_1_88' title="bbox 217 3159 1279 3203; baseline -0.006 -6"><span class='ocrx_word' id='word_1_645' title='bbox 217 3168 251 3198; x_wconf 73' lang='lat' dir='ltr'><strong>u&amp;</strong></span> <span class='ocrx_word' id='word_1_646' title='bbox 267 3165 444 3203; x_wconf 87' lang='lat' dir='ltr'><strong>Custodem,</strong></span> <span class='ocrx_word' id='word_1_647' title='bbox 461 3166 494 3195; x_wconf 83' lang='lat'>&amp;</span> <span class='ocrx_word' id='word_1_648' title='bbox 509 3164 590 3201; x_wconf 84' lang='lat' dir='ltr'><strong>ipsius</strong></span> <span class='ocrx_word' id='word_1_649' title='bbox 603 3162 727 3192; x_wconf 90' lang='lat' dir='ltr'><strong>Domini</strong></span> <span class='ocrx_word' id='word_1_650' title='bbox 745 3161 833 3191; x_wconf 86' lang='lat' dir='ltr'><strong>nostri</strong></span> <span class='ocrx_word' id='word_1_651' title='bbox 850 3161 934 3199; x_wconf 79' lang='lat' dir='ltr'><strong>Regis</strong></span> <span class='ocrx_word' id='word_1_652' title='bbox 956 3159 1157 3198; x_wconf 83' lang='lat' dir='ltr'><strong>Capelianum,</strong></span> <span class='ocrx_word' id='word_1_653' title='bbox 1174 3162 1206 3192; x_wconf 71' lang='grc' dir='ltr'><strong>ὃ(</strong></span> <span class='ocrx_word' id='word_1_654' title='bbox 1221 3161 1279 3200; x_wconf 87' lang='lat' dir='ltr'><strong>Jo-</strong></span> 
     </span>
     <span class='ocr_line' id='line_1_89' title="bbox 216 3198 1279 3239; baseline -0.005 -5"><span class='ocrx_word' id='word_1_655' title='bbox 216 3204 332 3234; x_wconf 77' lang='lat' dir='ltr'><strong>hannem</strong></span> <span class='ocrx_word' id='word_1_656' title='bbox 348 3206 469 3234; x_wconf 82' lang='lat' dir='ltr'><strong>Peraunt</strong></span> <span class='ocrx_word' id='word_1_657' title='bbox 486 3202 687 3239; x_wconf 83' lang='lat' dir='ltr'><strong>Armigerum,</strong></span> <span class='ocrx_word' id='word_1_658' title='bbox 705 3200 773 3230; x_wconf 70' lang='lat' dir='ltr'><strong>dieti</strong></span> <span class='ocrx_word' id='word_1_659' title='bbox 797 3199 920 3229; x_wconf 91' lang='lat' dir='ltr'><strong>Domini</strong></span> <span class='ocrx_word' id='word_1_660' title='bbox 942 3198 1028 3229; x_wconf 90' lang='lat' dir='ltr'><strong>nostri</strong></span> <span class='ocrx_word' id='word_1_661' title='bbox 1044 3198 1130 3237; x_wconf 87' lang='lat' dir='ltr'><strong>Regis</strong></span> <span class='ocrx_word' id='word_1_662' title='bbox 1148 3199 1279 3230; x_wconf 86' lang='lat' dir='ltr'><strong>Servien-</strong></span> 
     </span>
     <span class='ocr_line' id='line_1_90' title="bbox 216 3237 1279 3279; baseline -0.006 -5"><span class='ocrx_word' id='word_1_663' title='bbox 216 3251 276 3274; x_wconf 90' lang='lat' dir='ltr'><strong>tem</strong></span> <span class='ocrx_word' id='word_1_664' title='bbox 291 3243 325 3273; x_wconf 85' lang='lat' dir='ltr'><strong>ad</strong></span> <span class='ocrx_word' id='word_1_665' title='bbox 345 3245 446 3279; x_wconf 81' lang='lat' dir='ltr'><strong>Arma,</strong></span> <span class='ocrx_word' id='word_1_666' title='bbox 464 3241 568 3272; x_wconf 89' lang='lat' dir='ltr'><strong>Virum</strong></span> <span class='ocrx_word' id='word_1_667' title='bbox 586 3240 760 3275; x_wconf 73' lang='lat' dir='ltr'><strong>Literatum,</strong></span> <span class='ocrx_word' id='word_1_668' title='bbox 777 3238 976 3276; x_wconf 68' lang='lat' dir='ltr'><strong>conjunCtim,</strong></span> <span class='ocrx_word' id='word_1_669' title='bbox 995 3238 1028 3268; x_wconf 73' lang='grc' dir='ltr'><strong>δε</strong></span> <span class='ocrx_word' id='word_1_670' title='bbox 1049 3237 1202 3275; x_wconf 87' lang='lat' dir='ltr'><strong>quemlibet</strong></span> <span class='ocrx_word' id='word_1_671' title='bbox 1217 3238 1279 3268; x_wconf 91' lang='lat' dir='ltr'><strong>illo-</strong></span> 
     </span>
     <span class='ocr_line' id='line_1_91' title="bbox 216 3276 1279 3318; baseline -0.005 -6"><span class='ocrx_word' id='word_1_672' title='bbox 216 3291 281 3312; x_wconf 85' lang='lat' dir='ltr'><strong>rurri</strong></span> <span class='ocrx_word' id='word_1_673' title='bbox 294 3281 422 3318; x_wconf 82' lang='lat' dir='ltr'><strong>divisim,</strong></span> <span class='ocrx_word' id='word_1_674' title='bbox 440 3281 472 3311; x_wconf 85' lang='lat'>&amp;</span> <span class='ocrx_word' id='word_1_675' title='bbox 486 3282 516 3309; x_wconf 90' lang='lat' dir='ltr'><strong>in</strong></span> <span class='ocrx_word' id='word_1_676' title='bbox 527 3278 664 3314; x_wconf 88' lang='lat' dir='ltr'><strong>solidum,</strong></span> <span class='ocrx_word' id='word_1_677' title='bbox 683 3278 719 3307; x_wconf 88' lang='lat' dir='ltr'><strong>ita</strong></span> <span class='ocrx_word' id='word_1_678' title='bbox 736 3276 816 3314; x_wconf 70' lang='lat' dir='ltr'><strong>quod</strong></span> <span class='ocrx_word' id='word_1_679' title='bbox 833 3286 892 3305; x_wconf 87' lang='lat' dir='ltr'><strong>non</strong></span> <span class='ocrx_word' id='word_1_680' title='bbox 907 3276 937 3306; x_wconf 83' lang='lat' dir='ltr'><strong>iit</strong></span> <span class='ocrx_word' id='word_1_681' title='bbox 953 3276 1052 3305; x_wconf 89' lang='lat' dir='ltr'><strong>melior</strong></span> <span class='ocrx_word' id='word_1_682' title='bbox 1068 3276 1198 3306; x_wconf 90' lang='lat' dir='ltr'><strong>conditio</strong></span> <span class='ocrx_word' id='word_1_683' title='bbox 1215 3276 1279 3307; x_wconf 90' lang='lat' dir='ltr'><strong>Oc—</strong></span> 
     </span>
     <span class='ocr_line' id='line_1_92' title="bbox 219 3313 1280 3359; baseline -0.005 -9"><span class='ocrx_word' id='word_1_684' title='bbox 219 3321 362 3359; x_wconf 80' lang='lat' dir='ltr'><strong>cupantis,</strong></span> <span class='ocrx_word' id='word_1_685' title='bbox 379 3319 415 3348; x_wconf 93' lang='lat' dir='ltr'><strong>de</strong></span> <span class='ocrx_word' id='word_1_686' title='bbox 436 3317 570 3348; x_wconf 88' lang='lat' dir='ltr'><strong>consensu</strong></span> <span class='ocrx_word' id='word_1_687' title='bbox 590 3317 622 3347; x_wconf 85' lang='lat'>&amp;</span> <span class='ocrx_word' id='word_1_688' title='bbox 644 3316 788 3356; x_wconf 75' lang='lat' dir='ltr'><strong>voluntate</strong></span> <span class='ocrx_word' id='word_1_689' title='bbox 808 3314 936 3351; x_wconf 70' lang='lat' dir='ltr'><strong>expressis</strong></span> <span class='ocrx_word' id='word_1_690' title='bbox 961 3314 1032 3344; x_wconf 53' lang='lat' dir='ltr'><strong>dicti</strong></span> <span class='ocrx_word' id='word_1_691' title='bbox 1055 3313 1177 3344; x_wconf 88' lang='lat' dir='ltr'><strong>Domini</strong></span> <span class='ocrx_word' id='word_1_692' title='bbox 1192 3314 1280 3345; x_wconf 87' lang='lat' dir='ltr'><strong>nostri</strong></span> 
     </span>
     <span class='ocr_line' id='line_1_93' title="bbox 218 3352 1279 3396; baseline -0.006 -8"><span class='ocrx_word' id='word_1_693' title='bbox 218 3357 308 3396; x_wconf 82' lang='lat' dir='ltr'><strong>Regis</strong></span> <span class='ocrx_word' id='word_1_694' title='bbox 323 3357 433 3395; x_wconf 72' lang='lat' dir='ltr'><strong>Angli-ae</strong></span> <span class='ocrx_word' id='word_1_695' title='bbox 448 3358 479 3386; x_wconf 70' lang='grc' dir='ltr'><strong>δε</strong></span> <span class='ocrx_word' id='word_1_696' title='bbox 496 3356 639 3393; x_wconf 74' lang='lat' dir='ltr'><strong>Franciae,</strong></span> <span class='ocrx_word' id='word_1_697' title='bbox 664 3353 747 3383; x_wconf 83' lang='lat' dir='ltr'><strong>Patris</strong></span> <span class='ocrx_word' id='word_1_698' title='bbox 768 3354 806 3383; x_wconf 85' lang='lat' dir='ltr'><strong>iui</strong></span> <span class='ocrx_word' id='word_1_699' title='bbox 830 3353 939 3382; x_wconf 84' lang='lat' dir='ltr'><strong>ibidem</strong></span> <span class='ocrx_word' id='word_1_700' title='bbox 961 3353 1134 3390; x_wconf 74' lang='lat' dir='ltr'><strong>perexpresse</strong></span> <span class='ocrx_word' id='word_1_701' title='bbox 1149 3352 1279 3383; x_wconf 85' lang='lat' dir='ltr'><strong>adhibitis</strong></span> 
     </span>
     <span class='ocr_line' id='line_1_94' title="bbox 219 3390 1279 3429; baseline -0.005 -3"><span class='ocrx_word' id='word_1_702' title='bbox 219 3398 254 3429; x_wconf 87' lang='lat'>&amp;</span> <span class='ocrx_word' id='word_1_703' title='bbox 277 3396 525 3426; x_wconf 80' lang='lat' dir='ltr'><strong>intervenientibus</strong></span> <span class='ocrx_word' id='word_1_704' title='bbox 554 3395 603 3429; x_wconf 89' lang='lat' dir='ltr'><strong>(ut</strong></span> <span class='ocrx_word' id='word_1_705' title='bbox 633 3393 722 3422; x_wconf 81' lang='lat' dir='ltr'><strong>michi</strong></span> <span class='ocrx_word' id='word_1_706' title='bbox 744 3391 870 3421; x_wconf 82' lang='lat' dir='ltr'><strong>Notario</strong></span> <span class='ocrx_word' id='word_1_707' title='bbox 893 3392 926 3421; x_wconf 91' lang='lat'>&amp;</span> <span class='ocrx_word' id='word_1_708' title='bbox 944 3391 1078 3421; x_wconf 88' lang='lat' dir='ltr'><strong>Testibus</strong></span> <span class='ocrx_word' id='word_1_709' title='bbox 1104 3390 1279 3429; x_wconf 87' lang='lat' dir='ltr'><strong>infrascriptis</strong></span> 
     </span>
     <span class='ocr_line' id='line_1_95' title="bbox 221 3429 1279 3471; baseline -0.005 -6"><span class='ocrx_word' id='word_1_710' title='bbox 221 3444 291 3465; x_wconf 88' lang='lat' dir='ltr'><strong>tunc</strong></span> <span class='ocrx_word' id='word_1_711' title='bbox 317 3433 442 3471; x_wconf 73' lang='lat' dir='ltr'><strong>expresse</strong></span> <span class='ocrx_word' id='word_1_712' title='bbox 458 3432 603 3470; x_wconf 70' lang='lat' dir='ltr'><strong>apparuit)</strong></span> <span class='ocrx_word' id='word_1_713' title='bbox 623 3432 643 3468; x_wconf 85' lang='lat'>†</span> <span class='ocrx_word' id='word_1_714' title='bbox 663 3431 725 3460; x_wconf 83' lang='lat' dir='ltr'><strong>suos</strong></span> <span class='ocrx_word' id='word_1_715' title='bbox 739 3430 888 3458; x_wconf 85' lang='lat' dir='ltr'><strong>Ordinavit</strong></span> <span class='ocrx_word' id='word_1_716' title='bbox 905 3452 913 3466; x_wconf 92' lang='lat'><strong>,</strong></span> <span class='ocrx_word' id='word_1_717' title='bbox 947 3430 1015 3460; x_wconf 87' lang='lat' dir='ltr'><strong>fecit</strong></span> <span class='ocrx_word' id='word_1_718' title='bbox 1030 3452 1039 3467; x_wconf 91' lang='lat'><strong>,</strong></span> <span class='ocrx_word' id='word_1_719' title='bbox 1062 3430 1094 3459; x_wconf 91' lang='lat'>&amp;</span> <span class='ocrx_word' id='word_1_720' title='bbox 1115 3429 1279 3468; x_wconf 88' lang='lat' dir='ltr'><strong>constituit,</strong></span> 
     </span>
     <span class='ocr_line' id='line_1_96' title="bbox 221 3466 1281 3510; baseline -0.004 -7"><span class='ocrx_word' id='word_1_721' title='bbox 221 3473 344 3503; x_wconf 89' lang='lat' dir='ltr'><strong>Ordinat</strong></span> <span class='ocrx_word' id='word_1_722' title='bbox 360 3495 370 3510; x_wconf 95' lang='lat'><strong>,</strong></span> <span class='ocrx_word' id='word_1_723' title='bbox 395 3472 462 3502; x_wconf 86' lang='lat' dir='ltr'><strong>facit</strong></span> <span class='ocrx_word' id='word_1_724' title='bbox 485 3493 495 3509; x_wconf 91' lang='lat'><strong>,</strong></span> <span class='ocrx_word' id='word_1_725' title='bbox 520 3471 553 3501; x_wconf 73' lang='grc' dir='ltr'><strong>δε</strong></span> <span class='ocrx_word' id='word_1_726' title='bbox 582 3468 725 3500; x_wconf 84' lang='lat' dir='ltr'><strong>constituit</strong></span> <span class='ocrx_word' id='word_1_727' title='bbox 749 3467 967 3506; x_wconf 80' lang='lat' dir='ltr'><strong>Procuratores,</strong></span> <span class='ocrx_word' id='word_1_728' title='bbox 992 3468 1025 3498; x_wconf 69' lang='grc' dir='ltr'><strong>ὃς</strong></span> <span class='ocrx_word' id='word_1_729' title='bbox 1051 3466 1187 3498; x_wconf 88' lang='lat' dir='ltr'><strong>Nuncios</strong></span> <span class='ocrx_word' id='word_1_730' title='bbox 1218 3468 1281 3508; x_wconf 88' lang='lat' dir='ltr'><strong>spe-</strong></span> 
     </span>
     <span class='ocr_line' id='line_1_97' title="bbox 218 3512 322 3549; baseline 0 -7"><span class='ocrx_word' id='word_1_731' title='bbox 218 3512 322 3549; x_wconf 82' lang='lat' dir='ltr'><strong>ciales,</strong></span> 
     </span>
    </p>

    <p class='ocr_par' dir='ltr' id='par_1_28' title="bbox 221 3543 1281 3624">
     <span class='ocr_line' id='line_1_98' title="bbox 257 3543 1281 3588; baseline -0.005 -8"><span class='ocrx_word' id='word_1_732' title='bbox 257 3550 400 3588; x_wconf 84' lang='lat' dir='ltr'><strong>Deditque</strong></span> <span class='ocrx_word' id='word_1_733' title='bbox 416 3550 449 3579; x_wconf 89' lang='lat'>&amp;</span> <span class='ocrx_word' id='word_1_734' title='bbox 464 3546 601 3578; x_wconf 76' lang='lat' dir='ltr'><strong>concessit</strong></span> <span class='ocrx_word' id='word_1_735' title='bbox 637 3555 669 3576; x_wconf 90' lang='lat' dir='ltr'><strong>ac</strong></span> <span class='ocrx_word' id='word_1_736' title='bbox 686 3544 732 3575; x_wconf 85' lang='lat' dir='ltr'><strong>dat</strong></span> <span class='ocrx_word' id='word_1_737' title='bbox 744 3545 778 3575; x_wconf 89' lang='lat'>&amp;</span> <span class='ocrx_word' id='word_1_738' title='bbox 793 3544 1065 3581; x_wconf 73' lang='lat' dir='ltr'><strong>concedirpraefatus</strong></span> <span class='ocrx_word' id='word_1_739' title='bbox 1077 3543 1281 3575; x_wconf 77' lang='lat' dir='ltr'><strong>Excellentiffi-</strong></span> 
     </span>
     <span class='ocr_line' id='line_1_99' title="bbox 221 3569 1281 3624; baseline -0.006 -4"><span class='ocrx_word' id='word_1_740' title='bbox 221 3599 284 3619; x_wconf 89' lang='lat' dir='ltr'><strong>mus</strong></span> <span class='ocrx_word' id='word_1_741' title='bbox 303 3589 436 3624; x_wconf 85' lang='lat' dir='ltr'><strong>Princeps</strong></span> <span class='ocrx_word' id='word_1_742' title='bbox 452 3586 596 3616; x_wconf 83' lang='lat' dir='ltr'><strong>Dominus</strong></span> <span class='ocrx_word' id='word_1_743' title='bbox 610 3569 753 3614; x_wconf 59' lang='lat' dir='ltr'><strong>henricus</strong></span> <span class='ocrx_word' id='word_1_744' title='bbox 769 3583 903 3620; x_wconf 86' lang='lat' dir='ltr'><strong>Princeps</strong></span> <span class='ocrx_word' id='word_1_745' title='bbox 918 3583 1047 3621; x_wconf 78' lang='lat' dir='ltr'><strong>waliiae,</strong></span> <span class='ocrx_word' id='word_1_746' title='bbox 1062 3592 1096 3613; x_wconf 88' lang='lat' dir='ltr'><strong>ac</strong></span> <span class='ocrx_word' id='word_1_747' title='bbox 1113 3582 1181 3613; x_wconf 84' lang='lat' dir='ltr'><strong>Dux</strong></span> <span class='ocrx_word' id='word_1_748' title='bbox 1189 3583 1281 3621; x_wconf 87' lang='lat' dir='ltr'><strong>Aqui-</strong></span> 
     </span>
    </p>
   </div>
   <div class='ocr_carea' id='block_1_17' title="bbox 1366 573 2512 631">
    <p class='ocr_par' dir='ltr' id='par_1_29' title="bbox 1366 573 2512 631">
     <span class='ocr_line' id='line_1_100' title="bbox 1366 573 2512 631; baseline 0.004 -27"><span class='ocrx_word' id='word_1_749' title='bbox 1366 574 1412 604; x_wconf 91' lang='lat' dir='ltr'><strong>Ac</strong></span> <span class='ocrx_word' id='word_1_750' title='bbox 1427 573 1558 611; x_wconf 78' lang='lat' dir='ltr'><strong>promisit</strong></span> <span class='ocrx_word' id='word_1_751' title='bbox 1572 575 1703 611; x_wconf 77' lang='lat' dir='ltr'><strong>praefatus</strong></span> <span class='ocrx_word' id='word_1_752' title='bbox 1718 574 1974 606; x_wconf 79' lang='lat' dir='ltr'><strong>Excellentiffimus</strong></span> <span class='ocrx_word' id='word_1_753' title='bbox 1983 574 2304 615; x_wconf 88' lang='lat' dir='ltr'><strong>Dominus,Dominus</strong></span> <span class='ocrx_word' id='word_1_754' title='bbox 2311 576 2395 609; x_wconf 89' lang='lat' dir='ltr'><strong>Heri·-</strong></span> <span class='ocrx_word' id='word_1_755' title='bbox 2408 581 2512 631; x_wconf 48' lang='lat' dir='ltr'><strong>Zssffim</strong></span> 
     </span>
    </p>
   </div>
   <div class='ocr_carea' id='block_1_18' title="bbox 1321 611 2394 694">
    <p class='ocr_par' dir='ltr' id='par_1_30' title="bbox 1321 611 2394 694">
     <span class='ocr_line' id='line_1_101' title="bbox 1325 611 2394 657; baseline 0.005 -15"><span class='ocrx_word' id='word_1_756' title='bbox 1325 613 1403 656; x_wconf 36' lang='lat' dir='ltr'><strong>‚ricus</strong></span> <span class='ocrx_word' id='word_1_757' title='bbox 1417 611 1555 657; x_wconf 59' lang='lat' dir='ltr'><strong>Princeps</strong></span> <span class='ocrx_word' id='word_1_758' title='bbox 1568 611 1752 657; x_wconf 34' lang='lat' dir='ltr'><strong>Walliae,·ac</strong></span> <span class='ocrx_word' id='word_1_759' title='bbox 1768 613 1838 644; x_wconf 84' lang='lat' dir='ltr'><strong>Dux</strong></span> <span class='ocrx_word' id='word_1_760' title='bbox 1854 614 1887 644; x_wconf 84' lang='lat'>&amp;</span> <span class='ocrx_word' id='word_1_761' title='bbox 1902 613 2011 645; x_wconf 87' lang='lat' dir='ltr'><strong>Comes</strong></span> <span class='ocrx_word' id='word_1_762' title='bbox 2024 614 2182 652; x_wconf 74' lang='lat' dir='ltr'><strong>praelibatus</strong></span> <span class='ocrx_word' id='word_1_763' title='bbox 2189 613 2394 656; x_wconf 75' lang='lat' dir='ltr'><strong>constituens,</strong></span> 
     </span>
     <span class='ocr_line' id='line_1_102' title="bbox 1321 651 2391 694; baseline 0.005 -14"><span class='ocrx_word' id='word_1_764' title='bbox 1321 661 1353 680; x_wconf 82' lang='lat' dir='ltr'><strong>in</strong></span> <span class='ocrx_word' id='word_1_765' title='bbox 1368 654 1511 689; x_wconf 79' lang='lat' dir='ltr'><strong>praesentia</strong></span> <span class='ocrx_word' id='word_1_766' title='bbox 1528 651 1599 681; x_wconf 73' lang='lat' dir='ltr'><strong>dltsti</strong></span> <span class='ocrx_word' id='word_1_767' title='bbox 1615 651 1788 682; x_wconf 85' lang='lat' dir='ltr'><strong>Sereniffimi</strong></span> <span class='ocrx_word' id='word_1_768' title='bbox 1805 651 1964 691; x_wconf 84' lang='lat' dir='ltr'><strong>Principis,</strong></span> <span class='ocrx_word' id='word_1_769' title='bbox 1983 652 2109 683; x_wconf 88' lang='lat' dir='ltr'><strong>Domini</strong></span> <span class='ocrx_word' id='word_1_770' title='bbox 2125 653 2212 693; x_wconf 79' lang='lat' dir='ltr'><strong>Regis</strong></span> <span class='ocrx_word' id='word_1_771' title='bbox 2226 654 2340 694; x_wconf 82' lang='lat' dir='ltr'><strong>Angliae</strong></span> <span class='ocrx_word' id='word_1_772' title='bbox 2357 656 2391 688; x_wconf 73' lang='grc' dir='ltr'><strong>δε</strong></span> 
     </span>
    </p>
   </div>
   <div class='ocr_carea' id='block_1_19' title="bbox 1325 767 2392 1038">
    <p class='ocr_par' dir='ltr' id='par_1_31' title="bbox 1325 767 2392 1038">
     <span class='ocr_line' id='line_1_103' title="bbox 1326 767 2392 811; baseline 0.006 -14"><span class='ocrx_word' id='word_1_773' title='bbox 1326 777 1364 797; x_wconf 87' lang='lat' dir='ltr'><strong>ne</strong></span> <span class='ocrx_word' id='word_1_774' title='bbox 1380 769 1512 808; x_wconf 86' lang='lat' dir='ltr'><strong>emnium</strong></span> <span class='ocrx_word' id='word_1_775' title='bbox 1527 768 1560 798; x_wconf 66' lang='grc' dir='ltr'><strong>ὃ(</strong></span> <span class='ocrx_word' id='word_1_776' title='bbox 1575 767 1771 804; x_wconf 83' lang='lat' dir='ltr'><strong>singulorum,</strong></span> <span class='ocrx_word' id='word_1_777' title='bbox 1790 776 1910 804; x_wconf 84' lang='lat' dir='ltr'><strong>quorum</strong></span> <span class='ocrx_word' id='word_1_778' title='bbox 1928 767 2059 806; x_wconf 87' lang='lat' dir='ltr'><strong>interest,</strong></span> <span class='ocrx_word' id='word_1_779' title='bbox 2084 769 2117 800; x_wconf 88' lang='lat'>&amp;</span> <span class='ocrx_word' id='word_1_780' title='bbox 2132 770 2272 811; x_wconf 84' lang='lat' dir='ltr'><strong>intererit,</strong></span> <span class='ocrx_word' id='word_1_781' title='bbox 2287 773 2331 803; x_wconf 89' lang='lat' dir='ltr'><strong>vel</strong></span> <span class='ocrx_word' id='word_1_782' title='bbox 2347 773 2392 803; x_wconf 90' lang='lat' dir='ltr'><strong>in—</strong></span> 
     </span>
     <span class='ocr_line' id='line_1_104' title="bbox 1328 804 2391 848; baseline 0.005 -13"><span class='ocrx_word' id='word_1_783' title='bbox 1328 806 1426 835; x_wconf 87' lang='lat' dir='ltr'><strong>teresse</strong></span> <span class='ocrx_word' id='word_1_784' title='bbox 1440 808 1543 844; x_wconf 85' lang='lat' dir='ltr'><strong>poterit</strong></span> <span class='ocrx_word' id='word_1_785' title='bbox 1558 807 1587 835; x_wconf 91' lang='lat' dir='ltr'><strong>in</strong></span> <span class='ocrx_word' id='word_1_786' title='bbox 1604 810 1747 844; x_wconf 77' lang='lat' dir='ltr'><strong>futurum,</strong></span> <span class='ocrx_word' id='word_1_787' title='bbox 1763 805 1880 843; x_wconf 88' lang='lat' dir='ltr'><strong>seipsum</strong></span> <span class='ocrx_word' id='word_1_788' title='bbox 1902 804 2011 836; x_wconf 88' lang='lat' dir='ltr'><strong>Ratum</strong></span> <span class='ocrx_word' id='word_1_789' title='bbox 2064 806 2193 838; x_wconf 88' lang='lat' dir='ltr'><strong>Firmum</strong></span> <span class='ocrx_word' id='word_1_790' title='bbox 2208 834 2218 848; x_wconf 86' lang='lat'><strong>,</strong></span> <span class='ocrx_word' id='word_1_791' title='bbox 2242 812 2277 843; x_wconf 89' lang='lat'>&amp;</span> <span class='ocrx_word' id='word_1_792' title='bbox 2293 811 2391 843; x_wconf 84' lang='lat' dir='ltr'><strong>stabile</strong></span> 
     </span>
     <span class='ocr_line' id='line_1_105' title="bbox 1328 828 2392 889; baseline 0.008 -16"><span class='ocrx_word' id='word_1_793' title='bbox 1328 843 1490 875; x_wconf 87' lang='lat' dir='ltr'><strong>habiturum</strong></span> <span class='ocrx_word' id='word_1_794' title='bbox 1512 852 1605 874; x_wconf 83' lang='lat' dir='ltr'><strong>totum</strong></span> <span class='ocrx_word' id='word_1_795' title='bbox 1621 845 1654 875; x_wconf 91' lang='lat'>&amp;</span> <span class='ocrx_word' id='word_1_796' title='bbox 1669 845 1803 884; x_wconf 87' lang='lat' dir='ltr'><strong>quicquid</strong></span> <span class='ocrx_word' id='word_1_797' title='bbox 1814 867 1823 882; x_wconf 91' lang='lat'><strong>,</strong></span> <span class='ocrx_word' id='word_1_798' title='bbox 1842 853 1891 882; x_wconf 85' lang='lat' dir='ltr'><strong>per</strong></span> <span class='ocrx_word' id='word_1_799' title='bbox 1911 843 2006 874; x_wconf 64' lang='lat' dir='ltr'><strong>dictos</strong></span> <span class='ocrx_word' id='word_1_800' title='bbox 2026 828 2226 879; x_wconf 69' lang='lat' dir='ltr'><strong>Procuratores</strong></span> <span class='ocrx_word' id='word_1_801' title='bbox 2238 850 2320 889; x_wconf 89' lang='lat' dir='ltr'><strong>suos,</strong></span> <span class='ocrx_word' id='word_1_802' title='bbox 2344 857 2392 882; x_wconf 87' lang='lat' dir='ltr'><strong>aut</strong></span> 
     </span>
     <span class='ocr_line' id='line_1_106' title="bbox 1327 881 2391 922; baseline 0.009 -10"><span class='ocrx_word' id='word_1_803' title='bbox 1327 893 1428 913; x_wconf 86' lang='lat' dir='ltr'><strong>eorum</strong></span> <span class='ocrx_word' id='word_1_804' title='bbox 1444 883 1564 920; x_wconf 87' lang='lat' dir='ltr'><strong>aliquem</strong></span> <span class='ocrx_word' id='word_1_805' title='bbox 1574 905 1585 921; x_wconf 90' lang='lat'><strong>,</strong></span> <span class='ocrx_word' id='word_1_806' title='bbox 1602 883 1729 922; x_wconf 61' lang='lat' dir='ltr'><strong>Adtum,</strong></span> <span class='ocrx_word' id='word_1_807' title='bbox 1747 882 1870 913; x_wconf 89' lang='lat' dir='ltr'><strong>Gestum</strong></span> <span class='ocrx_word' id='word_1_808' title='bbox 1880 905 1890 921; x_wconf 91' lang='lat'><strong>,</strong></span> <span class='ocrx_word' id='word_1_809' title='bbox 1907 881 2112 922; x_wconf 59' lang='lat' dir='ltr'><strong>Corinaeum,</strong></span> <span class='ocrx_word' id='word_1_810' title='bbox 2131 885 2188 916; x_wconf 85' lang='lat' dir='ltr'><strong>five</strong></span> <span class='ocrx_word' id='word_1_811' title='bbox 2201 885 2391 921; x_wconf 88' lang='lat' dir='ltr'><strong>Procuratum</strong></span> 
     </span>
     <span class='ocr_line' id='line_1_107' title="bbox 1326 919 2390 962; baseline 0.008 -12"><span class='ocrx_word' id='word_1_812' title='bbox 1326 921 1454 951; x_wconf 85' lang='lat' dir='ltr'><strong>fueritin</strong></span> <span class='ocrx_word' id='word_1_813' title='bbox 1480 921 1648 960; x_wconf 81' lang='lat' dir='ltr'><strong>Praemiffis,</strong></span> <span class='ocrx_word' id='word_1_814' title='bbox 1671 921 1714 951; x_wconf 89' lang='lat' dir='ltr'><strong>vel</strong></span> <span class='ocrx_word' id='word_1_815' title='bbox 1738 921 1832 960; x_wconf 80' lang='lat' dir='ltr'><strong>aliquo</strong></span> <span class='ocrx_word' id='word_1_816' title='bbox 1852 919 2065 952; x_wconf 79' lang='lat' dir='ltr'><strong>Praemissorum</strong></span> <span class='ocrx_word' id='word_1_817' title='bbox 2081 945 2091 960; x_wconf 92' lang='lat'><strong>,</strong></span> <span class='ocrx_word' id='word_1_818' title='bbox 2115 921 2165 953; x_wconf 90' lang='lat' dir='ltr'><strong>sub</strong></span> <span class='ocrx_word' id='word_1_819' title='bbox 2187 923 2341 962; x_wconf 63' lang='lat' dir='ltr'><strong>Ypotheci</strong></span> <span class='ocrx_word' id='word_1_820' title='bbox 2354 929 2390 960; x_wconf 72' lang='grc' dir='ltr'><strong>ὅς</strong></span> 
     </span>
     <span class='ocr_line' id='line_1_108' title="bbox 1325 957 2391 1006; baseline 0.008 -18"><span class='ocrx_word' id='word_1_821' title='bbox 1325 957 1512 998; x_wconf 84' lang='lat' dir='ltr'><strong>Obligatione</strong></span> <span class='ocrx_word' id='word_1_822' title='bbox 1524 961 1658 990; x_wconf 88' lang='lat' dir='ltr'><strong>omnium</strong></span> <span class='ocrx_word' id='word_1_823' title='bbox 1675 959 1821 992; x_wconf 87' lang='lat' dir='ltr'><strong>Bonorum</strong></span> <span class='ocrx_word' id='word_1_824' title='bbox 1835 959 1945 990; x_wconf 87' lang='lat' dir='ltr'><strong>suorum</strong></span> <span class='ocrx_word' id='word_1_825' title='bbox 1959 959 2137 998; x_wconf 78' lang='lat' dir='ltr'><strong>praesentium</strong></span> <span class='ocrx_word' id='word_1_826' title='bbox 2152 961 2188 994; x_wconf 88' lang='lat'>&amp;</span> <span class='ocrx_word' id='word_1_827' title='bbox 2208 962 2391 1006; x_wconf 82' lang='lat' dir='ltr'><strong>futurorum,</strong></span> 
     </span>
     <span class='ocr_line' id='line_1_109' title="bbox 1325 997 1678 1038; baseline 0 -10"><span class='ocrx_word' id='word_1_828' title='bbox 1325 998 1359 1028; x_wconf 86' lang='lat'>&amp;</span> <span class='ocrx_word' id='word_1_829' title='bbox 1374 997 1529 1030; x_wconf 82' lang='lat' dir='ltr'><strong>Cautiones</strong></span> <span class='ocrx_word' id='word_1_830' title='bbox 1543 998 1678 1038; x_wconf 83' lang='lat' dir='ltr'><strong>exposuit.</strong></span> 
     </span>
    </p>
   </div>
   <div class='ocr_carea' id='block_1_20' title="bbox 1325 1074 2395 2117">
    <p class='ocr_par' dir='ltr' id='par_1_32' title="bbox 1325 1074 2393 1657">
     <span class='ocr_line' id='line_1_110' title="bbox 1349 1074 2390 1121; baseline 0.009 -16"><span class='ocrx_word' id='word_1_831' title='bbox 1349 1074 1441 1119; x_wconf 38' lang='lat' dir='ltr'><strong>‚Aeta</strong></span> <span class='ocrx_word' id='word_1_832' title='bbox 1455 1074 1519 1106; x_wconf 87' lang='lat' dir='ltr'><strong>sunt</strong></span> <span class='ocrx_word' id='word_1_833' title='bbox 1537 1074 1618 1115; x_wconf 87' lang='lat' dir='ltr'><strong>haec,</strong></span> <span class='ocrx_word' id='word_1_834' title='bbox 1636 1081 1720 1114; x_wconf 85' lang='lat' dir='ltr'><strong>prout</strong></span> <span class='ocrx_word' id='word_1_835' title='bbox 1732 1075 1986 1118; x_wconf 75' lang='lat' dir='ltr'><strong>suprascribuntur,</strong></span> <span class='ocrx_word' id='word_1_836' title='bbox 2002 1077 2053 1108; x_wconf 89' lang='lat' dir='ltr'><strong>sub</strong></span> <span class='ocrx_word' id='word_1_837' title='bbox 2074 1075 2164 1111; x_wconf 83' lang='lat' dir='ltr'><strong>Anno</strong></span> <span class='ocrx_word' id='word_1_838' title='bbox 2177 1078 2323 1121; x_wconf 90' lang='lat' dir='ltr'><strong>Domini,</strong></span> <span class='ocrx_word' id='word_1_839' title='bbox 2340 1080 2390 1114; x_wconf 74' lang='lat' dir='ltr'><strong>In-</strong></span> 
     </span>
     <span class='ocr_line' id='line_1_111' title="bbox 1326 1112 2391 1155; baseline 0.008 -11"><span class='ocrx_word' id='word_1_840' title='bbox 1326 1112 1468 1152; x_wconf 63' lang='lat' dir='ltr'><strong>drdtione,</strong></span> <span class='ocrx_word' id='word_1_841' title='bbox 1486 1113 1658 1145; x_wconf 86' lang='lat' dir='ltr'><strong>Pontificatu</strong></span> <span class='ocrx_word' id='word_1_842' title='bbox 1696 1113 1797 1145; x_wconf 80' lang='lat' dir='ltr'><strong>Mense</strong></span> <span class='ocrx_word' id='word_1_843' title='bbox 1831 1113 1908 1153; x_wconf 89' lang='lat' dir='ltr'><strong>Die,</strong></span> <span class='ocrx_word' id='word_1_844' title='bbox 1926 1116 1959 1146; x_wconf 89' lang='lat'>&amp;</span> <span class='ocrx_word' id='word_1_845' title='bbox 1981 1115 2066 1147; x_wconf 91' lang='lat' dir='ltr'><strong>Loco</strong></span> <span class='ocrx_word' id='word_1_846' title='bbox 2079 1118 2222 1155; x_wconf 63' lang='lat' dir='ltr'><strong>praedictis</strong></span> <span class='ocrx_word' id='word_1_847' title='bbox 2265 1119 2391 1152; x_wconf 81' lang='lat' dir='ltr'><strong>Praesen-</strong></span> 
     </span>
     <span class='ocr_line' id='line_1_112' title="bbox 1326 1137 2393 1197; baseline 0.009 -15"><span class='ocrx_word' id='word_1_848' title='bbox 1326 1153 1399 1183; x_wconf 88' lang='lat' dir='ltr'><strong>tibus</strong></span> <span class='ocrx_word' id='word_1_849' title='bbox 1415 1152 1595 1183; x_wconf 82' lang='lat' dir='ltr'><strong>Sereniffimo</strong></span> <span class='ocrx_word' id='word_1_850' title='bbox 1610 1155 1640 1183; x_wconf 89' lang='lat' dir='ltr'><strong>in</strong></span> <span class='ocrx_word' id='word_1_851' title='bbox 1657 1137 1778 1196; x_wconf 73' lang='lat' dir='ltr'><strong>Christo</strong></span> <span class='ocrx_word' id='word_1_852' title='bbox 1799 1137 1933 1190; x_wconf 67' lang='lat' dir='ltr'><strong>13³rincipe</strong></span> <span class='ocrx_word' id='word_1_853' title='bbox 1947 1154 1980 1184; x_wconf 91' lang='lat'>&amp;</span> <span class='ocrx_word' id='word_1_854' title='bbox 1995 1154 2128 1187; x_wconf 89' lang='lat' dir='ltr'><strong>Domino</strong></span> <span class='ocrx_word' id='word_1_855' title='bbox 2143 1143 2261 1197; x_wconf 66' lang='lat' dir='ltr'><strong>nostrt&#39;),</strong></span> <span class='ocrx_word' id='word_1_856' title='bbox 2279 1158 2393 1191; x_wconf 65' lang='lat' dir='ltr'><strong>Domi»</strong></span> 
     </span>
     <span class='ocr_line' id='line_1_113' title="bbox 1328 1191 2390 1235; baseline 0.005 -15"><span class='ocrx_word' id='word_1_857' title='bbox 1328 1201 1368 1221; x_wconf 90' lang='lat' dir='ltr'><strong>no</strong></span> <span class='ocrx_word' id='word_1_858' title='bbox 1385 1194 1519 1230; x_wconf 82' lang='lat' dir='ltr'><strong>Henrico,</strong></span> <span class='ocrx_word' id='word_1_859' title='bbox 1537 1191 1595 1222; x_wconf 92' lang='lat' dir='ltr'><strong>Dei</strong></span> <span class='ocrx_word' id='word_1_860' title='bbox 1612 1192 1700 1229; x_wconf 75' lang='lat' dir='ltr'><strong>gratia</strong></span> <span class='ocrx_word' id='word_1_861' title='bbox 1716 1214 1726 1230; x_wconf 89' lang='lat'><strong>,</strong></span> <span class='ocrx_word' id='word_1_862' title='bbox 1742 1191 1824 1231; x_wconf 86' lang='lat' dir='ltr'><strong>Rege</strong></span> <span class='ocrx_word' id='word_1_863' title='bbox 1850 1191 1966 1227; x_wconf 83' lang='lat' dir='ltr'><strong>Angliae</strong></span> <span class='ocrx_word' id='word_1_864' title='bbox 1983 1192 2016 1222; x_wconf 92' lang='lat'>&amp;</span> <span class='ocrx_word' id='word_1_865' title='bbox 2033 1193 2157 1226; x_wconf 88' lang='lat' dir='ltr'><strong>Franciae</strong></span> <span class='ocrx_word' id='word_1_866' title='bbox 2170 1219 2180 1235; x_wconf 88' lang='lat'><strong>,</strong></span> <span class='ocrx_word' id='word_1_867' title='bbox 2207 1197 2241 1228; x_wconf 87' lang='lat'>&amp;</span> <span class='ocrx_word' id='word_1_868' title='bbox 2254 1196 2390 1230; x_wconf 82' lang='lat' dir='ltr'><strong>Domino</strong></span> 
     </span>
     <span class='ocr_line' id='line_1_114' title="bbox 1327 1229 2391 1269; baseline 0.008 -9"><span class='ocrx_word' id='word_1_869' title='bbox 1327 1229 1478 1261; x_wconf 66' lang='lat' dir='ltr'><strong>Hiberniae</strong></span> <span class='ocrx_word' id='word_1_870' title='bbox 1489 1253 1498 1268; x_wconf 92' lang='lat'><strong>,</strong></span> <span class='ocrx_word' id='word_1_871' title='bbox 1516 1229 1689 1269; x_wconf 71' lang='lat' dir='ltr'><strong>supradiCto,</strong></span> <span class='ocrx_word' id='word_1_872' title='bbox 1707 1240 1740 1260; x_wconf 88' lang='lat' dir='ltr'><strong>ac</strong></span> <span class='ocrx_word' id='word_1_873' title='bbox 1756 1230 1931 1260; x_wconf 84' lang='lat' dir='ltr'><strong>Reverendis</strong></span> <span class='ocrx_word' id='word_1_874' title='bbox 1947 1231 1975 1260; x_wconf 94' lang='lat' dir='ltr'><strong>in</strong></span> <span class='ocrx_word' id='word_1_875' title='bbox 1989 1229 2108 1262; x_wconf 85' lang='lat' dir='ltr'><strong>Christo</strong></span> <span class='ocrx_word' id='word_1_876' title='bbox 2129 1233 2257 1267; x_wconf 88' lang='lat' dir='ltr'><strong>Patribus</strong></span> <span class='ocrx_word' id='word_1_877' title='bbox 2276 1237 2309 1268; x_wconf 86' lang='lat'>&amp;</span> <span class='ocrx_word' id='word_1_878' title='bbox 2322 1237 2391 1268; x_wconf 88' lang='lat' dir='ltr'><strong>Do-</strong></span> 
     </span>
     <span class='ocr_line' id='line_1_115' title="bbox 1325 1268 2389 1313; baseline 0.002 -15"><span class='ocrx_word' id='word_1_879' title='bbox 1325 1270 1426 1307; x_wconf 87' lang='lat' dir='ltr'><strong>minis,</strong></span> <span class='ocrx_word' id='word_1_880' title='bbox 1445 1268 1581 1299; x_wconf 88' lang='lat' dir='ltr'><strong>Domino</strong></span> <span class='ocrx_word' id='word_1_881' title='bbox 1594 1271 1712 1299; x_wconf 76' lang='lat' dir='ltr'><strong>Heurico</strong></span> <span class='ocrx_word' id='word_1_882' title='bbox 1729 1268 1926 1308; x_wconf 80' lang='lat' dir='ltr'><strong>Lincolnienfi,</strong></span> <span class='ocrx_word' id='word_1_883' title='bbox 1942 1270 2059 1299; x_wconf 83' lang='lat' dir='ltr'><strong>Henrico</strong></span> <span class='ocrx_word' id='word_1_884' title='bbox 2075 1270 2296 1313; x_wconf 74' lang='lat' dir='ltr'><strong>Bathonienfi&amp;</strong></span> <span class='ocrx_word' id='word_1_885' title='bbox 2313 1275 2389 1306; x_wconf 76' lang='lat' dir='ltr'><strong>Wl-</strong></span> 
     </span>
     <span class='ocr_line' id='line_1_116' title="bbox 1325 1306 2391 1354; baseline 0.008 -18"><span class='ocrx_word' id='word_1_886' title='bbox 1325 1307 1407 1348; x_wconf 87' lang='lat' dir='ltr'><strong>lenfi,</strong></span> <span class='ocrx_word' id='word_1_887' title='bbox 1425 1308 1522 1338; x_wconf 84' lang='lat' dir='ltr'><strong>eadem</strong></span> <span class='ocrx_word' id='word_1_888' title='bbox 1540 1308 1647 1346; x_wconf 69' lang='lat' dir='ltr'><strong>gratia,</strong></span> <span class='ocrx_word' id='word_1_889' title='bbox 1666 1306 1856 1347; x_wconf 80' lang='lat' dir='ltr'><strong>Episcopis,ac</strong></span> <span class='ocrx_word' id='word_1_890' title='bbox 1873 1307 2034 1338; x_wconf 88' lang='lat' dir='ltr'><strong>Nobilibus</strong></span> <span class='ocrx_word' id='word_1_891' title='bbox 2047 1308 2081 1339; x_wconf 89' lang='lat'>&amp;</span> <span class='ocrx_word' id='word_1_892' title='bbox 2097 1309 2220 1341; x_wconf 89' lang='lat' dir='ltr'><strong>Strenuis</strong></span> <span class='ocrx_word' id='word_1_893' title='bbox 2235 1310 2391 1354; x_wconf 86' lang='lat' dir='ltr'><strong>Dominis,</strong></span> 
     </span>
     <span class='ocr_line' id='line_1_117' title="bbox 1327 1345 2390 1388; baseline 0.004 -12"><span class='ocrx_word' id='word_1_894' title='bbox 1327 1345 1462 1376; x_wconf 83' lang='lat' dir='ltr'><strong>Domino</strong></span> <span class='ocrx_word' id='word_1_895' title='bbox 1488 1347 1631 1376; x_wconf 80' lang='lat' dir='ltr'><strong>Ea&#39;mundo</strong></span> <span class='ocrx_word' id='word_1_896' title='bbox 1646 1350 1748 1376; x_wconf 68' lang='lat' dir='ltr'><strong>Comite</strong></span> <span class='ocrx_word' id='word_1_897' title='bbox 1769 1349 1876 1376; x_wconf 79' lang='lat' dir='ltr'><strong>cantiae</strong></span> <span class='ocrx_word' id='word_1_898' title='bbox 1894 1370 1903 1384; x_wconf 93' lang='lat'><strong>,</strong></span> <span class='ocrx_word' id='word_1_899' title='bbox 1929 1346 2030 1376; x_wconf 60' lang='lat' dir='ltr'><strong>Themi}</strong></span> <span class='ocrx_word' id='word_1_900' title='bbox 2045 1348 2188 1387; x_wconf 80' lang='lat' dir='ltr'><strong>Beaufora&#39;</strong></span> <span class='ocrx_word' id='word_1_901' title='bbox 2199 1373 2209 1388; x_wconf 88' lang='lat'><strong>,</strong></span> <span class='ocrx_word' id='word_1_902' title='bbox 2227 1350 2260 1382; x_wconf 92' lang='lat'>&amp;</span> <span class='ocrx_word' id='word_1_903' title='bbox 2276 1352 2324 1381; x_wconf 74' lang='lat' dir='ltr'><strong>Ha</strong></span> <span class='ocrx_word' id='word_1_904' title='bbox 2347 1358 2390 1384; x_wconf 80' lang='lat' dir='ltr'><strong>&#39;ne</strong></span> 
     </span>
     <span class='ocr_line' id='line_1_118' title="bbox 1328 1384 2390 1429; baseline 0.005 -14"><span class='ocrx_word' id='word_1_905' title='bbox 1328 1387 1492 1422; x_wconf 65' lang='lat' dir='ltr'><strong>PVaterton,</strong></span> <span class='ocrx_word' id='word_1_906' title='bbox 1511 1384 1672 1423; x_wconf 79' lang='lat' dir='ltr'><strong>Militibus,</strong></span> <span class='ocrx_word' id='word_1_907' title='bbox 1690 1385 1785 1416; x_wconf 87' lang='lat' dir='ltr'><strong>Fratre</strong></span> <span class='ocrx_word' id='word_1_908' title='bbox 1799 1384 1916 1415; x_wconf 82' lang='lat' dir='ltr'><strong>Roberto</strong></span> <span class='ocrx_word' id='word_1_909' title='bbox 1933 1385 2061 1415; x_wconf 80' lang='lat' dir='ltr'><strong>Maskall</strong></span> <span class='ocrx_word' id='word_1_910' title='bbox 2075 1385 2171 1418; x_wconf 68' lang='lat' dir='ltr'><strong>Sacrae</strong></span> <span class='ocrx_word' id='word_1_911' title='bbox 2186 1388 2299 1429; x_wconf 83' lang='lat' dir='ltr'><strong>Paginae</strong></span> <span class='ocrx_word' id='word_1_912' title='bbox 2355 1401 2390 1422; x_wconf 89' lang='grc' dir='ltr'><strong>ο-</strong></span> 
     </span>
     <span class='ocr_line' id='line_1_119' title="bbox 1325 1422 2391 1462; baseline 0.007 -8"><span class='ocrx_word' id='word_1_913' title='bbox 1325 1424 1446 1462; x_wconf 75' lang='lat' dir='ltr'><strong>fessbre,</strong></span> <span class='ocrx_word' id='word_1_914' title='bbox 1463 1424 1535 1453; x_wconf 73' lang='lat' dir='ltr'><strong>dieti</strong></span> <span class='ocrx_word' id='word_1_915' title='bbox 1552 1423 1677 1453; x_wconf 89' lang='lat' dir='ltr'><strong>Domini</strong></span> <span class='ocrx_word' id='word_1_916' title='bbox 1694 1423 1780 1454; x_wconf 86' lang='lat' dir='ltr'><strong>nostri</strong></span> <span class='ocrx_word' id='word_1_917' title='bbox 1795 1422 1884 1462; x_wconf 82' lang='lat' dir='ltr'><strong>Regis</strong></span> <span class='ocrx_word' id='word_1_918' title='bbox 1905 1423 2019 1460; x_wconf 83' lang='lat' dir='ltr'><strong>Angliae</strong></span> <span class='ocrx_word' id='word_1_919' title='bbox 2034 1425 2067 1456; x_wconf 70' lang='grc' dir='ltr'><strong>ὅτ</strong></span> <span class='ocrx_word' id='word_1_920' title='bbox 2086 1425 2209 1457; x_wconf 87' lang='lat' dir='ltr'><strong>Franciae</strong></span> <span class='ocrx_word' id='word_1_921' title='bbox 2234 1428 2391 1461; x_wconf 84' lang='lat' dir='ltr'><strong>Confeffo-</strong></span> 
     </span>
     <span class='ocr_line' id='line_1_120' title="bbox 1325 1461 2390 1502; baseline 0 -9"><span class='ocrx_word' id='word_1_922' title='bbox 1325 1473 1374 1502; x_wconf 88' lang='lat' dir='ltr'><strong>re,</strong></span> <span class='ocrx_word' id='word_1_923' title='bbox 1394 1463 1528 1493; x_wconf 89' lang='lat' dir='ltr'><strong>Domino</strong></span> <span class='ocrx_word' id='word_1_924' title='bbox 1544 1462 1678 1492; x_wconf 78' lang='lat' dir='ltr'><strong>Nicholao</strong></span> <span class='ocrx_word' id='word_1_925' title='bbox 1694 1461 1887 1501; x_wconf 79' lang='lat' dir='ltr'><strong>Bubbewyth,</strong></span> <span class='ocrx_word' id='word_1_926' title='bbox 1905 1462 2120 1493; x_wconf 84' lang='lat' dir='ltr'><strong>Archidiacono</strong></span> <span class='ocrx_word' id='word_1_927' title='bbox 2136 1463 2275 1499; x_wconf 89' lang='lat' dir='ltr'><strong>Dorsetiae</strong></span> <span class='ocrx_word' id='word_1_928' title='bbox 2290 1469 2321 1498; x_wconf 91' lang='lat' dir='ltr'><strong>in</strong></span> <span class='ocrx_word' id='word_1_929' title='bbox 2329 1468 2390 1501; x_wconf 87' lang='lat' dir='ltr'><strong>Ec..</strong></span> 
     </span>
     <span class='ocr_line' id='line_1_121' title="bbox 1326 1500 2389 1546; baseline 0.006 -14"><span class='ocrx_word' id='word_1_930' title='bbox 1326 1502 1408 1533; x_wconf 65' lang='lat' dir='ltr'><strong>clelia</strong></span> <span class='ocrx_word' id='word_1_931' title='bbox 1425 1502 1540 1538; x_wconf 83' lang='lat' dir='ltr'><strong>Sarum,</strong></span> <span class='ocrx_word' id='word_1_932' title='bbox 1557 1500 1626 1531; x_wconf 77' lang='lat' dir='ltr'><strong>dicti</strong></span> <span class='ocrx_word' id='word_1_933' title='bbox 1642 1501 1768 1531; x_wconf 92' lang='lat' dir='ltr'><strong>Domini</strong></span> <span class='ocrx_word' id='word_1_934' title='bbox 1784 1500 1874 1530; x_wconf 89' lang='lat' dir='ltr'><strong>nostri</strong></span> <span class='ocrx_word' id='word_1_935' title='bbox 1896 1500 1986 1539; x_wconf 83' lang='lat' dir='ltr'><strong>Regis</strong></span> <span class='ocrx_word' id='word_1_936' title='bbox 2008 1501 2120 1540; x_wconf 81' lang='lat' dir='ltr'><strong>Angliae</strong></span> <span class='ocrx_word' id='word_1_937' title='bbox 2141 1503 2314 1546; x_wconf 88' lang='lat' dir='ltr'><strong>Secretario,</strong></span> <span class='ocrx_word' id='word_1_938' title='bbox 2331 1507 2389 1546; x_wconf 83' lang='lat' dir='ltr'><strong>Jo-</strong></span> 
     </span>
     <span class='ocr_line' id='line_1_122' title="bbox 1327 1538 2390 1582; baseline 0.005 -12"><span class='ocrx_word' id='word_1_939' title='bbox 1327 1541 1419 1570; x_wconf 85' lang='lat' dir='ltr'><strong>hanne</strong></span> <span class='ocrx_word' id='word_1_940' title='bbox 1434 1539 1614 1582; x_wconf 82' lang='lat' dir='ltr'><strong>Northbury,</strong></span> <span class='ocrx_word' id='word_1_941' title='bbox 1633 1541 1666 1570; x_wconf 83' lang='lat'>&amp;</span> <span class='ocrx_word' id='word_1_942' title='bbox 1681 1540 1796 1569; x_wconf 80' lang='lat' dir='ltr'><strong>Roberto</strong></span> <span class='ocrx_word' id='word_1_943' title='bbox 1816 1541 1859 1569; x_wconf 88' lang='lat' dir='ltr'><em>W</em></span> <span class='ocrx_word' id='word_1_944' title='bbox 1858 1546 1967 1569; x_wconf 87' lang='lat' dir='ltr'><strong>aterton</strong></span> <span class='ocrx_word' id='word_1_945' title='bbox 1978 1562 1987 1577; x_wconf 95' lang='lat'><strong>,</strong></span> <span class='ocrx_word' id='word_1_946' title='bbox 2014 1538 2148 1572; x_wconf 80' lang='lat' dir='ltr'><strong>Camerae</strong></span> <span class='ocrx_word' id='word_1_947' title='bbox 2167 1542 2240 1575; x_wconf 68' lang='lat' dir='ltr'><strong>dieti</strong></span> <span class='ocrx_word' id='word_1_948' title='bbox 2261 1544 2390 1576; x_wconf 84' lang='lat' dir='ltr'><strong>Domini</strong></span> 
     </span>
     <span class='ocr_line' id='line_1_123' title="bbox 1327 1577 2387 1622; baseline 0.008 -13"><span class='ocrx_word' id='word_1_949' title='bbox 1327 1580 1415 1610; x_wconf 83' lang='lat' dir='ltr'><strong>nostri</strong></span> <span class='ocrx_word' id='word_1_950' title='bbox 1430 1578 1518 1622; x_wconf 73' lang='lat' dir='ltr'><strong>Regis</strong></span> <span class='ocrx_word' id='word_1_951' title='bbox 1532 1580 1703 1618; x_wconf 79' lang='lat' dir='ltr'><strong>Armigeris,</strong></span> <span class='ocrx_word' id='word_1_952' title='bbox 1722 1578 1755 1609; x_wconf 75' lang='grc' dir='ltr'><strong>δε</strong></span> <span class='ocrx_word' id='word_1_953' title='bbox 1768 1578 1826 1609; x_wconf 88' lang='lat' dir='ltr'><strong>aliis</strong></span> <span class='ocrx_word' id='word_1_954' title='bbox 1834 1578 1928 1608; x_wconf 87' lang='lat' dir='ltr'><strong>inultis</strong></span> <span class='ocrx_word' id='word_1_955' title='bbox 1943 1577 2078 1609; x_wconf 87' lang='lat' dir='ltr'><strong>Testibus</strong></span> <span class='ocrx_word' id='word_1_956' title='bbox 2090 1579 2124 1610; x_wconf 88' lang='lat' dir='ltr'><strong>ad</strong></span> <span class='ocrx_word' id='word_1_957' title='bbox 2139 1578 2285 1615; x_wconf 84' lang='lat' dir='ltr'><strong>Praemiffa</strong></span> <span class='ocrx_word' id='word_1_958' title='bbox 2298 1592 2387 1617; x_wconf 85' lang='lat' dir='ltr'><strong>voca-</strong></span> 
     </span>
     <span class='ocr_line' id='line_1_124' title="bbox 1326 1618 1697 1657; baseline 0 -9"><span class='ocrx_word' id='word_1_959' title='bbox 1326 1619 1359 1649; x_wconf 90' lang='lat' dir='ltr'><strong>tis</strong></span> <span class='ocrx_word' id='word_1_960' title='bbox 1375 1618 1527 1656; x_wconf 80' lang='lat' dir='ltr'><strong>ipecialiter</strong></span> <span class='ocrx_word' id='word_1_961' title='bbox 1542 1618 1575 1649; x_wconf 86' lang='lat'>&amp;</span> <span class='ocrx_word' id='word_1_962' title='bbox 1587 1618 1697 1657; x_wconf 80' lang='lat' dir='ltr'><strong>rogatis.</strong></span> 
     </span>
    </p>

    <p class='ocr_par' dir='ltr' id='par_1_33' title="bbox 1329 1653 2394 1966">
     <span class='ocr_line' id='line_1_125' title="bbox 1365 1653 2390 1702; baseline 0.005 -13"><span class='ocrx_word' id='word_1_963' title='bbox 1365 1656 1399 1689; x_wconf 92' lang='lat' dir='ltr'><strong>In</strong></span> <span class='ocrx_word' id='word_1_964' title='bbox 1424 1666 1543 1693; x_wconf 74' lang='lat' dir='ltr'><strong>Quorum</strong></span> <span class='ocrx_word' id='word_1_965' title='bbox 1558 1659 1694 1687; x_wconf 88' lang='lat' dir='ltr'><strong>omnium</strong></span> <span class='ocrx_word' id='word_1_966' title='bbox 1715 1653 1927 1688; x_wconf 82' lang='lat' dir='ltr'><strong>Praemifforum</strong></span> <span class='ocrx_word' id='word_1_967' title='bbox 1949 1656 2163 1689; x_wconf 86' lang='lat' dir='ltr'><strong>Testimonium</strong></span> <span class='ocrx_word' id='word_1_968' title='bbox 2184 1667 2266 1701; x_wconf 89' lang='lat' dir='ltr'><strong>atque</strong></span> <span class='ocrx_word' id='word_1_969' title='bbox 2286 1661 2390 1702; x_wconf 77' lang='lat' dir='ltr'><strong>fidem,</strong></span> 
     </span>
     <span class='ocr_line' id='line_1_126' title="bbox 1329 1695 2389 1740; baseline 0.005 -13"><span class='ocrx_word' id='word_1_970' title='bbox 1329 1696 1398 1727; x_wconf 81' lang='lat' dir='ltr'><strong>Nos</strong></span> <span class='ocrx_word' id='word_1_971' title='bbox 1413 1695 1555 1727; x_wconf 79' lang='lat' dir='ltr'><strong>Hemicus</strong></span> <span class='ocrx_word' id='word_1_972' title='bbox 1571 1701 1585 1712; x_wconf 80' lang='lat'><em>*</em></span> <span class='ocrx_word' id='word_1_973' title='bbox 1605 1696 1675 1726; x_wconf 70' lang='lat' dir='ltr'><strong>dieti</strong></span> <span class='ocrx_word' id='word_1_974' title='bbox 1700 1695 1824 1726; x_wconf 90' lang='lat' dir='ltr'><strong>Domini</strong></span> <span class='ocrx_word' id='word_1_975' title='bbox 1839 1695 1929 1726; x_wconf 88' lang='lat' dir='ltr'><strong>nostri</strong></span> <span class='ocrx_word' id='word_1_976' title='bbox 1952 1695 2038 1737; x_wconf 87' lang='lat' dir='ltr'><strong>Regis</strong></span> <span class='ocrx_word' id='word_1_977' title='bbox 2058 1697 2171 1734; x_wconf 80' lang='lat' dir='ltr'><strong>Angliae</strong></span> <span class='ocrx_word' id='word_1_978' title='bbox 2185 1700 2220 1731; x_wconf 90' lang='lat'>&amp;</span> <span class='ocrx_word' id='word_1_979' title='bbox 2243 1699 2389 1740; x_wconf 87' lang='lat' dir='ltr'><strong>Franciae,</strong></span> 
     </span>
     <span class='ocr_line' id='line_1_127' title="bbox 1329 1734 2390 1774; baseline 0.006 -8"><span class='ocrx_word' id='word_1_980' title='bbox 1329 1737 1363 1766; x_wconf 90' lang='lat'>&amp;</span> <span class='ocrx_word' id='word_1_981' title='bbox 1382 1736 1508 1766; x_wconf 85' lang='lat' dir='ltr'><strong>Domini</strong></span> <span class='ocrx_word' id='word_1_982' title='bbox 1525 1734 1674 1764; x_wconf 74' lang='lat' dir='ltr'><strong>Hibernia:</strong></span> <span class='ocrx_word' id='word_1_983' title='bbox 1690 1734 1774 1765; x_wconf 87' lang='lat' dir='ltr'><strong>Filius</strong></span> <span class='ocrx_word' id='word_1_984' title='bbox 1789 1734 2021 1774; x_wconf 78' lang='lat' dir='ltr'><strong>Primooenitus,</strong></span> <span class='ocrx_word' id='word_1_985' title='bbox 2045 1734 2182 1774; x_wconf 87' lang='lat' dir='ltr'><strong>Princeps</strong></span> <span class='ocrx_word' id='word_1_986' title='bbox 2205 1737 2319 1770; x_wconf 81' lang='lat' dir='ltr'><strong>Walliae</strong></span> <span class='ocrx_word' id='word_1_987' title='bbox 2357 1751 2390 1772; x_wconf 89' lang='lat' dir='ltr'><strong>ac</strong></span> 
     </span>
     <span class='ocr_line' id='line_1_128' title="bbox 1329 1759 2393 1818; baseline 0.006 -14"><span class='ocrx_word' id='word_1_988' title='bbox 1329 1773 1400 1805; x_wconf 85' lang='lat' dir='ltr'><strong>Dux</strong></span> <span class='ocrx_word' id='word_1_989' title='bbox 1418 1775 1594 1818; x_wconf 70' lang='lat' dir='ltr'><strong>Aquitaniae,</strong></span> <span class='ocrx_word' id='word_1_990' title='bbox 1617 1773 1805 1816; x_wconf 81' lang='lat' dir='ltr'><strong>Lancastriae,</strong></span> <span class='ocrx_word' id='word_1_991' title='bbox 1822 1774 1855 1805; x_wconf 88' lang='lat'>&amp;</span> <span class='ocrx_word' id='word_1_992' title='bbox 1877 1759 2053 1818; x_wconf 63' lang='lat' dir='ltr'><strong>C&#39;ornubiae,</strong></span> <span class='ocrx_word' id='word_1_993' title='bbox 2072 1784 2105 1805; x_wconf 89' lang='lat' dir='ltr'><strong>ac</strong></span> <span class='ocrx_word' id='word_1_994' title='bbox 2124 1773 2235 1807; x_wconf 85' lang='lat' dir='ltr'><strong>Comes</strong></span> <span class='ocrx_word' id='word_1_995' title='bbox 2257 1764 2393 1818; x_wconf 69' lang='lat' dir='ltr'><strong>Cestiiae,</strong></span> 
     </span>
     <span class='ocr_line' id='line_1_129' title="bbox 1330 1811 2394 1856; baseline 0.001 -12"><span class='ocrx_word' id='word_1_996' title='bbox 1330 1814 1464 1852; x_wconf 67' lang='lat' dir='ltr'><strong>praedicta</strong></span> <span class='ocrx_word' id='word_1_997' title='bbox 1480 1822 1578 1843; x_wconf 87' lang='lat' dir='ltr'><strong>omnia</strong></span> <span class='ocrx_word' id='word_1_998' title='bbox 1590 1812 1623 1842; x_wconf 67' lang='grc' dir='ltr'><strong>ὃς</strong></span> <span class='ocrx_word' id='word_1_999' title='bbox 1639 1811 1761 1851; x_wconf 76' lang='lat' dir='ltr'><strong>singula,</strong></span> <span class='ocrx_word' id='word_1_1000' title='bbox 1780 1822 1828 1849; x_wconf 84' lang='lat' dir='ltr'><strong>per</strong></span> <span class='ocrx_word' id='word_1_1001' title='bbox 1851 1812 2021 1852; x_wconf 83' lang='lat' dir='ltr'><strong>Magistrum</strong></span> <span class='ocrx_word' id='word_1_1002' title='bbox 2042 1813 2193 1851; x_wconf 82' lang='lat' dir='ltr'><strong>Dionifium</strong></span> <span class='ocrx_word' id='word_1_1003' title='bbox 2215 1815 2248 1845; x_wconf 84' lang='lat' dir='ltr'><strong>de</strong></span> <span class='ocrx_word' id='word_1_1004' title='bbox 2268 1818 2394 1856; x_wconf 83' lang='lat' dir='ltr'><strong>Lopham</strong></span> 
     </span>
     <span class='ocr_line' id='line_1_130' title="bbox 1329 1850 2394 1894; baseline 0.005 -11"><span class='ocrx_word' id='word_1_1005' title='bbox 1329 1852 1497 1890; x_wconf 86' lang='lat' dir='ltr'><strong>Clericum,</strong></span> <span class='ocrx_word' id='word_1_1006' title='bbox 1516 1851 1666 1882; x_wconf 87' lang='lat' dir='ltr'><strong>Publicum</strong></span> <span class='ocrx_word' id='word_1_1007' title='bbox 1685 1850 1862 1881; x_wconf 58' lang='lat' dir='ltr'><strong>Auctoritate</strong></span> <span class='ocrx_word' id='word_1_1008' title='bbox 1884 1851 2068 1889; x_wconf 70' lang='lat' dir='ltr'><strong>Apostolicfi,</strong></span> <span class='ocrx_word' id='word_1_1009' title='bbox 2092 1852 2126 1882; x_wconf 89' lang='lat'>&amp;</span> <span class='ocrx_word' id='word_1_1010' title='bbox 2140 1851 2280 1894; x_wconf 88' lang='lat' dir='ltr'><strong>Imperiali</strong></span> <span class='ocrx_word' id='word_1_1011' title='bbox 2297 1856 2394 1887; x_wconf 90' lang='lat' dir='ltr'><strong>Nota-</strong></span> 
     </span>
     <span class='ocr_line' id='line_1_131' title="bbox 1330 1889 2394 1933; baseline 0.005 -12"><span class='ocrx_word' id='word_1_1012' title='bbox 1330 1893 1405 1922; x_wconf 91' lang='lat' dir='ltr'><strong>rium</strong></span> <span class='ocrx_word' id='word_1_1013' title='bbox 1423 1891 1579 1928; x_wconf 87' lang='lat' dir='ltr'><strong>subscribi,</strong></span> <span class='ocrx_word' id='word_1_1014' title='bbox 1603 1889 1763 1927; x_wconf 88' lang='lat' dir='ltr'><strong>publicari,</strong></span> <span class='ocrx_word' id='word_1_1015' title='bbox 1786 1889 1820 1919; x_wconf 90' lang='lat'>&amp;</span> <span class='ocrx_word' id='word_1_1016' title='bbox 1838 1890 1868 1920; x_wconf 89' lang='lat' dir='ltr'><strong>in</strong></span> <span class='ocrx_word' id='word_1_1017' title='bbox 1891 1889 1965 1920; x_wconf 86' lang='lat' dir='ltr'><strong>hanc</strong></span> <span class='ocrx_word' id='word_1_1018' title='bbox 1989 1890 2132 1927; x_wconf 88' lang='lat' dir='ltr'><strong>publicam</strong></span> <span class='ocrx_word' id='word_1_1019' title='bbox 2154 1891 2279 1924; x_wconf 89' lang='lat' dir='ltr'><strong>formam</strong></span> <span class='ocrx_word' id='word_1_1020' title='bbox 2303 1895 2394 1933; x_wconf 84' lang='lat' dir='ltr'><strong>redigi</strong></span> 
     </span>
     <span class='ocr_line' id='line_1_132' title="bbox 1333 1926 2342 1966; baseline 0.002 -5"><span class='ocrx_word' id='word_1_1021' title='bbox 1333 1929 1556 1966; x_wconf 80' lang='lat' dir='ltr'><strong>MandavinmS,</strong></span> <span class='ocrx_word' id='word_1_1022' title='bbox 1571 1938 1604 1959; x_wconf 92' lang='lat' dir='ltr'><strong>ac</strong></span> <span class='ocrx_word' id='word_1_1023' title='bbox 1621 1927 1712 1965; x_wconf 87' lang='lat' dir='ltr'><strong>Sigilli</strong></span> <span class='ocrx_word' id='word_1_1024' title='bbox 1728 1926 1816 1958; x_wconf 88' lang='lat' dir='ltr'><strong>nostri</strong></span> <span class='ocrx_word' id='word_1_1025' title='bbox 1831 1928 2005 1965; x_wconf 84' lang='lat' dir='ltr'><strong>appositione</strong></span> <span class='ocrx_word' id='word_1_1026' title='bbox 2018 1927 2141 1960; x_wconf 86' lang='lat' dir='ltr'><strong>fecimus</strong></span> <span class='ocrx_word' id='word_1_1027' title='bbox 2155 1933 2342 1963; x_wconf 88' lang='lat' dir='ltr'><strong>communiri.</strong></span> 
     </span>
    </p>

    <p class='ocr_par' dir='ltr' id='par_1_34' title="bbox 1328 1964 2395 2117">
     <span class='ocr_line' id='line_1_133' title="bbox 1369 1964 2395 2011; baseline 0.004 -12"><span class='ocrx_word' id='word_1_1028' title='bbox 1369 1968 1438 1999; x_wconf 80' lang='lat' dir='ltr'><strong>Dat.</strong></span> <span class='ocrx_word' id='word_1_1029' title='bbox 1453 1968 1525 2006; x_wconf 89' lang='lat' dir='ltr'><strong>apud</strong></span> <span class='ocrx_word' id='word_1_1030' title='bbox 1541 1966 1665 2005; x_wconf 82' lang='lat' dir='ltr'><strong>Castrum</strong></span> <span class='ocrx_word' id='word_1_1031' title='bbox 1683 1964 1802 2006; x_wconf 80' lang='lat' dir='ltr'><strong>nostrum</strong></span> <span class='ocrx_word' id='word_1_1032' title='bbox 1824 1966 1856 1996; x_wconf 82' lang='lat' dir='ltr'><strong>de</strong></span> <span class='ocrx_word' id='word_1_1033' title='bbox 1873 1966 2011 2006; x_wconf 87' lang='lat' dir='ltr'><strong>Tutbury,</strong></span> <span class='ocrx_word' id='word_1_1034' title='bbox 2039 1966 2220 1999; x_wconf 85' lang='lat' dir='ltr'><strong>Lincolnien.</strong></span> <span class='ocrx_word' id='word_1_1035' title='bbox 2242 1970 2395 2011; x_wconf 65' lang='lat' dir='ltr'><strong>ffioecest,</strong></span> 
     </span>
     <span class='ocr_line' id='line_1_134' title="bbox 1330 2003 2394 2044; baseline 0.003 -6"><span class='ocrx_word' id='word_1_1036' title='bbox 1330 2008 1398 2038; x_wconf 82' lang='lat' dir='ltr'><strong>xxvi</strong></span> <span class='ocrx_word' id='word_1_1037' title='bbox 1412 2008 1458 2038; x_wconf 90' lang='lat' dir='ltr'><strong>die</strong></span> <span class='ocrx_word' id='word_1_1038' title='bbox 1473 2006 1582 2039; x_wconf 88' lang='lat' dir='ltr'><strong>Mensis</strong></span> <span class='ocrx_word' id='word_1_1039' title='bbox 1599 2005 1691 2043; x_wconf 84' lang='lat' dir='ltr'><strong>Maii,</strong></span> <span class='ocrx_word' id='word_1_1040' title='bbox 1709 2005 1797 2035; x_wconf 90' lang='lat' dir='ltr'><strong>Anno</strong></span> <span class='ocrx_word' id='word_1_1041' title='bbox 1817 2003 1941 2035; x_wconf 90' lang='lat' dir='ltr'><strong>Domini</strong></span> <span class='ocrx_word' id='word_1_1042' title='bbox 1957 2006 2135 2044; x_wconf 61' lang='lat' dir='ltr'><strong>supradicto,</strong></span> <span class='ocrx_word' id='word_1_1043' title='bbox 2158 2007 2192 2038; x_wconf 93' lang='lat'>&amp;</span> <span class='ocrx_word' id='word_1_1044' title='bbox 2216 2008 2306 2039; x_wconf 92' lang='lat' dir='ltr'><strong>Anno</strong></span> <span class='ocrx_word' id='word_1_1045' title='bbox 2322 2010 2394 2042; x_wconf 68' lang='lat' dir='ltr'><strong>dieti</strong></span> 
     </span>
     <span class='ocr_line' id='line_1_135' title="bbox 1328 2041 2395 2117; baseline -0.002 -40"><span class='ocrx_word' id='word_1_1046' title='bbox 1328 2046 1457 2117; x_wconf 52' lang='lat' dir='ltr'><strong>’Pomm</strong></span> <span class='ocrx_word' id='word_1_1047' title='bbox 1477 2045 1511 2077; x_wconf 88' lang='lat'>&amp;</span> <span class='ocrx_word' id='word_1_1048' title='bbox 1537 2045 1626 2076; x_wconf 88' lang='lat' dir='ltr'><strong>Patris</strong></span> <span class='ocrx_word' id='word_1_1049' title='bbox 1645 2041 1735 2076; x_wconf 88' lang='lat' dir='ltr'><strong>nostri</strong></span> <span class='ocrx_word' id='word_1_1050' title='bbox 1750 2046 1768 2082; x_wconf 47' lang='grc' dir='ltr'><strong>,ἲ</strong></span> <span class='ocrx_word' id='word_1_1051' title='bbox 1792 2042 1918 2075; x_wconf 84' lang='lat' dir='ltr'><strong>Domini</strong></span> <span class='ocrx_word' id='word_1_1052' title='bbox 1944 2043 2035 2082; x_wconf 87' lang='lat' dir='ltr'><strong>Regis</strong></span> <span class='ocrx_word' id='word_1_1053' title='bbox 2068 2043 2182 2083; x_wconf 84' lang='lat' dir='ltr'><strong>Angliae</strong></span> <span class='ocrx_word' id='word_1_1054' title='bbox 2203 2048 2238 2080; x_wconf 88' lang='lat'>&amp;</span> <span class='ocrx_word' id='word_1_1055' title='bbox 2263 2047 2395 2082; x_wconf 75' lang='lat' dir='ltr'><strong>Franciae</strong></span> 
     </span>
    </p>

    <p class='ocr_par' dir='ltr' id='par_1_35' title="bbox 1361 2093 1440 2116">
     <span class='ocr_line' id='line_1_136' title="bbox 1361 2093 1440 2116; baseline -0.013 0"><span class='ocrx_word' id='word_1_1056' title='bbox 1361 2093 1440 2116; x_wconf 89' lang='lat' dir='ltr'><strong>ertio.</strong></span> 
     </span>
    </p>
   </div>
   <div class='ocr_carea' id='block_1_21' title="bbox 1328 2158 2398 3087">
    <p class='ocr_par' dir='ltr' id='par_1_36' title="bbox 1330 2158 2398 2780">
     <span class='ocr_line' id='line_1_137' title="bbox 1366 2158 2396 2205; baseline 0.003 -11"><span class='ocrx_word' id='word_1_1057' title='bbox 1366 2162 1406 2195; x_wconf 90' lang='lat' dir='ltr'><strong>Et</strong></span> <span class='ocrx_word' id='word_1_1058' title='bbox 1420 2171 1478 2201; x_wconf 83' lang='lat' dir='ltr'><strong>ego</strong></span> <span class='ocrx_word' id='word_1_1059' title='bbox 1500 2161 1638 2204; x_wconf 82' lang='lat' dir='ltr'><strong>Dionifius</strong></span> <span class='ocrx_word' id='word_1_1060' title='bbox 1667 2162 1699 2192; x_wconf 79' lang='lat' dir='ltr'><strong>de</strong></span> <span class='ocrx_word' id='word_1_1061' title='bbox 1716 2159 1841 2200; x_wconf 80' lang='lat' dir='ltr'><strong>Lo&#39;pham</strong></span> <span class='ocrx_word' id='word_1_1062' title='bbox 1861 2158 1989 2193; x_wconf 83' lang='lat' dir='ltr'><strong>Clericus</strong></span> <span class='ocrx_word' id='word_1_1063' title='bbox 2011 2160 2110 2194; x_wconf 86' lang='lat' dir='ltr'><strong>Norw</strong></span> <span class='ocrx_word' id='word_1_1064' title='bbox 2132 2163 2219 2194; x_wconf 83' lang='lat' dir='ltr'><strong>censis</strong></span> <span class='ocrx_word' id='word_1_1065' title='bbox 2234 2160 2396 2205; x_wconf 67' lang='lat' dir='ltr'><strong>Dioecefis,</strong></span> 
     </span>
     <span class='ocr_line' id='line_1_138' title="bbox 1330 2199 2397 2242; baseline 0.002 -9"><span class='ocrx_word' id='word_1_1066' title='bbox 1330 2201 1467 2233; x_wconf 87' lang='lat' dir='ltr'><strong>Publicus</strong></span> <span class='ocrx_word' id='word_1_1067' title='bbox 1482 2201 1509 2232; x_wconf 91' lang='lat' dir='ltr'>A</span> <span class='ocrx_word' id='word_1_1068' title='bbox 1552 2200 1653 2232; x_wconf 73' lang='lat' dir='ltr'><strong>stolica</strong></span> <span class='ocrx_word' id='word_1_1069' title='bbox 1663 2202 1696 2233; x_wconf 92' lang='lat'>&amp;</span> <span class='ocrx_word' id='word_1_1070' title='bbox 1712 2199 1856 2239; x_wconf 81' lang='lat' dir='ltr'><strong>Imperiali</strong></span> <span class='ocrx_word' id='word_1_1071' title='bbox 1870 2201 2094 2231; x_wconf 68' lang='lat' dir='ltr'><strong>Auctoritatibus</strong></span> <span class='ocrx_word' id='word_1_1072' title='bbox 2151 2203 2269 2242; x_wconf 87' lang='lat' dir='ltr'><strong>otarius,</strong></span> <span class='ocrx_word' id='word_1_1073' title='bbox 2294 2205 2397 2242; x_wconf 76' lang='lat' dir='ltr'><strong>praedi-</strong></span> 
     </span>
     <span class='ocr_line' id='line_1_139' title="bbox 1331 2238 2397 2280; baseline 0.001 -8"><span class='ocrx_word' id='word_1_1074' title='bbox 1331 2241 1371 2272; x_wconf 73' lang='grc' dir='ltr'><strong>ἃὶ</strong></span> <span class='ocrx_word' id='word_1_1075' title='bbox 1388 2241 1486 2272; x_wconf 89' lang='lat' dir='ltr'><strong>Sereni</strong></span> <span class='ocrx_word' id='word_1_1076' title='bbox 1509 2241 1560 2271; x_wconf 87' lang='lat' dir='ltr'><strong>imi</strong></span> <span class='ocrx_word' id='word_1_1077' title='bbox 1573 2240 1714 2278; x_wconf 89' lang='lat' dir='ltr'><strong>Principis</strong></span> <span class='ocrx_word' id='word_1_1078' title='bbox 1725 2240 1759 2271; x_wconf 89' lang='lat'>&amp;</span> <span class='ocrx_word' id='word_1_1079' title='bbox 1775 2238 1900 2270; x_wconf 87' lang='lat' dir='ltr'><strong>Domini</strong></span> <span class='ocrx_word' id='word_1_1080' title='bbox 1912 2238 2020 2278; x_wconf 81' lang='lat' dir='ltr'><strong>nostri,</strong></span> <span class='ocrx_word' id='word_1_1081' title='bbox 2038 2239 2165 2271; x_wconf 87' lang='lat' dir='ltr'><strong>Domini</strong></span> <span class='ocrx_word' id='word_1_1082' title='bbox 2177 2240 2316 2280; x_wconf 90' lang='lat' dir='ltr'><strong>Henrici,</strong></span> <span class='ocrx_word' id='word_1_1083' title='bbox 2334 2241 2397 2274; x_wconf 86' lang='lat' dir='ltr'><strong>Dei</strong></span> 
     </span>
     <span class='ocr_line' id='line_1_140' title="bbox 1331 2277 2398 2320; baseline 0.002 -10"><span class='ocrx_word' id='word_1_1084' title='bbox 1331 2279 1435 2320; x_wconf 69' lang='lat' dir='ltr'><strong>gratia,</strong></span> <span class='ocrx_word' id='word_1_1085' title='bbox 1453 2279 1546 2316; x_wconf 89' lang='lat' dir='ltr'><strong>Regis</strong></span> <span class='ocrx_word' id='word_1_1086' title='bbox 1563 2278 1678 2316; x_wconf 82' lang='lat' dir='ltr'><strong>Angliae</strong></span> <span class='ocrx_word' id='word_1_1087' title='bbox 1696 2279 1730 2310; x_wconf 70' lang='grc' dir='ltr'><strong>ὃς</strong></span> <span class='ocrx_word' id='word_1_1088' title='bbox 1746 2277 1874 2309; x_wconf 71' lang='lat' dir='ltr'><strong>Franci-³:</strong></span> <span class='ocrx_word' id='word_1_1089' title='bbox 1889 2300 1899 2317; x_wconf 93' lang='lat'><strong>,</strong></span> <span class='ocrx_word' id='word_1_1090' title='bbox 1921 2279 1956 2309; x_wconf 91' lang='lat'>&amp;</span> <span class='ocrx_word' id='word_1_1091' title='bbox 1970 2277 2096 2309; x_wconf 89' lang='lat' dir='ltr'><strong>Domini</strong></span> <span class='ocrx_word' id='word_1_1092' title='bbox 2113 2279 2263 2310; x_wconf 84' lang='lat' dir='ltr'><strong>Hiberniae</strong></span> <span class='ocrx_word' id='word_1_1093' title='bbox 2283 2280 2398 2312; x_wconf 77' lang='lat' dir='ltr'><strong>illustris</strong></span> 
     </span>
     <span class='ocr_line' id='line_1_141' title="bbox 1332 2316 2398 2357; baseline 0.002 -8"><span class='ocrx_word' id='word_1_1094' title='bbox 1332 2318 1483 2349; x_wconf 74' lang='lat' dir='ltr'><strong>consensus</strong></span> <span class='ocrx_word' id='word_1_1095' title='bbox 1501 2319 1534 2349; x_wconf 91' lang='lat'>&amp;</span> <span class='ocrx_word' id='word_1_1096' title='bbox 1547 2318 1699 2348; x_wconf 86' lang='lat' dir='ltr'><strong>voluntatis</strong></span> <span class='ocrx_word' id='word_1_1097' title='bbox 1717 2316 1890 2355; x_wconf 83' lang='lat' dir='ltr'><strong>expressione</strong></span> <span class='ocrx_word' id='word_1_1098' title='bbox 1904 2318 1938 2349; x_wconf 90' lang='lat'>&amp;</span> <span class='ocrx_word' id='word_1_1099' title='bbox 1953 2316 2141 2348; x_wconf 87' lang='lat' dir='ltr'><strong>declaratione</strong></span> <span class='ocrx_word' id='word_1_1100' title='bbox 2175 2328 2209 2349; x_wconf 84' lang='lat' dir='ltr'><strong>ac</strong></span> <span class='ocrx_word' id='word_1_1101' title='bbox 2223 2318 2398 2357; x_wconf 81' lang='lat' dir='ltr'><strong>praefatiEx-</strong></span> 
     </span>
     <span class='ocr_line' id='line_1_142' title="bbox 1333 2340 2397 2395; baseline 0 -7"><span class='ocrx_word' id='word_1_1102' title='bbox 1333 2357 1521 2389; x_wconf 87' lang='lat' dir='ltr'><strong>cellentiffimi</strong></span> <span class='ocrx_word' id='word_1_1103' title='bbox 1533 2356 1678 2394; x_wconf 89' lang='lat' dir='ltr'><strong>Domini,</strong></span> <span class='ocrx_word' id='word_1_1104' title='bbox 1695 2355 1824 2386; x_wconf 90' lang='lat' dir='ltr'><strong>Domini</strong></span> <span class='ocrx_word' id='word_1_1105' title='bbox 1837 2354 1959 2386; x_wconf 87' lang='lat' dir='ltr'><strong>Henrici</strong></span> <span class='ocrx_word' id='word_1_1106' title='bbox 1974 2354 2115 2393; x_wconf 87' lang='lat' dir='ltr'><strong>Principis</strong></span> <span class='ocrx_word' id='word_1_1107' title='bbox 2132 2340 2263 2395; x_wconf 62' lang='lat' dir='ltr'><strong>Waiiiae,</strong></span> <span class='ocrx_word' id='word_1_1108' title='bbox 2280 2367 2314 2388; x_wconf 87' lang='lat' dir='ltr'><strong>ac</strong></span> <span class='ocrx_word' id='word_1_1109' title='bbox 2329 2357 2397 2388; x_wconf 89' lang='lat' dir='ltr'><strong>Du-</strong></span> 
     </span>
     <span class='ocr_line' id='line_1_143' title="bbox 1333 2392 2397 2436; baseline 0.001 -10"><span class='ocrx_word' id='word_1_1110' title='bbox 1333 2396 1375 2426; x_wconf 88' lang='lat' dir='ltr'><strong>cis</strong></span> <span class='ocrx_word' id='word_1_1111' title='bbox 1392 2397 1419 2427; x_wconf 91' lang='lat' dir='ltr'>A</span> <span class='ocrx_word' id='word_1_1112' title='bbox 1441 2397 1568 2433; x_wconf 85' lang='lat' dir='ltr'><strong>uitaniae,</strong></span> <span class='ocrx_word' id='word_1_1113' title='bbox 1588 2393 1760 2426; x_wconf 86' lang='lat' dir='ltr'><strong>Lancastriae</strong></span> <span class='ocrx_word' id='word_1_1114' title='bbox 1773 2417 1784 2432; x_wconf 88' lang='lat'><strong>,</strong></span> <span class='ocrx_word' id='word_1_1115' title='bbox 1810 2394 1843 2425; x_wconf 91' lang='lat'>&amp;</span> <span class='ocrx_word' id='word_1_1116' title='bbox 1864 2392 2041 2431; x_wconf 85' lang='lat' dir='ltr'><strong>Comubiae,</strong></span> <span class='ocrx_word' id='word_1_1117' title='bbox 2059 2394 2094 2425; x_wconf 87' lang='lat'>&amp;</span> <span class='ocrx_word' id='word_1_1118' title='bbox 2115 2393 2238 2426; x_wconf 86' lang='lat' dir='ltr'><strong>Comitis</strong></span> <span class='ocrx_word' id='word_1_1119' title='bbox 2257 2394 2397 2436; x_wconf 80' lang='lat' dir='ltr'><strong>Cestriae,</strong></span> 
     </span>
     <span class='ocr_line' id='line_1_144' title="bbox 1332 2431 2394 2472; baseline -0.002 -6"><span class='ocrx_word' id='word_1_1120' title='bbox 1332 2434 1421 2472; x_wconf 86' lang='lat' dir='ltr'><strong>praedi</strong></span> <span class='ocrx_word' id='word_1_1121' title='bbox 1455 2436 1463 2465; x_wconf 88' lang='lat' dir='ltr'><strong>i</strong></span> <span class='ocrx_word' id='word_1_1122' title='bbox 1478 2435 1603 2466; x_wconf 88' lang='lat' dir='ltr'><strong>Domini</strong></span> <span class='ocrx_word' id='word_1_1123' title='bbox 1616 2432 1705 2464; x_wconf 88' lang='lat' dir='ltr'><strong>nostri</strong></span> <span class='ocrx_word' id='word_1_1124' title='bbox 1721 2433 1810 2472; x_wconf 87' lang='lat' dir='ltr'><strong>Regis</strong></span> <span class='ocrx_word' id='word_1_1125' title='bbox 1822 2432 1939 2469; x_wconf 84' lang='lat' dir='ltr'><strong>Angliae</strong></span> <span class='ocrx_word' id='word_1_1126' title='bbox 1952 2432 2018 2462; x_wconf 89' lang='lat' dir='ltr'><strong>Filii</strong></span> <span class='ocrx_word' id='word_1_1127' title='bbox 2033 2431 2222 2471; x_wconf 88' lang='lat' dir='ltr'><strong>Primogeniti</strong></span> <span class='ocrx_word' id='word_1_1128' title='bbox 2241 2434 2275 2464; x_wconf 92' lang='lat'>&amp;</span> <span class='ocrx_word' id='word_1_1129' title='bbox 2290 2432 2394 2464; x_wconf 83' lang='lat' dir='ltr'><strong>Haere-</strong></span> 
     </span>
     <span class='ocr_line' id='line_1_145' title="bbox 1332 2469 2397 2512; baseline -0.006 -9"><span class='ocrx_word' id='word_1_1130' title='bbox 1332 2473 1394 2512; x_wconf 88' lang='lat' dir='ltr'><strong>dis,</strong></span> <span class='ocrx_word' id='word_1_1131' title='bbox 1411 2472 1602 2505; x_wconf 86' lang='lat' dir='ltr'><strong>Procuratorii</strong></span> <span class='ocrx_word' id='word_1_1132' title='bbox 1617 2470 1833 2509; x_wconf 90' lang='lat' dir='ltr'><strong>constitutioni,</strong></span> <span class='ocrx_word' id='word_1_1133' title='bbox 1851 2469 1979 2501; x_wconf 87' lang='lat' dir='ltr'><strong>Dacioni</strong></span> <span class='ocrx_word' id='word_1_1134' title='bbox 2001 2469 2240 2512; x_wconf 79' lang='lat' dir='ltr'><strong>Promiffionum,</strong></span> <span class='ocrx_word' id='word_1_1135' title='bbox 2264 2472 2299 2503; x_wconf 87' lang='lat'>&amp;</span> <span class='ocrx_word' id='word_1_1136' title='bbox 2318 2471 2397 2504; x_wconf 76' lang='lat' dir='ltr'><strong>Cau-</strong></span> 
     </span>
     <span class='ocr_line' id='line_1_146' title="bbox 1332 2505 2394 2551; baseline 0 -9"><span class='ocrx_word' id='word_1_1137' title='bbox 1332 2512 1447 2542; x_wconf 90' lang='lat' dir='ltr'><strong>tionum</strong></span> <span class='ocrx_word' id='word_1_1138' title='bbox 1463 2511 1650 2549; x_wconf 85' lang='lat' dir='ltr'><strong>expositioni,</strong></span> <span class='ocrx_word' id='word_1_1139' title='bbox 1668 2509 1830 2546; x_wconf 82' lang='lat' dir='ltr'><strong>caeterisque</strong></span> <span class='ocrx_word' id='word_1_1140' title='bbox 1837 2505 2131 2551; x_wconf 58' lang='lat' dir='ltr'><strong>Rraemiffisomnibus</strong></span> <span class='ocrx_word' id='word_1_1141' title='bbox 2145 2508 2394 2550; x_wconf 82' lang='lat' dir='ltr'><strong>&amp;singulis,dum</strong></span> 
     </span>
     <span class='ocr_line' id='line_1_147' title="bbox 1334 2546 2096 2587; baseline -0.003 -9"><span class='ocrx_word' id='word_1_1142' title='bbox 1334 2549 1387 2587; x_wconf 87' lang='lat' dir='ltr'><strong>fic,</strong></span> <span class='ocrx_word' id='word_1_1143' title='bbox 1403 2558 1434 2580; x_wconf 90' lang='lat' dir='ltr'><strong>ut</strong></span> <span class='ocrx_word' id='word_1_1144' title='bbox 1449 2550 1646 2586; x_wconf 83' lang='lat' dir='ltr'><strong>praemittitur,</strong></span> <span class='ocrx_word' id='word_1_1145' title='bbox 1665 2555 1750 2583; x_wconf 87' lang='lat' dir='ltr'><strong>prout</strong></span> <span class='ocrx_word' id='word_1_1146' title='bbox 1764 2547 1882 2582; x_wconf 89' lang='lat' dir='ltr'><strong>superius</strong></span> <span class='ocrx_word' id='word_1_1147' title='bbox 1896 2552 2047 2575; x_wconf 87' lang='lat' dir='ltr'><strong>recitantur</strong></span> <span class='ocrx_word' id='word_1_1148' title='bbox 2061 2546 2096 2576; x_wconf 90' lang='lat'>&amp;</span> 
     </span>
     <span class='ocr_line' id='line_1_148' title="bbox 1332 2582 2393 2628; baseline 0.002 -11"><span class='ocrx_word' id='word_1_1149' title='bbox 1332 2590 1387 2617; x_wconf 77' lang='lat' dir='ltr'><strong>una</strong></span> <span class='ocrx_word' id='word_1_1150' title='bbox 1402 2597 1470 2617; x_wconf 91' lang='lat' dir='ltr'><strong>cum</strong></span> <span class='ocrx_word' id='word_1_1151' title='bbox 1486 2585 1620 2617; x_wconf 85' lang='lat' dir='ltr'><strong>Testibus</strong></span> <span class='ocrx_word' id='word_1_1152' title='bbox 1633 2584 1861 2622; x_wconf 84' lang='lat' dir='ltr'><strong>praenorninatis,</strong></span> <span class='ocrx_word' id='word_1_1153' title='bbox 1877 2582 1928 2613; x_wconf 91' lang='lat' dir='ltr'><strong>sub</strong></span> <span class='ocrx_word' id='word_1_1154' title='bbox 1944 2583 2033 2613; x_wconf 87' lang='lat' dir='ltr'><strong>Anno</strong></span> <span class='ocrx_word' id='word_1_1155' title='bbox 2046 2582 2167 2614; x_wconf 78' lang='lat' dir='ltr'><strong>Domini</strong></span> <span class='ocrx_word' id='word_1_1156' title='bbox 2177 2608 2184 2622; x_wconf 76' lang='lat'><strong>,</strong></span> <span class='ocrx_word' id='word_1_1157' title='bbox 2211 2583 2393 2628; x_wconf 74' lang='lat' dir='ltr'><strong>IndiCtione,</strong></span> 
     </span>
     <span class='ocr_line' id='line_1_149' title="bbox 1332 2620 2392 2666; baseline 0.002 -12"><span class='ocrx_word' id='word_1_1158' title='bbox 1332 2624 1519 2662; x_wconf 84' lang='lat' dir='ltr'><strong>Pontificatu,</strong></span> <span class='ocrx_word' id='word_1_1159' title='bbox 1537 2622 1654 2661; x_wconf 87' lang='lat' dir='ltr'><strong>Mense,</strong></span> <span class='ocrx_word' id='word_1_1160' title='bbox 1674 2621 1750 2660; x_wconf 81' lang='lat' dir='ltr'><strong>Die,</strong></span> <span class='ocrx_word' id='word_1_1161' title='bbox 1768 2620 1802 2652; x_wconf 92' lang='lat'>&amp;</span> <span class='ocrx_word' id='word_1_1162' title='bbox 1818 2620 1904 2652; x_wconf 92' lang='lat' dir='ltr'><strong>Loco</strong></span> <span class='ocrx_word' id='word_1_1163' title='bbox 1922 2621 2063 2659; x_wconf 67' lang='lat' dir='ltr'><strong>praedietis</strong></span> <span class='ocrx_word' id='word_1_1164' title='bbox 2112 2623 2143 2652; x_wconf 90' lang='lat' dir='ltr'><strong>in</strong></span> <span class='ocrx_word' id='word_1_1165' title='bbox 2159 2624 2300 2663; x_wconf 89' lang='lat' dir='ltr'><strong>principio</strong></span> <span class='ocrx_word' id='word_1_1166' title='bbox 2317 2637 2392 2666; x_wconf 85' lang='lat' dir='ltr'><strong>prae-</strong></span> 
     </span>
     <span class='ocr_line' id='line_1_150' title="bbox 1330 2644 2393 2703; baseline -0.002 -11"><span class='ocrx_word' id='word_1_1167' title='bbox 1330 2663 1413 2694; x_wconf 88' lang='lat' dir='ltr'><strong>sentis</strong></span> <span class='ocrx_word' id='word_1_1168' title='bbox 1429 2662 1619 2693; x_wconf 90' lang='lat' dir='ltr'><strong>Procuratorii</strong></span> <span class='ocrx_word' id='word_1_1169' title='bbox 1632 2662 1687 2692; x_wconf 87' lang='lat' dir='ltr'><strong>sive</strong></span> <span class='ocrx_word' id='word_1_1170' title='bbox 1701 2659 1883 2690; x_wconf 87' lang='lat' dir='ltr'><strong>Instrumenti</strong></span> <span class='ocrx_word' id='word_1_1171' title='bbox 1895 2659 2020 2703; x_wconf 29' lang='lat' dir='ltr'><strong>*superius</strong></span> <span class='ocrx_word' id='word_1_1172' title='bbox 2027 2644 2189 2700; x_wconf 54' lang='lat' dir='ltr'><strong>desssriptis,</strong></span> <span class='ocrx_word' id='word_1_1173' title='bbox 2206 2664 2393 2703; x_wconf 79' lang='lat' dir='ltr'><strong>praesensper-</strong></span> 
     </span>
     <span class='ocr_line' id='line_1_151' title="bbox 1331 2697 2394 2742; baseline 0.001 -10"><span class='ocrx_word' id='word_1_1174' title='bbox 1331 2702 1458 2732; x_wconf 84' lang='lat' dir='ltr'><strong>sonaliter</strong></span> <span class='ocrx_word' id='word_1_1175' title='bbox 1473 2700 1604 2738; x_wconf 90' lang='lat' dir='ltr'><strong>interfui,</strong></span> <span class='ocrx_word' id='word_1_1176' title='bbox 1621 2709 1708 2742; x_wconf 78' lang='lat' dir='ltr'><strong>eaque</strong></span> <span class='ocrx_word' id='word_1_1177' title='bbox 1720 2699 1758 2729; x_wconf 87' lang='lat' dir='ltr'><strong>fic</strong></span> <span class='ocrx_word' id='word_1_1178' title='bbox 1771 2698 1830 2729; x_wconf 89' lang='lat' dir='ltr'><strong>fieri</strong></span> <span class='ocrx_word' id='word_1_1179' title='bbox 1843 2697 1919 2735; x_wconf 90' lang='lat' dir='ltr'><strong>vidi,</strong></span> <span class='ocrx_word' id='word_1_1180' title='bbox 1937 2698 1970 2729; x_wconf 75' lang='grc' dir='ltr'><strong>δε</strong></span> <span class='ocrx_word' id='word_1_1181' title='bbox 1984 2698 2097 2737; x_wconf 88' lang='lat' dir='ltr'><strong>audivi,</strong></span> <span class='ocrx_word' id='word_1_1182' title='bbox 2115 2709 2163 2738; x_wconf 86' lang='lat' dir='ltr'><strong>ac,</strong></span> <span class='ocrx_word' id='word_1_1183' title='bbox 2182 2701 2240 2731; x_wconf 84' lang='lat' dir='ltr'><strong>aliis</strong></span> <span class='ocrx_word' id='word_1_1184' title='bbox 2253 2701 2394 2741; x_wconf 79' lang='lat' dir='ltr'><strong>Negotiis</strong></span> 
     </span>
     <span class='ocr_line' id='line_1_152' title="bbox 1331 2737 2393 2780; baseline 0.004 -10"><span class='ocrx_word' id='word_1_1185' title='bbox 1331 2741 1423 2770; x_wconf 88' lang='lat' dir='ltr'><strong>arduis</strong></span> <span class='ocrx_word' id='word_1_1186' title='bbox 1443 2740 1552 2770; x_wconf 86' lang='lat' dir='ltr'><strong>aliunde</strong></span> <span class='ocrx_word' id='word_1_1187' title='bbox 1573 2737 1739 2777; x_wconf 76' lang='lat' dir='ltr'><strong>praepeduus</strong></span> <span class='ocrx_word' id='word_1_1188' title='bbox 1753 2760 1763 2775; x_wconf 90' lang='lat'><strong>,</strong></span> <span class='ocrx_word' id='word_1_1189' title='bbox 1788 2747 1836 2774; x_wconf 89' lang='lat' dir='ltr'><strong>per</strong></span> <span class='ocrx_word' id='word_1_1190' title='bbox 1862 2737 1948 2780; x_wconf 80' lang='lat' dir='ltr'><strong>alium</strong></span> <span class='ocrx_word' id='word_1_1191' title='bbox 1967 2737 2050 2767; x_wconf 85' lang='lat' dir='ltr'><strong>scribi</strong></span> <span class='ocrx_word' id='word_1_1192' title='bbox 2073 2739 2144 2776; x_wconf 87' lang='lat' dir='ltr'><strong>feci,</strong></span> <span class='ocrx_word' id='word_1_1193' title='bbox 2163 2749 2249 2771; x_wconf 88' lang='lat' dir='ltr'><strong>manu</strong></span> <span class='ocrx_word' id='word_1_1194' title='bbox 2271 2751 2304 2772; x_wconf 90' lang='lat' dir='ltr'><strong>ue</strong></span> <span class='ocrx_word' id='word_1_1195' title='bbox 2327 2742 2393 2774; x_wconf 74' lang='lat' dir='ltr'><strong>mea</strong></span> 
     </span>
    </p>

    <p class='ocr_par' dir='ltr' id='par_1_37' title="bbox 1353 2774 2391 2818">
     <span class='ocr_line' id='line_1_153' title="bbox 1353 2774 2391 2818; baseline 0.002 -9"><span class='ocrx_word' id='word_1_1196' title='bbox 1353 2779 1446 2818; x_wconf 74' lang='lat' dir='ltr'><strong>ropria</strong></span> <span class='ocrx_word' id='word_1_1197' title='bbox 1465 2789 1512 2809; x_wconf 90' lang='lat' dir='ltr'><strong>me</strong></span> <span class='ocrx_word' id='word_1_1198' title='bbox 1526 2779 1572 2808; x_wconf 85' lang='lat' dir='ltr'><strong>liic</strong></span> <span class='ocrx_word' id='word_1_1199' title='bbox 1586 2777 1746 2814; x_wconf 79' lang='lat' dir='ltr'><strong>subscripsi,</strong></span> <span class='ocrx_word' id='word_1_1200' title='bbox 1764 2777 1798 2808; x_wconf 91' lang='lat'>&amp;</span> <span class='ocrx_word' id='word_1_1201' title='bbox 1810 2774 1955 2806; x_wconf 75' lang='lat' dir='ltr'><strong>Praemissa</strong></span> <span class='ocrx_word' id='word_1_1202' title='bbox 1967 2775 2003 2806; x_wconf 92' lang='lat' dir='ltr'><strong>de</strong></span> <span class='ocrx_word' id='word_1_1203' title='bbox 2024 2775 2165 2808; x_wconf 85' lang='lat' dir='ltr'><strong>Mandato</strong></span> <span class='ocrx_word' id='word_1_1204' title='bbox 2178 2778 2251 2809; x_wconf 70' lang='lat' dir='ltr'><strong>dieti</strong></span> <span class='ocrx_word' id='word_1_1205' title='bbox 2299 2781 2391 2811; x_wconf 90' lang='lat' dir='ltr'><strong>omini</strong></span> 
     </span>
    </p>

    <p class='ocr_par' dir='ltr' id='par_1_38' title="bbox 1328 2813 2393 2964">
     <span class='ocr_line' id='line_1_154' title="bbox 1357 2813 2392 2855; baseline 0.002 -8"><span class='ocrx_word' id='word_1_1206' title='bbox 1357 2818 1472 2855; x_wconf 87' lang='lat' dir='ltr'><strong>rincipis</strong></span> <span class='ocrx_word' id='word_1_1207' title='bbox 1487 2816 1619 2854; x_wconf 83' lang='lat' dir='ltr'><strong>Walliae,</strong></span> <span class='ocrx_word' id='word_1_1208' title='bbox 1639 2826 1672 2846; x_wconf 91' lang='lat' dir='ltr'><strong>ac</strong></span> <span class='ocrx_word' id='word_1_1209' title='bbox 1691 2813 1785 2845; x_wconf 85' lang='lat' dir='ltr'><strong>Ducis</strong></span> <span class='ocrx_word' id='word_1_1210' title='bbox 1801 2814 1833 2845; x_wconf 90' lang='lat'>&amp;</span> <span class='ocrx_word' id='word_1_1211' title='bbox 1851 2813 1976 2844; x_wconf 90' lang='lat' dir='ltr'><strong>Comitis</strong></span> <span class='ocrx_word' id='word_1_1212' title='bbox 1990 2814 2141 2854; x_wconf 67' lang='lat' dir='ltr'><strong>antedicti,</strong></span> <span class='ocrx_word' id='word_1_1213' title='bbox 2159 2816 2190 2846; x_wconf 93' lang='lat' dir='ltr'><strong>in</strong></span> <span class='ocrx_word' id='word_1_1214' title='bbox 2211 2817 2286 2848; x_wconf 86' lang='lat' dir='ltr'><strong>hanc</strong></span> <span class='ocrx_word' id='word_1_1215' title='bbox 2299 2818 2392 2855; x_wconf 88' lang='lat' dir='ltr'><strong>publi-</strong></span> 
     </span>
     <span class='ocr_line' id='line_1_155' title="bbox 1329 2853 2393 2893; baseline 0 -6"><span class='ocrx_word' id='word_1_1216' title='bbox 1329 2866 1396 2887; x_wconf 88' lang='lat' dir='ltr'><strong>cam</strong></span> <span class='ocrx_word' id='word_1_1217' title='bbox 1411 2855 1534 2886; x_wconf 87' lang='lat' dir='ltr'><strong>formam</strong></span> <span class='ocrx_word' id='word_1_1218' title='bbox 1554 2855 1667 2892; x_wconf 88' lang='lat' dir='ltr'><strong>redegi,</strong></span> <span class='ocrx_word' id='word_1_1219' title='bbox 1686 2854 1720 2883; x_wconf 90' lang='lat'>&amp;</span> <span class='ocrx_word' id='word_1_1220' title='bbox 1742 2853 1867 2890; x_wconf 86' lang='lat' dir='ltr'><strong>Signum</strong></span> <span class='ocrx_word' id='word_1_1221' title='bbox 1891 2862 1989 2884; x_wconf 85' lang='lat' dir='ltr'><strong>meum</strong></span> <span class='ocrx_word' id='word_1_1222' title='bbox 2013 2853 2062 2884; x_wconf 91' lang='lat' dir='ltr'><strong>hic</strong></span> <span class='ocrx_word' id='word_1_1223' title='bbox 2081 2854 2194 2892; x_wconf 86' lang='lat' dir='ltr'><strong>apposui</strong></span> <span class='ocrx_word' id='word_1_1224' title='bbox 2208 2856 2393 2893; x_wconf 85' lang='lat' dir='ltr'><strong>consuetum,</strong></span> 
     </span>
     <span class='ocr_line' id='line_1_156' title="bbox 1328 2890 2391 2932; baseline 0 -7"><span class='ocrx_word' id='word_1_1225' title='bbox 1328 2903 1441 2931; x_wconf 86' lang='lat' dir='ltr'><strong>rogatus</strong></span> <span class='ocrx_word' id='word_1_1226' title='bbox 1456 2895 1490 2925; x_wconf 90' lang='lat'>&amp;</span> <span class='ocrx_word' id='word_1_1227' title='bbox 1506 2893 1666 2932; x_wconf 84' lang='lat' dir='ltr'><strong>requisitus,</strong></span> <span class='ocrx_word' id='word_1_1228' title='bbox 1683 2892 1712 2921; x_wconf 89' lang='lat' dir='ltr'><strong>in</strong></span> <span class='ocrx_word' id='word_1_1229' title='bbox 1730 2890 1815 2922; x_wconf 85' lang='lat' dir='ltr'><strong>fidem</strong></span> <span class='ocrx_word' id='word_1_1230' title='bbox 1834 2892 1867 2922; x_wconf 91' lang='lat'>&amp;</span> <span class='ocrx_word' id='word_1_1231' title='bbox 1885 2890 2080 2922; x_wconf 84' lang='lat' dir='ltr'><strong>testimonium</strong></span> <span class='ocrx_word' id='word_1_1232' title='bbox 2103 2893 2235 2923; x_wconf 87' lang='lat' dir='ltr'><strong>omnium</strong></span> <span class='ocrx_word' id='word_1_1233' title='bbox 2255 2892 2391 2925; x_wconf 79' lang='lat' dir='ltr'><strong>Praemis-</strong></span> 
     </span>
     <span class='ocr_line' id='line_1_157' title="bbox 1331 2934 1435 2964; baseline -0.019 0"><span class='ocrx_word' id='word_1_1234' title='bbox 1331 2934 1435 2964; x_wconf 86' lang='lat' dir='ltr'><strong>sorum.</strong></span> 
     </span>
    </p>

    <p class='ocr_par' dir='ltr' id='par_1_39' title="bbox 1329 2967 2390 3087">
     <span class='ocr_line' id='line_1_158' title="bbox 1368 2967 2390 3006; baseline 0.003 -5"><span class='ocrx_word' id='word_1_1235' title='bbox 1368 2970 1490 3001; x_wconf 88' lang='lat' dir='ltr'><strong>Constat</strong></span> <span class='ocrx_word' id='word_1_1236' title='bbox 1502 2970 1539 3001; x_wconf 85' lang='lat' dir='ltr'><strong>de</strong></span> <span class='ocrx_word' id='word_1_1237' title='bbox 1551 2969 1773 3000; x_wconf 76' lang='lat' dir='ltr'><strong>inter-lineatione</strong></span> <span class='ocrx_word' id='word_1_1238' title='bbox 1787 2967 1930 2998; x_wconf 69' lang='lat' dir='ltr'><strong>Dietionis</strong></span> <span class='ocrx_word' id='word_1_1239' title='bbox 1947 2968 2026 3006; x_wconf 87' lang='lat' dir='ltr'><strong>supra</strong></span> <span class='ocrx_word' id='word_1_1240' title='bbox 2047 2967 2230 3006; x_wconf 85' lang='lat' dir='ltr'><strong>penultimam</strong></span> <span class='ocrx_word' id='word_1_1241' title='bbox 2251 2970 2354 3003; x_wconf 87' lang='lat' dir='ltr'><strong>lineam</strong></span> <span class='ocrx_word' id='word_1_1242' title='bbox 2372 2984 2390 3004; x_wconf 82' lang='lat' dir='ltr'><strong>a</strong></span> 
     </span>
     <span class='ocr_line' id='line_1_159' title="bbox 1331 3007 2389 3049; baseline 0.002 -9"><span class='ocrx_word' id='word_1_1243' title='bbox 1331 3009 1432 3049; x_wconf 87' lang='lat' dir='ltr'><strong>Capite</strong></span> <span class='ocrx_word' id='word_1_1244' title='bbox 1455 3008 1594 3047; x_wconf 79' lang='lat' dir='ltr'><strong>praesentis</strong></span> <span class='ocrx_word' id='word_1_1245' title='bbox 1617 3007 1797 3038; x_wconf 88' lang='lat' dir='ltr'><strong>Instrumenti</strong></span> <span class='ocrx_word' id='word_1_1246' title='bbox 1819 3007 2014 3044; x_wconf 86' lang='lat' dir='ltr'><strong>computando</strong></span> <span class='ocrx_word' id='word_1_1247' title='bbox 2027 3028 2038 3044; x_wconf 84' lang='lat'><strong>,</strong></span> <span class='ocrx_word' id='word_1_1248' title='bbox 2062 3016 2123 3037; x_wconf 90' lang='lat' dir='ltr'><strong>non</strong></span> <span class='ocrx_word' id='word_1_1249' title='bbox 2150 3009 2222 3039; x_wconf 86' lang='lat' dir='ltr'><strong>vitio</strong></span> <span class='ocrx_word' id='word_1_1250' title='bbox 2241 3009 2279 3041; x_wconf 86' lang='lat' dir='ltr'><strong>set</strong></span> <span class='ocrx_word' id='word_1_1251' title='bbox 2294 3021 2389 3043; x_wconf 85' lang='lat' dir='ltr'><strong>errore</strong></span> 
     </span>
     <span class='ocr_line' id='line_1_160' title="bbox 1329 3045 2249 3087; baseline -0.001 -8"><span class='ocrx_word' id='word_1_1252' title='bbox 1329 3048 1438 3086; x_wconf 86' lang='lat' dir='ltr'><strong>scriptae</strong></span> <span class='ocrx_word' id='word_1_1253' title='bbox 1447 3070 1457 3086; x_wconf 91' lang='lat'>‚</span> <span class='ocrx_word' id='word_1_1254' title='bbox 1476 3046 1553 3087; x_wconf 89' lang='lat' dir='ltr'><strong>quod</strong></span> <span class='ocrx_word' id='word_1_1255' title='bbox 1568 3047 1696 3085; x_wconf 86' lang='lat' dir='ltr'><strong>approbo</strong></span> <span class='ocrx_word' id='word_1_1256' title='bbox 1709 3054 1764 3085; x_wconf 83' lang='lat' dir='ltr'><strong>ego</strong></span> <span class='ocrx_word' id='word_1_1257' title='bbox 1780 3045 1925 3076; x_wconf 82' lang='lat' dir='ltr'><strong>Diouisius</strong></span> <span class='ocrx_word' id='word_1_1258' title='bbox 1938 3045 2075 3076; x_wconf 89' lang='lat' dir='ltr'><strong>Notarius</strong></span> <span class='ocrx_word' id='word_1_1259' title='bbox 2088 3045 2249 3083; x_wconf 70' lang='lat' dir='ltr'><strong>praedietus.</strong></span> 
     </span>
    </p>
   </div>
   <div class='ocr_carea' id='block_1_22' title="bbox 2064 3123 2258 3163">
    <p class='ocr_par' dir='ltr' id='par_1_40' title="bbox 2064 3123 2258 3163">
     <span class='ocr_line' id='line_1_161' title="bbox 2064 3123 2258 3163; baseline 0.01 -11"><span class='ocrx_word' id='word_1_1260' title='bbox 2064 3124 2104 3153; x_wconf 87' lang='lat' dir='ltr'><strong>D.</strong></span> <span class='ocrx_word' id='word_1_1261' title='bbox 2122 3123 2258 3163; x_wconf 82' lang='lat' dir='ltr'><strong>Lopham.</strong></span> 
     </span>
    </p>
   </div>
   <div class='ocr_carea' id='block_1_23' title="bbox 1329 3197 2391 3508">
    <p class='ocr_par' dir='ltr' id='par_1_41' title="bbox 1329 3197 2391 3508">
     <span class='ocr_line' id='line_1_162' title="bbox 1368 3197 2388 3240; baseline 0 -7"><span class='ocrx_word' id='word_1_1262' title='bbox 1368 3201 1508 3233; x_wconf 87' lang='lat' dir='ltr'><strong>Constant</strong></span> <span class='ocrx_word' id='word_1_1263' title='bbox 1520 3202 1605 3232; x_wconf 89' lang='lat' dir='ltr'><strong>etiam</strong></span> <span class='ocrx_word' id='word_1_1264' title='bbox 1619 3200 1708 3231; x_wconf 89' lang='lat' dir='ltr'><strong>michi</strong></span> <span class='ocrx_word' id='word_1_1265' title='bbox 1724 3198 1860 3230; x_wconf 87' lang='lat' dir='ltr'><strong>Dionisio</strong></span> <span class='ocrx_word' id='word_1_1266' title='bbox 1879 3197 2008 3228; x_wconf 89' lang='lat' dir='ltr'><strong>Notario</strong></span> <span class='ocrx_word' id='word_1_1267' title='bbox 2021 3198 2160 3237; x_wconf 65' lang='lat' dir='ltr'><strong>praedieto</strong></span> <span class='ocrx_word' id='word_1_1268' title='bbox 2177 3199 2212 3231; x_wconf 91' lang='lat' dir='ltr'><strong>de</strong></span> <span class='ocrx_word' id='word_1_1269' title='bbox 2225 3201 2319 3232; x_wconf 86' lang='lat' dir='ltr'><strong>verbis</strong></span> <span class='ocrx_word' id='word_1_1270' title='bbox 2337 3202 2388 3240; x_wconf 77' lang='lat' dir='ltr'><strong>(ac</strong></span> 
     </span>
     <span class='ocr_line' id='line_1_163' title="bbox 1330 3236 2389 3280; baseline -0.004 -10"><span class='ocrx_word' id='word_1_1271' title='bbox 1330 3245 1418 3270; x_wconf 86' lang='lat' dir='ltr'><strong>omnia</strong></span> <span class='ocrx_word' id='word_1_1272' title='bbox 1432 3239 1469 3275; x_wconf 57' lang='grc' dir='ltr'><strong>ᾤ’</strong></span> <span class='ocrx_word' id='word_1_1273' title='bbox 1477 3240 1512 3280; x_wconf 73' lang='lat' dir='ltr'><strong>sie</strong></span> <span class='ocrx_word' id='word_1_1274' title='bbox 1530 3250 1562 3269; x_wconf 87' lang='lat' dir='ltr'><strong>ra</strong></span> <span class='ocrx_word' id='word_1_1275' title='bbox 1582 3239 1619 3274; x_wconf 80' lang='lat'><em>&amp;</em></span> <span class='ocrx_word' id='word_1_1276' title='bbox 1635 3237 1811 3278; x_wconf 59' lang='lat' dir='ltr'><strong>i⁷gfraftripra</strong></span> <span class='ocrx_word' id='word_1_1277' title='bbox 1828 3236 1948 3276; x_wconf 62' lang='lat' dir='ltr'><strong>expressex</strong></span> <span class='ocrx_word' id='word_1_1278' title='bbox 1961 3244 2024 3266; x_wconf 86' lang='lat' dir='ltr'><strong>tunc</strong></span> <span class='ocrx_word' id='word_1_1279' title='bbox 2032 3237 2227 3278; x_wconf 68' lang='lat' dir='ltr'><strong>aui-“t&#39;orifhntis</strong></span> <span class='ocrx_word' id='word_1_1280' title='bbox 2241 3239 2278 3274; x_wconf 62' lang='grc' dir='ltr'><strong>ὠ·</strong></span> <span class='ocrx_word' id='word_1_1281' title='bbox 2293 3251 2312 3268; x_wconf 86' lang='lat' dir='ltr'><strong>a</strong></span> <span class='ocrx_word' id='word_1_1282' title='bbox 2323 3248 2389 3278; x_wconf 73' lang='lat' dir='ltr'><strong>pra-</strong></span> 
     </span>
     <span class='ocr_line' id='line_1_164' title="bbox 1329 3275 2389 3316; baseline 0.001 -8"><span class='ocrx_word' id='word_1_1283' title='bbox 1329 3278 1442 3316; x_wconf 80' lang='lat' dir='ltr'><strong>bantis)</strong></span> <span class='ocrx_word' id='word_1_1284' title='bbox 1460 3278 1489 3308; x_wconf 92' lang='lat' dir='ltr'><strong>in</strong></span> <span class='ocrx_word' id='word_1_1285' title='bbox 1540 3276 1634 3308; x_wconf 67' lang='lat' dir='ltr'><strong>ecima</strong></span> <span class='ocrx_word' id='word_1_1286' title='bbox 1646 3277 1740 3307; x_wconf 69' lang='lat' dir='ltr'><strong>tertia:</strong></span> <span class='ocrx_word' id='word_1_1287' title='bbox 1758 3285 1791 3306; x_wconf 89' lang='lat' dir='ltr'><strong>ac</strong></span> <span class='ocrx_word' id='word_1_1288' title='bbox 1804 3276 1890 3306; x_wconf 89' lang='lat' dir='ltr'><strong>etiam</strong></span> <span class='ocrx_word' id='word_1_1289' title='bbox 1908 3275 2062 3314; x_wconf 78' lang='lat' dir='ltr'><strong>(Sponsalia</strong></span> <span class='ocrx_word' id='word_1_1290' title='bbox 2080 3284 2130 3315; x_wconf 82' lang='lat' dir='ltr'><strong>per</strong></span> <span class='ocrx_word' id='word_1_1291' title='bbox 2149 3277 2237 3308; x_wconf 79' lang='lat' dir='ltr'><strong>verba</strong></span> <span class='ocrx_word' id='word_1_1292' title='bbox 2251 3278 2283 3307; x_wconf 84' lang='lat' dir='ltr'><strong>de</strong></span> <span class='ocrx_word' id='word_1_1293' title='bbox 2309 3285 2389 3309; x_wconf 74' lang='lat' dir='ltr'><strong>utura</strong></span> 
     </span>
     <span class='ocr_line' id='line_1_165' title="bbox 1331 3313 2389 3355; baseline 0 -9"><span class='ocrx_word' id='word_1_1294' title='bbox 1331 3324 1454 3346; x_wconf 84' lang='lat' dir='ltr'><strong>mutuum</strong></span> <span class='ocrx_word' id='word_1_1295' title='bbox 1469 3315 1583 3355; x_wconf 75' lang='lat' dir='ltr'><strong>iprrum</strong></span> <span class='ocrx_word' id='word_1_1296' title='bbox 1597 3314 1745 3354; x_wconf 74' lang='lat' dir='ltr'><strong>conftnsism</strong></span> <span class='ocrx_word' id='word_1_1297' title='bbox 1760 3314 1822 3344; x_wconf 84' lang='lat' dir='ltr'><strong>hinc</strong></span> <span class='ocrx_word' id='word_1_1298' title='bbox 1840 3313 1901 3344; x_wconf 78' lang='lat' dir='ltr'><strong>inde</strong></span> <span class='ocrx_word' id='word_1_1299' title='bbox 1916 3313 1947 3343; x_wconf 81' lang='lat' dir='ltr'><strong>de</strong></span> <span class='ocrx_word' id='word_1_1300' title='bbox 1963 3313 2057 3353; x_wconf 76' lang='lat' dir='ltr'><strong>futuro</strong></span> <span class='ocrx_word' id='word_1_1301' title='bbox 2070 3315 2264 3353; x_wconf 67' lang='lat' dir='ltr'><strong>exprimentia)</strong></span> <span class='ocrx_word' id='word_1_1302' title='bbox 2287 3317 2315 3345; x_wconf 89' lang='lat' dir='ltr'><strong>in</strong></span> <span class='ocrx_word' id='word_1_1303' title='bbox 2325 3316 2389 3348; x_wconf 82' lang='lat' dir='ltr'><strong>De-</strong></span> 
     </span>
     <span class='ocr_line' id='line_1_166' title="bbox 1330 3352 2388 3394; baseline -0.001 -8"><span class='ocrx_word' id='word_1_1304' title='bbox 1330 3355 1410 3386; x_wconf 69' lang='lat' dir='ltr'><strong>cima</strong></span> <span class='ocrx_word' id='word_1_1305' title='bbox 1423 3354 1527 3385; x_wconf 67' lang='lat' dir='ltr'><strong>octava</strong></span> <span class='ocrx_word' id='word_1_1306' title='bbox 1543 3354 1654 3392; x_wconf 80' lang='lat' dir='ltr'><strong>Lineis,</strong></span> <span class='ocrx_word' id='word_1_1307' title='bbox 1671 3364 1687 3384; x_wconf 89' lang='lat' dir='ltr'><strong>a</strong></span> <span class='ocrx_word' id='word_1_1308' title='bbox 1711 3352 1812 3390; x_wconf 87' lang='lat' dir='ltr'><strong>Capite</strong></span> <span class='ocrx_word' id='word_1_1309' title='bbox 1826 3352 1963 3390; x_wconf 72' lang='lat' dir='ltr'><strong>praesentis</strong></span> <span class='ocrx_word' id='word_1_1310' title='bbox 1977 3352 2162 3384; x_wconf 85' lang='lat' dir='ltr'><strong>Instrumenti</strong></span> <span class='ocrx_word' id='word_1_1311' title='bbox 2175 3355 2388 3394; x_wconf 87' lang='lat' dir='ltr'><strong>computando,</strong></span> 
     </span>
     <span class='ocr_line' id='line_1_167' title="bbox 1331 3390 2388 3431; baseline -0.001 -7"><span class='ocrx_word' id='word_1_1312' title='bbox 1331 3404 1393 3424; x_wconf 91' lang='lat' dir='ltr'><strong>non</strong></span> <span class='ocrx_word' id='word_1_1313' title='bbox 1407 3394 1497 3430; x_wconf 87' lang='lat' dir='ltr'><strong>vitio,</strong></span> <span class='ocrx_word' id='word_1_1314' title='bbox 1514 3392 1551 3423; x_wconf 89' lang='lat' dir='ltr'><strong>set</strong></span> <span class='ocrx_word' id='word_1_1315' title='bbox 1566 3402 1657 3423; x_wconf 89' lang='lat' dir='ltr'><strong>errore</strong></span> <span class='ocrx_word' id='word_1_1316' title='bbox 1673 3392 1798 3429; x_wconf 79' lang='lat' dir='ltr'><strong>omissis,</strong></span> <span class='ocrx_word' id='word_1_1317' title='bbox 1815 3393 1849 3424; x_wconf 71' lang='grc' dir='ltr'><strong>ὅ(</strong></span> <span class='ocrx_word' id='word_1_1318' title='bbox 1863 3392 1893 3421; x_wconf 91' lang='lat' dir='ltr'><strong>in</strong></span> <span class='ocrx_word' id='word_1_1319' title='bbox 1908 3391 1964 3422; x_wconf 86' lang='lat' dir='ltr'><strong>fine</strong></span> <span class='ocrx_word' id='word_1_1320' title='bbox 1976 3391 2117 3429; x_wconf 89' lang='lat' dir='ltr'><strong>praesentis</strong></span> <span class='ocrx_word' id='word_1_1321' title='bbox 2138 3390 2334 3431; x_wconf 85' lang='lat' dir='ltr'><strong>Instrumenti,</strong></span> <span class='ocrx_word' id='word_1_1322' title='bbox 2353 3395 2388 3425; x_wconf 86' lang='lat' dir='ltr'><strong>ad</strong></span> 
     </span>
     <span class='ocr_line' id='line_1_168' title="bbox 1330 3429 2391 3469; baseline 0.002 -7"><span class='ocrx_word' id='word_1_1323' title='bbox 1330 3433 1392 3463; x_wconf 89' lang='lat' dir='ltr'><strong>talia</strong></span> <span class='ocrx_word' id='word_1_1324' title='bbox 1418 3431 1503 3469; x_wconf 77' lang='lat' dir='ltr'><strong>Signa</strong></span> <span class='ocrx_word' id='word_1_1325' title='bbox 1531 3431 1550 3450; x_wconf 71' lang='lat'><strong>²*</strong></span> <span class='ocrx_word' id='word_1_1326' title='bbox 1576 3429 1729 3461; x_wconf 77' lang='lat' dir='ltr'><strong>succeffive</strong></span> <span class='ocrx_word' id='word_1_1327' title='bbox 1752 3430 1857 3468; x_wconf 89' lang='lat' dir='ltr'><strong>scriptis</strong></span> <span class='ocrx_word' id='word_1_1328' title='bbox 1871 3451 1881 3467; x_wconf 85' lang='lat'><strong>,</strong></span> <span class='ocrx_word' id='word_1_1329' title='bbox 1919 3439 1982 3469; x_wconf 87' lang='lat' dir='ltr'><strong>quae</strong></span> <span class='ocrx_word' id='word_1_1330' title='bbox 2003 3430 2130 3468; x_wconf 88' lang='lat' dir='ltr'><strong>approbo</strong></span> <span class='ocrx_word' id='word_1_1331' title='bbox 2159 3439 2215 3469; x_wconf 89' lang='lat' dir='ltr'><strong>ego</strong></span> <span class='ocrx_word' id='word_1_1332' title='bbox 2247 3429 2391 3464; x_wconf 72' lang='lat' dir='ltr'><strong>Dionisiue</strong></span> 
     </span>
     <span class='ocr_line' id='line_1_169' title="bbox 1331 3467 2166 3508; baseline -0.006 -7"><span class='ocrx_word' id='word_1_1333' title='bbox 1331 3470 1468 3502; x_wconf 81' lang='lat' dir='ltr'><strong>Notarius</strong></span> <span class='ocrx_word' id='word_1_1334' title='bbox 1484 3469 1652 3507; x_wconf 69' lang='lat' dir='ltr'><strong>praedietus,</strong></span> <span class='ocrx_word' id='word_1_1335' title='bbox 1669 3468 1813 3507; x_wconf 86' lang='lat' dir='ltr'><strong>scripturae</strong></span> <span class='ocrx_word' id='word_1_1336' title='bbox 1827 3468 1997 3508; x_wconf 76' lang='lat' dir='ltr'><strong>corrigendo</strong></span> <span class='ocrx_word' id='word_1_1337' title='bbox 2009 3467 2166 3499; x_wconf 71' lang='lat' dir='ltr'><strong>defectum.</strong></span> 
     </span>
    </p>
   </div>
   <div class='ocr_carea' id='block_1_24' title="bbox 2064 3544 2259 3584">
    <p class='ocr_par' dir='ltr' id='par_1_42' title="bbox 2064 3544 2259 3584">
     <span class='ocr_line' id='line_1_170' title="bbox 2064 3544 2259 3584; baseline 0.01 -10"><span class='ocrx_word' id='word_1_1338' title='bbox 2064 3548 2104 3575; x_wconf 92' lang='lat' dir='ltr'><strong>D.</strong></span> <span class='ocrx_word' id='word_1_1339' title='bbox 2124 3544 2259 3584; x_wconf 79' lang='lat' dir='ltr'><strong>Lopham.</strong></span> 
     </span>
    </p>
   </div>
   <div class='ocr_carea' id='block_1_25' title="bbox 2409 640 2540 666">
    <p class='ocr_par' dir='ltr' id='par_1_43' title="bbox 2409 640 2540 666">
     <span class='ocr_line' id='line_1_171' title="bbox 2409 640 2540 666; baseline 0.023 -3"><span class='ocrx_word' id='word_1_1340' title='bbox 2409 640 2540 666; x_wconf 76' lang='lat' dir='ltr'><strong>coiisenfiim</strong></span> 
     </span>
    </p>
   </div>
   <div class='ocr_carea' id='block_1_26' title="bbox 1325 675 2525 739">
    <p class='ocr_par' dir='ltr' id='par_1_44' title="bbox 1325 675 2525 739">
     <span class='ocr_line' id='line_1_172' title="bbox 1325 675 2525 739; baseline 0.006 -20"><span class='ocrx_word' id='word_1_1341' title='bbox 1325 690 1362 719; x_wconf 91' lang='lat' dir='ltr'><strong>de</strong></span> <span class='ocrx_word' id='word_1_1342' title='bbox 1380 691 1462 728; x_wconf 81' lang='lat' dir='ltr'><strong>ipfius</strong></span> <span class='ocrx_word' id='word_1_1343' title='bbox 1479 690 1616 721; x_wconf 65' lang='lat' dir='ltr'><strong>consenui</strong></span> <span class='ocrx_word' id='word_1_1344' title='bbox 1633 691 1666 722; x_wconf 89' lang='lat'>&amp;</span> <span class='ocrx_word' id='word_1_1345' title='bbox 1684 690 1827 720; x_wconf 89' lang='lat' dir='ltr'><strong>voluntate</strong></span> <span class='ocrx_word' id='word_1_1346' title='bbox 1846 691 1972 728; x_wconf 75' lang='lat' dir='ltr'><strong>expressis</strong></span> <span class='ocrx_word' id='word_1_1347' title='bbox 1993 693 2040 729; x_wconf 91' lang='lat' dir='ltr'><strong>(ut</strong></span> <span class='ocrx_word' id='word_1_1348' title='bbox 2057 692 2144 730; x_wconf 84' lang='lat' dir='ltr'><strong>dixit)</strong></span> <span class='ocrx_word' id='word_1_1349' title='bbox 2166 693 2256 724; x_wconf 88' lang='lat' dir='ltr'><strong>michi</strong></span> <span class='ocrx_word' id='word_1_1350' title='bbox 2269 695 2392 734; x_wconf 79' lang='lat' dir='ltr'><strong>Dionifio</strong></span> <span class='ocrx_word' id='word_1_1351' title='bbox 2406 675 2525 739; x_wconf 48' lang='lat' dir='ltr'><strong>{ffrssnde</strong></span> 
     </span>
    </p>
   </div>
   <div class='ocr_carea' id='block_1_27' title="bbox 1324 727 2501 768">
    <p class='ocr_par' dir='ltr' id='par_1_45' title="bbox 1324 727 2501 768">
     <span class='ocr_line' id='line_1_173' title="bbox 1324 727 2501 768; baseline 0.005 -10"><span class='ocrx_word' id='word_1_1352' title='bbox 1324 727 1452 759; x_wconf 89' lang='lat' dir='ltr'><strong>Notario</strong></span> <span class='ocrx_word' id='word_1_1353' title='bbox 1471 728 1595 759; x_wconf 88' lang='lat' dir='ltr'><strong>Publico</strong></span> <span class='ocrx_word' id='word_1_1354' title='bbox 1615 729 1789 767; x_wconf 73' lang='lat' dir='ltr'><strong>subscripto,</strong></span> <span class='ocrx_word' id='word_1_1355' title='bbox 1807 728 1944 766; x_wconf 87' lang='lat' dir='ltr'><strong>stipulanti</strong></span> <span class='ocrx_word' id='word_1_1356' title='bbox 1960 729 1994 760; x_wconf 90' lang='lat'>&amp;</span> <span class='ocrx_word' id='word_1_1357' title='bbox 2008 731 2154 768; x_wconf 87' lang='lat' dir='ltr'><strong>recipienti</strong></span> <span class='ocrx_word' id='word_1_1358' title='bbox 2164 733 2229 763; x_wconf 86' lang='lat' dir='ltr'><strong>vice</strong></span> <span class='ocrx_word' id='word_1_1359' title='bbox 2244 734 2279 765; x_wconf 92' lang='lat'>&amp;</span> <span class='ocrx_word' id='word_1_1360' title='bbox 2293 742 2391 763; x_wconf 80' lang='lat' dir='ltr'><strong>nomi·</strong></span> <span class='ocrx_word' id='word_1_1361' title='bbox 2408 745 2501 768; x_wconf 73' lang='lat' dir='ltr'><strong>mentia.</strong></span> 
     </span>
    </p>
   </div>
   <div class='ocr_carea' id='block_1_28' title="bbox 2421 1697 2537 1774">
    <p class='ocr_par' dir='ltr' id='par_1_46' title="bbox 2421 1697 2537 1774">
     <span class='ocr_line' id='line_1_174' title="bbox 2421 1697 2537 1727; baseline -0.009 0"><span class='ocrx_word' id='word_1_1362' title='bbox 2421 1697 2537 1727; x_wconf 64' lang='lat' dir='ltr'><strong>¹¹an</strong></span> 
     </span>
     <span class='ocr_line' id='line_1_175' title="bbox 2441 1746 2506 1774; baseline 0.031 -9"><span class='ocrx_word' id='word_1_1363' title='bbox 2441 1746 2506 1774; x_wconf 70' lang='lat'><strong>259·</strong></span> 
     </span>
    </p>
   </div>
   <div class='ocr_carea' id='block_1_29' title="bbox 69 3620 2539 3931">
    <p class='ocr_par' dir='ltr' id='par_1_47' title="bbox 71 3620 2389 3667">
     <span class='ocr_line' id='line_1_176' title="bbox 71 3620 2389 3667; baseline -0.002 -11"><span class='ocrx_word' id='word_1_1364' title='bbox 71 3639 154 3667; x_wconf 54' lang='lat' dir='ltr'><strong>s.gs.0,</strong></span> <span class='ocrx_word' id='word_1_1365' title='bbox 220 3629 301 3657; x_wconf 74' lang='lat' dir='ltr'><strong>mniae</strong></span> <span class='ocrx_word' id='word_1_1366' title='bbox 312 3650 320 3665; x_wconf 78' lang='lat'><strong>,</strong></span> <span class='ocrx_word' id='word_1_1367' title='bbox 340 3624 566 3661; x_wconf 76' lang='lat' dir='ltr'><strong>Lancastriae,&amp;</strong></span> <span class='ocrx_word' id='word_1_1368' title='bbox 582 3622 796 3663; x_wconf 65' lang='lat' dir='ltr'><strong>Coriiubiae,&amp;</strong></span> <span class='ocrx_word' id='word_1_1369' title='bbox 814 3620 922 3664; x_wconf 87' lang='lat' dir='ltr'><strong>Comes</strong></span> <span class='ocrx_word' id='word_1_1370' title='bbox 937 3621 1072 3664; x_wconf 70' lang='lat' dir='ltr'><strong>Ccstriae,</strong></span> <span class='ocrx_word' id='word_1_1371' title='bbox 1091 3620 1280 3661; x_wconf 84' lang='lat' dir='ltr'><strong>constituens,</strong></span> <span class='ocrx_word' id='word_1_1372' title='bbox 1441 3622 1496 3654; x_wconf 83' lang='lat' dir='ltr'><strong>Sub</strong></span> <span class='ocrx_word' id='word_1_1373' title='bbox 1510 3621 1601 3660; x_wconf 77' lang='lat' dir='ltr'><strong>sigillo</strong></span> <span class='ocrx_word' id='word_1_1374' title='bbox 1614 3622 1740 3660; x_wconf 67' lang='lat' dir='ltr'><strong>praediffl</strong></span> <span class='ocrx_word' id='word_1_1375' title='bbox 1756 3624 1870 3652; x_wconf 82' lang='lat' dir='ltr'><strong>Henrici</strong></span> <span class='ocrx_word' id='word_1_1376' title='bbox 1886 3623 2018 3659; x_wconf 74' lang='lat' dir='ltr'><strong>Principis</strong></span> <span class='ocrx_word' id='word_1_1377' title='bbox 2035 3620 2143 3652; x_wconf 74' lang='lat' dir='ltr'><strong>WzWae</strong></span> <span class='ocrx_word' id='word_1_1378' title='bbox 2161 3621 2194 3652; x_wconf 86' lang='lat' dir='ltr'><strong>de</strong></span> <span class='ocrx_word' id='word_1_1379' title='bbox 2217 3621 2279 3651; x_wconf 60' lang='lat' dir='ltr'><strong>certi</strong></span> <span class='ocrx_word' id='word_1_1380' title='bbox 2304 3621 2389 3652; x_wconf 59' lang='lat' dir='ltr'><strong>rubra</strong></span> 
     </span>
    </p>

    <p class='ocr_par' dir='ltr' id='par_1_48' title="bbox 70 3660 1971 3702">
     <span class='ocr_line' id='line_1_177' title="bbox 70 3660 1971 3702; baseline -0.002 -9"><span class='ocrx_word' id='word_1_1381' title='bbox 70 3669 113 3692; x_wconf 64' lang='lat' dir='ltr'><strong>*ic</strong></span> <span class='ocrx_word' id='word_1_1382' title='bbox 122 3670 198 3692; x_wconf 78' lang='lat' dir='ltr'><strong>omnia</strong></span> <span class='ocrx_word' id='word_1_1383' title='bbox 223 3666 364 3701; x_wconf 61' lang='lat' dir='ltr'><strong>praedietis</strong></span> <span class='ocrx_word' id='word_1_1384' title='bbox 381 3662 611 3695; x_wconf 77' lang='lat' dir='ltr'><strong>procuratoribus</strong></span> <span class='ocrx_word' id='word_1_1385' title='bbox 626 3660 676 3690; x_wconf 90' lang='lat' dir='ltr'><strong>suis</strong></span> <span class='ocrx_word' id='word_1_1386' title='bbox 692 3660 868 3702; x_wconf 62' lang='lat' dir='ltr'><strong>conjuntftim</strong></span> <span class='ocrx_word' id='word_1_1387' title='bbox 879 3682 887 3696; x_wconf 90' lang='lat'>‚</span> <span class='ocrx_word' id='word_1_1388' title='bbox 905 3660 937 3689; x_wconf 67' lang='grc' dir='ltr'><strong>ὃ(</strong></span> <span class='ocrx_word' id='word_1_1389' title='bbox 953 3660 1068 3689; x_wconf 79' lang='lat' dir='ltr'><strong>cuilibet</strong></span> <span class='ocrx_word' id='word_1_1390' title='bbox 1084 3660 1199 3689; x_wconf 70' lang='lat' dir='ltr'><strong>illorum</strong></span> <span class='ocrx_word' id='word_1_1391' title='bbox 1207 3660 1279 3690; x_wconf 88' lang='lat' dir='ltr'><strong>divi·</strong></span> <span class='ocrx_word' id='word_1_1392' title='bbox 1500 3660 1633 3700; x_wconf 80' lang='lat' dir='ltr'><strong>pendente</strong></span> <span class='ocrx_word' id='word_1_1393' title='bbox 1653 3673 1671 3690; x_wconf 87' lang='lat' dir='ltr'><strong>a</strong></span> <span class='ocrx_word' id='word_1_1394' title='bbox 1688 3661 1772 3691; x_wconf 82' lang='lat' dir='ltr'><strong>cauda</strong></span> <span class='ocrx_word' id='word_1_1395' title='bbox 1792 3662 1971 3697; x_wconf 77' lang='lat' dir='ltr'><strong>Pergamenae.</strong></span> 
     </span>
    </p>

    <p class='ocr_par' dir='ltr' id='par_1_49' title="bbox 70 3697 1281 3737">
     <span class='ocr_line' id='line_1_178' title="bbox 70 3697 1281 3737; baseline -0.004 -4"><span class='ocrx_word' id='word_1_1396' title='bbox 70 3699 165 3732; x_wconf 74' lang='lat' dir='ltr'><strong>supra&amp;</strong></span> <span class='ocrx_word' id='word_1_1397' title='bbox 224 3703 292 3737; x_wconf 69' lang='lat' dir='ltr'><strong>sim,</strong></span> <span class='ocrx_word' id='word_1_1398' title='bbox 310 3705 342 3733; x_wconf 86' lang='lat'>&amp;</span> <span class='ocrx_word' id='word_1_1399' title='bbox 356 3705 385 3733; x_wconf 89' lang='lat' dir='ltr'><strong>in</strong></span> <span class='ocrx_word' id='word_1_1400' title='bbox 399 3702 537 3736; x_wconf 88' lang='lat' dir='ltr'><strong>solidum,</strong></span> <span class='ocrx_word' id='word_1_1401' title='bbox 555 3700 667 3737; x_wconf 83' lang='lat' dir='ltr'><strong>plenam</strong></span> <span class='ocrx_word' id='word_1_1402' title='bbox 683 3699 714 3728; x_wconf 61' lang='grc' dir='ltr'><strong>ὃς</strong></span> <span class='ocrx_word' id='word_1_1403' title='bbox 731 3698 846 3727; x_wconf 83' lang='lat' dir='ltr'><strong>liberam</strong></span> <span class='ocrx_word' id='word_1_1404' title='bbox 856 3697 1024 3727; x_wconf 65' lang='lat' dir='ltr'><strong>Potestzitem</strong></span> <span class='ocrx_word' id='word_1_1405' title='bbox 1034 3720 1043 3734; x_wconf 86' lang='lat'><strong>,</strong></span> <span class='ocrx_word' id='word_1_1406' title='bbox 1063 3698 1095 3727; x_wconf 90' lang='lat'>&amp;</span> <span class='ocrx_word' id='word_1_1407' title='bbox 1112 3697 1281 3728; x_wconf 86' lang='lat' dir='ltr'><strong>Mandatum</strong></span> 
     </span>
    </p>

    <p class='ocr_par' dir='ltr' id='par_1_50' title="bbox 69 3735 1281 3778">
     <span class='ocr_line' id='line_1_179' title="bbox 69 3735 1281 3778; baseline -0.004 -7"><span class='ocrx_word' id='word_1_1408' title='bbox 69 3736 199 3772; x_wconf 55' lang='lat' dir='ltr'><strong>infms‘s‘l&#39;·</strong></span> <span class='ocrx_word' id='word_1_1409' title='bbox 222 3741 355 3777; x_wconf 87' lang='lat' dir='ltr'><strong>speciale,</strong></span> <span class='ocrx_word' id='word_1_1410' title='bbox 374 3752 427 3778; x_wconf 87' lang='lat' dir='ltr'><strong>pro</strong></span> <span class='ocrx_word' id='word_1_1411' title='bbox 444 3740 501 3777; x_wconf 89' lang='lat' dir='ltr'><strong>ipso</strong></span> <span class='ocrx_word' id='word_1_1412' title='bbox 517 3739 653 3769; x_wconf 85' lang='lat' dir='ltr'><strong>Domino</strong></span> <span class='ocrx_word' id='word_1_1413' title='bbox 668 3736 796 3766; x_wconf 82' lang='lat' dir='ltr'><strong>Henrico</strong></span> <span class='ocrx_word' id='word_1_1414' title='bbox 821 3735 953 3772; x_wconf 87' lang='lat' dir='ltr'><strong>Principe</strong></span> <span class='ocrx_word' id='word_1_1415' title='bbox 976 3735 1093 3765; x_wconf 81' lang='lat' dir='ltr'><strong>Walliae</strong></span> <span class='ocrx_word' id='word_1_1416' title='bbox 1107 3736 1281 3766; x_wconf 81' lang='lat' dir='ltr'><strong>constituen-</strong></span> 
     </span>
    </p>

    <p class='ocr_par' dir='ltr' id='par_1_51' title="bbox 70 3772 2393 3823">
     <span class='ocr_line' id='line_1_180' title="bbox 70 3772 2393 3823; baseline 0 -16"><span class='ocrx_word' id='word_1_1417' title='bbox 70 3772 189 3817; x_wconf 37' lang='lat' dir='ltr'><strong>”ifxfffl‘</strong></span> <span class='ocrx_word' id='word_1_1418' title='bbox 224 3786 268 3815; x_wconf 82' lang='lat' dir='ltr'><strong>te,</strong></span> <span class='ocrx_word' id='word_1_1419' title='bbox 288 3781 319 3809; x_wconf 65' lang='lat' dir='ltr'><strong>S:</strong></span> <span class='ocrx_word' id='word_1_1420' title='bbox 333 3781 389 3815; x_wconf 74' lang='lat' dir='ltr'><strong>cius</strong></span> <span class='ocrx_word' id='word_1_1421' title='bbox 403 3780 536 3816; x_wconf 89' lang='lat' dir='ltr'><strong>nomine,</strong></span> <span class='ocrx_word' id='word_1_1422' title='bbox 559 3775 774 3818; x_wconf 81' lang='lat' dir='ltr'><strong>Matrimonium</strong></span> <span class='ocrx_word' id='word_1_1423' title='bbox 790 3783 860 3817; x_wconf 78' lang='lat' dir='ltr'><strong>cum</strong></span> <span class='ocrx_word' id='word_1_1424' title='bbox 881 3774 958 3816; x_wconf 69' lang='lat' dir='ltr'><strong>dieta</strong></span> <span class='ocrx_word' id='word_1_1425' title='bbox 979 3773 1134 3817; x_wconf 81' lang='lat' dir='ltr'><strong>Nobili&amp;</strong></span> <span class='ocrx_word' id='word_1_1426' title='bbox 1158 3774 1281 3810; x_wconf 64' lang='lat' dir='ltr'><strong>Egregia</strong></span> <span class='ocrx_word' id='word_1_1427' title='bbox 1370 3806 1376 3809; x_wconf 71' lang='grc'><strong>,</strong></span> <span class='ocrx_word' id='word_1_1428' title='bbox 1523 3793 1527 3798; x_wconf 83' lang='grc'>·</span> <span class='ocrx_word' id='word_1_1429' title='bbox 1601 3792 1633 3823; x_wconf 83' lang='lat' dir='ltr'><em>D</em></span> <span class='ocrx_word' id='word_1_1430' title='bbox 1689 3794 1703 3809; x_wconf 93' lang='grc'><strong>-,</strong></span> <span class='ocrx_word' id='word_1_1431' title='bbox 1749 3787 1831 3823; x_wconf 52' lang='lat' dir='ltr'><strong>Ph]-</strong></span> <span class='ocrx_word' id='word_1_1432' title='bbox 1864 3799 1883 3820; x_wconf 47' lang='grc' dir='ltr'><em>ὣ</em></span> <span class='ocrx_word' id='word_1_1433' title='bbox 1904 3788 1982 3820; x_wconf 78' lang='lat' dir='ltr'><em>F&#39;l&#39;ae</em></span> <span class='ocrx_word' id='word_1_1434' title='bbox 1999 3789 2047 3821; x_wconf 69' lang='lat' dir='ltr'><strong>Do</strong></span> <span class='ocrx_word' id='word_1_1435' title='bbox 2083 3789 2126 3819; x_wconf 69' lang='lat' dir='ltr'><strong>im·</strong></span> <span class='ocrx_word' id='word_1_1436' title='bbox 2145 3788 2187 3819; x_wconf 64' lang='lat' dir='ltr'><strong>Re</strong></span> <span class='ocrx_word' id='word_1_1437' title='bbox 2206 3788 2284 3820; x_wconf 63' lang='lat' dir='ltr'><strong>isH</strong></span> <span class='ocrx_word' id='word_1_1438' title='bbox 2313 3791 2342 3819; x_wconf 69' lang='lat'><strong>7.-</strong></span> <span class='ocrx_word' id='word_1_1439' title='bbox 2365 3789 2370 3795; x_wconf 94' lang='lat'><em>·</em></span> <span class='ocrx_word' id='word_1_1440' title='bbox 2390 3794 2393 3795; x_wconf 32' lang='grc' dir='ltr'><em>ν</em></span> 
     </span>
    </p>

    <p class='ocr_par' dir='ltr' id='par_1_52' title="bbox 71 3796 2391 3857">
     <span class='ocr_line' id='line_1_181' title="bbox 71 3796 2391 3857; baseline 0.002 -17"><span class='ocrx_word' id='word_1_1441' title='bbox 71 3810 95 3857; x_wconf 48' lang='lat'>2</span> <span class='ocrx_word' id='word_1_1442' title='bbox 113 3810 180 3857; x_wconf 41' lang='lat'><strong>¹3⁰⁰.-</strong></span> <span class='ocrx_word' id='word_1_1443' title='bbox 224 3816 374 3853; x_wconf 64' lang='lat' dir='ltr'><strong>Domina,</strong></span> <span class='ocrx_word' id='word_1_1444' title='bbox 393 3816 524 3847; x_wconf 64' lang='lat' dir='ltr'><strong>Domina</strong></span> <span class='ocrx_word' id='word_1_1445' title='bbox 544 3813 679 3845; x_wconf 77' lang='lat' dir='ltr'><strong>Karerina</strong></span> <span class='ocrx_word' id='word_1_1446' title='bbox 692 3835 701 3850; x_wconf 85' lang='lat'><strong>,</strong></span> <span class='ocrx_word' id='word_1_1447' title='bbox 725 3812 795 3842; x_wconf 69' lang='lat' dir='ltr'><strong>dieti</strong></span> <span class='ocrx_word' id='word_1_1448' title='bbox 820 3811 942 3841; x_wconf 87' lang='lat' dir='ltr'><strong>Domini</strong></span> <span class='ocrx_word' id='word_1_1449' title='bbox 963 3810 1038 3841; x_wconf 81' lang='lat' dir='ltr'><strong>Erici</strong></span> <span class='ocrx_word' id='word_1_1450' title='bbox 1058 3812 1147 3848; x_wconf 77' lang='lat' dir='ltr'><strong>Regis</strong></span> <span class='ocrx_word' id='word_1_1451' title='bbox 1163 3812 1279 3851; x_wconf 82' lang='lat' dir='ltr'><strong>Daciae,</strong></span> <span class='ocrx_word' id='word_1_1452' title='bbox 1333 3796 1579 3827; x_wconf 60' lang='lat' dir='ltr'><em>Pwmmtormm</em></span> <span class='ocrx_word' id='word_1_1453' title='bbox 1634 3803 1733 3847; x_wconf 42' lang='grc' dir='ltr'><strong>σφωε</strong></span> <span class='ocrx_word' id='word_1_1454' title='bbox 1750 3841 1756 3848; x_wconf 87' lang='grc'>,</span> <span class='ocrx_word' id='word_1_1455' title='bbox 1797 3799 1863 3834; x_wconf 51' lang='lat' dir='ltr'><strong>”pp</strong></span> <span class='ocrx_word' id='word_1_1456' title='bbox 1927 3801 1961 3844; x_wconf 54' lang='grc'><strong>1.,</strong></span> <span class='ocrx_word' id='word_1_1457' title='bbox 2049 3800 2080 3819; x_wconf 74' lang='lat' dir='ltr'><em>m</em></span> <span class='ocrx_word' id='word_1_1458' title='bbox 2181 3799 2204 3844; x_wconf 70' lang='lat' dir='ltr'><em>g</em></span> <span class='ocrx_word' id='word_1_1459' title='bbox 2278 3798 2312 3820; x_wconf 69' lang='lat' dir='ltr'><em>m</em></span> <span class='ocrx_word' id='word_1_1460' title='bbox 2331 3799 2391 3831; x_wconf 46' lang='grc' dir='ltr'><strong>ια’</strong></span> 
     </span>
    </p>

    <p class='ocr_par' dir='ltr' id='par_1_53' title="bbox 70 3837 2539 3931">
     <span class='ocr_line' id='line_1_182' title="bbox 71 3837 2539 3891; baseline -0.002 -8"><span class='ocrx_word' id='word_1_1461' title='bbox 71 3843 176 3891; x_wconf 47' lang='grc' dir='ltr'><strong>ῃῗῇῑζὲξ</strong></span> <span class='ocrx_word' id='word_1_1462' title='bbox 226 3854 355 3891; x_wconf 75' lang='lat' dir='ltr'><strong>Swetiae,</strong></span> <span class='ocrx_word' id='word_1_1463' title='bbox 371 3856 401 3884; x_wconf 61' lang='grc' dir='ltr'>ἃ</span> <span class='ocrx_word' id='word_1_1464' title='bbox 419 3855 603 3891; x_wconf 77' lang='lat' dir='ltr'><strong>Norwegiae,</strong></span> <span class='ocrx_word' id='word_1_1465' title='bbox 622 3862 655 3882; x_wconf 92' lang='lat' dir='ltr'><strong>ac</strong></span> <span class='ocrx_word' id='word_1_1466' title='bbox 668 3851 760 3880; x_wconf 84' lang='lat' dir='ltr'><strong>Ducis</strong></span> <span class='ocrx_word' id='word_1_1467' title='bbox 776 3850 972 3886; x_wconf 76' lang='lat' dir='ltr'><strong>Pomeraniae,</strong></span> <span class='ocrx_word' id='word_1_1468' title='bbox 995 3850 1098 3880; x_wconf 87' lang='lat' dir='ltr'><strong>Sorore</strong></span> <span class='ocrx_word' id='word_1_1469' title='bbox 1119 3851 1232 3881; x_wconf 81' lang='lat' dir='ltr'><strong>naturali</strong></span> <span class='ocrx_word' id='word_1_1470' title='bbox 1248 3853 1281 3882; x_wconf 65' lang='grc' dir='ltr'><strong>ὃς</strong></span> <span class='ocrx_word' id='word_1_1471' title='bbox 1493 3850 1548 3884; x_wconf 74' lang='lat' dir='ltr'><strong>Pr⁰</strong></span> <span class='ocrx_word' id='word_1_1472' title='bbox 1566 3841 1771 3872; x_wconf 61' lang='lat' dir='ltr'><strong>sts‘m‘lm‘mffl</strong></span> <span class='ocrx_word' id='word_1_1473' title='bbox 1792 3848 1860 3869; x_wconf 72' lang='lat' dir='ltr'><strong>sum</strong></span> <span class='ocrx_word' id='word_1_1474' title='bbox 1876 3839 1967 3870; x_wconf 71' lang='lat' dir='ltr'><strong><em>E7¹⁶⁰</em></strong></span> <span class='ocrx_word' id='word_1_1475' title='bbox 1979 3861 1990 3877; x_wconf 72' lang='lat'>2</span> <span class='ocrx_word' id='word_1_1476' title='bbox 2015 3839 2092 3880; x_wconf 65' lang='lat' dir='ltr'><em>Rege</em></span> <span class='ocrx_word' id='word_1_1477' title='bbox 2115 3837 2226 3869; x_wconf 57' lang='lat' dir='ltr'><strong>Dacm·</strong></span> <span class='ocrx_word' id='word_1_1478' title='bbox 2406 3848 2482 3882; x_wconf 84' lang='lat' dir='ltr'><strong>Arm.</strong></span> <span class='ocrx_word' id='word_1_1479' title='bbox 2496 3848 2539 3880; x_wconf 86' lang='lat' dir='ltr'><strong>D.</strong></span> 
     </span>
     <span class='ocr_line' id='line_1_183' title="bbox 70 3888 2518 3931; baseline 0 -10"><span class='ocrx_word' id='word_1_1480' title='bbox 70 3902 198 3931; x_wconf 55' lang='lat' dir='ltr'><strong>,pprubw</strong></span> <span class='ocrx_word' id='word_1_1481' title='bbox 226 3892 365 3931; x_wconf 79' lang='lat' dir='ltr'><strong>legitima,</strong></span> <span class='ocrx_word' id='word_1_1482' title='bbox 383 3903 431 3930; x_wconf 84' lang='lat' dir='ltr'><strong>per</strong></span> <span class='ocrx_word' id='word_1_1483' title='bbox 454 3895 537 3922; x_wconf 79' lang='lat' dir='ltr'><strong>verba</strong></span> <span class='ocrx_word' id='word_1_1484' title='bbox 564 3892 598 3921; x_wconf 88' lang='lat' dir='ltr'><strong>de</strong></span> <span class='ocrx_word' id='word_1_1485' title='bbox 623 3889 771 3927; x_wconf 76' lang='lat' dir='ltr'><strong>praesenti,</strong></span> <span class='ocrx_word' id='word_1_1486' title='bbox 798 3897 929 3918; x_wconf 88' lang='lat' dir='ltr'><strong>mutuum</strong></span> <span class='ocrx_word' id='word_1_1487' title='bbox 952 3888 1117 3918; x_wconf 70' lang='lat' dir='ltr'><strong>consensum</strong></span> <span class='ocrx_word' id='word_1_1488' title='bbox 1138 3888 1281 3920; x_wconf 60' lang='lat' dir='ltr'><strong>clffliorum</strong></span> <span class='ocrx_word' id='word_1_1489' title='bbox 2429 3896 2518 3926; x_wconf 89' lang='lat'><strong>1402.</strong></span> 
     </span>
    </p>
   </div>
   <div class='ocr_carea' id='block_1_30' title="bbox 75 3915 2522 4078">
    <p class='ocr_par' dir='ltr' id='par_1_54' title="bbox 75 3915 2522 4068">
     <span class='ocr_line' id='line_1_184' title="bbox 75 3915 2508 3984; baseline -0.001 -26"><span class='ocrx_word' id='word_1_1490' title='bbox 75 3941 111 3959; x_wconf 71' lang='lat' dir='ltr'><strong>xis.</strong></span> <span class='ocrx_word' id='word_1_1491' title='bbox 225 3930 353 3969; x_wconf 81' lang='lat' dir='ltr'><strong>Domini</strong></span> <span class='ocrx_word' id='word_1_1492' title='bbox 372 3930 491 3960; x_wconf 50' lang='lat' dir='ltr'><strong>l⁴lenrici</strong></span> <span class='ocrx_word' id='word_1_1493' title='bbox 507 3931 646 3967; x_wconf 82' lang='lat' dir='ltr'><strong>Principis</strong></span> <span class='ocrx_word' id='word_1_1494' title='bbox 662 3927 780 3970; x_wconf 37' lang='lat' dir='ltr'><strong>&amp;Vah-ac</strong></span> <span class='ocrx_word' id='word_1_1495' title='bbox 790 3926 880 3956; x_wconf 91' lang='lat' dir='ltr'><strong>Ducis</strong></span> <span class='ocrx_word' id='word_1_1496' title='bbox 899 3926 1057 3969; x_wconf 43' lang='lat' dir='ltr'><strong>Aquitaniae</strong></span> <span class='ocrx_word' id='word_1_1497' title='bbox 1066 3948 1075 3963; x_wconf 90' lang='lat'><strong>,</strong></span> <span class='ocrx_word' id='word_1_1498' title='bbox 1091 3925 1264 3969; x_wconf 23' lang='lat' dir='ltr'><strong>‘Lancastriae</strong></span> <span class='ocrx_word' id='word_1_1499' title='bbox 1273 3951 1283 3965; x_wconf 88' lang='lat'><strong>,</strong></span> <span class='ocrx_word' id='word_1_1500' title='bbox 1341 3923 1410 3984; x_wconf 86' lang='lat' dir='ltr'><strong>IN</strong></span> <span class='ocrx_word' id='word_1_1501' title='bbox 1429 3915 1460 3953; x_wconf 88' lang='lat' dir='ltr'><strong>D</strong></span> <span class='ocrx_word' id='word_1_1502' title='bbox 1470 3932 1488 3953; x_wconf 86' lang='lat' dir='ltr'>E</span> <span class='ocrx_word' id='word_1_1503' title='bbox 1498 3932 1510 3953; x_wconf 86' lang='grc' dir='ltr'>Ι</span> <span class='ocrx_word' id='word_1_1504' title='bbox 1536 3922 1572 3953; x_wconf 88' lang='grc' dir='ltr'>Ν</span> <span class='ocrx_word' id='word_1_1505' title='bbox 1582 3933 1603 3953; x_wconf 94' lang='lat' dir='ltr'><strong>o</strong></span> <span class='ocrx_word' id='word_1_1506' title='bbox 1611 3931 1639 3953; x_wconf 85' lang='lat' dir='ltr'><strong>M</strong></span> <span class='ocrx_word' id='word_1_1507' title='bbox 1648 3931 1660 3952; x_wconf 88' lang='lat'>1</span> <span class='ocrx_word' id='word_1_1508' title='bbox 1669 3931 1722 3966; x_wconf 41' lang='lat' dir='ltr'><strong>1⁵1·ss</strong></span> <span class='ocrx_word' id='word_1_1509' title='bbox 1731 3944 1741 3960; x_wconf 84' lang='lat'>‚</span> <span class='ocrx_word' id='word_1_1510' title='bbox 1761 3921 1788 3952; x_wconf 91' lang='lat' dir='ltr'>A</span> <span class='ocrx_word' id='word_1_1511' title='bbox 1796 3929 1824 3952; x_wconf 92' lang='lat' dir='ltr'><strong>M</strong></span> <span class='ocrx_word' id='word_1_1512' title='bbox 1832 3930 1850 3951; x_wconf 80' lang='lat' dir='ltr'>E</span> <span class='ocrx_word' id='word_1_1513' title='bbox 1861 3929 1896 3951; x_wconf 84' lang='lat' dir='ltr'><strong>N.</strong></span> <span class='ocrx_word' id='word_1_1514' title='bbox 2105 3958 2110 3964; x_wconf 47' lang='grc'><strong>,</strong></span> <span class='ocrx_word' id='word_1_1515' title='bbox 2329 3961 2334 3967; x_wconf 45' lang='lat'><em>·</em></span> <span class='ocrx_word' id='word_1_1516' title='bbox 2412 3930 2464 3955; x_wconf 78' lang='lat' dir='ltr'><strong>An.</strong></span> <span class='ocrx_word' id='word_1_1517' title='bbox 2483 3936 2508 3962; x_wconf 85' lang='lat'><strong>3.</strong></span> 
     </span>
     <span class='ocr_line' id='line_1_185' title="bbox 226 3958 2494 4006; baseline -0.003 -8"><span class='ocrx_word' id='word_1_1518' title='bbox 226 3970 259 3998; x_wconf 85' lang='lat'>&amp;</span> <span class='ocrx_word' id='word_1_1519' title='bbox 276 3968 450 4006; x_wconf 65' lang='lat' dir='ltr'><strong>Cornubiae,</strong></span> <span class='ocrx_word' id='word_1_1520' title='bbox 469 3970 501 3998; x_wconf 67' lang='lat' dir='ltr'><strong>&amp;c</strong></span> <span class='ocrx_word' id='word_1_1521' title='bbox 518 3969 641 3997; x_wconf 79' lang='lat' dir='ltr'><strong>Comitis</strong></span> <span class='ocrx_word' id='word_1_1522' title='bbox 655 3965 774 3995; x_wconf 69' lang='lat' dir='ltr'><strong>Cesti-ize</strong></span> <span class='ocrx_word' id='word_1_1523' title='bbox 789 3987 799 4003; x_wconf 91' lang='lat'><strong>,</strong></span> <span class='ocrx_word' id='word_1_1524' title='bbox 812 3974 845 3994; x_wconf 87' lang='lat' dir='ltr'><strong>ac</strong></span> <span class='ocrx_word' id='word_1_1525' title='bbox 859 3963 1047 4005; x_wconf 73' lang='lat' dir='ltr'><strong>primogeniti</strong></span> <span class='ocrx_word' id='word_1_1526' title='bbox 1069 3964 1139 3994; x_wconf 67' lang='lat' dir='ltr'><strong>dieti</strong></span> <span class='ocrx_word' id='word_1_1527' title='bbox 1157 3964 1283 3996; x_wconf 87' lang='lat' dir='ltr'><strong>Domini</strong></span> <span class='ocrx_word' id='word_1_1528' title='bbox 1405 3961 1459 3993; x_wconf 88' lang='lat' dir='ltr'><strong>Per</strong></span> <span class='ocrx_word' id='word_1_1529' title='bbox 1475 3961 1591 3999; x_wconf 84' lang='lat' dir='ltr'><strong>praesens</strong></span> <span class='ocrx_word' id='word_1_1530' title='bbox 1612 3961 1778 3995; x_wconf 51' lang='lat' dir='ltr'><strong>Publicum¹</strong></span> <span class='ocrx_word' id='word_1_1531' title='bbox 1789 3958 2012 4002; x_wconf 70' lang='lat' dir='ltr'><strong>Instrumentutn</strong></span> <span class='ocrx_word' id='word_1_1532' title='bbox 2033 3966 2125 4002; x_wconf 76' lang='lat' dir='ltr'><strong>cuntis</strong></span> <span class='ocrx_word' id='word_1_1533' title='bbox 2145 3968 2273 3997; x_wconf 83' lang='lat' dir='ltr'><strong>appareat</strong></span> <span class='ocrx_word' id='word_1_1534' title='bbox 2290 3959 2404 3991; x_wconf 82' lang='lat' dir='ltr'><strong>eviden-</strong></span> <span class='ocrx_word' id='word_1_1535' title='bbox 2413 3969 2448 3992; x_wconf 83' lang='grc' dir='ltr'><strong>Η.</strong></span> <span class='ocrx_word' id='word_1_1536' title='bbox 2464 3974 2494 4000; x_wconf 80' lang='lat'><strong>4.</strong></span> 
     </span>
     <span class='ocr_line' id='line_1_186' title="bbox 227 3995 2522 4068; baseline 0 -37"><span class='ocrx_word' id='word_1_1537' title='bbox 227 4005 315 4037; x_wconf 84' lang='lat' dir='ltr'><strong>nostri</strong></span> <span class='ocrx_word' id='word_1_1538' title='bbox 332 4006 424 4043; x_wconf 72' lang='lat' dir='ltr'><strong>Regis</strong></span> <span class='ocrx_word' id='word_1_1539' title='bbox 439 4007 551 4044; x_wconf 71' lang='lat' dir='ltr'><strong>Angliae</strong></span> <span class='ocrx_word' id='word_1_1540' title='bbox 561 4004 782 4041; x_wconf 65' lang='lat' dir='ltr'><strong>constituentis,</strong></span> <span class='ocrx_word' id='word_1_1541' title='bbox 799 4003 831 4034; x_wconf 70' lang='grc' dir='ltr'><strong>ὅ(</strong></span> <span class='ocrx_word' id='word_1_1542' title='bbox 855 4006 978 4040; x_wconf 76' lang='lat' dir='ltr'><strong>praeiatae</strong></span> <span class='ocrx_word' id='word_1_1543' title='bbox 1000 4001 1138 4034; x_wconf 71' lang='lat' dir='ltr'><strong>Dominae</strong></span> <span class='ocrx_word' id='word_1_1544' title='bbox 1171 4003 1286 4036; x_wconf 83' lang='lat' dir='ltr'><strong>Kateri-</strong></span> <span class='ocrx_word' id='word_1_1545' title='bbox 1341 4010 1402 4041; x_wconf 86' lang='lat' dir='ltr'><strong>ter,</strong></span> <span class='ocrx_word' id='word_1_1546' title='bbox 1423 4000 1503 4047; x_wconf 75' lang='lat' dir='ltr'><strong>quod</strong></span> <span class='ocrx_word' id='word_1_1547' title='bbox 1526 3999 1614 4030; x_wconf 88' lang='lat' dir='ltr'><strong>Anno</strong></span> <span class='ocrx_word' id='word_1_1548' title='bbox 1635 4000 1671 4030; x_wconf 88' lang='lat' dir='ltr'><strong>ab</strong></span> <span class='ocrx_word' id='word_1_1549' title='bbox 1696 3997 1890 4030; x_wconf 82' lang='lat' dir='ltr'><strong>Incarnatioiie</strong></span> <span class='ocrx_word' id='word_1_1550' title='bbox 1915 3995 2041 4028; x_wconf 83' lang='lat' dir='ltr'><strong>Domitii</strong></span> <span class='ocrx_word' id='word_1_1551' title='bbox 2065 3995 2243 4038; x_wconf 80' lang='lat' dir='ltr'><strong>Millesimo,</strong></span> <span class='ocrx_word' id='word_1_1552' title='bbox 2259 3998 2405 4068; x_wconf 55' lang='lat' dir='ltr'><strong>Quadrtigi-</strong></span> <span class='ocrx_word' id='word_1_1553' title='bbox 2413 4007 2453 4030; x_wconf 73' lang='lat' dir='ltr'><strong>Ex</strong></span> <span class='ocrx_word' id='word_1_1554' title='bbox 2461 4005 2522 4038; x_wconf 49' lang='lat' dir='ltr'><strong>Au&lt;</strong></span> 
     </span>
    </p>

    <p class='ocr_par' dir='ltr' id='par_1_55' title="bbox 2302 4045 2478 4078">
     <span class='ocr_line' id='line_1_187' title="bbox 2302 4045 2478 4078; baseline 0.006 -2"><span class='ocrx_word' id='word_1_1555' title='bbox 2302 4045 2357 4076; x_wconf 71' lang='lat' dir='ltr'><strong>gen</strong></span> <span class='ocrx_word' id='word_1_1556' title='bbox 2385 4054 2398 4061; x_wconf 88' lang='grc'><strong><em>·</em></strong></span> <span class='ocrx_word' id='word_1_1557' title='bbox 2410 4049 2478 4078; x_wconf 77' lang='lat' dir='ltr'><strong>togr,</strong></span> 
     </span>
    </p>
   </div>
  </div>
 </body>
</html>
