2562 4274
749 137 860 180 ET
943 133 1208 177 ACTA

1281 130 1769 175 PUBLICA.
2225 146 2300 186 117

13 234 89 268 Ann.
98 232 137 264 D.
154 231 287 268 sentium,
306 226 497 265 ordinamus,
513 224 738 263 constituimus,
751 226 784 256 &
797 223 975 268 Praeficimus
985 220 1067 261 ipfhm
1087 219 1206 257 Confizn-
1243 218 1479 256 Dependentibus
1492 241 1502 257 ,
1528 219 1561 250 &
1581 217 1726 250 Connexis
1740 242 1750 258 ,
1777 219 1898 257 plenarie
1920 217 2094 258 Expediendi
2116 218 2294 249 omnimodas
2312 214 2386 245 Arm.
2400 210 2445 242 D·

32 281 115 312 1419.
151 273 274 313 guineufn
287 267 401 306 nostrum
416 265 602 295 Admirallum
616 264 746 295 nostrum
758 265 844 294 totius
863 262 994 292 Ducatus
1013 259 1100 290 nostri
1122 258 1207 288 Nor·
1245 257 1328 287 Vices
1343 257 1448 287 nostras
1458 280 1467 295 ,

11 317 48 342 He

39 958 60 979 ⁸
81 955 134 985 IX.

49 323 75 340 n.
92 320 120 348 5.

157 316 366 376 mainlgffissdum
379 341 412 372 &
425 340 614 378 Tenendum,
626 339 836 378 Occupandum
850 339 883 370 &
897 336 1114 369 Excercendum
1130 332 1211 365 Offi-

157 386 235 416 cium
250 381 416 421 praedic‘fflm
429 391 477 418 per
491 380 546 418 Se,
564 380 608 410 vel
624 378 791 409 sufficientes
805 376 963 414 Deputatos
977 377 1039 420 suos
1063 376 1128 413 (pro
1148 382 1211 415 qui-

159 424 210 454 bus
232 419 397 458 respondere
420 419 557 455 voluerit)
581 427 649 448 cum
670 415 844 447 omnimodis
864 415 1049 446 Potestatibus
1063 438 1073 451 ‚
1099 412 1212 455 Cogni-

159 460 298 497 tionibus,
322 458 356 488 &
375 457 632 494 jurisdictionibus,
656 464 688 485 ac
706 454 849 492 Exitibus,
868 453 1020 489 Proficuis,
1038 450 1214 496 Commodi-

158 498 278 535 tatibuS,
301 496 335 527 &
359 495 565 526 Emolumentis
586 493 825 533 quibuscumque,
849 492 940 523 eidem
962 490 1215 534 Officio-*antiqui-

163 537 209 568 tus
223 535 368 566 debitis&
389 535 541 572 consuetis,
560 533 597 563 fic
616 541 650 563 ac
671 532 764 563 forma
781 531 814 561 &
835 531 925 561 modo
945 539 1028 568 prout
1049 529 1093 559 alii
1114 528 1215 570 Admi-

163 574 222 605 ralli
235 575 264 604 in
280 571 392 604 Officio
406 572 456 603 iilo
468 580 532 604 ante
543 571 607 601 haec
620 579 748 609 tempora
767 569 924 601 habuerunt
936 569 968 600 ὅ(
982 567 1085 598 habere
1098 569 1216 598 coniue-

159 621 271 647 verunt.

237 650 272 681 In
288 650 383 688 cujus,
401 649 461 680 &c.
672 684 676 689 ⁵
1159 681 1164 686 .

201 688 292 719 Teste
311 689 394 727 Rege
415 685 489 724 apud
509 684 632 727 Castrum
647 684 726 725 suum
750 685 782 716 de
805 683 994 724 Vernonfhper
1007 686 1090 723 Sayne
1102 681 1217 712 decimo

118 726 120 728 ’
166 737 247 759 nono
263 727 309 757 die
323 725 404 756 Mau.

23 1006 89 1035 754·

24 1082 101 1114 Arm.
116 1079 158 1111 D.
175 1081 232 1136 R

51 1129 137 1160 1419.

25 1164 78 1189 An.
93 1169 119 1194 7.

25 1204 113 1265 gaii-c.
132 1245 159 1272 7.
175 1230 264 1268 gistro
292 1231 439 1263 Willielmo
463 1234 539 1270 Bray
553 1253 563 1269 ,
589 1230 716 1270 Johanm
737 1229 848 1260 Chirche
868 1230 1093 1260 Locumtenenti
1109 1229 1228 1268 Majoris

26 1279 59 1303 H.
79 1284 107 1310 5.

27 1324 63 1342 m.
84 1323 111 1349 9.

51 3968 68 3985 ‘
89 3969 143 3998 IX.

31 4013 97 4042 755·

798 802 852 829 Per
865 798 946 838 ipfim
957 801 1061 836 Regem.

219 942 247 969 ᾗ
266 948 315 980 De
333 943 473 989 potestate
489 943 534 977 ad
544 941 749 977 Trastandum
758 942 848 988 fitper
864 943 990 990 Treugis
1005 939 1178 989 Burgundiae

609 990 787 1038 elongandis.

240 1080 265 1111 E
277 1078 307 1110 X
317 1103 327 1118 ,
345 1078 450 1109 diled'to
470 1079 504 1109 &
520 1076 595 1106 fideli
609 1075 675 1114 suo,
695 1079 737 1106 W
737 1075 844 1106 illielmo
861 1075 987 1115 Bardoff

254 1117 429 1149 cumtenenti
451 1116 597 1155 Capitanei
613 1115 698 1146 Villae
720 1115 839 1152 Calefii,
856 1125 905 1152 ac,
923 1115 1031 1145 dileetis
1048 1115 1114 1152 fibi,
1132 1115 1227 1153 Magi—

174 1153 234 1184 stro
248 1156 376 1196 Johanm'
391 1154 515 1193 Estcourt
538 1155 566 1184 in
584 1154 710 1190 Legibus
726 1153 894 1184 Baccallario
911 1152 1009 1183 Curiae
1025 1152 1228 1183 Cantuarienfis

175 1192 365 1225 Examinatori
381 1192 530 1230 Generali,
546 1191 682 1222 Richardo
697 1191 837 1221 Bokelond
852 1191 988 1222 Vitelario
1011 1191 1119 1221 Calesiii
1130 1214 1140 1229 ,
1160 1191 1228 1221 Ma-

999 1075 1131 1106 Chivaler
1139 1098 1149 1114 ,
1166 1075 1228 1106 Lo-

174 1269 299 1309 Stapulae
313 1270 412 1339 Calefiii
423 1293 432 1308 ,
449 1271 481 1301 ὃς
495 1269 623 1308 Johanm‘
637 1270 789 1310 Pykeryng,
808 1268 941 1299 Salutem.

209 1310 308 1340 Sciatis
346 1311 386 1340 uo

211 1347 293 1378 Cum
310 1320 422 1385 nllper:
434 1348 504 1378 inter
518 1345 588 1376 Nos
603 1354 637 1376 ex
650 1355 703 1376 una
740 1345 773 1375 &
789 1344 842 1374 Ma
862 1344 977 1375 nificum
995 1344 1159 1383 Principem
1169 1344 1226 1382 Jo-

173 1385 289 1417 hannem
318 1389 418 1417 Ducem
445 1385 609 1423 Burgundiae
631 1385 687 1415 cari
712 1392 804 1413 imum
858 1383 1080 1422 onsanguineum
1099 1382 1230 1412 nostrum

172 1434 249 1462 parte
272 1434 305 1455 ex
328 1426 430 1462 altera,
450 1433 534 1455 certae
548 1423 677 1460 Treugae
693 1421 749 1452 five
763 1421 937 1451 Guerrarum
955 1420 1140 1451 Abstinentiae
1155 1421 1230 1451 Tra-

173 1463 257 1494 &atae
281 1465 314 1494 ὃς
338 1462 491 1494 Conclusae
512 1462 616 1492 fuerint
632 1484 641 1499 ,
662 1469 775 1491 necnon
802 1468 886 1490 cert-ae
906 1460 1073 1490 Securitates
1088 1460 1230 1496 generales

173 1511 228 1542 pro
245 1501 457 1532 Mercatoribus
472 1524 482 1540 ,
501 1500 704 1537 Piscatoribus,
722 1499 754 1529 &
768 1497 924 1536 Peregrinis
935 1522 943 1534 ‚
962 1506 1020 1528 tam
1033 1498 1126 1536 Regni
1140 1498 1230 1527 nostri

176 1540 306 1578 Angliae,
323 1540 408 1576 quam
423 1539 523 1569 Patriae
537 1539 602 1568 dim
618 1541 701 1568 Ducis
723 1539 832 1566 Comitis
847 1536 1003 1575 Flandriae,
1020 1537 1054 1567 ὃ(
1067 1536 1230 1575 generaliter

175 1587 230 1616 pro
253 1578 389 1608 omnibus
412 1576 595 1608 Mercandisis
618 1576 684 1606 hinc
701 1576 766 1605 inde
782 1574 977 1612 excercendis,
996 1575 1060 1605 alias
1078 1574 1230 1605 Conclusae

174 1616 278 1648 fuerint
292 1617 326 1647 &
344 1616 474 1646 Firmatae
484 1638 494 1651 ,
511 1624 544 1645 ac
557 1616 642 1645 etiam
660 1613 856 1651 subsequenter
872 1612 1037 1651 Resumprae
1052 1636 1061 1650 ,
1086 1612 1231 1650 Proroga-

174 1663 233 1693 tae,
250 1655 284 1686 &
301 1654 498 1692 Prolongatae,
516 1663 566 1691 per
579 1662 673 1683 certos
687 1652 753 1682 alios
769 1650 984 1682 Ambaffiatores
1003 1653 1128 1688 nostros,
1148 1652 1230 1690 usque

172 1693 207 1723 ad
229 1692 347 1725 Festum
369 1691 484 1723 Paschae
506 1691 611 1722 ultimo
629 1692 683 1728 jam
702 1689 858 1727 effluxum,
877 1700 941 1727 quae
958 1700 1008 1728 per
1022 1690 1146 1727 Lapsurn
1160 1691 1231 1728 ejus-

172 1731 248 1800 deifi-
256 1731 412 1769 Temporis
428 1731 541 1761 notorie
557 1729 716 1768 expirarunt
730 1729 763 1759 &
777 1727 925 1766 finierunt,

250 1780 283 1800 os
298 1780 306 1799 1
326 1779 380 1800 itur

210 1779 325 1838 Bonun}
352 1792 432 1838 Pa’cis
452 1807 486 1838 &
507 1807 610 1845 Qetis
624 1815 658 1836 ac
673 1804 850 1837 Concordiae
864 1804 1024 1843 hujusmodi
1039 1805 1149 1837 sinceris
1161 1805 1232 1836 affe-

173 1847 266 1878 eribus
280 1847 389 1885 semper
406 1845 606 1881 desiderantes,

210 1884 259 1915 De
276 1884 375 1915 vestris
398 1883 528 1915 fidelitate
545 1883 662 1921 probata
689 1883 722 1913 &
739 1881 996 1920 circumspestione
1012 1882 1132 1922 provida
1146 1883 1233 1922 pluri—

175 1922 258 1954 mum
275 1923 463 1960 confidentes,

215 1961 276 1991 Vos
289 1961 343 1992 Sex
365 1961 512 1998 Facimus,
527 1958 750 1997 Censtituimus,
767 1959 799 1989 &
816 1957 992 1990 Ordinamus
1012 1959 1124 1990 nostros
1138 1959 1233 1990 Corn-

175 1999 313 2068 irjriisl'arlios
329 2024 339 2038 ‚
368 1999 528 2037 Deputatos
538 2021 548 2037 ,
572 1998 705 2028 Faetores
723 2020 733 2036 ,
758 1996 1010 2037 Procuratoresque
1024 2021 1035 2037 ,
1050 2008 1083 2029 ac
1097 1998 1131 2028 N
1134 2001 1233 2030 uncios

209 2048 268 2068 ecia
278 2048 306 2068 es

187 2047 325 2107 pDantes’
345 2076 378 2107 &
395 2074 594 2106 Concedentes
609 2074 691 2105 vobis
703 2073 737 2104 &
750 2073 856 2105 Tribus
869 2073 996 2105 vestrum
1013 2075 1148 2112 (quorum
1165 2076 1233 2107 alte-

483 2113 603 2190 )qgaefati
623 2112 767 2151 Johannes
782 2113 906 2154 Estcourt
922 2115 954 2144 &
972 2116 1014 2143 W
1014 2113 1120 2144 illielme
1136 2118 1213 2156 Bray
1222 2138 1232 2154 ,

176 2124 243 2145 rum
258 2113 385 2146 vestrum
400 2121 453 2145 vos
463 2136 473 2152 ,

530 2151 677 2182 otestatem
692 2153 852 2188 generalem
868 2153 900 2182 &
917 2152 1085 2191 plenariam,
1095 2163 1128 2184 ac
1145 2153 1232 2184 Man-

176 2163 266 2185 unum
280 2154 336 2184 esse
349 2152 480 2183 volumus

176 2191 275 2222 datum
299 2192 415 2230 speciale
426 2213 436 2228 7
458 2201 511 2228 pro
532 2191 631 2221 Nobis
649 2191 682 2221 ὃ(
698 2189 832 2222 Nomine
847 2191 946 2221 nostro
962 2214 971 2229 ,
989 2201 1058 2221 cum
1074 2191 1232 2222 Ambaffia-

176 2231 300 2267 toribus,
319 2229 525 2260 Commissariis
536 2252 545 2267 ,
572 2229 803 2259 Procuratoribus
817 2252 826 2267 ,
845 2229 902 2260 five
920 2229 1045 2260 Nunciis
1063 2230 1133 2260 dieti
1149 2232 1231 2261 caris-

175 2268 237 2299 simi
261 2267 471 2306 Consanguinei
493 2267 582 2298 nostri
599 2290 609 2305 ,
633 2267 668 2297 ad
683 2267 742 2298 hoc
757 2267 896 2298 sufficiens
919 2268 1088 2298 Mandatum
1104 2269 1232 2299 habenti-

179 2307 252 2345 bus,
276 2306 304 2337 su
326 2317 355 2337 er
381 2306 504 2344 Treugis
527 2307 560 2337 δε
579 2305 757 2336 Guerrarum
781 2305 986 2344 Abstinentiis,
1013 2307 1230 2345 Securitatibus,

174 2344 288 2383 aliisque
344 2345 412 2376 ebus
433 2346 466 2377 &
490 2344 617 2375 Materiis
639 2344 675 2374 de
696 2353 777 2375 novo
800 2346 1034 2383 occurrentibus,
1058 2345 1232 2385 Tractandi,

177 2382 372 2423 Conferendi,
393 2383 596 2414 Concordandi
607 2406 617 2422 ,
635 2383 871 2421 Appunetuandi‚
888 2385 921 2415 ὃς
940 2382 1159 2422 Concludendi,

210 2421 367 2460 Dietasque
386 2421 513 2462 Treugas
527 2445 536 2461 ,
562 2421 737 2452 Guerrarum
759 2421 965 2460 Abstinentias,
993 2424 1026 2453 δε
1044 2422 1230 2462 securitates,

173 2470 207 2490 ac
222 2460 343 2499 Terras,
360 2461 519 2499 Dominia,
544 2460 577 2491 &
600 2460 681 2491 Loca
695 2460 744 2490 alia
758 2484 768 2497 ‚
792 2468 849 2491 tam
864 2461 945 2498 ipfius
964 2460 1057 2492 Ducis
1072 2463 1158 2499 quam
1176 2471 1230 2492 no-

172 2498 246 2535 stra,
272 2499 500 2538 Commurandi,
525 2499 701 2538 Prorogandi
718 2521 727 2537 ,
751 2500 785 2530 &
802 2499 1004 2537 Excendendi‚
1029 2501 1062 2531 ὃ(
1078 2500 1230 2537 praesertim

172 2537 365 2575 quascumque
383 2538 494 2576 injustas
514 2537 569 2568 five
589 2538 695 2569 illicitas
720 2535 876 2575 Captiones
899 2538 1157 2577 Mercandisarum,
1183 2539 1229 2569 seu

174 2576 289 2606 aliarum
312 2575 423 2606 Rerum
448 2584 495 2606 aut
516 2575 664 2606 Bonorum
684 2585 934 2615 quorumcumque
947 2600 956 2615 ,
973 2577 1159 2607 Subditorum
1174 2587 1228 2608 no-

174 2613 315 2653 strorum,
336 2625 386 2652 per
401 2614 595 2652 quoscumque
610 2614 744 2645 Subditos
760 2615 827 2644 dieti
842 2615 948 2653 Ducis,
967 2615 1127 2646 durantibus
1134 2616 1232 2646 Treu-

175 2653 216 2690 gis
238 2660 284 2683 aut
305 2653 486 2683 Abstinentiis
511 2653 685 2691 hujusmodi,
712 2653 935 2692 quibuscumque
952 2664 1000 2691 per
1016 2654 1137 2684 modum
1154 2653 1231 2684 Pira-

175 2692 239 2728 tiae,
257 2699 303 2721 aut
320 2691 383 2721 alias
408 2692 649 2730 qualitercumque
664 2715 674 2729 ‚
699 2691 743 2721 seu
761 2691 810 2721 alia
825 2691 959 2729 Dampna
974 2693 1007 2721 ὃ(
1026 2692 1138 2729 injurias
1154 2703 1232 2730 quae-

174 2738 316 2796 cumdque,
335 2730 407 2760 fad'ta
429 2730 461 2760 &
480 2729 551 2760 illata
565 2752 575 2767 ,
599 2731 716 2768 reparari
738 2730 771 2761 δε
792 2729 938 2761 reformari
965 2729 1084 2761 Petendi
1098 2732 1131 2762 ὃς
1146 2730 1232 2762 Obti-

175 2777 231 2797 nen
253 2778 261 2797 1

213 2790 341 2836 Nec'non
361 2805 522 2843 hujusmodi
546 2805 735 2837 Mercandiias
748 2830 759 2844 ,
786 2805 845 2837 Res
861 2830 871 2845 ,
898 2807 931 2838 δε
952 2806 1050 2845 Bona,
1076 2807 1113 2838 fic
1131 2808 1230 2846 injuste

174 2843 267 2881 Capta
289 2845 345 2876 five
368 2844 557 2882 Depraedata,
581 2854 627 2875 aut
649 2845 774 2882 ipsorum
795 2855 894 2876 verum
915 2845 1070 2884 Valorem,
1093 2847 1148 2876 unii
1162 2857 1230 2877 curn

174 2881 317 2921 Dampnis
330 2884 362 2914 &
377 2882 510 2913 Interesse
527 2881 672 2913 diffitorum
686 2881 926 2920 Depraedatorum
940 2884 985 2914 se'u
1002 2883 1231 2923 Dampnificato-

174 2929 257 2988 ἕυέιῑι,
274 2921 442 2961 integraliter
462 2920 661 2958 Recuperandi
674 2943 684 2959 ‚
709 2920 755 2951 seu
772 2920 894 2952 satisfieri
920 2921 1079 2954 Obtinendi
1101 2933 1170 2954 cum
1190 2924 1231 2954 ef-

187 2968 202 2988 e
235 2969 272 2997 u,

213 2997 258 3027 Ac
277 2997 313 3027 de
337 2999 370 3028 ὃς
391 2998 471 3035 super
494 2997 613 3035 eisdem,
629 2997 648 3027 fi
666 2996 778 3028 necesse
795 2997 896 3036 fuerit,
913 2997 1097 3037 Paciscendi,
1116 2999 1231 3031 Transi-

175 3035 514 3075 gendi,rC0nveniendi,
529 3035 575 3066 seu
588 3036 769 3066 amicabiliter
785 3035 988 3076 Componendi
1002 3049 1012 3074 ς

213 3071 376 3112 Omniaque
398 3074 432 3104 &
458 3074 562 3112 singula
577 3098 587 3112 ,
613 3084 676 3113 quae
690 3097 699 3113 ,
718 3083 748 3105 ut
763 3075 955 3113 praemittitur,
973 3075 1122 3114 Tra6iata,
1146 3076 1230 3107 Con-

177 3111 266 3150 clusa,
285 3111 502 3150 Appuneruata,
518 3111 672 3144 Comutata
683 3137 692 3150 ‚
710 3112 884 3151 prorogata,
909 3114 941 3144 ὃς
960 3113 1143 3145 Concordata
1167 3115 1230 3145 fue-

175 3151 250 3218 ἔξω,
269 3160 336 3218 cuim
353 3151 432 3179 omni
456 3149 607 3181 Securitate
621 3174 630 3189 ,
657 3151 752 3183 debita
766 3152 800 3183 &
815 3151 950 3191 honesta,
966 3152 1100 3183 Nomine
1115 3153 1229 3192 nostro,

200 3198 289 3218 irman
311 3199 318 3218 i

212 3226 258 3258 Ac
278 3211 458 3257 om'nimodas
480 3224 663 3264 Securitates‚
686 3227 881 3267 obligationes
896 3251 906 3266 ,
932 3229 964 3259 &
981 3228 1152 3268 CautioneS,
1171 3238 1228 3261 tam

174 3265 257 3296 reales
276 3266 361 3303 quam
380 3264 557 3308 personaleS,
575 3274 628 3304 pro
641 3264 738 3296 Nobis
751 3268 784 3298 &
800 3267 934 3298 Nomine
951 3267 1066 3307 nostro,
1083 3269 1162 3306 super
1177 3269 1228 3299 hiis

175 3304 309 3335 Faciendi
324 3304 356 3334 ὃς
369 3301 558 3333 Promittendi
569 3325 580 3340 ,

208 3341 380 3381 Jurandique
393 3342 422 3371 in
439 3340 574 3370 Animam
589 3340 713 3372 nostram
730 3342 810 3380 quod
823 3343 975 3382 Tractata,
989 3343 1129 3376 Conclusa
1139 3368 1148 3382 ,
1165 3345 1225 3383 Ap-

173 3382 325 3421 pundtuata
339 3403 349 3418 ,
373 3380 407 3411 &
431 3378 613 3410 Concordata
636 3380 795 3418 hujusmodi
818 3381 891 3412 Rata
913 3382 1048 3413 habemus
1070 3384 1102 3413 &
1119 3383 1224 3423 Grata,

174 3429 228 3451 nec
242 3417 356 3458 aliquod
370 3419 583 3456 procurabimus
596 3426 643 3449 aut
655 3418 804 3457 faciemus,
839 3429 869 3449 er
882 3420 959 3457 quod
974 3421 1123 3459 Tra-etam,
1140 3422 1224 3453 Con-

173 3458 247 3489 clusa
261 3481 271 3496 ,
294 3456 514 3496 Appunetuata,
540 3455 584 3486 vel
607 3455 792 3488 Concordata
836 3458 971 3496 ujusmodi
986 3458 1103 3490 EffecIiu
1126 3460 1224 3491 debito

173 3496 297 3529 frustrari
310 3496 422 3535 poffent
430 3519 439 3532 ‚
457 3503 502 3526 aut
515 3495 693 3533 quomolibet
705 3495 849 3534 impediri,

212 3535 394 3572 securitates,
412 3533 539 3572 insuper,
557 3532 771 3572 obligationes,
790 3533 823 3565 &
841 3533 1014 3573 Cautiones,
1029 3545 1061 3565 ac
1075 3535 1224 3574 Juramen-

174 3580 237 3604 tum
253 3574 408 3604 consimilia
426 3573 462 3603 ab
478 3572 580 3603 eodem
597 3571 699 3604 Duce.
716 3572 761 3603 seu
776 3573 856 3610 ipsius
868 3575 896 3603 in
914 3574 966 3604 hac
984 3583 1060 3611 parte
1076 3573 1224 3604 Commis-

173 3610 264 3680 Iariisd,
280 3612 336 3644 five
358 3611 505 3650 Deputatis
517 3633 527 3649 ,
551 3610 668 3642 Petendi
683 3634 693 3649 ,
716 3610 856 3650 Exigendi
868 3634 878 3649 ,
896 3611 1066 3651 Stipulandi,
1085 3613 1118 3643 &
1133 3612 1223 3644 Reci-

193 3660 237 3680 ien
259 3660 266 3679 ι

173 3658 192 3689 p
213 3674 380 3727 Caeferaque
401 3689 499 3719 omnia
518 3688 551 3719 δε
575 3687 677 3726 singula
690 3686 827 3726 faciendi,
845 3687 1007 3726 exercendi,
1022 3689 1056 3719 &
1072 3688 1223 3726 expedien-

176 3724 225 3764 di,
250 3737 313 3764 quae
336 3729 366 3756 in
391 3726 563 3765 Praemiffis,
587 3727 633 3756 vel
650 3726 744 3764 aliquo
765 3726 978 3756 Praemissorum
995 3748 1004 3764 ,
1030 3727 1063 3757 &
1082 3728 1157 3757 circa
1174 3737 1223 3766 ea,

174 3764 220 3794 seu
233 3773 330 3795 eorum
343 3764 476 3804 aliquod,
491 3764 640 3797 necessaria
653 3764 755 3794 fuerint
772 3764 817 3795 seu
833 3764 1051 3802 quomodolibet
1065 3775 1222 3804 oportuna,

174 3802 208 3833 &
219 3810 293 3844 ¹quae
317 3804 429 3840 qualitas
448 3814 481 3834 ac
502 3813 598 3835 natura
613 3802 813 3840 Negotiorum
829 3802 988 3840 hujusmodi
1003 3804 1118 3842 exigunt
1133 3805 1167 3836 &
1181 3815 1224 3835 re—

176 3849 308 3878 quirunt,
326 3842 431 3872 etiamsi
446 3842 508 3873 talia
523 3843 574 3873 fint
593 3852 657 3881 quae
678 3840 847 3872 Mandatum
869 3842 955 3880 magis
969 3842 1079 3879 exigant
1093 3842 1226 3881 speciale,

176 3879 211 3910 &
232 3887 297 3916 quae
319 3877 388 3909 Nos
407 3879 456 3916 ipfi
475 3879 566 3913 facere
589 3880 730 3920 possemus
749 3881 832 3911 etiam
854 3879 872 3910 fi
892 3878 1068 3918 personaliter
1082 3880 1224 3912 interesse-

208 3927 236 3946 us

175 3927 205 3948 m
216 3956 235 3974 '¹‘
243 3939 474 3985 'committentes
488 3957 569 3986 vobis
584 3956 732 3988 &Tribus
741 3955 867 3988 vestrum
884 3957 1019 3994 (quorum
1034 3956 1151 3987 alterum
1162 3968 1226 3995 VOS,

182 3993 441 4034 praefatiJohannes
452 3993 575 4034 Estcaug‘t
588 3996 621 4026 &
640 3995 784 4026 Willielme
798 3998 890 4033 Bray‚
909 4004 998 4025 unum
1011 3995 1068 4024 esse
1082 3996 1225 4034 volumus)

178 4035 255 4078 circa
277 4030 423 4062 Praeiniffa
442 4033 540 4064 omnia
563 4034 596 4066 &
619 4033 740 4073 singula,
761 4035 890 4066 unacum
901 4042 1002 4066 eorum
1015 4032 1227 4073 incidentibus,

2334 260 2420 292 1419.

1289 296 1508 333 Promittentcs,
1526 294 1650 332 insuper,
1669 301 1704 326 ex
1718 294 1968 333 superhabundanti
2003 306 2052 336 per
2060 295 2225 331 Praesenres,
2243 294 2298 324 bo·
2317 297 2378 319 Hm·
2398 299 2415 325 5
2418 310 2427 317 ·

1248 332 1284 362 na
1301 333 1373 371 fide,
1389 334 1423 364 &
1445 335 1473 363 in
1495 333 1585 363 verbo
1606 333 1721 372 Regio,
1739 334 1807 364 Nos
1822 334 1946 372 Ratum,
1963 320 2104 372 Oretum,
2121 334 2154 365 &
2169 333 2299 363 Firmum

1250 373 1387 408 perpetuo
1400 371 1541 401 habituros
1557 379 1650 401 totum
1672 372 1703 402 &
1718 374 1850 410 quicquid
1866 384 1915 411 per
1932 383 2002 410 vos,
2019 382 2066 403 aut
2080 373 2156 402 Tres
2171 369 2300 401 vestrum

1251 412 1386 446 (quorum
1402 410 1518 440 alterum
1531 407 1659 439 vestrum
1674 420 1743 447 vos,
1753 411 1857 450 praefati
1870 411 2014 449 Johannes
2030 410 2153 450 Estcourt
2168 413 2200 441 &
2224 412 2265 438 W
2266 407 2302 438 il-

1251 446 1336 477 lielme
1358 450 1433 486 Bray
1446 472 1456 486 ‚
1481 457 1570 478 unum
1587 447 1643 477 effe
1663 448 1802 484 volumus)
1820 449 1944 485 Acium,
1961 449 2099 486 Gestum,
2117 449 2303 484 Tractatum,

1252 485 1430 516 Conclusum
1444 508 1454 524 ,
1477 485 1696 516 Concordatum
1706 510 1716 524 ,
1734 487 1766 518 Sc
1782 488 2013 524 Appunctuatum
2028 489 2110 519 fuerit
2125 489 2154 517 in
2171 486 2301 517 Praemis-

1254 526 1303 561 iis,
1320 525 1354 554 ὃς
1370 524 1479 562 singulis
1491 523 1713 554 Praemiss'orum.

1288 562 1322 592 In
1337 564 1431 600 cujus,
1450 563 1510 593 &c.

1289 600 1378 630 Teste
1391 599 1522 643 Jolaanne
1537 604 1612 630 Duce
1625 600 1779 641 Bedfhrdiae
1792 598 1921 631 Custode
1934 600 2048 640 Angliae
2060 600 2133 639 apud
2143 600 2306 640 Westmona*

1245 638 1359 678 sterium
1372 641 1508 670 vicesimo
1521 638 1566 669 die
1581 638 1662 669 Maii.

1528 765 1577 795 De
1593 765 1792 808 Attemptaris
1810 761 2027 807 Reformandis.

1366 846 1413 884 X,
1431 845 1492 881 ὅγε.
1510 854 1541 876 ut
1550 846 1637 886 supra
1651 846 1729 891 aliiue
1741 846 1795 884 ibi,
1813 847 1846 878 ὅ(
1858 846 2023 884 praesertim,
2040 846 2079 881 όν
2096 853 2159 876 tum
2165 846 2220 887 fic,

1361 886 1562 924 Quascumque
1587 885 1770 924 Captivitates
1791 885 1929 921 injuriosas
1948 885 2132 915 Subditorum
2145 885 2306 917 nostrorum
2324 857 2400 888 Ann'
2415 857 2457 888 D⁰

1263 846 1354 902 RE
2354 905 2442 943 1419,

1261 924 1295 954 &
1314 923 1467 962 Ligeorum
1483 934 1731 962 quorumcumque
1745 947 1755 960 ,
1781 934 1813 953 ac
1827 923 1981 960 Captiones
1995 923 2104 961 injustas
2119 924 2175 954 five
2189 924 2310 962 Deprae-
2321 939 2371 962 An.
2386 943 2415 970 7,

1260 961 1386 993 dationes
1410 961 1648 993 Mercandisarum
1662 986 1672 1001 ,
1695 963 1823 999 Rerum,
1837 963 1870 992 &
1887 962 2030 992 Bonorum
2047 962 2177 1000 suorum,
2197 971 2308 993 necnon
2329 978 2362 1000 H.
2382 982 2410 1007 5,

1261 1000 1311 1030 alia
1329 1000 1462 1039 Dampna
1483 1002 1516 1032 &
1536 1001 1700 1040 Praejudicia
1719 1000 1903 1037 omnimoda,
1928 1010 1987 1031 tam
2006 1000 2132 1030 Personis
2150 1002 2238 1038 quam
2252 1001 2313 1032 Re·
2342 1010 2407 1039 ma,

1262 1039 1332 1078 bus,
1351 1039 1519 1070 eorumdem
1544 1040 1579 1069 Li
1600 1049 1699 1070 eorum
1717 1040 1751 1071 &
1774 1039 1960 1070 Subditorum
1986 1039 2165 1076 nostrorum,
2182 1049 2231 1076 per
2247 1050 2312 1070 mo-

1262 1077 1332 1108 dum
1355 1078 1483 1115 Piratiae,
1501 1078 1544 1108 seu
1565 1049 1628 1108 afias
1642 1078 1899 1116 qualitercumque,
1916 1087 1966 1117 per
1981 1077 2116 1108 Subditos
2129 1079 2235 1114 praesati
2249 1078 2316 1109 Du-

1263 1117 1304 1146 cis
1324 1139 1334 1154 ,
1359 1115 1521 1146 durantibus
1540 1116 1662 1155 Treugis
1684 1117 1716 1147 &
1737 1115 1910 1146 Guerrarum
1931 1115 2112 1145 Abstinentiis
2133 1116 2317 1155 hujusmodi,

1264 1154 1542 1191 quomodocumque
1556 1154 1646 1192 faeta,
1663 1155 1750 1192 illata,
1769 1156 1801 1186 &
1817 1164 1985 1193 perpetrata,
2004 1155 2098 1184 debite
2113 1156 2225 1191 reparari
2239 1178 2249 1193 ,
2273 1165 2317 1185 re—

1264 1192 1393 1230 staurari,
1411 1192 1549 1229 resarciri,
1567 1193 1600 1223 ὅ(
1616 1193 1778 1232 reformari,
1795 1194 1921 1230 alioquin
1937 1202 2037 1223 verum
2053 1194 2086 1224 ὃς
2100 1192 2257 1232 legitimum
2270 1193 2318 1223 In-

1266 1230 1366 1261 teresse
1387 1230 1591 1268 praedietorum
1615 1231 1832 1270 Captivatorum
1851 1232 1884 1262 ὃ(
1904 1231 2100 1269 lnjuriatorum
2117 1253 2126 1269 ,
2145 1241 2258 1262 necnon
2272 1242 2320 1263 ve-

1265 1278 1330 1299 rum
1349 1268 1484 1299 Vaiorem
1507 1268 1563 1299 five
1586 1267 1817 1299 AEstimationem
1842 1269 2042 1307 praedic'torum
2059 1268 2319 1308 Mercandisarum,

1267 1306 1380 1338 Rerum
1400 1308 1433 1339 ὃς
1451 1306 1597 1337 Bonorum
1610 1331 1619 1344 ,
1636 1306 1692 1337 una
1707 1317 1774 1337 cum
1792 1307 1933 1347 Dampnis
1947 1309 1980 1337 &
1996 1307 2129 1338 Interesse
2145 1308 2174 1338 in
2188 1308 2240 1339 hac
2255 1319 2319 1347 par-

1266 1354 1312 1383 te,
1330 1345 1467 1384 Petendi,
1484 1344 1636 1384 Exigendi‚
1653 1346 1685 1376 &
1700 1355 1767 1375 cum
1781 1345 1886 1375 effedm
1900 1346 2075 1384 Obtinendi,

1304 1383 1342 1414 Et
1366 1383 1548 1415 consimiliter
1561 1407 1571 1421 ,
1596 1385 1614 1414 ὲ
1628 1383 1783 1421 converso,
1801 1384 1821 1414 fi
1836 1383 1993 1420 hujusmodi
2006 1384 2187 1421 Captivitates
2202 1385 2319 1423 injurio-

1266 1421 1301 1452 sae
1338 1431 1384 1453 aut
1398 1422 1570 1460 Captiones,
1588 1422 1644 1453 five
1659 1422 1911 1461 Depraedationes,
1929 1430 1976 1452 aut
1990 1422 2039 1453 alia
2048 1422 2182 1460 Dampna
2198 1425 2231 1455 &
2242 1423 2319 1454 Prae-

1263 1445 1386 1499 judicia,
1404 1470 1437 1491 ex
1459 1469 1533 1498 parte
1553 1460 1710 1500 Ligeorum
1730 1469 1776 1491 aut
1795 1460 1980 1491 Subditorum
2002 1460 2166 1491 nostrorum
2182 1471 2321 1499 quorum-

1268 1509 1411 1538 cumque,
1428 1498 1591 1529 durantibus
1605 1499 1728 1539 Treugis
1750 1499 1806 1530 five
1821 1498 1997 1529 Guerrarum
2021 1498 2203 1529 Abstinentiis
2221 1499 2322 1537 praedi-

1268 1539 1338 1577 ἃῐε,
1357 1548 1405 1576 per
1426 1538 1507 1568 etrari
1527 1537 1573 1568 seu
1593 1538 1691 1570 inferri
1712 1539 1899 1578 reperiantur,
1917 1547 1959 1567 eas
1972 1537 2004 1568 ὃ(
2019 1547 2049 1566 ea
2064 1538 2250 1567 conformiter
2262 1538 2324 1568 Re-

1268 1577 1380 1614 parandi
1443 1575 1632 1608 Reformandi
1644 1602 1654 1615 ,
1679 1578 1730 1615 &,
1748 1576 1768 1606 fi
1781 1576 1928 1613 expediens
1946 1575 2034 1606 visum
2049 1575 2132 1606 fuerit
2145 1584 2190 1605 aut
2205 1586 2324 1613 oportu-

1268 1625 1354 1654 num,
1376 1625 1428 1653 pro
1447 1614 1608 1653 hujusmodi
1628 1615 1840 1654 Reparamentis
1854 1615 1887 1645 &
1904 1613 2185 1652 Reformationibus,
2202 1623 2235 1644 ex
2250 1623 2310 1652 part

1267 1654 1412 1684 dictorum
1433 1653 1618 1684 Subditorum
1639 1654 1803 1685 nostrorum
1825 1652 1922 1684 fiendis
1935 1675 1945 1687 ,
1971 1662 2040 1683 cum
2061 1652 2186 1691 partibus
2208 1652 2326 1684 adversis

1269 1692 1447 1730 Paciscendi,
1466 1690 1526 1727 &c.
1546 1699 1577 1721 ut
1591 1691 1681 1731 fhpra.

1306 1731 1396 1761 Teste
1415 1729 1547 1769 Johanne
1568 1733 1644 1760 Duce
1660 1730 1815 1771 Bedfhrdiae
1834 1729 1963 1761 Custode
1981 1728 2096 1767 Angliae
2110 1728 2184 1767 apud
2199 1728 2326 1769 Wstmo-

1269 1769 1413 1809 nasterium
1426 1769 1560 1800 vicesimo
1575 1770 1620 1800 die
1633 1769 1718 1800 Maii.
2223 1800 2227 1806 ,

1744 1848 1797 1875 Per
1811 1844 1895 1885 igsz'cm
1910 1846 2006 1882 Regem
2021 1842 2058 1880 ὠ
2073 1843 2223 1874 Concilium.

1515 1975 1562 2006 De
1582 1972 1685 2019 Officio
1702 1971 1837 2007 Venandi
1858 1974 1954 2018 Lupos
1970 1971 2098 2017 conceffir.

1273 2061 1329 2115 R
1340 2057 1404 2089 EX
1433 2058 1596 2097 Omnibus,
1614 2059 1648 2089 ad
1664 2069 1749 2097 qum,
1767 2060 1828 2090 δίε.
1847 2056 1981 2087 Salutem.
2345 2050 2422 2081 Ann.
2432 2049 2475 2084 D.

1369 2097 1468 2128 Sciatis
1490 2098 1570 2136 quod
1585 2120 1595 2135 ,
1619 2097 1655 2128 de
1677 2097 1779 2128 Gratia
1799 2095 1895 2126 nostra
1908 2095 2034 2133 speciali,
2050 2093 2267 2134 Conceffimus,
2281 2094 2325 2125 di-
2363 2099 2451 2128 1419·

1270 2134 1346 2166 ieeto
1360 2135 1512 2176 Armigero
1527 2135 1626 2167 nostro
1637 2161 1646 2174 ,
1660 2135 1790 2175 Johanni
1803 2133 1941 2172 Burghope
1958 2133 2100 2164 Officium
2116 2133 2244 2165 Venandi
2264 2134 2324 2165 Lu·
2341 2134 2392 2156 An.
2409 2138 2437 2164 7·

1269 2184 1320 2212 pos
1335 2183 1385 2212 per
1398 2183 1487 2206 totam
1503 2175 1639 2205 Ballivam
1655 2175 1781 2206 nostram
1793 2174 1830 2204 de
1844 2173 1942 2211 Caux,
2342 2172 2378 2195 H.
2398 2176 2426 2202 5·

1305 2212 1480 2244 Habendum
1496 2214 1530 2243 &
1544 2212 1756 2251 occupandum
1771 2212 1913 2243 Officium
1926 2210 1995 2241 illud
2010 2211 2147 2249 quamdiu
2166 2212 2250 2242 nobis
2265 2212 2328 2249 pla·
2344 2210 2402 2233 ΡΜ·

1269 2252 1373 2289 cuerit,
1393 2261 1460 2281 cum
1483 2253 1661 2282 omnimodis
1679 2251 1781 2283 Feodis
1793 2275 1803 2288 ,
1821 2249 1960 2281 Proficuis
1973 2272 1983 2287 ,
1997 2249 2030 2279 &
2045 2249 2323 2290 Commoditatibus,
2342 2249 2432 2272 Norm.
2450 2253 2482 2278 7.

1270 2290 1363 2320 eidem
1381 2289 1494 2320 Officio
1510 2291 1712 2328 pertinentibus
1724 2291 1758 2320 &
1773 2289 1924 2327 antiquitus
1938 2288 2093 2326 consuetis,
2342 2287 2377 2310 H.
2388 2291 2405 2317 5
2411 2289 2442 2319 -P·
2453 2291 2479 2309 ¹·

1306 2329 1415 2360 Dantes
1430 2328 1563 2360 universis
1575 2329 1608 2360 &
1623 2329 1733 2367 singuiis
1748 2328 1845 2365 Ligeis
1861 2328 1894 2358 ὃς
1914 2326 2037 2357 Subditis
2059 2326 2179 2365 nostris,
2199 2336 2322 2365 quorum
2340 2331 2376 2349 m·
2394 2330 2442 2355 42·

1267 2367 1397 2405 interest,
1415 2367 1533 2397 Tenore
1554 2366 1755 2406 Praesentium,
1773 2367 1891 2397 firmiter
1913 2366 1942 2395 in
1957 2364 2099 2395 Mandatis
2114 2365 2195 2403 quod
2208 2366 2325 2403 praefato

1267 2406 1411 2444 Johanni,
1430 2407 1458 2435 in
1479 2405 1655 2436 Executione
1675 2405 1776 2436 Officii
1794 2404 1921 2443 praedieti
1934 2427 1944 2442 ,
1962 2403 2014 2434 sint
2030 2403 2224 2442 intendentes,
2241 2403 2327 2435 Con-

1267 2446 1400 2482 sulentes,
1419 2445 1453 2474 δε
1470 2445 1638 2475 Auxiliantes
1648 2467 1658 2483 ,
1674 2452 1760 2482 prout
1773 2444 1863 2475 decet.

1306 2483 1339 2513 In
1357 2485 1453 2521 cujus,
1472 2484 1534 2514 &c.
2020 2518 2023 2521 Ι

1269 2521 1395 2590 Μᾟεὶὶε
1418 2521 1501 2559 Rege
1516 2520 1590 2560 apud
1604 2520 1728 2560 Castrum
1736 2520 1818 2560 ficum
1832 2520 1864 2549 de
1877 2521 1982 2549 Vernon
1990 2516 2072 2557 fhper
2086 2521 2173 2558 Sayne
2190 2519 2264 2549 xxiii.
2280 2519 2325 2550 die

1308 2570 1349 2590 aii.

1954 2597 2007 2624 Per
2019 2593 2102 2633 ipficm
2117 2598 2223 2632 Regem.

1556 2723 1605 2754 De
1622 2719 1820 2767 Juramentis
1837 2717 2031 2765 Recipoendis.

1272 2809 1327 2863 R
1339 2805 1364 2837 E
1378 2805 1426 2845 X,
1445 2806 1552 2838 dileeto
1567 2805 1633 2844 fibi,
1653 2804 1794 2843 Magistro
1809 2802 1943 2834 Nicholao
1959 2802 2096 2841 Habard‚
2115 2801 2251 2833 Salutem.
2346 2812 2422 2843 Am·
2433 2813 2474 2844 D·

1368 2845 1416 2875 De
1429 2845 1526 2876 vestris
1543 2845 1679 2875 fidelitate
1693 2845 1727 2875 ὃς
1742 2842 1887 2882 prudentia
1903 2843 1930 2871 in
1939 2841 2074 2872 Domino
2090 2841 2246 2885 plurimum
2256 2850 2327 2871 con·
2361 2860 2446 2889 1419,

1267 2883 1400 2921 fidentes,
1419 2884 1453 2914 ad
1472 2884 1636 2923 juramenta
1659 2881 1809 2912 Fidelitatis
1830 2881 1864 2911 &
1881 2880 2053 2918 Ligeantiae,
2071 2881 2152 2910 nobis
2164 2880 2256 2911 debita
2289 2880 2324 2910 ab
2341 2894 2392 2917 An.
2409 2900 2436 2926 7,

1266 2922 1401 2953 omnibus
1425 2924 1458 2953 &
1481 2922 1591 2960 singulis
1611 2921 1629 2939 ²*
1649 2919 1723 2950 Viris
1739 2918 1939 2951 Ecclesiasticis
1953 2919 2028 2949 infra
2049 2918 2180 2949 Ballivam
2195 2918 2231 2948 de
2275 2929 2327 2948 on—
2342 2932 2376 2955 H.
2411 2952 2415 2955 Α

1269 2960 1443 2999 stantin,qui
1457 2960 1490 2991 ad
1506 2959 1683 2990 Praesentiam
1698 2958 1823 2988 nostram
1833 2965 1965 2997 ,propter
1977 2956 2172 2994 Paupertatem
2188 2957 2221 2987 &
2234 2957 2327 3000 diver·
2341 2968 2403 2994 lbid.
2418 2976 2456 2996 m·

1266 2999 1304 3029 fiis
1321 2998 1495 3029 Infirmitates
1507 2997 1640 3028 accedere
1653 3007 1712 3027 non
1727 2997 1836 3034 valent,
1852 3004 1883 3026 ut
1895 2996 2055 3032 accepimus
2068 3018 2078 3033 ,
2104 3005 2172 3026 cum
2190 2995 2324 3024 omnibus
2338 3014 2386 3039 55·

1267 3037 1301 3067 ἃ
1318 3037 1431 3073 fingulis
1450 3037 1502 3067 suis
1518 3036 1654 3074 Capitulis
1675 3036 1705 3065 in
1726 3045 1757 3064 ea
1779 3043 1854 3072 parte
1874 3033 1910 3064 de
1922 3036 1984 3071 jure
2004 3033 2104 3065 debitis
2122 3035 2155 3065 &
2168 3033 2322 3071 consuetis,
2358 3045 2373 3058 σ
2393 3044 2446 3071 ιχ,

1268 3075 1340 3105 Vice
1356 3077 1390 3106 &
1407 3074 1540 3105 Nomine
1552 3074 1669 3111 nostris,
1686 3072 1897 3111 Recipiendum
1915 3074 1948 3103 &
1964 3072 2182 3103 Admittendum
2193 3093 2202 3109 ,
2222 3072 2320 3108 vobis,
2334 3089 2347 3115 7
2352 3082 2399 3116 5⁶-

1266 3114 1385 3144 Tenore
1400 3113 1600 3150 Praeffintium,
1620 3111 1838 3142 Committimus
1854 3110 2043 3148 Potestatem,

1306 3152 1348 3182 Ita
1372 3152 1480 3189 semper
1499 3151 1578 3190 quod
1603 3151 1671 3181 Nos
1693 3149 1729 3180 de
1748 3150 1928 3181 Nominibus
1945 3150 2077 3179 omnium
2099 3148 2132 3178 &
2154 3147 2319 3185 singularum

1269 3188 1470 3227 Personarum,
1488 3190 1523 3220 de
1538 3190 1640 3227 quibus
1664 3189 1824 3226 hujusmodi
1840 3188 2005 3227 Juramenta
2016 3187 2173 3224 receperitis
2186 3187 2219 3216 δε
2233 3185 2324 3215 admi-

1266 3229 1367 3296 serlitis,
1385 3229 1518 3259 distincte
1532 3229 1564 3259 &
1583 3229 1678 3265 aperte
1689 3227 1853 3258 certificetis.

1317 3277 1334 3296 n
1354 3269 1432 3298 cu'us
1468 3268 1528 3298 &c.

1265 3278 1397 3374 MTesteJ
1408 3290 1490 3345 1<de
1506 3304 1579 3343 apud
1593 3304 1714 3344 Castrum
1724 3303 1804 3344 fixum
1823 3303 1855 3333 de
1869 3301 2061 3342 Wrmnfhper
2074 3304 2160 3342 Sayne
2187 3301 2260 3331 xxiii.
2274 3300 2321 3332 die

1304 3354 1346 3375 aii.

1940 3381 1994 3408 Per
2012 3377 2093 3417 ipsum
2107 3381 2212 3416 Regem.

1306 3519 1355 3550 De
1380 3518 1488 3560 Campo
1507 3537 1516 3553 ,
1543 3525 1599 3560 pro
1624 3512 1774 3558 Persbnali
1804 3514 2134 3545 CONVENTION
2151 3523 2189 3550 E,
2224 3513 2260 3548 &-

1571 3558 1790 3595 Pavillionibus
1809 3558 2006 3593 Ordinandis.

1262 3652 1318 3705 R
1330 3648 1355 3678 E
1365 3647 1396 3678 X
1408 3671 1417 3683 .,
1434 3647 1552 3677 Dileffis
1565 3646 1598 3677 &
1614 3645 1755 3676 Fidelibus
1768 3644 1837 3683 suis,
1856 3643 1985 3683 Johanni
2001 3642 2121 3682 Tiptqft‚
2137 3643 2169 3675 &
2187 3644 2229 3673 W
2227 3641 2309 3672 illiel-
2326 3645 2402 3677 Λῃῃ,
2417 3645 2459 3679 D„

1340 3698 1380 3716 mo
1394 3685 1500 3724 Philip,
1518 3684 1649 3716 Salutem.
2349 3694 2435 3725 1419,

1295 3725 1391 3755 Sicatis
1404 3725 1484 3762 qubd
1498 3723 1580 3760 Nos,
2015 3758 2019 3763 ⁵
2167 3756 2172 3761 ι
2267 3757 2272 3763 ·
2326 3727 2377 3751 An.
2395 3734 2422 3759 7.

1294 3762 1344 3794 De
1364 3763 1387 3793 F
1389 3763 1508 3793 idelitate
1521 3786 1531 3801 ,
1555 3761 1735 3792 Discretione
1750 3783 1760 3799 ,
1777 3762 1811 3792 δε
1825 3758 2078 3797 circumspectione
2090 3755 2186 3787 vestris
2199 3755 2307 3794 plenuis
2324 3767 2358 3790 H.
2378 3771 2406 3797 5.

1258 3800 1433 3832 confidentes
1441 3825 1451 3838 ,
2184 3831 2194 3841 Α
2323 3800 2388 3828 lbid.
2400 3809 2438 3829 m.

1296 3839 1505 3876 Affignavimus
1524 3839 1558 3870 &
1580 3837 1782 3869 Ordinavimus
1800 3846 1852 3866 vos
1865 3859 1875 3874 ,
1897 3841 1943 3865 aut
1965 3834 2082 3864 alterum
2104 3831 2233 3863 vestrum
2247 3832 2307 3872 ,ad
2324 3848 2371 3876 54,

1260 3877 1404 3915 Campum
1419 3878 1451 3908 ὃ(
1464 3877 1579 3909 Locum
1590 3902 1600 3916 ,
1618 3886 1706 3915 prope
1722 3875 1825 3906 Villam
1839 3873 1964 3904 nostram
1975 3872 2011 3902 de
2025 3869 2182 3909 Medunta,
2199 3880 2234 3902 ex
2246 3881 2309 3910 par-
2386 3880 2392 3884 ·

1261 3926 1287 3947 te
1301 3916 1412 3953 nostra,
1429 3917 1588 3946 ordinatum
1603 3916 1636 3946 &
1650 3914 1830 3952 dispofitum,
2036 3948 2051 3954 ..
2104 3948 2109 3953 ι
2248 3949 2253 3955 .

1298 3955 1363 3986 Ubi
1386 3964 1452 3984 cum
1473 3954 1646 3993 Adverfhrio
1667 3951 1753 3991 nostro
1772 3952 1892 3979 Franciae
1907 3970 1917 3987 ,
1941 3948 1987 3979 seu
2008 3947 2065 3977 aliis
2085 3956 2142 3986 eJus
2157 3947 2310 3987 Nomine,
2327 3970 2329 3972 .

1262 4004 1315 4032 pro
1339 3992 1459 4022 Materia
1478 3992 1557 4023 Pacis
1576 3992 1662 4022 finalis
1676 4013 1686 4028 ,
1704 3992 1775 4020 inter
1789 3988 1912 4018 Franciae
1926 3987 1959 4017 &
1972 3986 2085 4025 Angliae
2097 3985 2202 4034 ,Regna
2219 3987 2313 4018 nostra

1263 4032 1379 4063 firmiter
1393 4055 1402 4068 ,
1430 4039 1461 4061 ut
1482 4031 1618 4069 speramus
1632 4052 1642 4067 ,
1667 4026 1832 4059 Traetanda
1855 4026 1888 4055 &
1904 4023 2126 4062 concludenda,
2140 4035 2170 4056 in
2181 4027 2315 4064 proximo

1267 4070 1484 4102 Conveniemus
1495 4093 1504 4107 ,
1815 4062 1841 4093 P
1862 4073 1876 4103 3
2235 4061 2318 4094 0011-
