2562 4274
3 269 77 304 Ann-
93 261 133 293 D·

27 313 111 344 1402.

4 351 65 376 zien-
75 353 104 378 4·

6 431 85 463 Ann.
99 425 140 459 D.

33 475 121 506 1402.

7 511 60 538 An.
79 513 105 544 3.

9 550 46 575 H.
60 553 89 579 4.

8 588 69 614 Par.
92 591 119 617 3·

11 625 141 656 H,4.p.2.

13 668 49 688 m.
66 665 95 693 9.

41 1777 158 1806 ²*VIII-

52 1824 116 1851 27¹·

27 2263 157 2297 'AnnD.

48 2312 134 2342 1402.

27 2348 81 2371 An.
100 2352 125 2379 3.

30 2386 92 2409 Hen.
107 2389 136 2415 4.

64 2419 131 2446 Ibid.

27 2466 69 2486 m.
85 2465 112 2492 7.

714 176 821 218 ET
886 177 1153 220 ACTA
1216 177 1696 225 PUBLICA.

411 350 460 382 De
477 348 677 380 Arraiatione
694 347 773 380 Cleri
787 347 946 392 faceenda.

160 436 217 493 R
227 433 307 472 EX,
325 433 486 465 Venerabili
501 434 529 463 in
543 431 662 463 Christo
676 431 769 472 Patri,
785 435 824 462 H.
843 433 943 464 eadem
959 434 1064 472 gratia,
1083 432 1208 473 Epifiopo

233 471 419 513 Norwicenfi,
438 472 571 503 Salutem.

194 512 271 550 Quia
292 521 343 549 pro
364 520 444 541 certo
464 511 647 540 intelleximus
669 508 747 548 quod
769 510 944 550 quamplures
960 509 1078 541 Inimici
1098 510 1207 550 nostri,

156 551 269 591 quidam
285 551 313 579 in
327 550 449 587 partibus
462 548 667 578 Transmarinis
683 570 693 586 ‚
719 549 752 579 &
769 549 882 586 quidam
897 550 925 579 in
938 549 1100 586 quibusdam
1114 549 1210 580 Navi-

157 591 207 620 bus
223 589 299 626 supra
314 587 399 618 Mare
412 586 573 624 existentes,
592 586 729 625 Regnum
745 586 874 617 nostrum
889 587 1057 626 Angliae,&
1066 588 1210 625 praecipue

156 628 336 659 Comitatum
351 625 495 656 Suffolciae
510 624 664 662 Invadere,
682 626 715 655 &
737 625 803 654 illud
822 624 936 662 Ingredi
952 647 961 662 ,
979 636 1012 655 ac
1031 626 1137 663 Ligeos
1154 635 1207 655 no-

157 667 228 698 stros
243 665 364 704 ejusdem
379 663 472 702 Regni
481 662 670 693 Debellare&
683 662 835 694 Destruere
848 664 1003 694 intendunt.

197 704 265 735 Nos

198 726 318 773 Maliiiae
334 739 390 770 suae
406 740 434 769 in
444 738 496 769 hac
511 746 588 777 parte
602 740 718 770 obviare
732 738 872 778 volentes,

199 779 408 818 Affignavimus
425 787 476 808 vos
493 778 526 808 ad
541 776 657 808 Clerum
673 778 836 809 Comitatus
851 777 979 816 praedicfiti
988 800 998 816 ,
1015 778 1073 808 tarn
1083 777 1155 808 infra
1164 777 1215 807 Li-

161 821 295 856 bertates,
312 817 396 855 quam
419 824 511 853 extra,
532 815 701 847 Levandum
725 817 758 847 ὃς
780 816 1025 853 Congregandum
1038 839 1048 854 ,
1068 816 1215 854 ipsumque

164 856 370 892 Arraiandum,
388 854 464 884 &in
489 855 662 885 Arraiatione
678 855 858 893 hujusmodi,
876 856 905 884 in
921 855 1030 894 singulis
1046 854 1134 885 Locis
1154 854 1217 884 Co-

165 894 280 927 mitatus
292 893 420 932 praedieti
429 915 439 930 ,
455 893 515 922 tam
529 902 577 931 per
594 892 726 924 Costeras
741 892 846 930 Maris,
865 892 951 930 quam
965 893 1029 923 alibi
1043 893 1092 923 ubi
1107 891 1217 922 necesse

161 934 259 972 fuerit,
277 931 459 970 ponendum,
1048 969 1052 974 ι
1070 969 1074 974 ¹

202 971 246 1002 Ita
263 969 339 1009 quod
362 970 486 1007 prompti
508 969 559 1000 fint
571 969 605 1000 &
618 969 702 1006 parati
715 967 750 998 ad
766 967 963 999 Refistendum
980 967 1101 999 Malitiae
1117 968 1215 1000 Inimi—

165 1020 271 1042 corum
288 1008 448 1038 nostrorum
463 1016 707 1045 quorumcumque
722 1029 732 1044 ‚
758 1009 885 1044 quotiens
900 1009 934 1038 &
950 1007 1063 1045 quando
1080 1007 1218 1045 Regnum

168 1048 298 1080 nostrum
313 1046 481 1084 praedictum
497 1045 603 1074 ibidem
618 1044 745 1074 invadere
762 1046 1097 1085 praesumpserint,ficque
1105 1046 1218 1084 Damp-

169 1097 240 1118 num
253 1086 308 1116 five
324 1084 486 1115 Destruetio
499 1083 587 1120 aliqua
602 1105 611 1120 ,
627 1092 676 1120 per
694 1079 835 1114 Malitiam
858 1083 1042 1114 Inimicorum
1056 1084 1219 1116 nostrorum

169 1123 344 1164 hujusmodi,
363 1120 510 1160 aliqualiter
525 1120 631 1150 ibidem
646 1131 705 1151 non
721 1124 883 1161 proveniat3

208 1163 246 1194 Et
257 1161 324 1191 ideo
337 1160 418 1190 vobis
434 1158 603 1188 Mandamus
619 1159 696 1196 quod
711 1161 786 1190 circa
802 1161 940 1198 praernissa
961 1161 1108 1198 diligenter
1123 1161 1221 1193 Inten-

172 1202 258 1236 datis,
274 1201 308 1231 ὃς
320 1208 351 1228 ea
365 1197 470 1228 faciatis
484 1198 517 1227 ὃς
532 1198 708 1236 exequamini
723 1199 752 1228 in
769 1198 873 1230 Forma
887 1199 1033 1237 praedicta:

208 1239 317 1269 Damus
337 1244 430 1266 autem
454 1234 596 1265 Universis
618 1236 650 1266 ὃς
670 1236 781 1272 fingulis
806 1237 899 1277 Ligeis
914 1238 947 1267 ὃς
963 1237 1102 1268 Fidelibus
1123 1238 1223 1268 nostris

171 1274 330 1316 hujusmodi
346 1273 424 1304 Cleri
441 1274 471 1302 in
489 1272 635 1303 Comitatu
649 1275 866 1312 praedietofiam
883 1276 953 1305 infra
965 1276 1223 1316 Libertates,quam

171 1323 263 1351 exrra,
282 1312 400 1343 Tenore
422 1311 621 1348 Praesentium,
640 1312 756 1342 firmiter
778 1315 807 1342 in
831 1313 973 1344 Mandatis
994 1315 1073 1351 quod
1096 1316 1178 1344 vobis
1195 1315 1224 1344 in

171 1353 346 1384 Executione
360 1348 566 1389 praemifforum
580 1348 756 1380 Intendentes
769 1351 819 1381 sint
834 1374 845 1389 ,
863 1351 1063 1391 Consulentes,
1082 1353 1115 1384 ὃ(
1130 1353 1223 1384 auxili-

173 1400 250 1423 antes
265 1397 348 1427 prout
361 1389 453 1418 decet.

211 1429 246 1460 Iu
261 1428 356 1465 cujus,
376 1428 437 1457 &e
456 1424 592 1462 quamdiu
609 1425 682 1466 Regi
697 1426 829 1463 placuerit
842 1427 993 1458 duraturas.

248 1465 335 1497 Teste
351 1464 436 1501 Rege
454 1462 527 1500 apud
545 1463 804 1504 Wstmonasterium
822 1488 832 1504 ,
858 1466 904 1497 xiv
922 1467 968 1497 die
987 1465 1065 1505 Julii.

953 1545 1005 1573 Per
1024 1543 1176 1573 Concilium.

227 1619 340 1651 Eodem
370 1619 460 1649 modo
492 1618 642 1655 affignatur
669 1619 798 1657 praefatus
824 1618 978 1658 Episcopus
1014 1621 1043 1649 in
1081 1619 1233 1652 Comitatu

256 1657 432 1689 Norffolciae
449 1657 499 1687 sub
516 1657 615 1687 eadem
627 1657 721 1696 Data,

974 1698 1028 1726 Per
1042 1696 1196 1728 Concilium.

212 1776 229 1792 '¹¹‘
247 1772 360 1804 Eodem
376 1773 468 1804 modo
479 1772 525 1804 affi
547 1780 623 1803 natur
643 1773 691 1803 Th.
701 1774 902 1814 Cantuarienfis
911 1773 1234 1842 Architssiscopusfiotius

176 1812 295 1851 Angliae
313 1811 437 1850 Primas,
455 1813 485 1842 in
532 1813 654 1842 omitatu
673 1811 806 1851 Kantiae,
819 1812 869 1843 sub
887 1812 984 1843 eadem
1035 1821 1085 1842 ata.

975 1891 1028 1919 Per
1046 1889 1196 1919 Concilium.

213 1965 327 1997 Eodem
342 1966 433 1996 modo
450 1963 599 2003 affignatur
617 1968 654 1995 E.
673 1964 812 2005 Epzfiopur
827 1967 945 1997 Exoniae
961 1967 990 1996 in
1006 1965 1154 1997 Comitatu
1169 1966 1234 1997 De-

178 2005 290 2043 voniae,
308 2003 357 2034 sub
372 2004 472 2036 eadem
486 2004 571 2035 Data.

974 2044 1028 2073 Per
1044 2042 1197 2074 Concilium.

396 2168 455 2199 Pro
462 2163 644 2199 Hominibus
662 2167 743 2200 Villae
757 2165 792 2199 de
811 2164 864 2210 Est
881 2164 1015 2216 Tilbury.

246 2249 331 2289 EX,
349 2249 471 2281 Dilectis
485 2250 536 2281 fibi
570 2250 685 2281 Roberto
708 2251 834 2281 Gosholm
849 2275 858 2290 ,
887 2251 1031 2283 Wllielmo
1046 2255 1119 2291 Lae,
1139 2250 1239 2283 Nicho-

217 2324 237 2354 S
259 2289 302 2334 laq
317 2292 427 2357 Dqu,
441 2290 475 2321 &
491 2273 620 2328 Jossanni
637 2288 765 2328 Archer,
781 2290 915 2322 Salutem.

240 2337 313 2358 Clatls
347 2338 385 2358 uo

219 2364 301 2396 Cam
316 2337 511 2401 d‘lieeu'Ligei
526 2365 616 2397 nostri
630 2366 774 2398 Homines
788 2366 874 2398 vina
887 2367 922 2399 de
938 2368 989 2399 Est
1004 2368 1125 2407 Tilbury
1139 2370 1168 2398 in
1175 2367 1239 2398 Co-

183 2407 283 2436 mitatu
299 2403 437 2443 Effiexiae,
455 2403 672 2435 Considerantes
708 2406 773 2435 uam
790 2415 896 2444 magna
911 2407 1239 2446 Deperdita,Dampna,

182 2445 217 2475 ὅς
233 2441 446 2472 Destruetiones
464 2464 473 2479 ,
494 2453 556 2480 quae
571 2443 666 2474 eidem
713 2444 768 2474 illae
782 2467 792 2482 ,
809 2454 858 2482 per
874 2445 1105 2483 Applicationem
1122 2445 1241 2475 Franci-

181 2490 317 2523 genarum
335 2481 369 2511 &
391 2479 512 2510 aliorum
532 2480 722 2512 inimicorum
746 2482 854 2513 ibidem
867 2506 877 2521 ,
903 2484 1080 2521 temporibus
1095 2483 1240 2514 retroactis

181 2526 357 2555 evenerunt,
379 2519 542 2560 ¹majoraque
556 2541 566 2557 ,
593 2519 729 2550 Processu
752 2523 906 2558 temporis,
923 2523 984 2551 tam
1006 2521 1132 2558 ibidem,
1152 2521 1239 2560 quam

180 2558 311 2590 Partibus
328 2555 547 2593 AdJacentibus‚
565 2567 614 2593 per
629 2557 790 2594 hujusmodi
810 2559 951 2590 Inimicos
966 2584 976 2597 .,
995 2559 1145 2597 praesertim
1168 2568 1238 2589 cum

183 2596 259 2628 nulla
274 2594 325 2625 alia
341 2593 506 2632 Applicatio
521 2594 586 2623 alibi
602 2603 650 2631 per
665 2603 803 2630 magnum
820 2597 939 2633 spatium
952 2597 1065 2636 existat,
1085 2596 1242 2627 verisimili-

185 2643 226 2666 ter
241 2633 354 2665 evenire
370 2631 553 2662 formidantes
567 2656 576 2671 ,
592 2632 642 2662 nis1
656 2631 734 2669 super
749 2632 808 2663 hoc
824 2643 986 2671 congruum
1003 2635 1179 2665 Remedium
1195 2644 1243 2664 ce·-

186 2673 269 2705 letius
284 2678 454 2709 apponatur,
471 2680 521 2708 pro
545 2670 705 2708 hujusmodi
728 2670 891 2709 Deperditis
933 2672 1077 2710 Dampnis
1091 2695 1101 2710 ‚
1121 2673 1154 2703 ὃ(
1178 2672 1242 2703 De-

187 2709 388 2742 strufflonibus
402 2708 555 2747 evitandis,
574 2710 608 2740 δε
622 2716 654 2739 ut
667 2710 776 2746 caeteri,
794 2709 874 2748 super
891 2695 1023 2741 Costeras
1045 2711 1136 2741 Maris
1150 2710 1241 2742 Habi-

185 2757 291 2787 tantes,
307 2747 492 2778 conformiter
515 2747 607 2778 facere
622 2747 710 2778 corda
729 2747 866 2778 affumant
878 2749 1023 2788 hilariora,
1042 2750 1149 2780 Villam
1171 2759 1242 2787 prae-

185 2789 292 2819 dietam
327 2796 355 2816 er
368 2785 518 2816 Costeram
535 2785 640 2823 Maris,
657 2795 727 2816 cum
741 2786 867 2824 quodam
890 2786 982 2818 Muro
1005 2788 1121 2826 Terrae,
1139 2787 1242 2818 Garet-

185 2828 240 2865 tis,
253 2826 297 2855 alii
310 2835 364 2862 que
377 2823 485 2861 modis,
503 2825 603 2862 quibus
617 2832 765 2862 poterunt,
781 2826 811 2855 in
825 2832 902 2863 parte
918 2825 1068 2857 fortificare
1082 2834 1242 2864 proponant

190 2867 226 2897 δε
240 2862 384 2894 intendant
399 2870 428 2892 ut
443 2864 621 2900 accepimus,

222 2902 307 2940 Nos,
324 2900 503 2931 Attendenres
520 2900 602 2932 Piam
617 2900 809 2933 Intentionem
828 2902 998 2934 Hominum
1020 2903 1243 2942 praedictorum,

187 2951 222 2973 ac
236 2939 400 2981 quamplura
411 2938 489 2969 Bona
504 2940 539 2970 ὃς
554 2939 739 2978 Commoda,
755 2950 820 2979 quae
839 2940 923 2971 Villae
938 2943 971 2974 ὃς
987 2941 1115 2972 Partibus
1123 2941 1243 2980 praedic-

191 2981 242 3018 tis,
258 2989 305 3017 per
319 2978 389 3008 dieti
410 2977 550 3014 Propofiti
572 2977 831 3015 Complementum
844 3001 853 3017 ,
873 2988 1006 3016 poterunt
1021 2981 1191 3019 redundare,
1210 2982 1244 3012 &

190 3026 221 3048 ut
237 3017 350 3047 [nimici
365 3015 472 3054 nostri,
491 3025 588 3046 coram
603 3016 682 3047 dieta
697 3017 771 3047 Villa
784 3017 819 3048 de
834 3018 880 3047 die
895 3019 922 3048 in
936 3018 1014 3049 diem
1029 3019 1148 3049 velantes
1159 3019 1246 3057 ,cum

190 3056 228 3086 de
251 3054 460 3085 Fortificatione
480 3050 639 3091 hujusmodi
660 3053 782 3092 ejusdem
805 3055 890 3086 Villae
912 3057 1060 3087 Notitiam
1081 3058 1248 3095 habuerint,

191 3094 307 3164 &quarn
319 3092 473 3123 Thamifiae
483 3092 572 3123 modo
587 3092 734 3127 Guerrino
742 3093 778 3124 de
793 3102 899 3125 caetero
915 3095 1017 3125 intrare
1031 3097 1118 3134 magis
1130 3096 1248 3126 timeant

243 3138 349 3163 eV1tent

233 3170 280 3201 Ad
304 3153 545 3207 Sup’plicationem
567 3170 691 3208 ipsorum
714 3169 882 3202 Hominum
897 3193 907 3209 ,
928 3181 962 3202 ac
984 3180 1098 3211 propter
1113 3171 1250 3210 Indigen-

196 3209 282 3246 tiam,
299 3207 493 3245 Paupertatem
503 3231 514 3246 ,
531 3210 565 3240 &
581 3208 711 3246 Inopiam
728 3211 915 3248 eorumdem,

237 3245 444 3285 Affignavimus
458 3256 525 3284 vos,
541 3247 630 3285 Tres,
648 3249 681 3279 &
697 3247 781 3278 Duos
796 3246 941 3286 vestrum,
959 3247 994 3278 ad
1007 3256 1052 3279 tot
1066 3249 1099 3279 &
1113 3248 1178 3279 tales
1194 3248 1251 3279 La-

197 3284 342 3314 boratores
356 3284 389 3313 &
404 3284 534 3315 Artifices
548 3309 558 3323 ‚
575 3293 643 3325 quot
660 3295 712 3323 pro
727 3285 914 3324 Expeditione
929 3289 962 3318 &
976 3286 1155 3317 Perstffione
1171 3286 1252 3325 Ope-

199 3324 238 3353 ris
252 3320 380 3360 praedieu
398 3322 543 3352 neceffarii
564 3323 687 3362 fuerint,
705 3325 764 3354 tam
788 3325 860 3355 infra
883 3325 1052 3363 Libertates,
1072 3326 1158 3363 quam
1178 3334 1252 3356 eittra

200 3359 319 3430 geodo
340 3358 473 3389 Ecclefiae
494 3360 643 3391 dumtaxat»
656 3364 794 3400 excepto)
814 3363 991 3400 Eligendum
1011 3364 1043 3394 &
1065 3364 1254 3401 capiendum,

224 3403 239 3421 '—
252 3397 364 3429 eosdem
379 3396 564 3428 Laboratores
576 3400 609 3430 δε
623 3399 767 3438 Artifices,
785 3402 815 3430 in
830 3400 1004 3439 Operatione
1018 3399 1077 3439 illa,
1096 3412 1148 3439 pro
1157 3402 1253 3432 Dena-

198 3438 245 3468 riis
267 3435 468 3474 praedidiorum
491 3434 675 3475 Hominum,
693 3439 732 3468 eis
745 3440 775 3468 in
789 3439 844 3469 hac
866 3448 962 3477 parte,
980 3448 1064 3477 prout
1087 3440 1158 3470 inter
1182 3440 1256 3478 ipsos

199 3474 344 3507 Homines
358 3474 391 3504 &
404 3473 534 3511 praefatos
550 3473 732 3506 Laboratores
744 3477 777 3506 &
793 3477 921 3508 Artifices
937 3479 1038 3515 poterit
1052 3479 1254 3509 rationabiliter

201 3512 388 3550 concordari,
405 3513 537 3550 prompte
551 3511 687 3543 solvendis
702 3535 712 3551 ,
731 3513 903 3546 Ponendum
916 3538 926 3554 ,
943 3515 1051 3546 ibidem
1064 3517 1199 3555 quamdiu
1214 3517 1256 3547 in-

205 3552 327 3589 diguerit
343 3558 515 3588 moraturos,

245 3588 284 3621 Et
294 3589 360 3620 ideo
375 3589 458 3619 vobis
471 3588 642 3620 Mandamus
656 3589 735 3627 quod
750 3591 824 3622 circa
838 3590 983 3623 Praemifl‘a
996 3593 1145 3631 diligenter
1159 3592 1255 3623 Inten-

207 3627 292 3667 datis,
309 3627 344 3658 &
357 3637 388 3657 ea
402 3627 507 3657 faciatis
523 3629 556 3659 ὅτ
571 3628 746 3665 exequamini
759 3630 787 3658 in
803 3629 909 3661 Forma
923 3631 1076 3670 praedieta,

247 3666 360 3696 Damus
372 3674 465 3696 autern
481 3666 613 3696 universis
634 3667 667 3697 ὃς
690 3666 801 3703 singulis
821 3667 1067 3707 vicecomitibus,
1084 3669 1260 3709 Majoribus,

208 3703 443 3742 Constabulariis,
459 3704 582 3742 Ballivis,
601 3703 754 3741 Ministris‚
771 3700 1008 3747 Laboratoribus,
1026 3708 1059 3739 &
1083 3707 1261 3747 Artificibus,

209 3752 245 3773 ac
261 3743 319 3773 aliis
332 3741 473 3772 Fidelibus
487 3742 520 3773 ὃς
534 3742 659 3773 Subditis
673 3743 771 3773 nostris
780 3765 789 3780 ,
807 3744 923 3775 Tenore
934 3745 1261 3785 Praesentium,firmiter

211 3781 242 3811 in
257 3779 399 3811 Mandatis
414 3780 492 3818 quod
508 3782 591 3811 vobis
605 3804 614 3818 ‚
633 3781 740 3811 Tribus
753 3803 763 3819 ,
782 3781 826 3811 vel
844 3781 965 3813 Duobus
977 3783 1121 3822 vestrum,
1139 3785 1169 3814 in
1183 3784 1259 3815 Prae-

210 3817 300 3849 miffis
313 3817 451 3886 {mendis
467 3819 500 3849 &
517 3819 685 3858 exequendis
698 3843 708 3858 ,
731 3818 847 3850 Pareant
862 3842 872 3857 ,
898 3822 1030 3855 obediant
1043 3845 1054 3861 ,
1071 3824 1105 3854 &
1120 3823 1264 3854 intendant

203 3863 301 3894 'prout
334 3864 404 3886 ecet.

256 3894 290 3925 In
305 3895 399 3932 eujuS,
417 3896 478 3926 ὅτε.
495 3904 544 3934 per
556 3904 643 3926 unum
659 3895 789 3927 Mensem
804 3895 949 3928 duraturas.

285 3931 373 3963 Teste
391 3932 477 3971 Rege
495 3933 569 3972 apud
587 3933 844 3976 Wstmonasterium
859 3958 870 3975 ‚
892 3936 960 3975 xvij.
978 3935 1024 3967 die
1036 3937 1111 3976 Julii.

995 4016 1049 4045 Per
1066 4016 1216 4049 Concilium.

253 4084 325 4115 Tom.
338 4086 395 4114 IV.
412 4086 445 4115 P.
461 4089 489 4117 1.

2251 205 2298 246 33

1457 306 1483 309 id
2308 271 2383 303 Ann.
2398 272 2442 313 Dg

2328 320 2415 349 1402.

1396 355 1445 386 De
1455 353 1620 399 festinando
1639 356 1683 388 ad
1700 359 1823 404 Regem,
1848 368 1950 392 contra
1970 360 2132 407 Willenfts.
2306 354 2369 378 Hm.
2391 363 2439 413 4·-

1248 434 1304 489 R
1314 436 1338 467 Ε
1349 438 1397 477 X,
1415 439 1591 470 Vicecomiti
1604 439 1821 477 Notinghamiae
1836 466 1845 481 ,
1864 443 1993 476 Salutem.
2310 457 2385 489 Am¹
2400 458 2432 488 D

1324 476 1520 519 ''Recolentes
1535 478 1754 520 qualiterdileeti
1775 481 1859 517 Ligei
1881 483 1968 513 nostri
1984 483 2108 523 Milites,
2128 484 2291 525 Armigeri,
2338 506 2349 525 1
2374 507 2412 526 02

1246 524 1280 544 ac
1296 513 1341 543 alu
1356 515 1486 545 homines
1502 515 1693 546 Defensabiles
1710 516 1869 548 Comitatus
1883 523 1921 549 tui
1937 544 1946 559 ,
1964 531 1996 551 ex
2013 533 2111 553 eorum
2129 525 2293 554 benivolen-
2310 539 2350 562 An
2416 518 2424 525 ’

1248 555 1286 582 tia
1297 552 1330 582 ὅτ’
1345 554 1448 583 sincera
1463 553 1614 587 affeetione
1629 576 1639 590 ,
1662 554 1808 584 nobiscum
1825 557 1853 585 in
1869 557 1993 589 Partibus
2007 560 2120 592 Walliae
2136 585 2144 600 ,
2161 563 2194 593 ad
2210 563 2295 593 Mali·
2312 578 2338 600 H
2357 556 2362 561 ⁴
2379 545 2405 571 3⁶

1249 592 1317 620 tiam
1341 593 1374 622 ὃς
1394 591 1570 624 Proterviam
1594 595 1689 621 Owim'
1710 592 1878 633 Glyndourdy
1893 617 1902 632 ,
1928 607 1960 626 ac
1984 598 2101 629 aliorum
2131 601 2295 632 Rebellium
2313 596 2398 647 ciffis]

1249 627 1407 660 nostrorum
1433 632 1551 667 partium
1577 630 1683 659 illarum
1716 630 1947 667 Reprimendum
1969 637 2000 665 &c
2023 637 2230 677 Reiistendum,
2263 640 2297 669 dc
2318 654 2342 676 H
2363 633 2368 637 ¹
2396 621 2444 685 ’123‘

1251 666 1392 735 Maniliato
1412 668 1510 699 nostro
1521 668 1690 706 jampridem
1712 669 1913 705 interfuerunt,
1933 673 2005 702 unde
2027 676 2065 704 eis
2080 686 2135 706 non
2154 679 2299 708 immerito
2318 697 2332 714 2
2346 660 2439 715 „iod

1252 713 1329 743 gratu
1341 716 1438 744 amur,
2336 711 2344 719 ”
2440 709 2447 723 ³

1290 743 1519 782 Intendentesque
1537 745 1566 774 in
1586 744 1702 781 Propria
1721 744 1841 776 Persona
1859 746 1952 776 nostra
1971 749 2062 779 versus
2080 752 2185 782 easdem
2206 753 2297 784 Manu

1255 780 1343 819 forti,
1365 782 1399 812 ad
1418 783 1576 820 hujusmodi
1598 783 1728 813 Rebelles
1745 784 1855 814 nostros
1869 807 1878 822 ,
1894 786 1940 822 qui
1960 786 1987 815 in
2006 787 2172 828 Montibus,
2192 792 2302 830 Boscis,

1255 820 1288 850 ὃ(
1306 820 1362 849 aliis
1381 822 1468 850 Locis
1485 820 1602 851 Secretis
1619 821 1694 858 prius
1710 821 1860 861 latitabant,
1879 833 2048 861 quamquam
2065 828 2098 856 ad
2116 828 2170 858 hoc
2189 840 2302 867 propter

1257 860 1392 895 temporis
1412 860 1575 888 brevitatem
1596 862 1698 889 adtunc
1717 870 1814 889 vacare
1831 861 1848 878 ³*
1867 863 2041 900 nequivimus
2066 865 2150 901 (cum
2176 866 2241 896 Deo
2257 870 2304 899 ad-
2319 884 2338 903 ῃ
2367 883 2451 910 vti‘*

1253 896 1378 933 jutorio)
1399 896 1606 934 insequendum
1624 898 1657 928 &
1676 897 1902 936 Destruendum,
1921 910 1972 929 nos
1986 902 2086 932 iterato
2105 905 2247 934 transferre
2260 908 2304 936 in·
2427 888 2450 911 ¹⁶

1256 933 1298 964 fra
1320 935 1402 965 breve
1418 958 1427 973 ,
1454 937 1486 966 ὅ(
1510 935 1616 965 ibidem
1639 945 1687 973 per
1710 937 1872 973 quindecim
1896 938 1954 967 dies
1979 949 2031 976 pro
2049 940 2137 971 nostri
2157 943 2189 972 ὃς
2208 946 2304 980 Regni
2356 931 2417 956 ²7⁷⁹

1256 972 1342 1003 nostri
1361 975 1453 1012 quiete
1469 975 1501 1004 ὃς
1515 973 1758 1011 tranquillitate,in
1774 973 1884 1005 finalem
1900 976 2131 1009 Destructionem
2146 980 2307 1013 Rebellium

1256 1011 1478 1049 przedidtorum,
1495 1020 1525 1042 ut
1540 1013 1692 1050 speramus,
1712 1014 1893 1051 continuare,

1296 1050 1366 1080 Tibi
1386 1051 1570 1088 Praecipimus
1587 1050 1703 1080 firmiter
1721 1052 1898 1089 injungentes
1917 1053 1996 1091 quod
2015 1054 2108 1086 statim
2123 1079 2133 1095 ,
2152 1057 2212 1087 vifis
2231 1057 2307 1089 Prae-

1258 1087 1396 1127 sentibus,
1414 1090 1442 1118 in
1460 1090 1568 1128 lingulis
1585 1088 1771 1127 Civitatibus,
1789 1090 1904 1128 Bru-gis,
1922 1095 1955 1123 ὃς
1975 1093 2053 1123 Villis
2072 1094 2306 1134 Mercatoriis‚ac

1258 1127 1315 1156 aliis
1335 1127 1420 1157 Locis
1437 1129 1466 1157 in
1485 1128 1585 1158 Balliva
1604 1136 1648 1158 tua
1666 1128 1714 1157 ubi
1733 1130 1819 1168 magis
1844 1131 1974 1166 expedire
2000 1132 2097 1162 videris
2111 1156 2120 1171 ,
2139 1133 2260 1166 Publice
2276 1144 2310 1166 ex

1259 1174 1335 1203 parte
1351 1166 1444 1195 nostra
1462 1166 1635 1196 Proclamari
1653 1165 1735 1196 facias
1751 1189 1760 1204 ,
1777 1168 1856 1206 quod
1876 1168 1988 1198 Omnes
2007 1171 2038 1200 δε
2058 1171 2166 1208 Singuli
2186 1173 2310 1212 Milites,

1262 1203 1405 1240 Armigeri
1417 1226 1426 1241 ,
1443 1204 1475 1234 δε
1492 1204 1629 1242 Sagittarii
1646 1227 1655 1241 ,
1671 1214 1703 1234 ac
1723 1204 1769 1234 alii
1787 1207 1916 1236 homines
1936 1206 2126 1239 Defensabiles
2144 1210 2310 1242 Comitatus

1262 1242 1302 1270 tui
1317 1264 1326 1280 ‚
1353 1241 1430 1284 super
1453 1242 1521 1272 Fide
1540 1243 1573 1272 &
1591 1242 1735 1278 Ligeantia
1753 1243 1804 1273 suis
1816 1266 1826 1281 ,
1851 1252 1883 1274 ac
1901 1245 1950 1275 sub
1967 1246 2148 1279 Forisfaetura
2167 1250 2311 1281 Omnium

1263 1289 1325 1317 quae
1344 1279 1443 1309 Nobis
1462 1279 1623 1310 forisfacere
1642 1289 1785 1318 poterunt,
1805 1283 1877 1311 bene
1893 1284 1924 1313 ὅ(
1940 1283 2106 1316 sufficienter
2125 1288 2239 1318 Arraiati
2251 1312 2260 1327 ,
2278 1299 2311 1319 ac

1264 1318 1360 1348 Armis
1377 1317 1485 1356 aliisque
1505 1317 1662 1355 Hernefiis,
1681 1319 1713 1348 δε
1734 1318 1908 1349 Victualibus
1927 1325 2044 1361 muniti,
2063 1325 2208 1366 videlicet,
2230 1328 2311 1365 quili-

1265 1357 1313 1386 bet
1331 1366 1430 1386 eorum
1447 1358 1523 1394 juxta
1540 1355 1631 1386 Status
1648 1357 1686 1386 sui
1704 1357 1885 1395 exigentiam,
1895 1369 1976 1395 penes
1992 1362 2171 1394 Praesentiam
2190 1369 2314 1396 nostram

1265 1394 1337 1432 apud
1355 1394 1497 1431 salopiam
1515 1394 1540 1425 se
1558 1395 1679 1432 trahant,
1699 1405 1863 1433 properent,
1882 1399 1913 1426 bc
1934 1397 2062 1430 festinent
2077 1423 2086 1438 ,
2104 1401 2145 1433 Ita
2164 1404 2242 1441 quod
2262 1405 2316 1435 fiut

1267 1432 1371 1462 ibidem
1385 1455 1395 1470 ,
1414 1432 1549 1463 vicefimo
1567 1433 1684 1473 septimo
1702 1432 1748 1462 die
1775 1434 1889 1473 Augusti
1915 1438 2048 1472 proximo
2076 1440 2169 1470 futuro
2194 1442 2228 1472 ad
2251 1444 2316 1472 ulti-

1269 1481 1349 1500 mum
1364 1494 1373 1508 ,
1400 1470 1565 1501 Nobiscum
1583 1473 1612 1500 in
1632 1472 1778 1508 Obsequio
1794 1473 1892 1502 nostro
1906 1495 1915 1510 ,
1940 1475 2029 1505 versus
2048 1476 2140 1508 Partes
2155 1480 2300 1516 praedietas

1268 1519 1302 1539 ex
1321 1508 1414 1539 Cauiis
1433 1508 1584 1539 Praemiffis
1599 1510 1775 1549 profecturi,
1800 1510 1835 1540 Et
1859 1511 1915 1541 hoc
1944 1511 2021 1549 super
2041 1513 2108 1544 Fide
2125 1518 2156 1546 ὃ(
2174 1504 2321 1554 Ligeantia'x

1269 1548 1337 1585 tuis,
1355 1558 1388 1577 ac
1407 1548 1473 1577 sicut
1493 1548 1574 1586 Nos,
1592 1549 1624 1579 ὃς
1643 1548 1791 1578 Honorem
1811 1548 1958 1588 nostrum,
1977 1550 2235 1594 Defensionemque
2251 1557 2320 1587 dieti

1270 1585 1363 1624 Regni
1378 1586 1465 1615 nostri
1481 1585 1592 1624 diligis,
1611 1586 1761 1616 nullatenus
1775 1589 1895 1617 omittas.

1308 1624 1396 1655 Teste
1416 1624 1496 1663 Rege
1511 1625 1585 1662 apud
1601 1624 1874 1664 westmonasterium,
1893 1627 1955 1655 xxxi
1973 1626 2020 1658 die
2030 1627 2105 1666 Julii.

1814 1703 1867 1731 Per
1875 1700 1960 1741 ipfhm
1975 1707 2070 1742 Regem
2084 1705 2122 1741 ό*
2137 1708 2286 1749 Constlium.

1273 1777 1437 1809 Confimilia
1454 1777 1552 1809 Brevia
1569 1778 1730 1815 diriguntur
1747 1777 2039 1823 subscriptis,mutatis
2054 1784 2194 1815 mutandis
2200 1786 2266 1824 ,sub
2280 1798 2325 1824 ea7

1619 1818 1687 1848 dem
1707 1818 1796 1855 Data,
1814 1819 1963 1856 videlicet,

1310 1896 1456 1923 Vicecomiti
1473 1893 1599 1933 Leicestr.

1310 1935 1458 1962 Vicecomiti
1475 1933 1686 1971 Northampton.

1311 1972 1458 2000 Vicecomiti
1476 1970 1657 2008 Buks‘ngham.

1311 2011 1460 2039 Vicecomiti
1478 2011 1601 2039 Lincoln.

1311 2050 1461 2077 Vicecomiti
1479 2048 1607 2077 Cantehr.
1628 2045 1665 2082 ὠ·
1685 2049 1774 2078 Hunt,

1309 2085 1475 2116 Cancellario
1493 2089 1571 2124 Regis
1591 2090 1619 2117 in
1638 2090 1775 2116 comitatu
1795 2086 1845 2126 fico
1864 2085 1995 2119 Palatino
2013 2090 2161 2130 Lancastr:

1273 2162 1599 2219 REX,Vicecomiti
1616 2163 1712 2194 Oxon.
1730 2164 1763 2195 &
1782 2164 1861 2195 Berk.
1879 2164 2011 2197 Salutem.

1366 2202 1536 2234 Recolentes
1549 2202 1738 2240 qualiter‚&c.
1755 2210 1786 2231 ut
1794 2203 1877 2242 fitpra
1892 2203 1971 2244 usque
1985 2206 2022 2235 ibi
2031 2228 2039 2243 ,
2048 2215 2131 2244 penes
2143 2207 2330 2250 Praesenrfamg

1275 2242 1315 2278 &
1330 2248 1393 2271 tunc
1407 2241 1460 2281 fic,
1477 2241 1616 2271 Edmundi
1629 2244 1738 2270 Comitis
1753 2242 1890 2281 Staffbra',
1899 2244 1932 2274 δε
1944 2246 2057 2274 Ricardi
2070 2249 2179 2275 Comstis
2195 2250 2332 2278 PVarrwi·⁴

1277 2293 1332 2319 cae,
1351 2290 1384 2311 ac
1399 2283 1575 2310 Dominarum
1590 2279 1622 2309 de
1637 2282 1707 2318 Grey
1719 2303 1729 2318 ,
1747 2280 1901 2319 d’Audeley
1917 2305 1926 2320 ,
1946 2285 2101 2323 Bergeveny
2110 2306 2119 2321 ‚
2137 2285 2171 2315 ὃς
2186 2286 2331 2328 Berkeley‚

1277 2319 1350 2358 apud
1377 2318 1530 2348 Civitatem
1552 2317 1732 2348 Herefordiae
1753 2318 1779 2349 se
1803 2319 1909 2349 trahant
1927 2343 1936 2358 ,
1953 2330 2005 2357 pro
2026 2330 2118 2358 erent,
2138 2323 2171 2353 &
2188 2323 2334 2366 festinent,

1278 2360 1315 2389 ita
1330 2357 1409 2397 qu‘od
1424 2357 1473 2386 sint
1489 2356 1614 2395 ibidem,
1631 2356 1777 2387 Vicesimo
1794 2356 1923 2394 Septimo
1940 2359 1984 2387 die
2030 2359 2121 2395 ugusti
2142 2362 2274 2397 proximo
2290 2364 2335 2394 fu-

1279 2405 1343 2427 turo
1355 2395 1392 2425 'ad
1407 2395 1558 2432 ultimum,
1575 2396 1604 2424 in
1619 2393 1764 2424 Comitiva
1779 2394 1900 2431 ipsorum
1918 2394 2069 2426 Comitum
2083 2398 2116 2427 &
2130 2397 2337 2441 Domin01·um‚‘

1281 2436 1309 2464 in
1325 2434 1470 2470 Obsequio
1484 2431 1601 2469 nostro,
1618 2432 1708 2462 versus
1728 2432 1821 2462 Partes
1843 2432 2007 2472 praeditfitas,
2025 2444 2059 2465 ex
2081 2435 2176 2467 Caufis
2191 2441 2337 2475 praemiffis

1279 2471 1431 2510 proffidturi
1441 2492 1451 2507 ,
1460 2470 1497 2500 Et
1510 2470 1567 2500 hoc
1577 2492 1587 2508 ,
1604 2467 1664 2504 &c.
1679 2477 1709 2498 ut
1716 2471 1809 2508 supra.

1316 2508 1404 2540 Teste
1420 2516 1451 2538 ut
1465 2509 1550 2547 supra.

1812 2544 1866 2576 Per
1884 2546 1964 2587 ipſstm
1981 2551 2075 2587 Regem
2094 2549 2131 2585 ὠ
2152 2552 2304 2585 Concilium.

1281 2623 1449 2655 Confimilia
1463 2622 1561 2654 Brevia
1579 2622 1737 2692 ἀὶῐίευιῧυῐ
1757 2623 1981 2693 νίςὲεῗτῃὶῑίὺυε
1994 2625 2224 2668 subscriptis,sub
2238 2630 2336 2662 eadem

1708 2670 1767 2701 ata,
1785 2672 1814 2693 vr
1835 2672 1937 2702 ercet,

1868 2742 2018 2771 Vicecomiti
2035 2743 2115 2781 Staff

1869 2781 2015 2808 Vicecomiti
2026 2781 2140 2818 Somerss

1870 2818 2019 2847 Vicecomiti
2036 2817 2153 2859 Brist'oll.

1319 2741 1468 2770 Vicecomiti
1484 2736 1626 2816 Glachstr.

1320 2781 1467 2808 Vicecomiti
1492 2779 1564 2806 Here
1579 2777 1634 2807 ord.

1318 2819 1464 2846 Vicecomiti
1484 2817 1603 2853 Wigorn.

1318 2857 1466 2885 Vicecomiti
1485 2856 1577 2884 Wrr.

1285 2931 1341 2985 R
1351 2931 1376 2962 E
1389 2931 1420 2962 X
1430 2954 1439 2969 ,
1455 2930 1635 2961 Vicecomiti
1651 2929 1787 2968 Derbiae,
1805 2929 1939 2962 Salutem.

1380 2970 1567 3008 Recolentes,
1586 2968 1647 3004 &c.
1663 2976 1694 2998 ut
1702 2967 1787 3011 fiepra
1799 2970 1882 3013 'usque
1898 2971 1936 3000 ibi
1951 2994 1960 3009 ,
1977 2973 2053 3010 juxta
2075 2972 2158 3004 status
2173 2974 2211 3005 sui
2226 2976 2342 3013 exigen«

1287 3007 1420 3046 tiam,&
1435 3015 1499 3037 tunc
1511 3007 1655 3046 fic,penes
1676 3007 1851 3038 Praelentiam
1879 3009 2020 3041 Cariffimi
2045 3013 2107 3042 Filii
2127 3013 2217 3043 nostri
2234 3016 2345 3045 Heizrici

1287 3049 1415 3115 Princsisis
1431 3045 1557 3084 Walliae,
1575 3045 1649 3083 apud
1665 3044 1819 3076 Civitatem
1837 3045 1972 3087 Cestriae,
1989 3049 2015 3080 se
2031 3051 2136 3080 trahant
2151 3073 2160 3089 ,
2179 3061 2344 3091 properent,

1286 3088 1320 3118 &
1335 3086 1363 3115 fe
1389 3086 1483 3123 inent,
1503 3085 1539 3114 ita
1553 3084 1631 3122 quod
1648 3084 1697 3113 sint
1713 3083 1819 3114 ibidem
1837 3108 1846 3123 ,
1864 3085 2008 3117 Vicesimo
2024 3088 2152 3125 Septimo
2169 3090 2214 3119 die
2230 3091 2346 3129 Augusti

1288 3125 1422 3162 proximo
1444 3123 1537 3153 futuro
1557 3122 1591 3152 ad
1612 3121 1744 3152 ultimum
1761 3145 1770 3160 ,
1788 3123 1816 3152 in
1840 3122 1989 3156 Comitiva
2011 3127 2116 3163 przefati
2132 3127 2272 3165 Principis
2286 3152 2295 3166 ,
2314 3131 2345 3160 in

1288 3162 1423 3199 obsequio
1445 3160 1559 3199 nostro,
1577 3160 1668 3190 versus
1689 3160 1783 3192 Partes
1803 3161 1947 3199 praedietas
1962 3185 1971 3201 ‚
1998 3174 2032 3195 ex
2055 3164 2153 3195 Caufis
2184 3167 2346 3206 praemiffis,

1291 3199 1462 3240 prostituti,
1481 3200 1513 3230 &
1528 3200 1585 3229 hoc
1602 3198 1651 3229 sub
1668 3197 1755 3239 Fide,
1773 3198 1834 3234 &c.
1852 3207 1883 3229 ut
1892 3202 1987 3240 firpra.

1328 3237 1416 3270 Teste
1433 3247 1463 3268 ut
1480 3237 1568 3276 supra.

1814 3278 1868 3306 Per
1884 3276 1966 3316 ipstzm
1984 3279 2080 3315 Regem
2102 3278 2140 3313 όν
2156 3280 2309 3311 Concilium.

1330 3351 1466 3392 Confimile
1485 3355 1576 3382 Breve
1593 3352 1720 3390 dirigitur
1739 3353 1885 3383 Vicecomiti
1900 3353 2029 3392 Salopiae,
2060 3355 2094 3385 ub
2110 3356 2201 3386 eadem
2216 3360 2308 3388 Data.

1578 3476 1626 3507 De
1642 3474 1816 3519 Festinando
1833 3488 1935 3511 contra
1953 3481 2061 3515 Scotos.

1367 3559 1450 3599 EX,
1469 3560 1642 3591 Vicecomiti
1658 3561 1819 3592 Lincolniae
1862 3563 1995 3595 Salutem.
2363 3558 2438 3591 Ann.
2453 3559 2496 3594 DJ

1400 3600 1483 3630 Licet
1495 3609 1602 3637 nuper,
1620 3609 1666 3636 per
1684 3599 1770 3642 Breve
1786 3585 1914 3632 nostrum
1930 3625 1939 3640 ,
1958 3604 2031 3633 inter
2045 3612 2143 3634 caetera
2186 3604 2255 3634 Tibi
2272 3603 2350 3635 Prae-
2384 3607 2472 3637 1402*

1299 3639 1455 3678 ceperimus
1468 3638 1547 3677 quod
1560 3638 1588 3666 in
1605 3638 1717 3674 singulis
1731 3638 1898 3670 Civitatibus
1911 3661 1921 3677 ,
1940 3640 2036 3678 Burgis
2052 3664 2061 3679 ,
2079 3644 2112 3673 &
2138 3626 2213 3671 V'illis
2234 3642 2350 3674 Merca·
2365 3641 2415 3665 An.
2428 3647 2455 3674 3·

1300 3677 1392 3713 tonis,
1408 3686 1441 3706 ac
1456 3676 1511 3705 aliis
1530 3676 1617 3705 Locis
1631 3677 1661 3705 in
1675 3675 1825 3707 Comitatu
1840 3679 1996 3718 praedizflo,
2015 3681 2063 3710 ubi
2076 3679 2222 3717 expediens
2238 3681 2350 3712 foret&
2366 3680 2428 3702 Hen.
2442 3680 2473 3711 4:

1299 3714 1427 3751 necesse,
1444 3713 1563 3744 Publice
1585 3723 1618 3744 ex
1640 3722 1715 3751 parte
1740 3715 1833 3745 nostra
1856 3716 2026 3748 Proclamati
2043 3719 2144 3747 faceres
2159 3717 2239 3754 quod
2251 3729 2351 3750 omnes
2366 3716 2434 3750 Viag.
2450 3723 2476 3750 3-

1301 3752 1334 3782 &
1349 3752 1447 3788 finguli
1464 3751 1586 3789 Milites,
1606 3752 1767 3794 Armigeri,
1785 3753 1817 3783 δε
1834 3753 1935 3785 Valetti
1954 3755 1972 3774 ²*
1990 3755 2026 3785 de
2039 3755 2185 3785 Comitatu
2201 3757 2349 3796 praedidto,
2363 3757 2388 3779 H
2411 3762 2438 3787 4-
2455 3753 2495 3781 Μ

1300 3789 1378 3825 super
1394 3790 1460 3820 Fide
1474 3790 1506 3820 δε
1524 3791 1667 3826 Ligeantia
1682 3790 1751 3829 suis,
1769 3802 1802 3822 ac
1817 3793 1866 3822 sub
1881 3793 2062 3824 forisfactura
2074 3794 2203 3822 omnium
2220 3805 2282 3832 quae
2295 3806 2348 3827 no-
2366 3792 2410 3817 2⁶·

1300 3827 1344 3857 bis
1364 3827 1519 3858 forisfacere
1540 3834 1686 3866 poterunt,
1703 3829 1814 3859 meliori
1835 3832 1868 3861 &
1891 3830 2021 3861 securiori
2041 3830 2127 3860 modo
2148 3831 2309 3872 sciverunt,
2327 3827 2379 3865 se*
2391 3829 2475 3856 v111:

1303 3865 1417 3904 Parent,
1434 3867 1565 3904 arraient,
1583 3868 1616 3897 ὃς
1630 3868 1721 3897 Armis
1738 3869 1879 3905 muniant,
1897 3869 2165 3906 videlicet,quilibet
2180 3880 2279 3902 eorum
2288 3874 2352 3911 jux·
2395 3875 2460 3903 ²7³·

1305 3911 1332 3933 ta
1347 3903 1431 3934 status
1451 3904 1490 3934 sui
1507 3905 1673 3943 exigentiam
1688 3928 1698 3943 ,
1714 3906 1819 3944 ipsique
1841 3907 1877 3936 sic
1901 3906 2013 3944 Parati,
2032 3906 2149 3937 Arraiati
2169 3909 2202 3938 δε
2224 3905 2355 3950 Muniti,

1306 3950 1390 3979 penes
1413 3941 1593 3973 Praesentiam
1613 3943 1738 3974 nostram
1760 3944 1832 3981 apud
1855 3943 1996 3981 salopiam
2013 3965 2022 3981 ,
2048 3944 2081 3973 ad
2103 3954 2212 3976 certum
2228 3947 2306 3979 diem
2324 3950 2355 3979 in

1304 3979 1386 4010 dieto
1407 3980 1490 4011 Brevi
1505 3988 1687 4019 contentum,
1705 3981 1732 4011 se
1745 3983 1940 4019 traherent,ad
1956 3980 2195 4014 proficiscendum
2209 3986 2361 4018 nobiscum

1309 4017 1403 4048 versus
1423 4026 1509 4056 partes
1532 4018 1649 4050 Walliae
1684 4019 1719 4049 ad
1744 4019 1923 4050 Proterviam
1945 4019 1978 4049 &
2001 4019 2143 4051 Malitiam
2167 4026 2359 4060 Owim'Glyn-

1313 4056 1412 4096 dourdy
1430 4078 1440 4095 ‚
1462 4066 1496 4088 ac
1517 4057 1634 4088 aliorum
1656 4042 1819 4125 Regellium
1838 4056 2002 4087 nostrorum
2023 4058 2058 4089 de
2081 4057 2208 4091 Partibus
2228 4062 2296 4099 illis,
2312 4063 2363 4099 qui

2269 4108 2367 4131 Contra
