2562 4274
211 65 265 106 24
698 54 1936 114 CONVENTIONES‚LITERAE,

58 138 135 170 Ann.
154 138 192 170 D.
211 139 389 172 Guerrarum
401 139 595 172 Abstinentias
604 143 782 180 attemptari„
801 142 878 173 idem
891 146 962 174 Dux
976 143 1098 183 Villam,
1117 143 1272 185 Castrum,
1345 146 1432 186 Nos,
2393 158 2471 190 Ann.
2487 157 2528 191 D.

79 186 164 216 1417.
213 179 391 223 fortalitium
405 202 414 217 ‚
439 181 485 210 seu
507 179 624 224 Locum
644 180 804 218 hujusmodi
825 191 1055 227 quemcumque,
1073 183 1111 228 sic
1129 183 1272 227 Captum,
1351 186 1485 225 Ejusdem
1507 188 1610 220 Fratris
1632 190 1665 222 &
1680 189 1894 228 Consanguinei
1911 190 2000 223 nostri
2013 191 2254 226 Postulationibus
2267 193 2378 227 affiduis
2421 207 2510 237 1417.

57 218 119 246 rien.
139 227 166 255 5.
211 227 240 247 in
256 217 344 257 statu,
361 219 434 248 adeo
450 227 644 256 competenti,
662 219 732 250 sicut
743 228 801 250 erat
822 228 953 259 tempore
965 220 1115 259 Captionis
1130 222 1273 261 ejusdem,
1314 224 1499 262 (attendentes
1511 229 1593 265 quod
1609 238 1641 258 ea
1656 239 1720 267 quae
1734 228 1817 261 Pacis
1831 230 1894 261 sunt
1908 231 2001 269 rogat)
2018 232 2159 272 inclinati,
2392 240 2456 266 Hen.
2472 246 2506 274 ς.-

35 1654 125 1685 *DL

35 1704 101 1732 5¹3·

208 255 261 286 suis
273 256 437 295 Sumptibus
449 258 483 287 &
499 256 659 287 Laboribus
672 280 683 296 ,
706 259 789 288 nobis
802 257 927 299 restitui,
944 269 978 291 ac
992 259 1071 299 quod
1086 260 1123 292 fic
1138 261 1274 300 Attemp-

208 303 299 325 tatum
313 295 394 326 fuerit
406 295 524 332 reparari
541 295 624 326 faciet
640 295 764 327 indilate.

244 332 290 363 IT
301 343 318 364 r:
329 342 357 364 M
371 356 381 371 ,
400 333 480 370 quod
495 356 505 371 ,
522 333 541 363 fi
563 334 710 373 contingat
733 334 835 366 Villam
850 360 860 374 ,
885 335 1019 368 Castrum
1035 360 1045 376 ,
1071 337 1248 370 Fortalitium
1262 363 1273 378 ,

206 380 254 402 aut
272 371 358 401 alium
380 381 594 410 quemcumque
616 371 733 404 Locum
746 396 756 412 ,
781 375 865 405 nobis
884 375 1041 414 subjedium
1056 398 1066 413 ‚
1083 387 1099 407 a
1114 377 1208 416 Ligeis
1223 387 1270 409 aut

205 408 328 440 Subditis
349 408 464 448 praefati
486 413 593 449 Ducis,
620 419 695 442 extra
717 410 868 444 Ducatum
890 414 1059 451 praedictum
1073 415 1270 454 existentibus,

205 447 319 486 invadi,
335 448 380 479 seu
398 448 488 487 Capi,
504 449 580 480 idem
598 452 684 489 Dux,
703 453 851 489 quamcito
867 451 924 482 fieri
941 454 1061 490 poterit,
1078 455 1222 492 praecipiet
1234 456 1268 486 &

204 486 349 517 mandabit
363 487 425 525 ipfis
439 488 490 518 suis
507 487 620 527 Ligeis,
639 490 672 519 &
687 489 828 528 Subditis,
849 490 887 520 sic
903 490 1101 522 invadentibus
1115 515 1125 530 ,
1150 492 1196 523 seu
1210 491 1269 523 Ca-

201 525 359 563 pientibus‚
377 526 459 564 quod
477 526 597 566 Villam,
616 526 769 567 Castrum,
789 528 967 560 Fortalitium
983 552 992 567 ,
1016 529 1061 560 seu
1076 531 1212 569 Locum,
1228 531 1266 562 fic

202 563 351 602 invasum,
368 564 468 595 Nobis
481 565 585 604 absque
599 565 733 597 dilatione
744 566 905 604 restituant,
925 578 1026 598 contra
1040 579 1113 607 quos
1129 569 1162 607 (fi
1177 568 1267 600 Man-

202 601 274 632 datis
287 602 445 640 hujusmodi
459 613 517 634 nori
531 606 684 642 paruerint)
708 605 845 643 procedet
858 605 936 636 idem
949 609 1036 644 Dux,
1054 608 1087 639 &
1103 618 1152 639 eos
1167 609 1266 646 puniet

202 649 335 679 tanquam
350 642 560 681 Attemptantes
574 652 672 674 contra
686 643 834 683 Treugas‚
853 644 886 675 &
898 644 1056 676 Violatores
1072 646 1248 678 earumdem.

238 679 251 709 l
265 688 288 710 Τ
299 689 316 711 E
328 689 355 711 M
370 703 380 719 ,
398 681 497 719 quod,
515 680 631 712 durante
650 691 780 721 tempore
802 683 941 721 praedicto
954 707 965 722 ,
990 694 1050 714 non
1066 686 1264 723 permittemus

200 717 317 754 (scilicet
331 742 340 756 ,
366 719 472 761 Nofipfi
485 744 495 758 ,
522 730 575 751 nec
591 720 730 760 praefatur
751 722 840 759 Dux)
860 731 995 760 quatenus
1013 724 1040 753 in
1059 725 1143 754 nobis
1155 724 1214 762 est,
1233 726 1263 755 in

197 756 293 795 aliquo
317 758 457 789 Portuum
477 758 643 789 nostrorum
663 760 778 791 adunari
791 761 838 791 seu
854 762 1022 800 congregari
1036 761 1198 799 Navigium
1215 763 1265 794 ali-

198 796 278 833 quod
300 796 484 828 Armatorum
505 797 540 828 ad
563 797 735 836 Dampnum
750 821 760 837 ,
784 798 952 830 Molestiam
967 822 977 838 ,
1000 800 1046 830 seu
1059 800 1262 840 Praejudicium

196 833 244 865 alii
258 834 393 866 nostrum
406 835 586 867 inserendum
601 836 645 867 seu
661 837 834 868 faciendum.

238 872 308 905 ITE
321 883 347 905 M
364 897 374 912 ‚
391 874 489 913 quod,
508 874 527 904 si
550 874 643 913 aliqua
663 876 698 905 de
714 875 806 906 Causa
820 876 973 915 contigerit
987 876 1108 915 Ligeos,
1127 877 1173 908 seu
1189 877 1263 909 Sub-

197 910 273 942 ditos
286 913 414 951 nostros,
434 913 584 951 Armatos,
601 913 646 944 vel
661 914 718 944 fine
731 914 841 952 Armis,
860 915 961 945 intrare
976 915 1100 952 aliquem
1120 914 1260 947 Portuum

192 950 311 990 praefati
329 954 425 989 Ducis,
444 951 502 982 illic
516 952 671 983 manebunt
684 954 717 984 &
733 953 922 990 expee‘tabunt
937 953 1014 983 salvo
1029 955 1062 985 &
1078 954 1263 992 secure,abs-

197 999 253 1026 que
273 989 485 1028 Impedimento
509 1000 695 1029 quocumque
708 1014 718 1028 ,
753 990 958 1021 Molestatione
973 1014 983 1030 ,
1012 992 1057 1022 vel
1084 991 1261 1024 Gravamine

195 1027 265 1057 dieti
281 1030 383 1066 Ducis,
402 1037 448 1059 aut
464 1028 636 1066 Ligeorum,
656 1030 700 1060 vel
716 1029 904 1060 Subditorum
921 1029 1057 1069 suorum,
1072 1031 1106 1062 &
1121 1032 1261 1062 ministra-

194 1066 302 1095 buntur
321 1067 361 1096 eis
377 1089 387 1105 ‚
412 1069 532 1104 propriis
555 1077 656 1097 eorum
676 1067 860 1106 Sumptibus,
886 1068 901 1098 Ξι
916 1068 1040 1100 Subditis
1053 1070 1162 1108 praefati
1175 1074 1261 1101 Ducis

193 1103 331 1135 Vi&ualia
346 1106 513 1142 ncceflaria,
531 1105 648 1136 durante
663 1106 815 1145 Tempore
828 1106 995 1145 supradicio.

230 1142 339 1174 ITEM
354 1168 364 1181 ,
386 1144 526 1175 consimili
548 1145 639 1175 modo
654 1168 664 1184 ,
691 1146 710 1176 si
732 1147 883 1184 contigerit
904 1146 1008 1186 Ligeos
1021 1169 1031 1185 ,
1056 1147 1103 1178 seu
1124 1147 1261 1180 Subditos

185 1181 304 1222 pra-fati
317 1186 418 1220 Ducis,
437 1182 588 1222 Arm-arm,
605 1183 650 1214 vel
664 1183 721 1215 sine
736 1185 847 1222 Armis,
865 1185 967 1216 intrare
981 1185 1106 1223 aliquem
1114 1185 1256 1218 Portuum

191 1221 355 1251 nostrorum
365 1244 374 1260 ‚
393 1222 449 1253 illic
464 1223 622 1253 manebunt
635 1223 669 1254 &
683 1223 871 1260 expediabunt
883 1223 960 1254 salvo
975 1225 1008 1255 &
1023 1225 1137 1263 secure,
1155 1226 1258 1264 absque

192 1258 406 1298 Impedimento
427 1270 614 1300 quocumque
628 1286 637 1299 ,
660 1261 883 1299 Molestatione,
902 1262 946 1293 vel
964 1262 1140 1294 Gravamine
1153 1264 1261 1304 nostri,

193 1307 240 1329 aut
255 1299 427 1338 Ligeorum,
446 1300 492 1330 vel
506 1300 694 1331 Subditorum
709 1301 892 1338 nostrorum,
911 1301 944 1332 &
958 1301 1188 1333 ministrabuntur
1202 1305 1257 1343 eis,

192 1339 312 1375 propriis
327 1348 429 1369 eorum
444 1338 628 1377 SumptibuS,
643 1349 658 1370 a
675 1339 799 1370 Subditis
812 1339 913 1370 nostris
928 1339 1068 1371 Vidiualia
1090 1341 1256 1382 neceffaria,

190 1376 310 1407 durante
321 1385 452 1415 tempore
466 1377 632 1418 supradieto.

229 1414 301 1446 ΙΤΕ
312 1424 356 1455 ir,
375 1415 473 1455 und,
491 1417 594 1455 absque
607 1415 818 1456 impedimento
833 1426 1036 1456 quocumque,
1052 1418 1099 1449 vel
1114 1418 1256 1452 Molesta-

191 1454 269 1484 tione
286 1477 296 1492 ,
321 1463 369 1485 aut
389 1454 562 1487 Gravamine
577 1479 586 1494 ,
610 1455 628 1485 ἃ
650 1454 736 1486 Nobis
749 1456 798 1495 se‘u
821 1459 896 1485 Duce
908 1457 1063 1525 fpraedicro,
1081 1466 1128 1488 aut
1141 1459 1258 1496 alicujus

190 1492 324 1523 nostrum
347 1493 444 1530 Ligeis
458 1518 468 1531 .,
484 1494 530 1525 seu
544 1494 670 1525 Subditis
685 1494 857 1532 saepedit‘lis,
876 1495 904 1524 in
919 1495 1043 1534 erendis,
1059 1505 1194 1534 praetextu
1208 1498 1255 1528 vel

189 1534 342 1562 occasione
361 1532 536 1563 Guerrarum
552 1555 561 1571 ,
578 1532 763 1570 Hostilitatis,
782 1532 1014 1572 Reprisaliarum,
1035 1535 1080 1565 vel
1096 1535 1255 1574 Attempta—

188 1577 285 1600 torum
299 1579 399 1601 contra
413 1571 557 1609 ”ri-eugas,
567 1573 638 1602 inter
647 1570 715 1601 Nos
730 1573 763 1602 &
773 1570 924 1609 praefatum
940 1575 1060 1612 Ducem,
1077 1583 1124 1605 aut
1138 1573 1254 1606 Praede-

188 1609 309 1639 cessores
344 1610 388 1640 seu
405 1608 626 1640 Praedeceffores
638 1610 766 1647 nostros,
784 1611 858 1648 prius
874 1611 970 1650 initas,
988 1612 1033 1643 vel
1047 1613 1099 1643 alia
1115 1623 1253 1651 quacum-

189 1657 245 1684 que
267 1649 286 1667 *
305 1633 339 1678 de
361 1647 453 1679 Causa
466 1671 475 1686 ,
502 1648 584 1678 Lioei
604 1650 637 1679 &
659 1648 770 1679 Subditi
793 1649 883 1679 nostri
905 1660 974 1680 curn
996 1651 1047 1680 suis
1070 1650 1251 1684 Navibus&

189 1685 393 1724 Mercandisis,
412 1672 672 1725 Portust'erras,
688 1687 809 1725 Patrias,
827 1687 931 1726 Villas,
947 1690 980 1720 δε
997 1689 1049 1720 alia
1064 1689 1147 1721 Loca
1160 1691 1252 1728 supra-

186 1724 262 1755 dicffa
282 1735 474 1763 quaecumque
498 1726 606 1764 praefati
629 1729 730 1762 Ducis3
750 1736 803 1763 ac,
819 1736 834 1756 e
857 1728 996 1758 converso
1033 1728 1114 1767 Ligei
1129 1731 1163 1760 &
1176 1730 1252 1761 Sub-

185 1763 235 1793 diti
256 1763 382 1801 praedicti
404 1767 488 1794 Ducis
502 1787 512 1803 ,
540 1775 610 1795 cum
632 1763 765 1795 Navibus
784 1765 817 1795 &
839 1750 1024 1797 Mercandisis
1042 1767 1111 1806 suis,
1130 1766 1251 1807 Portus,

183 1800 305 1841 Terras,
322 1802 426 1833 Patrias
435 1826 445 1842 ,
456 1803 559 1839 Villas,
578 1804 611 1834 &
625 1803 676 1834 alia
690 1803 769 1834 Loca
782 1802 878 1834 nostra
893 1804 1027 1842 praedirfta
1042 1806 1150 1845 ingredi
1165 1816 1248 1845 pote-

183 1849 250 1871 runt
265 1842 298 1872 &
313 1843 429 1879 intrare,
450 1852 502 1880 pro
517 1841 692 1872 Victualibus
707 1865 717 1879 ,
745 1843 779 1874 ὅ(
794 1842 851 1872 aliis
868 1843 1097 1883 quibuscumque
1113 1843 1250 1876 Mercan-

182 1879 263 1917 disis,
282 1880 340 1910 illic
355 1878 490 1910 Emendis
501 1882 535 1912 ὃς
551 1879 715 1911 Vendendis
729 1904 739 1919 ‚
765 1890 799 1911 ac
821 1882 849 1910 in
863 1881 966 1912 eisdem
980 1882 1076 1913 secure
1094 1885 1201 1914 morari
1214 1885 1248 1915 ὃς

180 1918 360 1956 conversari,
379 1926 436 1949 tam
451 1919 488 1950 de
504 1919 562 1949 Die
575 1919 662 1957 quim
677 1919 713 1949 de
730 1918 850 1956 Nocte,
869 1921 903 1951 &
915 1921 1017 1951 abinde
1029 1921 1162 1952 recedere
1177 1933 1246 1954 cum

182 1966 286 1988 eorum
310 1957 393 1988 Bonis
417 1959 449 1989 δε
470 1957 654 1989 Mercandifis
668 1957 910 1997 quibuscumque,
929 1959 1046 1990 durante
1060 1969 1190 2000 tempore
1203 1962 1248 1993 su-

180 1996 329 2034 praditft03
349 1998 385 2027 ita
405 2005 501 2027 tamen
526 1996 604 2035 quod
626 1996 663 2027 de
677 1997 766 2028 Facto
782 1996 904 2027 Guerrae
916 1997 942 2028 se
959 2007 1020 2029 non
1036 1999 1245 2040 intromittant,

181 2044 236 2065 nec
251 2036 355 2066 intrent
367 2035 483 2073 aliquod
500 2035 674 2066 Fortalitium
688 2036 791 2075 absque
806 2035 920 2068 licentia
935 2035 1100 2076 Capitanei,
1119 2039 1165 2070 vel
1178 2039 1247 2070 alte-

180 2073 239 2104 rius
248 2073 282 2103 ad
297 2075 356 2112 ejus
372 2072 540 2105 Custodiam
556 2073 689 2112 deputati.

220 2111 265 2142 Ιτ
275 2121 328 2143 EM
338 2137 346 2151 ,
364 2112 482 2144 durante
500 2122 630 2153 tempore
650 2113 809 2152 supradicto
822 2139 832 2153 ,
858 2124 919 2146 non
943 2115 1079 2148 faciemus
1093 2126 1141 2148 aut
1155 2127 1247 2156 pone-

182 2159 259 2188 muS,
278 2162 330 2182 nec
345 2151 455 2182 Gentes
469 2151 573 2183 nostrae
586 2152 688 2183 facient
702 2152 747 2184 seu
763 2162 890 2193 ponent,
909 2153 1054 2185 Guerram
1069 2155 1115 2187 seu
1130 2155 1245 2188 Insidias

178 2188 261 2219 Villis
276 2190 372 2221 clausis
384 2213 393 2227 ,
421 2189 543 2229 Castris,
561 2201 595 2221 au
611 2191 773 2231 Fortalitiis,
791 2191 973 2223 existentibus
988 2194 1017 2223 in
1030 2195 1064 2225 &
1079 2194 1115 2225 de
1130 2195 1245 2235 Terris,

180 2227 297 2267 Patriis,
315 2238 361 2260 aut
383 2228 528 2260 Dominiis
541 2229 659 2269 praefati
683 2233 765 2260 Ducis
783 2231 917 2270 (superius
937 2242 998 2262 non
1014 2233 1184 2271 expressatis)
1201 2236 1245 2265 in-

179 2266 219 2296 fra
229 2267 365 2305 Regnum
377 2267 502 2299 Franci-se
517 2268 677 2300 constitutis
686 2292 695 2307 ,
710 2279 764 2300 nec
773 2269 953 2301 Hominibus
966 2271 1019 2301 suis
1032 2273 1081 2310 qui
1095 2273 1124 2302 in
1138 2272 1243 2304 eisdem

181 2305 261 2335 Villis
276 2329 285 2344 ,
313 2306 417 2337 Castris
429 2332 438 2345 ,
463 2317 510 2338 aut
524 2307 670 2338 Fortalitiis
685 2308 804 2348 fuerint,
823 2309 988 2339 dumtamen
1000 2310 1088 2341 iidem
1101 2310 1246 2343 Homines

180 2343 280 2375 Nobis
294 2354 340 2376 aut
356 2346 499 2377 Gentibus
517 2346 618 2377 nostris
637 2346 780 2377 Guerram
803 2357 863 2378 non
880 2348 981 2379 faciant
998 2359 1051 2379 nec
1065 2349 1245 2382 Adversarios

180 2382 292 2451 gostros
304 2393 450 2423 receptent
465 2384 499 2416 ad
515 2385 660 2416 Guerram
676 2385 776 2416 Nobis
796 2395 843 2417 aut
863 2385 1006 2417 Gentibus
1019 2388 1122 2419 nostris
1136 2389 1244 2421 facien-

204 2431 259 2451 iim.

216 2459 261 2489 IT
273 2470 289 2490 ε
301 2469 344 2499 Μ,
363 2462 443 2499 quod
452 2485 461 2501 ,
481 2462 501 2492 si
515 2463 660 2502 contingat
675 2464 798 2502 aliquem
815 2461 974 2501 Ligeorum
984 2487 993 2503 ,
1012 2474 1059 2497 aut
1073 2466 1244 2498 Subditorum

180 2497 326 2535 nostrorum
347 2509 393 2530 aut
412 2500 527 2539 prajfati
548 2504 632 2531 Ducis
643 2525 653 2538 ,
671 2511 771 2532 contra
785 2503 934 2540 praesentes
949 2503 1127 2535 Guerrarum
1145 2506 1244 2537 Absti-

179 2538 286 2566 neiitias
300 2537 540 2577 Attemptantem,
557 2550 605 2577 per
620 2539 734 2571 Partem
749 2540 824 2570 illam
834 2564 842 2578 ,
861 2551 960 2571 contra
974 2552 1059 2579 quarn
1070 2543 1106 2574 sic
1122 2552 1244 2583 attemp-

180 2576 278 2606 taverit
289 2575 378 2612 ‚Capi
386 2578 508 2614 ,carebit
524 2580 606 2608 omni
618 2578 780 2609 commodo
796 2579 974 2617 praesentium
987 2580 1241 2623 Abstinentiarum,

179 2624 234 2644 nec
248 2614 341 2643 eidem
356 2616 384 2644 in
397 2615 493 2652 aliquo
507 2616 611 2647 debent
626 2617 778 2656 suffragari.

217 2652 263 2683 Ιτ
275 2661 329 2683 ΕΜ
343 2677 352 2690 ,
377 2653 458 2691 quod
474 2676 484 2690 ,
511 2654 529 2683 si
551 2656 698 2692 contingat
717 2656 838 2693 aliquem
860 2656 1042 2694 praefatorum
1068 2658 1243 2699 Ligeorum,

178 2700 225 2723 aut
239 2691 408 2720 Subditorum
422 2691 585 2733 nostrorum,
603 2702 648 2724 aut
659 2693 882 2762 pratfatiDucis,
902 2696 1049 2732 praemisiis
1058 2696 1243 2729 Conventio-

176 2730 276 2765 nibus,
295 2739 340 2760 aut
354 2740 455 2761 eorum
470 2731 567 2767 alicui,
586 2731 697 2762 Contra
709 2742 805 2771 acere,
822 2733 867 2764 seu
880 2732 1106 2774 Contravenire,
1146 2737 1240 2768 erhoc

181 2768 298 2807 praesens
312 2768 484 2800 Guerrarum
497 2769 675 2801 Abstinentia
688 2781 747 2801 non
764 2772 883 2802 irritetur
897 2784 907 2809 ς
925 2772 962 2802 set
977 2773 1050 2812 ipse,
1067 2775 1104 2805 fic
1147 2785 1242 2807 ontra-

179 2808 313 2844 veniens,
331 2815 464 2845 tanquam
482 2808 560 2839 Pacis
573 2810 607 2840 ὃ(
621 2809 803 2847 Treugarum
818 2810 955 2848 violator,
972 2811 1030 2842 sine
1049 2812 1132 2844 mora
1143 2816 1242 2851 punia-

183 2854 237 2876 tur*
263 2845 441 2884 praesentibus
456 2847 658 2878 nichilominus
673 2847 795 2888 Treugis
809 2849 842 2880 ὃ(
857 2848 1035 2881 Guerrarum
1058 2851 1241 2884 Abstinentiis

177 2887 206 2915 in
222 2870 272 2914 i²uis
289 2885 394 2914 robore
407 2886 439 2916 ὃς
450 2886 548 2925 vigore
563 2886 708 2917 duraturis.

217 2923 298 2962 Quas
313 2923 427 2961 quidem
448 2924 575 2963 Treugas
590 2948 599 2963 ,
625 2925 669 2955 seu
684 2925 860 2956 Guerrarum
876 2926 1083 2966 Abstinentias,
1102 2929 1193 2960 modo
1206 2931 1240 2961 &

179 2962 274 2993 form-21
292 2961 475 3000 suprascriptis
490 2987 499 3000 ,
525 2964 553 2993 in
575 2965 727 3002 omnibus,
747 2964 780 2995 ὃς
795 2974 845 3002 per
859 2967 973 3004 omnia,
992 2966 1070 2997 bona
1087 2966 1158 3006 fide,
1176 2970 1239 2999 abs-

177 3010 235 3037 que
246 2999 335 3038 dolo,
354 3001 398 3030 vel
414 3000 489 3030 malo
501 3003 635 3040 ingenio,
653 3002 821 3033 inconcusse
832 3003 998 3042 observare,
1014 3006 1045 3036 &
1063 3007 1079 3036 a
1096 3006 1190 3046 Ligeis
1204 3008 1238 3038 &

176 3039 302 3069 Subditis
317 3037 417 3069 nostris
430 3039 572 3070 observari
585 3040 676 3071 facere
691 3042 899 3079 promittimus,
919 3043 947 3073 in
964 3045 1055 3074 verbo
1071 3044 1184 3084 Regio,
1198 3057 1234 3078 ac

176 3078 226 3145 subl)
241 3076 405 3146 Ypothecg
412 3079 445 3108 δε
463 3078 648 3118 Obligatione
662 3082 794 3110 omnium
811 3080 960 3112 Bonorum
976 3082 1151 3114 nostrorum.

227 3126 245 3145 n
261 3126 297 3145 cu
309 3127 339 3146 us
396 3125 433 3147 ἐ,

210 3127 305 3184 TesteJ
325 3139 409 3192 R’ege
431 3154 504 3192 apud
525 3154 648 3194 Castrum
668 3158 746 3193 Regis
764 3156 917 3197 d'Alensbn
932 3180 942 3197 ,
970 3159 999 3189 in
1015 3158 1132 3190 Ducatu
1148 3160 1237 3201 Regis

131 3193 135 3197 ”
177 3191 213 3222 N
214 3194 372 3223 ormanniae
381 3216 390 3231 ,
404 3192 521 3225 decimo
533 3193 611 3225 seirto
625 3193 670 3225 die
684 3194 871 3227 Novembris.

863 3275 916 3303 Per
931 3273 1013 3313 ipsum
1028 3277 1135 3313 Regem.

174 3403 224 3435 De
243 3405 369 3451 Treugis
387 3430 397 3444 ,
427 3415 495 3436 cum
522 3407 635 3451 Regina
661 3403 837 3450 Jerusalem
855 3432 864 3448 ,
889 3405 933 3438 ad
950 3404 1129 3448 Instantiam
1146 3412 1183 3448 (ῤ’
1204 3413 1236 3441 in

376 3452 505 3497 Persona
526 3455 621 3485 Ducis
638 3455 815 3494 Britanniae,
840 3453 1033 3489 concordatis.

1351 263 1479 303 Treugas
1493 288 1503 304 ,
1528 265 1575 296 seu
1599 265 1776 299 Guerrarum
1797 268 2009 309 Abstinentiae,
2035 281 2088 309 pro
2110 271 2232 311 Nobis,
2248 271 2375 314 Regno,

1312 299 1433 341 Terris,
1451 302 1551 335 Patriis
1565 327 1575 342 ,
1591 304 1738 337 Dominiis
1750 332 1761 346 ,
1774 307 1901 346 ¹Ligeis,
1919 309 1953 340 &
1973 309 2099 340 Subditis
2111 310 2232 351 nostris,
2249 321 2284 343 ex
2298 321 2376 350 parte

1312 340 1385 384 una,
1405 351 1473 372 cum
1489 342 1593 373 eodem
1610 342 1705 375 Fratre
1720 346 1754 376 &
1770 343 1996 384 Confiinguineo
2015 347 2116 379 nostro
2134 352 2210 380 Duce
2226 352 2374 391 praedidlo,

1311 387 1376 409 vice
1395 379 1429 410 &
1453 382 1571 412 nomine
1592 384 1776 420 praefatorum
1792 383 1894 415 Toland
1913 388 2021 422 Reginae
2037 388 2072 418 δε
2083 387 2227 419 Ludowiti
2239 389 2303 420 Filii
2307 390 2355 429 Jui
2361 413 2373 429 ,

1309 426 1344 447 ac
1360 425 1428 448 curn
1444 419 1548 450 eisdem
1561 421 1667 457 Regina*
1683 420 1720 456 ὠ·
1737 422 1804 452 Filio
1816 422 1879 462 fico,
1897 425 1926 454 in
1940 424 2062 456 Persona
2070 425 2188 466 praefati
2201 431 2305 466 Ducis,
2320 439 2374 467 pro

1309 455 1408 500 Terris
1421 480 1432 496 ,
1456 457 1556 489 Patriis
1568 482 1578 498 ‚
1596 460 1629 490 ὃς
1645 460 1808 499 Dominiis,
1826 460 1889 501 ipsis
1901 465 2009 511 Reginae
2024 464 2214 495 &Ludowico
2226 466 2294 497 Filio
2301 467 2373 509 fico,

1308 505 1339 525 in
1360 495 1480 538 *Ducatu
1500 496 1679 536 Andegaviae
1700 499 1732 529 &
1754 498 1903 533 Comitatu
1927 502 2137 535 Cenomanniae
2151 529 2160 542 .,
2186 504 2222 536 de
2242 509 2371 543 praesenti

1306 533 1450 573 subjectis,
1469 545 1502 567 ac
1517 547 1619 568 eorum
1628 537 1752 568 Subditis
1767 538 2119 582 infrascriptis,1nivimus,
2129 543 2259 575 Fecimus
2269 545 2373 584 ,Con-

1307 573 1489 604 cordavimus
1503 598 1513 613 ,
1537 577 1570 607 &
1594 574 1836 615 composuimus,
1851 588 1885 608 ac
1899 578 2022 618 lnimus,
2042 580 2188 621 Facimus,
2203 581 2372 623 Componi-

1307 620 1371 642 mus
1380 634 1389 650 ,
1405 613 1437 643 ὃ(
1453 612 1672 645 Concordamus
1686 615 1736 645 sub
1752 615 1844 646 modo
1857 618 1891 648 &
1905 617 2000 649 forma
2013 620 2061 657 qui
2074 620 2226 659 sequuntur

1344 651 1364 669 *
1384 650 1431 681 IN
1458 650 1535 682 PRi
1546 661 1636 692 Mis,
1654 652 1855 685 Convenimus
1873 654 1908 685 &
1931 654 2197 700 Concordavimus‚
2215 646 2369 694 donveni-
2384 670 2401 687 ⁴
2422 670 2476 700 nt,

2026 697 2059 727 ὃ(
2076 696 2298 739 consanguineo
2312 711 2366 732 no-
2381 717 2447 746 5¹4·

1304 698 1367 720 mus
1381 690 1415 720 &
1430 689 1669 730 Concordamus,
1688 701 1757 722 curn
1777 692 1894 730 praefato
1915 693 2008 726 Fratre

1303 726 1363 759 stro
1383 731 1459 759 Duce
1480 732 1641 761 Britannice
1656 754 1665 768 ,
1689 732 1754 761 vice
1766 732 1799 763 &
1811 732 1930 762 nomine
1944 734 2128 775 praefatorum
2144 737 2247 769 Yoland
2257 742 2366 778 Reginae

1302 765 1460 806 Jerufialem
1472 766 1510 802 ὠ·
1527 770 1630 800 Ceciliae
1644 770 1677 800 &
1693 770 1839 800 Ludowici
1851 769 1916 800 Filii
1921 771 1968 810 sui
1986 771 2138 805 nobiscum
2154 779 2370 819 concordante,

1303 806 1337 836 &
1355 816 1424 836 cum
1446 807 1548 838 eisdem
1571 808 1619 839 Re
1639 808 1684 839 ina
1705 810 1739 840 &
1763 808 1835 839 Filio
1854 809 1905 840 suo
1919 833 1929 847 ,
1957 811 1986 840 in
2003 810 2126 845 Persona
2133 814 2251 854 prefati
2265 819 2351 848 Ducis

1302 845 1401 883 quud,
1418 845 1432 876 Ξι
1455 846 1499 876 die
1520 847 1594 878 datae
1618 818 1804 879 {raesentium
1819 871 1829 886 ,
1850 848 1936 886 usque
1950 847 1985 879 ad
2000 848 2117 881 Festum
2131 853 2205 884 beati
2220 841 2371 888 Michaeli}

1303 882 1474 926 Archangeli
1494 907 1503 923 ,
1527 887 1662 924 proximo
1684 887 1812 917 futurum
1828 909 1838 925 ‚
1861 896 1922 917 non
1945 887 2081 919 faciemus
2096 914 2106 928 ,
2125 899 2180 922 nec
2193 901 2243 929 per
2257 893 2372 925 nostros

1303 920 1408 960 Ligeos
1420 932 1468 954 aut
1483 924 1636 963 Subditos,
1655 924 1713 955 fieri
1733 925 1929 964 permittemus
1944 925 2087 958 Guerram
2098 930 2235 969 praefatis,
2249 930 2370 970 Jerufia—

1301 958 1352 1004 lero
1365 958 1404 994 &
1420 960 1523 991 Ceciliae
1539 965 1665 1002 Reghxae,
1686 972 1735 995 aut
1749 965 1805 1003 ejus
1818 963 1904 1003 Filio,
1923 964 1970 995 seu
1983 963 2097 1005 Terris,
2116 966 2231 1008 Patriis,
2248 970 2294 1001 vel
2301 969 2371 1001 Do-

1301 1007 1411 1038 minus,
1430 1001 1534 1031 eisdem
1549 1002 1578 1031 in
1594 1002 1711 1033 Ducatu
1726 1002 1901 1040 Andegaviae
1923 1011 1971 1034 aut
1991 1003 2142 1038 Comitatu
2159 1005 2371 1041 Cenomanniae

1302 1036 1339 1081 de
1357 1038 1486 1075 praesenti
1505 1039 1649 1084 Subjedtis
1664 1064 1674 1080 ,
1689 1049 1792 1085 ⁴neque
1811 1041 1891 1072 Villis
1905 1063 1917 1085 ².
1932 1041 2051 1087 ,Castris
2063 1068 2073 1083 ,
2092 1053 2140 1077 aut
2154 1045 2321 1086 Fortalitiis,
2337 1045 2370 1079 in

1301 1076 1404 1108 eisdem
1420 1078 1598 1116 constitutis,
1616 1089 1671 1110 nec
1687 1079 1811 1120 ipsorum
1826 1079 1968 1118 Subditis,
1985 1080 2171 1115 habitantibus
2185 1086 2215 1116 in
2226 1086 2371 1124 praedictis

1300 1114 1413 1155 Terris,
1433 1116 1549 1156 PatriiS,
1567 1118 1614 1148 seu
1630 1117 1796 1157 Dominiis,
1814 1118 1950 1157 quamdiu
1964 1119 2068 1152 fuerint
2080 1123 2110 1153 in
2123 1122 2234 1155 eisdem.

1338 1154 1353 1185 I
1363 1164 1386 1186 'r
1398 1165 1452 1187 EM
1463 1181 1472 1195 ,
1493 1156 1575 1195 quod
1595 1157 1708 1195 praefata
1727 1159 1830 1195 Regina
1853 1155 1892 1201 &j
1915 1156 1971 1195 ejus
1988 1157 2072 1202 ¹Filius
2090 1170 2150 1192 non
2172 1163 2294 1202 facient,
2310 1171 2368 1197 nec

1299 1193 1336 1224 ab
1363 1205 1465 1226 eorum
1493 1195 1619 1227 Subditis
1641 1195 1803 1234 supradietis
1827 1195 1886 1226 fieri
1908 1204 2073 1233 permittent
2092 1198 2235 1232 Guerram
2254 1203 2366 1243 Nobis,

1298 1241 1345 1263 aut
1367 1233 1471 1264 nostris
1494 1234 1590 1273 Ligeis
1604 1259 1614 1273 ‚
1631 1235 1677 1265 vel
1692 1234 1835 1273 Subditis,
1853 1235 1969 1273 Terris,
1988 1234 2103 1276 Parrus,
2119 1237 2282 1281 Dominiis,
2300 1241 2366 1273 Vss.

1298 1271 1346 1310 lis,
1363 1271 1471 1303 Castris
1487 1297 1496 1311 ,
1514 1273 1681 1312 Fortalitiis,
1699 1282 1746 1304 aut
1768 1273 1825 1304 aliis
1850 1273 2078 1317 quibuscumque
2100 1276 2188 1308 Locis
2232 1280 2262 1309 in
2281 1279 2365 1312 dieto

1298 1309 1416 1342 Ducatu
1431 1313 1464 1343 &
1479 1312 1629 1343 Comitatu
1646 1313 1692 1344 vel
1705 1313 1771 1343 alibi
1784 1313 1868 1343 nobis
1889 1312 2019 1357 subjec'ti's
2031 1338 2041 1352 ,
2064 1315 2110 1346 seu
2125 1316 2177 1347 sub
2191 1302 2367 1351 &hedi-entia

1297 1349 1392 1381 nostra
1409 1351 1586 1390 constitutis,
1603 1351 1722 1382 durante
1737 1350 1882 1382 Termino
1896 1351 1925 1381 su
1947 1351 2065 1384 radieto.

1334 1387 1380 1419 11-
1390 1398 1408 1419 E
1418 1398 1464 1429 M,
1489 1390 1568 1429 quod
1584 1415 1594 1429 ‚
1619 1390 1690 1421 infra
1710 1389 1883 1429 praediEtum
1936 1400 2050 1430 empus,
2063 1391 2200 1434 prefati,
2214 1397 2317 1434 Regina
2330 1407 2364 1427 ac

1296 1426 1381 1456 Filius
1394 1429 1450 1467 ejus
1459 1454 1468 1467 ,
1484 1440 1545 1460 non
1559 1430 1743 1468 receptabunt
1758 1452 1769 1469 ,
1794 1438 1848 1459 nec
1862 1431 1998 1468 receptari
2010 1432 2192 1472 permittent,
2209 1434 2317 1473 aliquos
2332 1436 2364 1466 in

1299 1465 1393 1505 Villis,
1412 1467 1519 1498 Casti-is
1531 1477 1579 1499 aut
1594 1469 1617 1498 F
1618 1468 1745 1499 ortalitiis
1759 1478 1861 1499 eorum
1874 1468 2052 1508 supradietis,
2069 1470 2104 1501 ad
2119 1470 2260 1504 Guerram
2269 1472 2364 1512 ,Gra-

1296 1514 1399 1536 vamen
1411 1529 1420 1543 ,
1443 1516 1490 1538 aut
1510 1506 1712 1546 Praejudiciurn
1733 1506 1852 1545 Nobis,
1867 1516 1914 1538 aut
1935 1505 2043 1547 Regno
2058 1531 2068 1547 ,
2093 1509 2214 1549 Terris,
2241 1510 2361 1552 Patriis,

1295 1542 1461 1584 Dominiis,
1480 1544 1579 1584 Villis,
1598 1545 1722 1584 Castris,
1741 1545 1904 1590 FortalitiiS‚
1924 1545 2018 1586 Ligeis
2033 1571 2043 1585 ,
2058 1556 2106 1580 aut
2119 1548 2243 1592 Subditis
2257 1549 2362 1582 nostris

1293 1581 1457 1619 supradietis
1484 1583 1647 1616 faciendum
1661 1609 1672 1623 ,
1704 1595 1758 1616 nec
1778 1593 1943 1623 permittent
1962 1587 2025 1616 suos
2046 1586 2181 1618 Subditos
2203 1588 2362 1621 antedictos

1295 1622 1368 1651 exire
1385 1621 1506 1661 Terras,
1524 1622 1643 1662 Patrias,
1662 1624 1695 1654 δε
1712 1622 1851 1655 Dominia
1871 1633 1975 1655 eorum
1991 1624 2148 1664 antediem,
2164 1625 2200 1657 ad
2213 1627 2359 1660 Refisten-

1293 1659 1359 1690 tiam
1376 1669 1473 1692 contra
1486 1661 1572 1700 Nos,
1589 1671 1637 1693 aut
1652 1660 1763 1693 Gentes
1776 1662 1900 1702 nostias,
1919 1662 2086 1694 faciendam.
2308 1706 2311 1707 ⁷

1330 1699 1401 1730 ITE
1412 1709 1456 1738 M,
1476 1701 1572 1738 quod,
1593 1700 1613 1730 si
1629 1700 1700 1731 infra
1715 1700 1887 1738 praedictum
1901 1701 2035 1740 Tempus
2048 1703 2196 1741 contingat
2206 1704 2294 1744 Nos,
2310 1713 2358 1738 aut

1293 1737 1401 1776 Ligeos
1414 1739 1471 1769 five
1485 1739 1620 1770 Subditos
1632 1738 1746 1770 nostros
1760 1762 1770 1777 ,
1788 1748 1837 1777 per
1850 1739 2058 1778 praedistorum
2071 1742 2179 1779 Reginae
2191 1742 2229 1778 ὠ·
2241 1744 2358 1813 Filisitfici

1290 1776 1393 1808 Terras
1409 1801 1418 1814 ,
1444 1777 1548 1809 Patrias
1560 1801 1570 1816 ,
1594 1778 1628 1809 &
1649 1776 1791 1808 Dominia
1812 1777 1965 1816 supradicta
1979 1778 2132 1817 Transire,
2146 1779 2237 1812 libere
2250 1791 2289 1820 po
2313 1792 2357 1815 int

1290 1815 1378 1846 iidem
1399 1815 1480 1856 Ligei
1499 1819 1533 1849 ὃ(
1554 1816 1666 1848 Subditi
1688 1815 1780 1847 nostri
1796 1825 1896 1855 capere
1910 1815 2067 1856 vietualia,
2086 1818 2126 1848 eis
2140 1819 2173 1849 ὃς
2187 1820 2358 1853 animalibus

1289 1864 1392 1886 eorum
1408 1856 1607 1887 rationabiliter
1621 1855 1831 1894 competentia:
1853 1853 1908 1899 Et,
1920 1854 2103 1900 si'contingat
2119 1856 2240 1901 aliquem
2249 1857 2357 1902 Ligeo-

1288 1903 1370 1932 rum,
1388 1904 1435 1925 aut
1451 1894 1640 1926 Subditorum
1656 1894 1822 1926 nostrorum
1837 1916 1847 1932 ,
1873 1903 1902 1924 in
1917 1893 2090 1925 victualium
2104 1895 2266 1933 hujusmodi
2284 1908 2356 1930 con·

1289 1932 1450 1970 sumptione
1463 1933 1581 1964 morosa
1594 1934 1680 1964 nimis
1696 1931 1888 1963 immoderate
1902 1931 1929 1963 se
1942 1931 2063 1972 habere,
2080 1933 2224 1966 satisfaciet
2244 1936 2283 1967 fic
2299 1936 2358 1968 Of-

1286 1971 1423 2041 cfiendens,
1440 1972 1499 2004 hoc
1511 1973 1646 2013 cognito,
1662 1971 1819 2004 secundum
1833 1970 1913 2011 quod
1932 1969 2032 2003 Nobis
2052 1972 2142 2004 visum
2155 1973 2240 2006 fuerit
2253 1974 2358 2008 facien-

1307 2021 1365 2042 um.

1325 2049 1371 2081 Ιτ
1380 2060 1398 2081 E
1410 2058 1436 2080 M
1446 2074 1455 2089 ,
1472 2050 1553 2090 quod
1565 2075 1575 2090 ,
1602 2051 1623 2082 fi
1631 2076 1641 2090 ,
1659 2051 1777 2083 durante
1789 2049 1942 2089 Tempore
1955 2049 2113 2091 praedato,
2132 2052 2283 2091 contingat
2294 2052 2358 2085 Vil-
2404 2053 2407 2055 ’

1287 2089 1360 2127 lam,
1377 2089 1532 2128 Castrum,
1551 2090 1748 2128 Fortalitium,
1766 2089 1812 2122 vel
1833 2089 1920 2120 alium
1941 2099 2156 2130 quemcumque
2173 2091 2292 2123 Locum
2312 2092 2357 2124 su-

1287 2128 1446 2167 pradictum
1464 2152 1473 2168 ,
1499 2128 1600 2160 Nobis
1620 2130 1666 2161 seu
1686 2129 1763 2160 Parti
1785 2128 1891 2159 nostrae
1905 2151 1916 2167 ,
1942 2128 1989 2159 vel
2003 2128 2067 2159 alias
2080 2127 2159 2161 Parti
2171 2130 2359 2169 praefatorum

1287 2170 1396 2204 Reginae
1420 2166 1459 2204 «ἐν
1484 2167 1548 2198 Filii
1570 2169 1610 2199 sui
1633 2168 1821 2207 Subjeemm,
1838 2177 1855 2198 a
1866 2166 2008 2206 praedictis
2022 2167 2058 2199 L·
2078 2168 2134 2208 eis,
2149 2178 2197 2201 aut
2211 2169 2338 2201 Subditis

1288 2208 1369 2237 unius
1389 2207 1436 2238 vel
1457 2207 1566 2239 alterius
1588 2206 1680 2238 Partis
1699 2206 1862 2246 praedffiae,
1881 2204 1927 2237 Ca
1948 2207 1976 2244 i,
1992 2206 2038 2238 vel
2068 2207 2173 2246 nvadi,
2190 2207 2237 2253 vel
2249 2193 2357 2248 aliquid

1288 2245 1362 2276 aliud
1377 2254 1479 2278 contra
1493 2246 1541 2277 has
1555 2246 1701 2284 praesentes
1714 2246 1843 2286 Treugas
1857 2245 1904 2276 seu
1920 2216 2099 2290 <guerrarum
2115 2245 2307 2279 Abstmentias
2313 2256 2358 2280 at-

1288 2286 1436 2324 temptari,
1453 2285 1521 2316 Pars
1533 2285 1595 2324 illa,
1614 2285 1693 2324 cujus
1709 2284 1793 2323 Ligei
1807 2284 1864 2316 five
1884 2283 1997 2315 Subditi
2011 2283 2192 2316 Invafionem
2205 2285 2356 2356 hu{'usmo-

1286 2322 1315 2354 di
1332 2323 1452 2356 fecerint
1464 2347 1474 2363 ,
1497 2323 1545 2354 vel
1564 2323 1603 2355 fic
1618 2324 1864 2362 attemptaverint,
1881 2321 1977 2361 Ipsum
1992 2321 2145 2362 Castrum,
2159 2324 2243 2356 Forta
2253 2326 2355 2365 inum,

1287 2362 1344 2394 sive
1358 2362 1477 2394 Locum
1498 2362 1630 2394 Invasum
1646 2386 1656 2402 ,
1680 2364 1711 2393 in
1725 2362 1798 2394 statu
1812 2362 1884 2393 adeo
1900 2363 2095 2402 competenti,
2112 2362 2184 2394 sicut
2197 2371 2255 2394 erat
2268 2362 2355 2396 Inva-

1286 2401 1371 2432 sionis
1390 2400 1475 2441 ipsius
1495 2409 1625 2440 tempore
1641 2426 1651 2440 ,
1673 2401 1751 2432 alteri
1773 2401 1868 2440 Parti,
1886 2399 2067 2432 Invafionem
2081 2401 2184 2441 paffae,
2199 2400 2305 2433 restitui
2318 2412 2354 2434 ac

1286 2440 1384 2479 quod,
1402 2450 1503 2472 contra
1521 2441 1569 2472 has
1591 2440 1769 2472 Guerrarum
1791 2439 1982 2472 Abstinentias
1994 2464 2004 2478 ,
2023 2440 2062 2472 fic
2078 2447 2275 2478 attemptatum
2289 2441 2352 2473 fue·

1285 2481 1321 2511 rit
1357 2480 1410 2511 suis
1424 2480 1584 2511 Laboribus
1597 2480 1631 2512 &
1646 2479 1782 2518 Expenfis
1796 2479 1916 2518 reparari
1929 2478 2013 2510 faciet
2026 2478 2151 2510 indilate.

1321 2502 1339 2548 f
1345 2527 1367 2548 T
1376 2528 1394 2549 E
1403 2528 1447 2558 M,
1465 2519 1565 2558 quod,
1582 2518 1602 2549 si
1621 2520 1771 2557 contingat
1785 2518 1908 2557 aliquem
1921 2517 2066 2548 dictorum
2080 2516 2286 2557 Subditorum,
2303 2516 2351 2550 vel

1284 2556 1441 2596 Ligeorum
1463 2557 1631 2589 nostrorum
1645 2581 1655 2597 ,
1679 2565 1726 2588 aut
1746 2557 2061 2601 praefatorum-Regin
2074 2554 2113 2591 ό
2126 2555 2257 2601 ΡξΙίὶβιί,
2274 2567 2350 2595 prae-

1283 2595 1373 2626 miffis
1393 2595 1646 2628 Conventionibus
1659 2619 1669 2633 ,
1693 2604 1740 2627 aut
1752 2605 1850 2626 earum
1864 2595 1961 2632 alicui,
1982 2593 2211 2639 Contravenire,
2229 2605 2279 2634 per
2290 2595 2350 2627 hoc

1284 2635 1402 2672 praesens
1413 2635 1553 2666 Securitas
1568 2634 1614 2665 seu
1629 2634 1807 2665 Guerrarum
1821 2632 2000 2664 Abstinentia
2012 2643 2072 2665 non
2085 2634 2206 2665 irritetur
2218 2646 2228 2671 ς
2247 2633 2351 2678 setIp-

1284 2674 1310 2703 se
1324 2696 1334 2711 ‚
1359 2674 1396 2704 fic
1418 2672 1646 2704 Contraveniens
1660 2695 1671 2712 ,
1696 2672 1754 2703 fine
1775 2672 1856 2703 mora
1879 2673 2032 2711 puniatur,
2057 2681 2191 2711 tanquam
2211 2671 2294 2703 Pacis
2314 2674 2350 2705 &

1283 2711 1464 2751 Treugarum
1487 2711 1618 2742 Violator
1635 2723 1646 2749 ;
1668 2711 1731 2750 ipsis
1750 2711 1933 2741 nihilominus
1955 2710 2097 2749 Treugis,
2111 2711 2157 2742 seu
2171 2709 2351 2743 Guerrarum

1284 2749 1488 2789 Abstinentiis,
1504 2751 1534 2780 in
1551 2751 1603 2781 suis
1616 2751 1718 2787 vigore
1731 2749 1764 2781 &
1780 2749 1886 2780 robore
1900 2749 2096 2794 permansuris.
2342 2786 2350 2790 -

1322 2788 1366 2820 ΙΤ
1377 2800 1395 2821 Ε
1406 2798 1452 2828 Μ,
1473 2788 1553 2828 quod
1567 2789 1698 2827 praedicti
1715 2786 1831 2826 Regina
1844 2789 1877 2820 &
1892 2788 1976 2819 Filius
1989 2797 2046 2827 ejus
2059 2787 2187 2819 Vinculo
2198 2787 2349 2826 Jurarnen·

1283 2829 1322 2867 ti,
1339 2827 1373 2858 ad
1387 2828 1489 2859 San&a
1503 2827 1561 2858 Dei
1577 2827 1747 2867 Evangelia,
1764 2837 1814 2866 per
1828 2836 1877 2857 eos
1897 2827 2090 2871 corporaliter⁴
2102 2826 2256 2866 tangenda,
2273 2835 2349 2864 prae·

1284 2866 1374 2898 standi
1390 2890 1400 2905 ‚
1426 2867 1453 2898 se
1472 2866 1627 2906 astringent
1647 2867 1681 2898 &
1702 2866 1871 2905 obligabunt
1890 2865 1970 2904 quod
1991 2864 2244 2909 praemissas-Treu
2265 2864 2347 2908 as&

1282 2905 1458 2936 Guerrarum
1480 2905 1671 2936 Abstinentias
1690 2905 1721 2935 in
1739 2904 1878 2936 omnibus
1898 2905 1932 2936 δε
1955 2913 2004 2942 per
2023 2902 2131 2947 Omma
2150 2902 2253 2947 inviola
2275 2902 2349 2934 iliter

1281 2944 1470 2977 observabunt
1485 2967 1494 2983 2
1521 2944 1555 2975 &
1575 2944 1591 2975 a
1611 2944 1663 2974 suis
1675 2943 1779 2974 facient
1789 2943 1917 2979 Subditis
1930 2941 2093 2986 supraditstis
2106 2941 2264 2985 observari,
2283 2951 2347 2973 non

1280 2983 1411 3015 obstante
1420 2983 1588 3022 Juramento
1602 2992 1803 3021 quocumque,
1821 2981 1867 3013 vel
1880 2979 2082 3019 Obliganone,
2097 2979 2134 3010 ab
2147 2979 2251 3024 eisdem
2265 2982 2346 3027 ³55³·

1281 3034 1318 3054 na
1337 3022 1384 3053 vel
1403 3023 1460 3061 ejus
1478 3020 1546 3052 Filio
1562 3044 1572 3059 ,
1587 3022 1761 3060 cuicumque
1776 3019 1910 3064 Bersonae
1925 3017 1962 3048 de
1977 3016 2111 3056 Mundo,
2122 3018 2225 3066 Aregalis
2239 3017 2343 3059 status,

1280 3061 1327 3093 vel
1341 3061 1495 3099 inferioris,
1514 3061 1660 3098 praeteritis
1671 3058 1864 3097 temporibus,
1879 3057 1975 3101 facto,
1992 3056 2050 3088 five
2062 3057 2145 3102 faita.

1319 3099 1364 3130 Ιτ
1374 3108 1392 3130 E
1402 3108 1429 3130 M
1445 3123 1456 3138 ,
1483 3098 1563 3138 quod
1579 3120 1590 3136 ,
1608 3098 1627 3128 si
1639 3098 1785 3135 contingat
1799 3096 1923 3135 aliquem
1939 3095 2083 3127 dictorum
2101 3096 2278 3136 Ligeorum‚
2293 3104 2342 3129 aut

1279 3138 1451 3168 Subditorum
1463 3137 1629 3206 nssrorum,
1646 3143 1693 3166 aut
1727 3134 1909 3166 raedictorum
1924 3137 2034 3172 Reginae
2055 3134 2101 3166 vel
2116 3134 2180 3165 Filii
2184 3133 2250 3174 fici,
2267 3144 2343 3168 con-

1279 3185 1320 3208 tra
1362 3177 1467 3207 raefatas
1523 3184 1622 3212 reugas
1635 3173 1682 3205 seu
1731 3183 1875 3204 uerrarum
1889 3172 2082 3204 Abstinentias
2095 3173 2341 3212 Attemptantem,

1278 3225 1329 3253 ¹³³¹
1354 3224 1457 3283 ·²{{²¹¹¹
1472 3214 1554 3281 ³¹1³?
1572 3210 2342 3284 siffffiigssnfllhammsssi‘igssffffaffiamvedssefffle’mcffi{iit

1277 3263 1360 3283 omnl
1411 3261 1514 3283 ommo
1535 3261 1554 3282 0
2037 3273 2049 3290 2
2326 3267 2341 3274 '⁸

1277 3300 1337 3330 quo
1350 3291 1456 3322 debent
1470 3289 1621 3330 suflragari.

1315 3367 1397 3405 Qias
1421 3367 1537 3406 quidem
1552 3367 1681 3405 Treugas
1694 3390 1704 3405 ,
1720 3367 1767 3398 seu
1778 3366 1955 3399 Guerrarum
1972 3365 2164 3398 Abstinentias
2199 3365 2290 3396 modo
2302 3364 2337 3396 δε

1277 3404 1374 3436 forma
1390 3406 1603 3444 supraescriptis,
1621 3407 1651 3436 in
1666 3406 1803 3437 omnibus
1815 3407 1848 3438 ὃς
1865 3417 1913 3445 per
1928 3406 2045 3444 omnia,
2062 3404 2141 3435 bona
2157 3387 2338 3447 fi'de‚absqu.e

1276 3444 1363 3482 dolo,
1382 3445 1428 3475 vel
1442 3444 1519 3475 malo
1535 3446 1673 3481 ingenio,
1692 3445 1862 3476 inconcusse
1873 3445 2022 3476 observare
2034 3445 2067 3487 ὅς
2082 3443 2173 3473 facere
2186 3441 2338 3485 Promitti-

1275 3492 1338 3512 mus
1360 3484 1389 3512 in
1409 3484 1499 3514 verbo
1521 3484 1619 3519 regio,
1635 3483 1685 3512 sub
1706 3482 1860 3520 Ypotheca
1881 3485 1915 3515 &
1935 3482 2121 3521 Obligarione
2140 3479 2285 3510 Omnium
2300 3479 2336 3510 &

1273 3521 1457 3559 Singulorum
1476 3522 1495 3541 >¹⁵
1516 3520 1665 3552 Bonorum
1678 3521 1862 3560 nostrorum,
1879 3521 2058 3562 praesentium
2070 3519 2104 3551 &
2119 3517 2290 3549 futurorum.

2346 3521 2363 3539 ⁸
2383 3523 2435 3552 lx.

22 3547 151 3577 Arm-D,
173 3537 225 3592 R
238 3536 305 3568 EX
328 3535 496 3575 Omnibus,
514 3537 548 3568 ad
563 3547 650 3576 quos,
669 3540 729 3570 &c.
751 3538 885 3570 Salutem.
1311 3559 1345 3588 In
1360 3561 1439 3590 cum
1474 3561 1526 3591 &c
2347 3569 2414 3598 5¹5·

47 3596 97 3623 141
106 3596 131 3624 7.
248 3575 362 3621 ,semis
374 3576 454 3614 qUOd
463 3599 473 3613 ⁷
524 3615 528 3619 .
602 3615 607 3620 .
773 3617 779 3623 .
1212 3620 1218 3625 .
1311 3571 1405 3628 TesteJ
1423 3582 1507 3634 R'ege
1520 3582 1595 3636 a‘pud
1613 3602 1652 3628 Ca
1677 3609 1735 3628 rum
1747 3600 1827 3636 Regis
1839 3595 1991 3636 d’Alenfim
2004 3595 2035 3625 in
2049 3593 2167 3626 Ducatu
2180 3593 2333 3626 Norman-
2468 3598 2470 3601 ’

20 3629 73 3654 ΑΗ,
111 3646 117 3652 ,
210 3612 290 3643 Cum
305 3624 410 3653 nuper,
431 3613 542 3644 Illustris
562 3613 696 3652 Princeps
712 3615 878 3646 Carisiimus
897 3616 992 3648 Frater
1006 3618 1040 3648 &
1055 3618 1234 3658 Confiingui-
1295 3637 1306 3653 -,
1341 3637 1360 3667 d
1398 3638 1402 3641 ·
1470 3637 1487 3667 s
1561 3636 1588 3666 d·
1747 3637 1788 3667 br*

21 3668 57 3690 H⁴
78 3635 105 3697 55·
176 3659 244 3681 neus
267 3652 386 3690 noster,
412 3652 647 3696 Joharlne11Dux
672 3656 827 3683 Britanniae
849 3654 959 3697 Comes
982 3656 1096 3688 Montis
1121 3657 1232 3696 Fortis,
1272 3646 1327 3666 ηιξ
1362 3646 1456 3667 emmo
1481 3645 1547 3667 emo
1582 3647 1606 3667 Ἐ
1657 3647 1745 3668 ovem
1782 3647 1812 3668 ιε’
1950 3675 2004 3702 Per
2018 3671 2101 3711 ,ἒβη
2115 3674 2219 3711 Regem,

20 3705 83 3729 PM.
178 3691 258 3719 certis
272 3691 307 3721 de
322 3690 435 3728 Causis,
454 3691 545 3729 ipsum
562 3701 592 3720 in
608 3701 640 3720 ea
655 3700 730 3728 parte
745 3694 942 3730 moventibus,
962 3694 995 3723 ad
1012 3694 1081 3725 Nos
1102 3697 1233 3732 persona-

20 3744 110 3767 Nm„-
149 3764 153 3768 ¹
177 3726 237 3769 liter
252 3729 404 3767 accedens,
424 3732 496 3760 inter
509 3730 578 3767 alia,
596 3729 696 3760 Nobis
711 3730 903 3767 supplicaverit
921 3733 1050 3769 quatinus
1064 3756 1073 3770 ,
1095 3733 1128 3763 ad
1143 3732 1230 3764 Chri·
1270 3758 1306 3761 w
1316 3758 1330 3760 V
1381 3757 1387 3759 -
2344 3738 2466 3770 Ann.D

17 3782 54 3804 H.
66 3750 143 3811 ’.αἱ
174 3763 253 3808 stiaiii
266 3767 410 3810 Sanguinis
426 3767 621 3806 Effufionem,
639 3769 673 3799 δε
686 3768 736 3798 alia
753 3767 830 3812 Mala
846 3770 922 3806 (quse
937 3771 1028 3813 brevis
1045 3771 1147 3801 Sermo
1169 3782 1229 3802 non
1513 3805 1530 3818 ,ι
1554 3806 1558 3810 ,
1692 3807 1696 3811 ,
1905 3804 1909 3810 ,
1964 3797 1987 3832 ,ὂ
2095 3803 2100 3810 .
2124 3804 2128 3810 .
2164 3800 2197 3834 d,
2362 3785 2439 3816 1417

23 3815 64 3842 ‚3¹
173 3806 257 3839 capit)
281 3806 410 3837 evitanda
425 3830 434 3843 ,
457 3817 489 3837 ac
512 3807 621 3837 suarum
642 3806 766 3837 Precum
790 3816 890 3837 intuitu
905 3831 914 3844 ,
932 3817 1000 3837 cum
1016 3809 1074 3846 ipso
1089 3809 1184 3840 Fratre
1196 3811 1229 3840 ὃς
1372 3805 1467 3847 Super
1485 3802 1571 3835 dtc'lts
1585 3805 1709 3849 Treugis
1719 3830 1730 3846 ‚
1754 3801 1791 3835 de
1804 3804 1966 3834 Securitati
1988 3811 2023 3832 us
2039 3812 2163 3847 rectpien
2185 3813 2220 3836 is.
2339 3819 2392 3845 An.
2408 3826 2439 3852 5.
2559 3831 2562 3855 l

174 3839 394 3879 Consanguineo
419 3844 518 3875 nostro
533 3868 542 3883 ,
558 3846 622 3875 vice
641 3845 673 3876 &
690 3845 822 3882 nominc,
840 3844 1056 3882 praeclariffimae
1070 3846 1228 3886 Dominae,
2340 3858 2374 3882 H.
2392 3863 2423 3890 5-
2558 3857 2562 3882 Ῑ

172 3878 276 3907 roland
287 3903 296 3917 ,
322 3881 479 3920 Jerusalem
503 3882 540 3917 (ἐν
564 3883 666 3913 Ceriliae
690 3886 816 3921 Regina»,
834 3884 867 3914 &
884 3884 1026 3913 Ludowiri
1040 3887 1103 3914 Filii
1115 3885 1229 3924 ejusdem

169 3919 296 3955 Regiae,
314 3920 445 3950 inii-emus
466 3922 594 3958 Treugas
611 3946 620 3959 ,
648 3922 693 3952 seu
709 3921 886 3952 Guerrarurn
900 3921 1087 3961 Astinentias,
1105 3924 1139 3955 ad
1153 3933 1228 3956 tem-

167 3964 219 3991 pus
234 3955 271 3986 de
284 3966 342 3994 quo
357 3959 485 3995 expedire
500 3959 638 3992 videretur
652 3959 909 3999 concordandum,

1268 3884 1409 3943 REX,
1431 3885 1537 3933 dile&o
1553 3889 1586 3919 &
1601 3886 1677 3934 fideli
1689 3887 1758 3926 suo,
1775 3884 1914 3925 Radulpho
1928 3885 2082 3926 Leyntale,
2101 3897 2154 3927 ac,
2171 3886 2277 3919 dileeto
2292 3885 2328 3917 fi-
2339 3896 2429 3920 Norm.
2445 3896 2477 3927 5:
2558 3883 2562 3916 l

1339 3925 1386 3961 bl,
1403 3924 1532 3962 Johanm
1547 3926 1683 3964 Bottller,
1699 3925 1833 3959 Salutem.
2340 3933 2375 3958 Η.
2383 3938 2412 3965 5.
2422 3939 2460 3968 m²

1304 3961 1402 3994 Sciatis
1415 3964 1496 4001 quod
1512 3963 1600 4001 Nos,
2275 3972 2328 4032 De*
2348 3976 2392 4005 ¹9·
