2562 4274
77 264 334 345 Αζῑὲὸῗ-ἰῦἰάετη,
357 279 426 301 cum
447 266 532 300 certis'
557 269 768 303 Commissarris
785 295 793 311 ‚
821 283 870 310 per
897 283 950 303 nos
972 274 1005 305 ὃς
1027 273 1104 305 dieta

77 348 140 373 Heu.
160 354 187 379 4.

75 384 91 398 ⁸
105 383 188 410 Vlli.

96 428 158 457 375-

102 3326 119 3344 ¹
144 3324 229 3352 VIII.

128 3366 190 3400 37⁶-

105 3856 182 3888 Ann.
195 3854 238 3886 D.

136 3901 222 3932 1404.

104 3936 158 3961 An.
178 3935 205 3960 6.

104 3976 139 3999 H.
158 3980 186 4006 4..

1170 282 1269 304 uatuoi·

214 309 352 340 Membra
374 308 510 338 Flandriae
525 308 557 338 ad
574 309 630 338 hoc
653 309 837 348 deputandis,
853 311 887 340 de
903 312 936 341 &
953 311 1032 349 super
1052 314 1067 329 ³*
1087 275 1270 350 conffiestio-

212 349 294 415 rfiibus
303 385 306 390 .
315 347 353 414 &st
364 346 478 383 querelis
493 346 635 384 praediffis
648 348 833 387 responsurae,
848 349 1014 388 ulteriusque
1028 359 1182 388 recepturae
1194 350 1270 388 quod

224 393 285 416 oret
311 395 327 414 u
357 394 404 414 um

249 423 284 453 Et
296 395 385 460 Jquod
405 406 508 452 {odem
527 423 617 453 modo
635 422 736 454 faciant
752 424 822 454 dicti
845 424 879 455 N
883 426 958 456 uncii
979 426 1015 456 de
1035 427 1067 457 &
1088 426 1169 464 super
1190 428 1272 456 certis

217 461 370 498 Articulis,
384 461 423 490 eis
439 461 560 499 traditis,
575 462 696 500 querelas
718 462 911 500 Anglicorutn
937 472 1034 495 contra
1055 464 1168 495 eosdem
1190 464 1272 495 Flan-

214 498 322 529 drenses
338 501 596 538 concernentibus,

252 537 400 576 Quodque
414 537 626 576 subsequenter,
641 538 777 569 vicesimo
793 549 871 569 nono
891 539 937 570 die
960 539 1064 571 Mensis
1080 539 1272 580 Augustum-

213 583 283 606 tunc
299 575 409 606 dictum
430 576 731 615 Appunctuamentum
751 579 882 615 proximo
903 579 1032 618 sequente
1046 602 1055 617 ,
1081 589 1129 617 per
1152 579 1273 610 Ambas-

216 614 325 645 siatores
339 614 476 653 utriusque
490 616 571 651 p2rtis
585 614 661 645 idern
685 618 852 654 negotium,
875 616 911 646 de
932 617 1052 655 ipsorum
1078 617 1210 648 consensu
1227 627 1275 646 ex-

214 652 325 691 presso,
343 653 397 683 fuit
418 654 614 683 continuatum
629 654 661 683 &
680 663 861 693 prorogatum
880 655 964 695 usque
983 656 1016 686 ad
1034 656 1179 686 decimam
1198 656 1275 685 diem

217 691 325 721 Mensis
338 691 534 727 Novembris,
547 699 649 721 extunc
663 694 796 729 proximo
811 694 935 724 futuram
944 717 954 734 ,
969 704 1036 725 cum
1051 694 1103 724 suis
1117 693 1276 729 Emergen-

217 728 526 766 tibus‚1ncidentibu5,
540 729 572 759 ἃ
586 729 747 769 Connexis,
769 740 854 769 prout
875 732 938 763 haec
959 733 992 763 &
1016 732 1066 763 alia
1086 733 1116 761 in
1131 731 1214 761 dictis
1229 741 1277 769 ap-

219 768 446 836 pufficruamemis
459 767 610 804 expreffata
625 768 733 808 plenius
748 771 943 809 continentur,

292 816 342 844 os,

257 844 526 913 ffippunctuamenta
542 845 692 884 praedicta,
709 854 840 884 quatenus
859 847 893 877 ad
915 846 982 876 Nos
996 847 1111 884 attinet,
1127 846 1279 885 adimplere

222 892 261 915 vo
271 892 348 913 entes

258 921 304 952 Ac
320 906 798 960 de'fidelitate‚circumspectione,
820 924 853 953 &
876 921 1028 959 industria,
1048 921 1218 953 dilectorum
1245 923 1278 953 &

219 958 347 991 fidelium
362 959 543 998 nostrorum,
553 959 715 991 Reverendi
732 959 836 997 Patris,
854 960 976 990 Domini
992 960 1138 999 Richardi,
1148 961 1203 991 Dei
1218 970 1279 999 gra-

220 999 280 1037 tia,
298 996 475 1038 Bangorenfis
489 998 626 1038 Epifiopi,
640 998 745 1027 Thomae
759 1001 873 1027 Domini
886 1000 919 1028 de
938 1003 1048 1038 Camoys
1057 1023 1066 1038 ‚
1087 999 1216 1029 Richardi
1231 1004 1278 1030 A-

220 1036 279 1076 [lon
302 1036 534 1067 Locumtenentis
555 1035 659 1066 nostrae
683 1036 767 1066 Villae
786 1035 884 1066 Calesii
901 1059 911 1075 ,
943 1037 1074 1074 Magistri
1096 1038 1226 1068 Nirholai
1247 1040 1280 1068 de

220 1074 364 1116 Rysfheton
387 1075 526 1112 utriusque
549 1073 625 1111 Juris
648 1073 813 1104 Profefforis
841 1074 1050 1115 Causarumque
1076 1076 1155 1107 Sacri
1184 1077 1280 1108 Palatii

220 1114 381 1151 Apostolici
404 1112 546 1142 Auditoris
561 1134 570 1149 ,
601 1111 746 1150 Johanm's
769 1114 800 1142 de
820 1113 913 1153 Crofl,
936 1115 1041 1144 Thomae
1060 1116 1092 1145 de
1111 1116 1278 1155 Pykworth,

221 1152 352 1183 hdilitum
362 1174 371 1189 ,
385 1149 527 1189 Johannis
545 1149 658 1188 Urban,
674 1150 817 1181 Willielmi
840 1153 1009 1193 stlounbray,
1037 1156 1130 1184 Perini
1146 1154 1170 1184 le
1184 1156 1277 1185 Loha-

221 1191 339 1229 renc,&
353 1188 485 1219 Richardi
499 1187 667 1228 Oldyngton,
686 1191 903 1227 Armigerorum
913 1214 922 1228 ,
936 1191 1044 1229 plenius
1058 1193 1247 1232 confidentes,

260 1228 307 1260 Ad
328 1227 558 1259 conveniendum
576 1229 610 1259 ὃς
625 1227 819 1266 tractandum,
841 1240 874 1260 ac
889 1230 1046 1267 hujusmodi
1062 1232 1232 1262 Tractatum
1248 1233 1278 1262 in

220 1267 324 1299 eodem
343 1266 431 1303 statu,
453 1275 512 1302 quo
539 1266 667 1296 remansit
683 1289 692 1303 ,
712 1266 792 1296 dieto
812 1267 929 1298 decimo
950 1269 994 1298 dic
1018 1268 1123 1299 Mensis
1143 1269 1281 1299 Novem-

222 1307 295 1344 bris,
307 1315 375 1336 cum
390 1304 441 1334 suis
457 1304 688 1342 Emergentibus‚
706 1303 953 1344 Dependentibus,
967 1308 999 1337 ὅ(
1015 1305 1176 1345 Connexis,
1192 1309 1221 1337 in
1237 1308 1281 1338 di-

225 1345 275 1376 &a
290 1343 365 1374 Villa
380 1343 474 1372 nostra
489 1341 608 1379 Caleni,
627 1341 671 1372 seu
692 1342 777 1379 alibi,
790 1353 841 1380 pro
857 1345 935 1374 bono
957 1344 1053 1382 Pacis,
1068 1347 1097 1375 in
1113 1347 1166 1376 alio
1184 1346 1282 1385 Loco,

224 1383 331 1422 utrique
348 1381 422 1411 Parti
442 1379 630 1418 indifferenti,
651 1380 686 1409 de
709 1381 842 1411 consensu
864 1381 991 1413 Partium
1013 1383 1192 1423 aflignan'do,
1211 1385 1284 1416 infra

224 1420 338 1451 Menses
358 1419 496 1461 praesentis
519 1418 712 1456 Novembris,
735 1418 910 1450 Decembris
925 1444 934 1459 ,
958 1422 1097 1461 januarii,
1123 1424 1283 1462 Februarii,

224 1458 342 1496 Martii,
360 1457 476 1495 Aprilis,
490 1457 524 1487 &
539 1455 632 1494 Maii,
652 1458 786 1494 proxime)
807 1458 930 1496 futuros,
947 1460 1165 1492 Resumendum
1175 1485 1184 1499 ,
1200 1473 1232 1492 ac
1248 1463 1284 1493 de

224 1507 305 1528 novo
328 1497 361 1527 δε
385 1506 400 1526 a
425 1496 534 1533 capite,
557 1504 643 1533 prout
663 1496 792 1535 expedit,
812 1497 1008 1530 inchoandum
1023 1522 1033 1537 ,
1064 1510 1096 1530 ac
1118 1501 1287 1539 prosequen-

222 1536 292 1567 durn
303 1558 312 1574 ,
329 1535 362 1565 δε
385 1533 611 1564 continuandum
623 1556 633 1572 ,

262 1574 336 1604 Non
351 1571 481 1603 obstante
494 1572 574 1610 quud
591 1572 753 1611 Negotium
767 1573 928 1607 huiusmodi
949 1575 1120 1616 Tractarfis,
1137 1587 1185 1615 per
1201 1577 1285 1608 Con-

223 1612 378 1643 tumaciam
391 1611 425 1642 &
439 1610 598 1641 Defectum
619 1610 763 1642 dictorum
783 1612 985 1644 Membrorum
1003 1615 1155 1655 Flandriae,
1178 1626 1227 1654 per
1243 1617 1287 1647 di-

225 1652 267 1683 ἀί
287 1650 392 1681 decimi
407 1649 476 1679 Diei
497 1648 679 1679 Novembris
693 1649 815 1688 lapsum,
833 1652 924 1682 extitit
944 1652 1212 1692 Discontinuatum,

262 1688 341 1719 Cum
356 1687 597 1725 Continuatione,
614 1688 648 1718 &
663 1688 952 1727 Prorogatione,s1ve
967 1691 1020 1722 alia
1033 1693 1130 1724 mutua
1152 1693 1285 1731 Affigna-

221 1729 300 1760 tione
315 1736 493 1766 quacumque
515 1725 660 1757 Mensium
674 1727 707 1758 &
723 1726 845 1758 Dierurn
860 1729 1052 1769 sequentium,

265 1765 347 1796 Cum
368 1764 666 1797 Ambaffiatoribus&
691 1765 839 1804 Nunciis,
866 1768 923 1797 tarn
947 1778 982 1798 ex
1006 1778 1084 1806 parte
1099 1792 1108 1808 ,
1138 1770 1286 1801 cariffimae

228 1804 457 1842 Consanguineae
484 1802 590 1834 nostrae
604 1826 614 1841 ‚
638 1803 778 1835 Dominae
800 1808 969 1843 Margaretae
987 1808 1102 1846 Duciffie
1121 1811 1286 1846 Burgundae

226 1843 371 1884 Comitiffae
383 1842 522 1872 Flandriae
529 1865 539 1881 ,
549 1842 636 1879 quam
652 1843 736 1873 etiam
751 1853 805 1883 pro
821 1852 897 1881 parte
909 1844 1051 1877 dictorum
1066 1849 1128 1886 Qu
1140 1858 1160 1878 A
1171 1857 1193 1878 T
1202 1858 1225 1879 U
1234 1858 1253 1878 o
1262 1858 1286 1879 R

229 1881 269 1913 M
278 1891 296 1912 E
306 1891 334 1914 Μ
343 1891 362 1912 Β
372 1891 393 1911 R
404 1892 424 1912 o
434 1891 457 1912 R
467 1890 490 1911 υ
501 1889 528 1911 Μ
555 1881 608 1911 FL
619 1890 639 1910 A
650 1890 672 1911 N
683 1890 704 1911 D
714 1891 737 1912 R
747 1891 758 1912 1
769 1891 815 1918 AE,
834 1882 879 1913 seu
901 1885 984 1914 etiam
1004 1885 1203 1925 cujuscumque
1223 1887 1289 1918 alte-

228 1922 303 1959 rius,
324 1922 353 1951 in
377 1920 515 1958 prxdiifito
531 1918 679 1950 Comitatu
701 1920 747 1951 sua
768 1921 897 1951 interesse
918 1921 1119 1954 Praetendentis
1134 1948 1144 1962 ,
1173 1925 1207 1955 ad
1230 1926 1287 1956 hoc

228 1959 418 1990 sufficientem
433 1958 606 1989 Potestatem
628 1957 811 1997 habentibus,
824 1961 911 1990 etiam
935 1962 1113 2000 conjunctim
1129 1986 1140 2002 ,
1163 1964 1196 1994 &
1214 1964 1289 1994 divi-

230 1998 300 2036 sim,

268 2036 317 2067 De
334 2035 368 2066 &
385 2035 463 2073 super
479 2034 696 2065 Affecuratione
708 2035 890 2074 Treugarum
900 2060 909 2076 ,
924 2037 996 2069 in'ter
1012 2038 1148 2077 Angliam
1162 2041 1291 2072 &Fran-

226 2075 303 2106 ciatn
325 2074 361 2104 ab
376 2073 448 2104 olim
468 2082 630 2111 captarum,

267 2113 313 2144 Ac
332 2113 417 2143 etiam
433 2112 547 2151 qualiter
568 2110 671 2142 Cursus
686 2110 828 2144 Comunis
850 2113 1049 2145 Mercandisiae
1072 2116 1168 2147 secure
1189 2140 1199 2156 ,
1232 2119 1290 2149 tam

228 2162 279 2191 per
295 2151 436 2219 Tefram,
453 2151 539 2188 quam
561 2159 611 2189 per
633 2150 733 2190 Mai-e,
753 2152 825 2183 inter
841 2151 929 2183 dictas
941 2162 1028 2192 partes
1043 2157 1147 2192 poterit
1170 2156 1292 2187 ordinari

231 2192 266 2222 &
285 2200 341 2221 con
353 2191 458 2227 ervari,

266 2229 395 2259 Necnon
416 2227 496 2266 super
519 2227 699 2266 Attemptatis
716 2227 784 2258 hinc
803 2228 870 2260 inde
892 2229 1112 2270 Reformandis,
1131 2242 1218 2271 eaque
1239 2233 1294 2265 Pe-

231 2267 368 2304 tendum,
390 2265 624 2305 Requirendum,
645 2267 679 2296 &
703 2264 922 2306 Obtinendum,

270 2305 439 2343 insuperque
461 2304 537 2342 super
560 2304 689 2372 (fflierelis
702 2305 736 2335 ὅτ,
760 2304 1021 2344 Conquestionibus
1036 2330 1045 2345 ,
1076 2308 1149 2339 ultro
1164 2310 1293 2348 citroque

230 2344 377 2383 propositis
392 2344 426 2374 &
440 2352 589 2381 proponen
610 2342 901 2383 is,Examinandum,
911 2345 1149 2385 Discutiendum,
1159 2347 1294 2386 Judican-

230 2383 322 2420 dum,
334 2391 421 2420 eaque
437 2380 663 2418 Diffiniendum‚
684 2381 837 2412 summarie
852 2405 861 2420 ,
888 2384 1066 2423 fimpliciter,
1090 2386 1123 2415 ὃς
1140 2387 1176 2416 de
1193 2387 1295 2425 pleno,

235 2422 292 2452 sine
313 2419 428 2458 strepitu
449 2420 483 2450 &
505 2418 727 2459 figurajudicii,
743 2421 831 2451 etiarn
853 2421 1000 2453 Terminis
1020 2423 1149 2462 legalibus
1170 2425 1204 2455 δε
1225 2435 1296 2455 con-

233 2459 313 2490 suetis
327 2469 385 2488 non
408 2457 537 2496 servatis,
553 2457 599 2488 seu
619 2459 683 2488 airas
700 2457 736 2487 de
758 2457 903 2490 Consensu
919 2461 1055 2500 utriusque
1075 2462 1161 2492 Partis
1175 2464 1297 2494 Ambas-

234 2498 368 2528 siatorum
398 2497 560 2534 abreviatis,
577 2495 633 2526 sola
656 2496 736 2526 Facti
750 2499 865 2527 veritate
881 2498 1021 2536 inspecta,

272 2535 317 2565 Ac
335 2536 421 2566 etiam
445 2534 480 2564 ad
496 2533 653 2565 Petendum
671 2534 705 2564 &
722 2533 936 2572 Recipiendum
957 2536 1044 2567 salvos
1072 2537 1243 2569 Condutstus
1260 2539 1297 2569 ab

233 2573 339 2604 eisdem
364 2582 416 2611 pro
440 2571 692 2602 Ambaffiatoribus
711 2572 743 2602 ὃς
760 2571 967 2604 Commiffariis
982 2575 1101 2614 nostris,
1120 2577 1153 2607 &
1175 2577 1231 2607 aliis
1248 2578 1295 2615 qui

233 2622 268 2644 ex
288 2609 435 2643 Praemissa
449 2609 538 2640 Causa
553 2611 739 2647 convenient,

273 2649 414 2681 Potestate
434 2657 529 2679 tamen
547 2648 581 2678 ad
606 2647 746 2678 Dandum
762 2671 772 2686 ‚
798 2648 1016 2681 concedendum
1032 2674 1042 2690 ,
1066 2652 1100 2682 &
1118 2652 1296 2683 liberandum

236 2690 324 2721 salvos
341 2687 514 2718 Conductus
528 2686 580 2717 illis
593 2686 842 2717 Ambaffiatoribus
853 2689 886 2719 &
901 2689 1041 2728 Nunciis,
1051 2700 1104 2727 pro
1122 2700 1197 2728 parte
1215 2692 1297 2729 ipsius

234 2728 375 2759 Dominae
390 2725 577 2764 Margaretae,
597 2735 631 2755 ac
647 2725 777 2763 Qatuor
792 2725 1013 2766 Membrorum,
1037 2730 1070 2759 ὃς
1091 2729 1209 2759 aliorum
1225 2740 1297 2767 prie-

236 2766 402 2802 dierorum,
437 2765 466 2794 ui
485 2774 536 2802 pro
559 2772 635 2801 parte
650 2763 787 2794 Fiandriae
808 2774 842 2795 ex
856 2766 944 2796 causis
957 2766 1100 2803 praemissis
1115 2770 1298 2807 convenient,

240 2803 399 2834 honorabili
447 2803 509 2833 ratri
537 2802 636 2833 nostro
673 2802 807 2833 Domino
835 2803 966 2842 Johanm'
990 2809 1089 2836 Comiti
1115 2807 1297 2875 Somegetiae,

238 2842 362 2880 ejusdem
377 2841 474 2881 Regni
488 2840 577 2871 nostri
592 2840 769 2878 Camerario‚
789 2844 948 2880 nostraeque
969 2844 1049 2874 Villae
1067 2843 1168 2874 Calesii
1213 2848 1300 2882 apita—

239 2890 313 2919 ne0,
331 2881 376 2911 seu
394 2882 475 2918 ipsius
490 2879 712 2910 Locumtenenti
725 2879 848 2916 praefatae
863 2881 946 2911 Villae
961 2881 1062 2912 nostrae
1078 2882 1194 2922 Calesii,
1215 2885 1298 2914 etiam

240 2919 416 2951 Auctoritate
431 2918 613 2949 Praesentium
628 2918 738 2955 penitus
751 2917 883 2948 reservata
893 2941 902 2957 ,

276 2958 442 2995 Caeteraque
460 2957 557 2987 omnia
571 2957 606 2988 &
623 2955 746 2993 lingula,
770 2965 834 2995 quae
848 2958 877 2986 in
900 2957 1051 2989 Praemiffis
1064 2961 1098 2991 &
1114 2961 1190 2990 circa
1204 2971 1235 2991 ea
1250 2971 1300 2991 ne·

240 2996 354 3027 cessaria
371 2996 489 3033 fuerint,
505 2994 550 3026 seu
571 2994 789 3033 quomodolibet
806 3004 964 3038 oportuna,
989 2998 1075 3028 etiam
1094 2999 1112 3029 si
1130 2998 1300 3030 Mandatum

241 3036 353 3072 exigant
372 3036 465 3071 magis
479 3032 792 3072 speciale,Faciendum
806 3035 839 3065 &
855 3033 1092 3075 Expediendum,

277 3072 370 3110 Ipsos,
389 3072 552 3103 Dominum
570 3071 763 3110 Episcopum,
787 3071 948 3102 Dominum
970 3074 1117 3104 Thomam
1136 3075 1299 3106 Dominum

241 3110 278 3141 de
294 3110 389 3141 Camo
407 3120 434 3148 s,
448 3111 629 3142 Richardum
648 3110 757 3147 Aston,
780 3109 959 3141 Nicholaum
984 3111 1014 3141 R
1035 3112 1146 3143 sibeton
1163 3137 1172 3151 ,
1189 3114 1301 3152 Joban-

243 3159 311 3179 nern
329 3149 365 3179 de
415 3149 500 3187 roffi,
514 3150 663 3180 Thomam
676 3148 833 3187 Pykworth
843 3172 852 3186 ,
864 3148 986 3188 Milites,
1003 3122 1167 3189 ‚sonantiem
1182 3152 1299 3191 Urban,

243 3188 278 3218 &
296 3187 486 3218 Willielmurn
501 3187 646 3228 Moubray
656 3209 665 3224 ,
680 3187 774 3217 Perini
788 3186 814 3216 le
829 3187 992 3225 Loharenc,
1007 3199 1040 3219 ac
1055 3189 1228 3221 Richardum
1244 3191 1299 3221 Ol-

243 3225 262 3255 d
283 3234 393 3264 ngton,
409 3225 549 3263 Novem,
563 3225 645 3256 Οᾶὶο
660 3248 670 3263 ,
697 3225 811 3263 Septem
826 3248 836 3263 ,
854 3225 909 3256 Sex
924 3249 934 3263 ,
965 3227 1104 3266 Quinque
1121 3252 1129 3267 ,
1151 3229 1299 3267 Quatuor,

277 3265 376 3302 res,&
393 3263 477 3293 Duos
491 3273 608 3301 eorum,
623 3263 735 3294 nostros
747 3273 828 3293 veros
841 3265 875 3295 ὃς
889 3264 1056 3296 indubitatos
1071 3267 1299 3306 Ambaffiatores,

244 3301 480 3340 Commissarios,
502 3301 697 3338 Negotiorum
720 3301 881 3332 nostrorum
901 3302 1035 3343 Gestores
1052 3328 1061 3342 ,
1083 3305 1301 3345 Procuratores,

246 3341 279 3372 ὃς
300 3341 318 3359 *
338 3340 472 3371 Nuncios
492 3339 620 3376 speciales
634 3340 781 3379 Facimus,
793 3340 982 3380 Ordinamus,
998 3342 1152 3382 Creamus,
1167 3345 1200 3374 ὃς
1216 3343 1300 3375 Con-

246 3380 385 3410 stituimus
410 3388 456 3415 per
471 3376 638 3414 Praesentes;

284 3417 505 3453 Promittentes,
526 3415 555 3444 in
574 3416 662 3445 verbo
684 3415 795 3454 Regio,
809 3416 874 3446 Nos
890 3416 1017 3456 Ratum,
1038 3418 1178 3457 Gratum,
1198 3421 1232 3452 &
1254 3420 1300 3451 fir-

247 3466 329 3488 mum
345 3457 482 3493 perpetuo
505 3453 644 3483 habituros
666 3454 802 3492 quicquid
825 3464 875 3491 per
893 3455 1005 3486 eosdem
1030 3457 1245 3488 Ambaffiatores
1266 3460 1299 3490 δε

248 3494 465 3526 Commissai'ios
481 3491 608 3528 nostros,
622 3490 742 3522 Novem
752 3513 762 3529 ,
775 3491 872 3531 Octo,
897 3493 1011 3531 Septem
1022 3517 1031 3533 ,
1053 3495 1127 3534 Sex,
1144 3496 1301 3536 Quinque,

247 3534 395 3572 Qatuor,
408 3531 500 3568 Tres,
515 3531 548 3562 &
565 3529 648 3560 Duos
669 3538 769 3572 eorum
784 3552 794 3567 ‚
825 3530 935 3562 Actum
957 3533 1013 3564 five
1033 3532 1159 3565 Gesturn
1174 3535 1256 3566 fuerit
1272 3537 1302 3566 in

246 3570 399 3603 Praemiffis
416 3571 449 3602 &
467 3569 580 3605 singulis
599 3566 817 3598 Praemifforum.

284 3609 350 3640 Dat.
365 3609 439 3646 apud
450 3612 604 3645 coventre,
619 3606 668 3636 sub
684 3604 788 3643 Magni
801 3606 892 3646 Sigilli
907 3607 996 3648 Regis
1011 3609 1192 3649 testimonio,
1203 3612 1239 3650 xij
1256 3612 1303 3643 die

247 3647 436 3679 Novembris.

922 3685 976 3714 Per
993 3684 1076 3725 ipsttm
1094 3689 1198 3725 Regem.

250 3768 1301 3779 Μ

375 3834 425 3865 De
440 3828 596 3863 tranando
616 3839 686 3862 cum
706 3828 836 3859 Nunciis
851 3826 1000 3872 Comitiffie
1017 3826 1176 3861 Flandriae.

253 3913 381 3981 REX
393 3914 552 3961 'Univerfis
571 3915 605 3945 &
623 3910 795 3951 smgulis,ad
813 3921 899 3950 quos,
915 3911 975 3942 &c.
1013 3911 1143 3943 Salutem.

352 3953 450 3983 Sciatis
465 3952 544 3991 quod
558 3952 640 3989 Nos,
905 3986 909 3993 ι
1086 3987 1110 3994 ,Α
1162 3988 1167 3994 ¹

289 3990 500 4021 Considerantes
523 3989 764 4033 Impedimentum
794 3997 924 4018 comunis
943 3984 1138 4018 Mercandiuae
1159 3995 1230 4019 mter
1253 3998 1306 4017 no-

172 4027 223 4075 :m
234 4027 242 4036 ”
252 4029 339 4060 strum
354 4028 491 4071 Regnum
506 4027 620 4071 Angliae
634 4037 667 4058 ac
687 4027 808 4057 Patriam
824 4027 856 4057 &
876 4025 1055 4056 Comitatum
1077 4026 1230 4064 Flandnae,
1242 4036 1306 4065 quae

228 4068 233 4074 '
251 4069 336 4137 etig'm
357 4065 639 4136 toiinliirfftianitati
660 4065 873 4099 lucrementum
889 4073 923 4097 ac
937 4062 1140 4097 Commodum
1160 4073 1220 4099 non
1242 4074 1306 4095 mo«

314 4116 364 4139 017}-
427 4126 434 4134 -
479 4126 486 4133 .
521 4124 528 4132 .

1321 187 1783 237 PusschA.
2312 210 2360 256 73

1307 272 1404 317 dicum
1422 275 1653 319 solebat-afferre,
1668 280 1798 311 Necnon
1814 280 1986 312 adversitates
2005 282 2138 320 diversas,
2162 282 2194 313 &
2212 286 2358 321 pne-sertim
2379 287 2453 318 Anni
2469 284 2499 320 D

1307 312 1446 356 sanguinis
1461 313 1807 359 Christiani-effulionem,
1825 330 1857 349 ac
1870 320 1920 350 alia
1940 319 2080 358 Pericula,
2103 331 2163 351 non
2179 323 2293 354 faciliter
2307 335 2360 354 nu·
2397 336 2483 365 1404.
2502 319 2510 326 ⁵

1309 351 1469 388 merabilia,
1483 354 1664 384 verisimiliter
1683 358 1810 394 evenire,
1824 358 1872 387 nisi
1888 357 2002 396 Injuriae
2015 381 2026 397 ,
2052 361 2106 389 una
2128 369 2195 389 cum
2220 361 2360 401 Dampnis
2376 370 2439 397 Hen,
2456 378 2485 402 4.

1310 388 1385 418 illatis
1398 388 1469 418 ultro
1485 390 1627 427 citroque,
1643 393 1744 423 fuerint
1763 394 1952 434 Reformatae,

1347 425 1626 470 AdHonoremlDei
1643 429 1854 467 Omnipotentis
1864 444 1985 470 ,necnon
2003 434 2035 464 ad
2051 435 2262 466 incrementum
2279 447 2361 467 com-⁴

1311 473 1402 532 fflunis
1418 463 1629 504 Mercandiliae,
1641 478 1675 497 ac
1694 469 1728 497 ad
1747 470 1893 502 utilitatem
1907 472 2133 504 Christianorum
2150 475 2233 505 totius
2254 475 2363 514 Reipu⁴

1343 512 1413 538 icae,

1348 539 1559 583 De‘fidelitate,
1572 542 1842 580 circumspeffione,
1863 546 1895 575 ὃ(
1909 546 2053 587 industria,
2077 547 2367 590 ReverendiPatris,

1313 577 1437 607 Domini
1455 578 1602 617 Richardi,
1619 580 1674 609 Dei
1687 581 1791 618 gratia,
1810 585 1984 624 Bangorenfis
2000 586 2135 626 Epistopi,
2154 599 2283 627 necnon,
2298 590 2366 620 fide*

1312 616 1382 645 lium
1401 616 1433 645 <Sc
1454 617 1625 647 dile&orum
1645 618 1825 657 nostrorum,
1839 620 1943 650 Thomae
1961 625 2068 653 Domini
2083 626 2115 654 de
2130 631 2252 668 Camoys,
2266 638 2299 659 ac
2315 631 2364 657 Ri-

1313 653 1406 682 chardi
1422 654 1454 683 de
1472 655 1563 693 Aston
1579 655 1813 687 Locumtenentis
1833 658 1935 688 nostrae
1958 660 2039 691 Villae
2053 662 2168 701 Calesii,
2188 669 2267 704 Magi
2289 670 2314 695 ri
2331 666 2364 696 de

1314 691 1450 729 Rirlheton
1479 693 1617 731 utriusque
1636 694 1710 732 Juris
1730 694 1893 725 Profefforis
1916 696 2120 737 Causarumque
2152 703 2226 734 Sacri
2259 665 2364 735 galami

1316 730 1474 767 Apostolici
1497 732 1642 762 Auditoris
1662 755 1672 770 ,
1704 732 1845 770 Johannis
1857 735 1888 763 de
1911 735 2014 774 Croffi,
2028 738 2060 767 ὃς
2079 739 2183 768 Thomae
2200 743 2367 781 Pykworth,

1317 767 1463 805 Militum,
1477 768 1621 807 Johanm‘s
1642 770 1754 808 Urban,
1764 771 1905 801 Willielmi
1917 773 2167 813 flloiebray,Pei‘ini
2183 778 2206 807 le
2215 780 2365 820 Loharenc,

1315 808 1350 838 ὃς
1366 807 1495 836 Richardi
1508 807 1675 847 Oldyngton,
1690 809 1925 848 Armigerorurn,
1941 812 2047 848 plenius
2069 814 2256 856 confidentes,

1354 844 1400 874 Ad
1422 846 1651 875 conveniendum
1663 856 1731 876 cum
1747 848 1997 879 Ambaffiatoribus
2011 851 2044 880 ὃς
2056 850 2091 880 N
2094 854 2199 890 unciis,
2217 865 2267 891 pro
2283 865 2368 896 parte,

1316 881 1476 912 Cariffimae
1501 882 1726 922 Consanguineae
1748 886 1850 916 nostrae
1875 909 1884 923 ,
1922 890 2045 917 Dominae
2066 892 2236 926 Margaretae
2255 894 2368 933 Duciffae

1316 921 1480 958 Burgundiae
1499 923 1640 961 Comitiſjae
1662 922 1819 962 Flandriae,
1835 925 1998 962 quibuscum
2022 936 2056 957 ue
2072 951 2081 964 ,
2108 927 2154 958 seu
2174 931 2260 959 etiarn
2280 934 2370 968 cujus-

1316 969 1440 996 cumque
1461 959 1568 990 alterius
1583 961 1611 990 in
1626 960 1764 998 praedieto
1780 961 1928 993 Comitatu
1940 963 1986 994 sua
2002 937 2212 997 ‘ih-rztendentis
2228 967 2370 1009 Interesse,

1316 997 1351 1027 ad
1368 997 1425 1027 hoc
1441 997 1628 1029 sufficientem
1650 998 1823 1031 Potestatem
1837 1001 2019 1041 habentibus,

1354 1036 1399 1065 Ac
1418 1035 1452 1065 ad
1470 1036 1642 1067 audiendum
1655 1037 1778 1074 ipsorum
1804 1039 1984 1070 Voluntatem
2004 1042 2037 1072 &
2061 1041 2268 1080 Beneplacitum
2290 1045 2369 1083 super

1316 1073 1540 1112 quibuscumque
1564 1074 1708 1114 Materia,
1726 1077 1854 1115 Statum,
1875 1077 2136 1119 Tranquillitatem,
2160 1092 2193 1111 ac
2216 1084 2374 1122 Quietem,

1315 1113 1403 1142 etiam
1423 1122 1471 1149 per
1485 1113 1623 1155 Terram,
1638 1114 1672 1144 &
1687 1124 1735 1152 per
1752 1114 1850 1154 Mare,
1866 1118 1925 1146 tam
1942 1117 2037 1157 Regni
2055 1119 2144 1148 nostri
2161 1120 2271 1160 Angliae
2287 1126 2374 1159 quam

1315 1150 1401 1218 ‹gidiae
1417 1150 1518 1181 Patriae
1538 1154 1582 1182 ieu
1603 1152 1765 1184 Comitatus
1795 1153 1932 1185 Flandriae
1952 1156 2157 1194 praediCtorum
2178 1162 2376 1191 concernenti-

1339 1199 1386 1226 us,

1356 1226 1450 1256 Etiam
1472 1227 1491 1256 si
1515 1226 1643 1264 Treugae
1659 1230 1729 1259 inter
1752 1229 1821 1260 Nos
1844 1231 1876 1260 &
1898 1230 2037 1268 Regnum
2060 1233 2186 1265 nostrum
2210 1235 2322 1273 Angliae
2340 1247 2375 1268 ac

1318 1263 1525 1303 Adzversbrium
1543 1266 1658 1304 nostrum
1676 1270 1796 1296 Francia>
1815 1269 1902 1299 eilent
1925 1270 2051 1302 infractae
2068 1295 2078 1309 ,
2106 1272 2151 1303 seu
2172 1275 2268 1313 (quod
2288 1275 2373 1312 absit)

1319 1302 1442 1333 Guerrae
1458 1312 1582 1341 exortae,
1595 1305 1625 1333 in
1640 1304 1734 1335 nostra
1750 1305 1821 1336 Villa
1839 1306 1937 1337 Calelii
1952 1308 1997 1339 seu
2017 1309 2100 1347 alibi,

1358 1340 1417 1370 Pro
1435 1340 1518 1372 Bono
1541 1342 1637 1381 Pacis,
1655 1344 1684 1372 in
1706 1344 1789 1374 Loco
1806 1345 1913 1383 utrique
1932 1346 2009 1378 Parti
2027 1348 2196 1380 indifferenti
2212 1373 2222 1389 ,
2244 1349 2279 1382 de
2303 1360 2375 1381 con-

1321 1379 1396 1410 sensu
1414 1378 1543 1410 Partium
1560 1380 1744 1420 affignando,

1360 1417 1490 1449 Necnon
1505 1418 1538 1448 ad
1554 1417 1769 1458 Tractandum,
1793 1419 2029 1453 Continuandum
2044 1448 2053 1461 ,
2083 1427 2115 1456 ὃς
2133 1425 2378 1467 prosequendum,

1322 1456 1503 1494 conjune'tim
1517 1480 1527 1495 ,
1555 1457 1588 1487 &
1603 1457 1715 1488 divisim
1730 1483 1739 1495 ,
1764 1458 1799 1488 de
1823 1460 1855 1489 &
1872 1460 1951 1497 super
1973 1462 2074 1492 eisdem
2096 1463 2235 1503 Materiis,
2251 1467 2282 1496 &
2299 1466 2378 1503 super

1323 1494 1399 1533 aliis,
1417 1494 1638 1533 Reparationem
1654 1494 1895 1534 Atternpratorum
1918 1509 1950 1529 ac
1968 1499 2179 1531 Liberationem
2193 1503 2379 1535 incarcerato-

1322 1543 1387 1563 rum
1403 1533 1544 1572 utriusque
1560 1534 1648 1565 Partis
1667 1544 1919 1574 quorumcumque
1940 1540 2189 1578 concernentibus,

1362 1571 1407 1602 Ac
1423 1572 1509 1602 etiam
1529 1571 1564 1602 de
1581 1574 1615 1604 &
1632 1573 1710 1612 super
1733 1573 1944 1605 Assecu'ratione
1969 1586 2002 1606 ac
2029 1576 2227 1609 Renovatione
2251 1579 2381 1618 Treuga-

1324 1619 1389 1640 rum
1405 1611 1475 1641 inter
1492 1610 1629 1648 Angliam
1654 1613 1688 1641 &
1704 1611 1727 1641 F
1728 1614 1855 1642 ranciam
1870 1614 1906 1643 ab
1922 1613 1992 1644 olim
2009 1623 2150 1652 captarum
2160 1639 2169 1654 ,

1362 1648 1491 1679 Necnon
1514 1649 1629 1688 qualiter
1648 1649 1750 1680 Cursus
1773 1650 1947 1682 Communis
1970 1652 2166 1685 Mercandisiae
2188 1656 2282 1685 secure
2295 1679 2304 1695 ,
2324 1658 2381 1687 tarn

1322 1697 1373 1756 ἒὲτ
1389 1687 1629 1755 Teframffluam
1648 1697 1699 1728 per
1715 1687 1819 1728 Mare,
1834 1690 1908 1721 inter
1928 1691 2015 1722 uictas
2031 1691 2124 1723 Partes
2141 1696 2243 1730 poterit
2262 1696 2383 1726 ordinari

1374 1734 1431 1755 con
1444 1736 1529 1757 ervari
1538 1750 1547 1762 ,
2119 1761 2122 1764 ,
2370 1764 2374 1766 ,

1363 1764 1408 1794 Ac
1426 1766 1512 1794 etiam
1527 1764 1605 1802 super
1622 1764 1801 1803 Attemptatis
1815 1766 1952 1798 hincinde
1973 1766 2193 1807 Reformandis,
2216 1781 2303 1809 eaque
2329 1771 2385 1802 Pe-

1323 1802 1462 1841 tendum,
1485 1801 1716 1843 Requirendum,
1731 1814 1765 1835 ac
1788 1805 1893 1838 realiter
1914 1806 1947 1836 &
1970 1817 2037 1837 cum
2057 1807 2162 1839 effectu
2176 1809 2385 1848 Obtinendum,

1364 1839 1534 1879 Insuperque
1555 1841 1635 1879 super
1658 1842 1789 1881 Qerelis
1804 1844 1837 1874 &
1852 1843 2187 1885 Conquestionibus,per
2202 1847 2292 1878 Partes
2309 1849 2383 1879 ultro

1325 1879 1453 1917 citroque
1471 1880 1618 1918 propositis
1634 1881 1668 1912 ὃς
1684 1881 1893 1921 proponendis,
1907 1882 2133 1915 Examinanduin
2143 1908 2152 1923 ,
2167 1885 2384 1917 Discutiendutn

1326 1917 1360 1948 ὃ(
1371 1917 1580 1956 Judicandum,
1596 1929 1682 1957 eaque
1698 1919 1910 1951 Diffiniendum
1926 1931 1993 1952 cum
2009 1922 2060 1953 suis
2073 1922 2311 1964 Emergentibus,
2325 1925 2386 1955 De-

1326 1956 1513 1994 pendentibus
1527 1959 1561 1988 &
1579 1956 1725 1988 Connexis
1736 1981 1745 1995 ,
1758 1959 1842 1989 etiam
1864 1959 2012 1991 summarie
2022 1983 2031 1999 ,
2041 1962 2216 2001 simpliciter,
2231 1963 2263 1993 &
2279 1963 2314 1993 de
2329 1964 2387 2001 pla—

1327 2005 1386 2033 n0,
1409 1995 1464 2025 sine
1486 1995 1602 2033 strepitu
1617 1996 1650 2026 &
1671 1995 1759 2034 figura
1771 1997 1877 2035 Judicii
1890 2020 1900 2036 ,
1922 1999 2006 2029 etiam
2028 1999 2174 2031 Terminis
2202 2002 2331 2044 legalibus
2352 2002 2385 2032 &

1329 2034 1470 2064 consuetis
1491 2044 1549 2064 non
1565 2033 1686 2065 Servatis
1707 2058 1717 2073 ,
1751 2034 1797 2066 seu
1819 2035 1883 2066 alias
1896 2059 1906 2073 ,
1925 2037 1961 2067 de
1988 2038 2122 2069 consensu
2149 2039 2285 2077 utriusque
2301 2040 2388 2070 Partis

1329 2071 1569 2102 Ambaffiatorum
1578 2095 1588 2110 ,
1610 2073 1803 2112 Abbreviatis,
1817 2075 1874 2104 sola
1891 2075 1966 2105 FaCti
1982 2078 2094 2106 veritate
2109 2077 2250 2115 inspeeta,

1368 2110 1413 2140 Ac
1430 2112 1515 2141 etiam
1534 2110 1567 2141 ad
1588 2110 1745 2142 Petenduni
1759 2135 1769 2150 ,
1803 2111 2005 2144 Obtinendum
2023 2115 2055 2145 &
2075 2114 2288 2153 Recipiendum
2304 2139 2314 2155 ,
2341 2126 2390 2154 per

1329 2148 1452 2179 Terram
1463 2172 1472 2187 ,
1493 2150 1526 2180 ὅ(
1549 2160 1596 2186 pei·
1619 2149 1720 2188 Mare,
1736 2151 1822 2181 salvos
1836 2150 2007 2183 Conductus
2028 2154 2064 2183 ab
2084 2154 2187 2185 eisdem
2202 2164 2254 2191 pro
2269 2155 2391 2185 Ambas-

1330 2187 1472 2218 siatoribus
1491 2188 1524 2218 &
1543 2187 1751 2219 Commiffariis
1765 2188 1864 2220 nostris
1873 2213 1883 2228 ,
1897 2190 1932 2220 &
1946 2191 2004 2221 aliis
2018 2191 2053 2221 ad
2068 2191 2258 2223 associandum
2278 2203 2326 2223 eos
2340 2193 2390 2223 de-

1330 2226 1476 2265 putandis,
1491 2228 1574 2256 etiam
1590 2237 1643 2266 pro
1658 2226 1780 2264 ipsorum
1798 2228 1940 2259 l-lernesiis
1953 2252 1962 2266 ,
1991 2228 2071 2260 Auro
2084 2252 2095 2268 ,
2119 2231 2152 2261 &
2174 2231 2305 2268 Argento
2320 2253 2330 2269 ,
2353 2240 2386 2261 ac

1329 2265 1387 2295 aliis
1402 2265 1643 2304 quibuscumque,
1657 2267 1705 2303 qui
1722 2275 1755 2296 ex
1772 2265 1916 2298 Praemissa
1929 2266 2019 2298 Causa
2033 2269 2219 2307 convenient,

1366 2301 1507 2334 Potestate
1528 2312 1622 2334 tamen
1642 2306 1676 2334 ad
1694 2303 1849 2342 Dandum,
1873 2304 2121 2345 Concedendum,
2136 2307 2168 2337 ὃς
2185 2306 2392 2346 Liberandum,

1329 2342 1418 2373 salvos
1434 2340 1605 2372 Conduetus
1620 2343 1648 2371 in
1663 2342 1754 2372 forma
1772 2343 1881 2372 meliori
1887 2354 1955 2381 ,per
1972 2344 2110 2382 Terram,
2130 2346 2149 2364 *²
2169 2346 2202 2376 &
2223 2355 2271 2382 per
2287 2345 2390 2384 Mare,

1331 2381 1384 2410 illis
1397 2380 1652 2410 Ambaffiatoribus
1670 2381 1703 2410 ὃς
1720 2379 1754 2409 N
1757 2381 1843 2410 unciis
1863 2391 1916 2418 pro
1931 2390 2007 2418 parte
2022 2382 2103 2419 ipsius
2119 2382 2257 2414 Dominae
2273 2383 2390 2422 Marga-

1333 2427 1420 2455 retae‚
1431 2428 1463 2448 ac
1480 2419 1586 2458 alterius
1602 2418 1821 2455 cujuscumque,
1834 2420 1882 2457 qui
1898 2419 1927 2448 in
1949 2420 2087 2461 praedidto
2108 2420 2255 2452 Comitatu
2276 2430 2392 2460 putave-

1333 2458 1369 2486 rit
1387 2456 1431 2486 sua
1450 2456 1595 2491 interelle,
1619 2466 1651 2485 ac
1675 2455 1731 2485 :iliis
1744 2457 1790 2493 qui
1806 2465 1839 2485 ex
1856 2457 2000 2494 praemissis
2023 2457 2118 2489 Causis
2132 2462 2323 2498 convenient,
2337 2472 2392 2499 pro

1332 2494 1394 2531 ipsis
1417 2495 1451 2525 &
1476 2493 1598 2531 ipsorum
1614 2493 1823 2531 FaniiliaribuS,
1838 2504 1871 2524 ac
1893 2495 1949 2525 aliis
1971 2495 2004 2526 ad
2027 2496 2218 2529 allociandum
2240 2509 2289 2529 eos
2304 2500 2393 2537 depu-

1331 2532 1419 2563 tandis
1429 2555 1438 2569 ,
1455 2532 1508 2561 una
1527 2541 1595 2561 cum
1611 2531 1690 2561 Auro
1700 2554 1709 2569 ,
1725 2531 1877 2572 Argento,
1894 2533 1926 2563 ὃς
1941 2534 1997 2564 aliis
2013 2533 2152 2566 Hernesiis
2169 2536 2310 2575 ipsorum,
2332 2538 2392 2569 abs-

1333 2580 1389 2608 que
1411 2569 1617 2600 Molestatione
1632 2571 1665 2600 &
1684 2569 1896 2608 Impedimento
1919 2572 2139 2611 quibuscumque
2154 2596 2164 2611 ,
2193 2585 2241 2612 pei·
2263 2575 2391 2607 nostrum

1333 2609 1470 2647 Regnum
1484 2607 1596 2646 Angliae
1611 2608 1804 2646 ubicumque,
1821 2619 1867 2646 per
1888 2609 2007 2640 Terram
2031 2611 2064 2642 ὃς
2087 2621 2135 2649 per
2153 2610 2252 2651 Mare,
2268 2613 2392 2646 honora-

1335 2648 1384 2677 bili
1406 2646 1494 2676 Fmtri
1512 2647 1608 2676 nostro
1630 2646 1762 2685 Domino
1784 2647 1913 2685 Jnhonni
1933 2652 2031 2679 Comiti
2056 2650 2219 2690 Somersbtiae
2233 2674 2243 2690 ,
2270 2653 2393 2690 ejusdem

1334 2685 1430 2722 Regni
1451 2683 1537 2714 nostri
1551 2686 1596 2714 An
1617 2684 1661 2714 liic
1676 2685 1842 2716 Camerario
1858 2710 1866 2723 ,
1890 2686 2045 2727 nostraeque
2061 2688 2143 2719 Villae
2160 2689 2259 2720 Calefii
2277 2690 2393 2729 Capita-

1334 2734 1406 2761 ne0,
1426 2722 1472 2753 seu
1489 2723 1570 2760 ipsius
1619 2726 1814 2754 ocumtenenti
1833 2725 1956 2761 ejusdem
1977 2725 2081 2756 nostrae
2104 2726 2188 2757 Villae
2205 2727 2306 2759 Calesii
2328 2732 2391 2761 cui-

1334 2771 1477 2800 cumque,
1492 2763 1576 2792 etiam
1593 2762 1759 2792 auctoritate
1774 2761 1956 2794 Priesentium
1974 2766 2084 2802 penitus
2104 2764 2271 2804 Reservatfi,

1372 2799 1542 2831 Mandaiites
1554 2800 1662 2838 insuper
1676 2801 1794 2838 praefato
1810 2800 1967 2839 Capitaneo
1981 2803 2066 2834 diecae
2089 2803 2192 2835 nostrae
2209 2803 2291 2836 Villae
2307 2806 2392 2838 Cale-

1337 2840 1384 2877 sii,
1398 2849 1431 2869 ac
1447 2838 1545 2869 nostris
1562 2838 1736 2877 Admirailis,
1751 2838 1927 2879 Capitaneis,
1942 2841 2084 2873 Gentibus
2097 2842 2391 2882 Armorum,Castel-

1336 2878 1420 2916 lanis,
1437 2876 1604 2915 Ballivis,ac
1617 2876 1717 2907 nostris
1730 2876 1910 2909 Officialibus
1919 2901 1928 2916 ,
1944 2879 2081 2910 Ministris
2100 2881 2338 2922 quibuscumque,
2354 2886 2388 2915 &

1336 2926 1437 2947 eorum
1457 2915 1744 2955 LocunitenentibuS,
1758 2926 1791 2946 ac
1810 2917 1925 2947 cuilibet
1939 2918 2124 2958 eorumdem,
2140 2921 2169 2949 in
2192 2930 2325 2958 quantum
2349 2924 2393 2960 ip-

1335 2955 1377 2985 sos
1397 2955 1565 2992 concernit,
1582 2955 1728 2992 quatinus,
1749 2955 1848 2991 vigore
1864 2955 2020 2994 hujusmodi
2038 2958 2102 2988 salvi
2123 2957 2311 2997 Conductiis,
2329 2970 2392 2997 per-

1336 2995 1448 3023 mittant
1462 2992 1549 3022 libere
1563 2993 1676 3023 transire
1690 3002 1737 3031 per
1757 2992 1885 3023 nostrum
1902 2994 2041 3030 Regnum
2063 2996 2195 3035 Angliae‚
2210 3007 2243 3027 ac
2262 2998 2327 3028 alibi
2342 3010 2391 3036 pei·

1336 3032 1465 3062 nostrum
1489 3030 1659 3061 Distridtum
1678 3033 1711 3061 &
1729 3031 1918 3062 Territorium
1933 3034 2121 3071 ubicumque,
2131 3035 2346 3067 Ambaffiatores
2360 3041 2394 3070 &c

1337 3070 1371 3100 N
1375 3070 1472 3100 uncios
1492 3069 1613 3106 pient-,e
1629 3068 1767 3099 Dominae
1783 3068 1953 3106 Margaretae
1968 3094 1977 3108 ,
2003 3082 2036 3102 ac
2058 3073 2126 3102 inibi
2151 3075 2272 3111 morari,
2288 3075 2392 3107 abinde

1336 3109 1465 3139 recedere
1483 3117 1534 3144 pro
1554 3107 1730 3144 beneplacito
1751 3108 1921 3138 eorumdem
1944 3131 1954 3147 ,
1986 3111 2103 3140 durante
2129 3111 2288 3149 hujusmodi
2316 3115 2391 3145 salvo

1338 3146 1511 3184 Conductu,
1523 3145 1624 3184 absque
1638 3145 1841 3176 Molestatione
1854 3157 2031 3186 quacumque
2045 3150 2075 3178 in
2090 3148 2217 3180 Personis
2238 3151 2284 3181 seu
2306 3151 2392 3184 Bonis

1336 3184 1520 3220 eorumdem,

1375 3223 1428 3261 Et,
1448 3224 1476 3252 in
1489 3221 1562 3252 Casu
1582 3221 1676 3259 (quod
1695 3223 1778 3259 absit)
1789 3222 1808 3253 fi
1824 3223 1928 3262 aliquid
1945 3223 1989 3254 fiat
2004 3225 2033 3255 in
2049 3226 2237 3265 contrarium,
2253 3227 2333 3264 quod
2348 3229 2393 3259 in-

1336 3261 1513 3298 continenti,
1536 3261 1636 3298 absque
1650 3261 1802 3299 dilatione,
1825 3262 1871 3292 fiat
1891 3262 2042 3293 Restitutio
2057 3264 2086 3293 in
2101 3264 2210 3294 Statum
2225 3265 2374 3302 pristinum
2393 3289 2404 3305 ,

1337 3310 1385 3337 per
1400 3298 1603 3336 Capitaneum,
1617 3309 1650 3328 ac
1667 3299 1834 3330 Admirallos
1844 3324 1853 3339 ,
1877 3299 2045 3338 Capitaneos
2061 3324 2070 3340 ,
2101 3303 2134 3333 &
2155 3303 2223 3333 alios
2239 3303 2376 3342 quoscum

1338 3348 1392 3377 que
1412 3339 1497 3368 etiam
1513 3337 1633 3375 superius
1655 3339 1834 3376 nominatos,

1373 3375 1538 3415 Caeteraque
1551 3376 1646 3405 omnia
1667 3378 1700 3405 &
1715 3377 1838 3414 singula,
1851 3387 1914 3416 quae
1933 3377 1962 3407 in
1978 3376 2129 3408 Praemiffis
2147 3379 2179 3409 &
2199 3379 2274 3410 circa
2295 3392 2326 3412 ea
2341 3392 2391 3412 ne-

1336 3414 1450 3444 cessaria
1463 3414 1583 3450 fuerint,
1603 3414 1647 3444 seu
1669 3415 1881 3451 quomodolibet
1896 3423 2052 3453 oportuna,
2072 3415 2261 3457 Faciendum,
2287 3419 2390 3450 Excer-

1337 3453 1481 3490 cendum,
1503 3453 1535 3482 &
1554 3451 1768 3489 Expediendum
1777 3475 1788 3491 ,

1376 3491 1466 3528 Ipsos,
1481 3489 1645 3520 Dominum
1663 3487 1853 3530 Episcopum,
1868 3490 2032 3522 Dominum
2051 3491 2086 3522 de
2099 3492 2226 3535 Camoys
2241 3517 2250 3533 ,
2271 3494 2393 3526 Richar-

1336 3529 1408 3560 dum
1427 3528 1534 3566 Aston,
1545 3528 1715 3565 Magistrum
1731 3529 1907 3560 Nicholaum
1916 3552 1926 3568 ,
1940 3530 2087 3560 Thomam
2104 3531 2201 3562 Crofft
2214 3555 2223 3570 ,
2245 3533 2391 3564 Thomam

1338 3566 1509 3606 Pykworth,
1520 3566 1680 3605 johannem
1697 3565 1799 3597 Urban
1809 3590 1818 3605 ,
1831 3567 2022 3598 Willielmum
2030 3590 2039 3606 ,
2053 3568 2186 3600 Perinum
2195 3592 2204 3607 ,
2217 3571 2249 3600 ὃς
2270 3570 2393 3601 Richar-

1338 3606 1408 3636 dum
1427 3604 1597 3645 Oldyngton
1606 3627 1616 3642 ,
1631 3604 1742 3635 Decem
1753 3629 1761 3643 ,
1771 3606 1890 3636 Novem
1900 3628 1909 3643 ‚
1917 3606 1996 3636 Octo
2005 3628 2014 3644 ,
2029 3607 2141 3644 Septem
2149 3631 2158 3645 ,
2167 3608 2235 3645 Sex,
2245 3608 2392 3648 Qiinque,

1341 3644 1469 3682 Qatuor
1479 3665 1487 3680 ,
1503 3642 1592 3679 Tres,
1605 3644 1638 3674 &
1653 3643 1736 3673 Duos
1751 3654 1852 3674 eorum
1863 3666 1871 3680 ,
1893 3643 2000 3674 nostros
2029 3654 2109 3675 veros
2131 3647 2164 3676 &
2185 3647 2340 3684 legitimos,
2355 3654 2391 3678 ac

1338 3682 1508 3712 indubitatos
1525 3680 1757 3719 Anibaffiatores,
1774 3681 2210 3723 Commissarios,Negotiorum
2227 3683 2391 3716 nostrorum

1339 3719 1472 3751 Gestores
1508 3719 1758 3757 procuratoresque
1776 3722 1808 3749 δε
1827 3720 1960 3750 Nuncios
1978 3722 2121 3759 speciales,
2142 3721 2290 3760 Facimus,
2304 3722 2390 3754 Ordi-

1339 3768 1454 3794 namus,
1470 3742 1622 3795 Creanius,
1639 3758 1672 3787 ὃς
1687 3757 1893 3789 Censtituimus
1909 3769 1956 3796 per
1979 3759 2144 3794 Praesentem

1376 3795 1575 3826 Promittentes
1591 3818 1600 3833 ,
1624 3797 1653 3825 in
1675 3797 1763 3827 verbo
1780 3797 1892 3840 Regio,
1913 3796 1982 3826 Nos
1996 3797 2115 3834 Ratum,
2131 3794 2271 3834 Gratum,
2296 3799 2331 3829 ὃς.
2344 3798 2390 3830 fir-

1340 3843 1422 3863 mum
1452 3836 1587 3871 perpetuo
1623 3834 1765 3864 habituros
1791 3835 1925 3873 quicquid
1954 3844 2002 3872 pet
2023 3834 2136 3864 eosdem
2160 3833 2393 3877 Ambaffiatores,

1341 3870 1557 3902 Commilsarios
1578 3872 1703 3910 nostros,
1724 3873 1855 3909 Decem,
1883 3872 2023 3909 Novem,
2049 3872 2146 3909 Oc'rO,
2173 3872 2307 3912 Septem,
2323 3875 2392 3913 Sex,

1343 3911 1506 3977 Qinques,

1342 3948 1357 3978 f
1515 3910 1646 3949 Qatuor
1655 3934 1664 3948 ,
1677 3911 1767 3949 Tres,
1781 3912 1814 3942 &
1836 3910 1918 3940 Duos
1940 3919 2036 3940 eorum
2045 3932 2055 3947 ,
2076 3910 2182 3940 Actum
2198 3911 2254 3943 sive
2268 3912 2395 3945 Gestum

1356 3955 1424 3978 uerit
1440 3958 1468 3977 in

1508 3948 1631 3978 raemiffis
1647 3950 1798 3987 omnibus,
1812 3951 1845 3980 &
1860 3948 1971 3985 fingulis
1992 3947 2211 3980 Pioemifforum.

1382 3985 1449 4016 Dat.
1465 3986 1536 4024 apud
1553 3990 1688 4017 coventre
1701 4010 1709 4024 ,
1725 3987 1774 4019 sub
1796 3987 1900 4023 Magni
1921 3986 2008 4024 Sigilli
2031 3984 2118 4025 Regis
2140 3987 2307 4019 testimonio
2323 4012 2333 4028 ,
2356 3987 2396 4028 xij

1342 4023 1390 4055 die
1403 4023 1438 4054 N
1440 4025 1591 4056 ovembris⁴
2030 4060 2033 4061 ⁷

2022 4062 2074 4093 Per
2091 4060 2173 4102 ipsum
2189 4066 2293 4104 Regem.

1818 4098 1864 4149 *K
2348 4106 2393 4133 De

2411 2349 2522 2379 *VIIL

2414 2398 2477 2428 377·
