2562 4274
204 161 256 200 υ,
721 130 1518 180 CONVENTioNEs,
1591 128 2011 181 LITERAE,

51 233 129 265 Arm.
145 229 187 263 D.
207 234 265 263 fato
287 231 367 271 Rege
395 229 522 269 Angli-ae,
548 226 635 270 Duce
662 224 856 263 Aequitaniae,
880 224 913 254 &
937 223 994 262 ejus
1014 221 1201 258 Haeredibus,
1221 230 1269 258 pei·

72 281 157 311 1412.
206 271 403 310 Homugfflm,
419 270 452 299 &
469 277 499 298 ut
515 276 602 296 moris
620 263 670 294 est.

53 316 118 340 lien.
138 320 167 347 4.

2389 212 2467 244 Ann.
2478 213 2533 245 D..
2557 226 2562 233 ·

2409 261 2497 290 1412.

2390 294 2454 320 ΗΜ.
2470 301 2499 328 4.

1301 314 1414 346 forma
1441 308 1604 343 Concordia
1627 320 1815 353 memorant,
1846 322 1902 357 per
1926 309 2075 343 difforum
2091 312 2264 356 Principum
2284 309 2369 344 Am-

239 347 369 383 ITEM,
388 345 477 384 placet
491 341 628 381 Psaedieto
643 339 673 370 D
675 339 777 370 omino
798 338 872 377 Regi
897 337 1024 377 Angliae’
1042 336 1123 382 D9Ci
1146 335 1267 374 ‘Aquita‘
1469 357 1655 402 baffiatores,
1681 363 1712 391 in
1736 359 1894 392 eorundem
1917 360 2050 391 Animas
2069 359 2192 404 juratae.

204 388 277 422 niae,
294 385 374 423 quod
389 387 478 412 comes
497 381 688 417 Armigniaci,
705 377 810 417 ejusque
825 377 953 406 Haeredes
963 383 1107 414 perpetuo,
1134 374 1268 414 pacifice,
1298 391 1302 393 >

205 426 239 456 &
271 423 364 462 quiete
395 420 574 458 possidebunt
599 418 733 456 Qatuor
762 415 942 462 Castellanias
969 414 1123 451 (videlicet)
1149 413 1266 451 Gleolle,
1425 445 1430 451 .
1841 445 1846 450 ἡ
2066 444 2071 449 1
2365 446 2371 451 θ

206 463 299 492 &meli
319 460 436 498 Genifii,
455 461 537 496 Rupis
556 456 696 495 Valsergne
713 456 746 486 &
764 453 925 494 Carfiztgnes
943 453 974 482 de
992 456 1159 490 Begongues,
1175 453 1213 482 fic
1229 460 1270 482 ta-
1307 444 1502 502 OMnibus‚
1518 443 1552 474 ad
1567 453 1639 482 quos
1652 443 1797 482 praesentes
1811 444 1914 475 Literae
1927 450 2124 482 pervenerint,
2140 441 2262 481 Jacobus
2270 445 2370 481 Magni
2388 449 2443 475 An.
2461 456 2505 484 ¹3·

209 511 275 531 men
318 499 376 529 uod
391 498 483 527 dictus
497 496 622 533 Comes,
641 505 693 532 pro
714 494 861 532 praelibatis
888 491 1079 529 Castellaniis,
1096 491 1179 521 faciet
1196 500 1269 530 prae-
1362 526 1364 528 Ι
1379 485 1409 527 in
1423 483 1505 513 Sacra
1519 482 1622 526 Pagina
1633 481 1794 526 Professor,
1812 485 1897 512 Είὶον
1913 482 2136 519 dePontbriant,
2149 483 2247 511 Petrus
2261 482 2293 511 de
2303 485 2369 511 Vera
2388 491 2423 513 H.
2438 495 2466 520 4.

206 539 286 569 djgto
333 537 437 567 omino
449 535 525 573 Regi
539 533 737 570 Homagium,
754 532 787 562 ὃς
809 532 861 561 suis
879 530 1065 566 Ham-edibus,
1083 529 1116 559 &
1133 537 1162 559 ut
1183 529 1269 558 moris
1298 519 1378 559 stallis
1398 532 1426 551 in
1438 521 1521 551 Sacra
1534 520 1638 560 Pagina
1652 520 1823 551 Bachalarius
1837 521 1991 559 formatus,
2007 522 2041 553 &
2063 519 2183 560 Galefius
2206 521 2239 550 de
2260 519 2370 560 Achqyo
2392 526 2490 551 ExAu.

46 3168 63 3184 ν
82 3168 164 3195 viii.

48 3215 109 3241 742-

206 577 266 615 est,
285 578 317 608 &
332 576 372 605 ob
385 575 443 605 hoc
457 574 549 604 dictus
564 571 709 615 Dominus
724 569 948 613 Rex-liberaliter
968 566 1113 612 vpraedic-ias
1135 566 1270 597 Castella-

207 617 264 645 nias
276 614 408 645 Contulit
421 614 454 644 ὃς
470 611 594 643 Confert
608 610 696 641 dicte·
708 608 819 639 Comiti
842 609 1019 646 ArmigniaCi
1040 605 1144 646 suisque
1166 605 1269 636 Haere-

207 654 288 685 dibus
302 655 450 693 perpetuo.

245 730 283 761 Et
308 729 547 761 POSTREMO
563 750 572 764 ,
598 726 638 757 ob
661 725 708 755 has
732 722 958 760 Conceffiones,
975 723 1009 753 &
1027 721 1078 751 hiis
1101 721 1138 751 de
1156 720 1272 760 Caufis,

210 769 470 807 praedietiDomini
480 767 648 797 unanimiter
657 788 666 801 ,
682 762 798 799 utsupra
808 761 1038 800 Appumstuatum
1048 759 1106 798 est,
1125 760 1158 790 &
1172 770 1272 790 eorum

208 808 426 845 Procuratores,
441 814 543 836 eorum
558 803 689 840 nomine,
709 800 901 832 Promiserunt
912 823 921 838 ,
935 801 968 830 ὃς
983 809 1031 836 per
1040 798 1189 828 Praesentes
1197 798 1273 842 Pro-

207 848 326 877 mittunt
347 849 380 877 ὃς
404 848 429 875 ie
448 844 608 882 Obligant,
631 850 684 880 pro
708 840 813 870 viribus
829 861 838 876 ,
864 838 898 868 ad
924 837 1122 881 Conquestam
1145 837 1272 875 praedicti

207 884 341 916 Ducatfis
357 885 460 924 Juvare
476 883 586 912 dictum
612 879 778 910 Dominum
799 876 911 921 Regem
940 876 1067 919 ¹linghae,
1093 874 1212 919 Ducem
1229 876 1272 906 A-

207 925 360 963 quitaniae,
378 922 533 958 sumptibus
546 919 613 957 suis,
632 918 724 948 modo
739 918 772 947 δε
787 916 882 958 forma
899 915 999 959 quibus
1018 916 1138 955 superius
1150 914 1272 945 declara-

207 971 272 1000 tur,
290 972 343 999 pro
356 961 476 996 Castris,
496 958 659 994 Fortalitiis,
679 957 712 987 ὃς
723 955 780 984 aliis
789 953 938 983 Dominus
949 954 1190 996 quibuscumque,
1210 962 1273 990 pei·-

208 1002 361 1032 tinentibus
378 999 411 1029 ad
427 997 548 1028 eundem
567 995 734 1025 Dominnm
751 992 879 1030 Regem,
895 991 1011 1035 Ducem
1020 991 1179 1035 Aquitaniae
1195 992 1271 1030 (quae

208 1040 326 1070 nomine
339 1036 502 1067 Communi
514 1035 646 1064 dicuntur
666 1031 766 1062 Castra
783 1031 838 1060 sive
859 1029 999 1059 Fortalitia
1019 1029 1144 1068 Regalia)
1165 1031 1271 1068 integre

209 1077 368 1107 obtinendis
387 1085 436 1113 per
454 1073 575 1104 eundem
590 1072 756 1102 Dominum
770 1067 797 1098 R
835 1077 882 1098 ern
897 1067 1010 1111 suosque
1018 1067 1153 1099 Haeredes
1162 1091 1172 1107 ,
1186 1069 1271 1100 etiam

208 1116 412 1153 cujuscumque
432 1112 603 1152 Dignitatis‚
622 1107 733 1146 Statim,
750 1116 797 1138 aut
840 1106 995 1137 onditionis
1008 1106 1110 1137 existat.

247 1192 380 1223 Sssx‘ro
395 1214 405 1228 ,
429 1188 664 1228 Appun&uatum
691 1185 732 1217 est
757 1185 790 1216 &
811 1182 1049 1222 Concordatum,
1069 1185 1140 1216 inter
1162 1183 1271 1215 dfftum

208 1230 321 1270 Regem
338 1230 448 1269 Angli-ae
459 1253 468 1266 ,
487 1228 604 1258 Ducem
620 1225 814 1264 Aequitaniae,
830 1224 863 1254 ὃ(
875 1223 967 1253 diclos
980 1222 1140 1260 Dominos‚
1158 1224 1186 1253 in
1195 1224 1272 1254 hunc

209 1270 350 1306 modum,
369 1268 448 1306 quod
466 1267 557 1297 dictus
576 1264 640 1294 Rex
663 1263 791 1302 Angliae,
810 1262 878 1292 Dux
897 1261 1073 1300 Aquitaniae,
1099 1261 1188 1291 dictos
1205 1262 1273 1292 Do-

210 1309 321 1345 minos,
338 1307 399 1337 suos
417 1305 552 1336 Vassallos
570 1304 603 1335 &
621 1302 714 1333 fideles
732 1300 881 1338 Subdiros,
899 1299 1043 1331 Defendet
1062 1300 1118 1330 sive
1135 1299 1270 1331 Defensa-

210 1347 263 1384 bit,
286 1347 318 1377 &
335 1347 372 1376 eis
387 1369 396 1384 ,
424 1354 455 1375 ut
475 1352 575 1374 eorum
594 1350 676 1372 verus
695 1339 862 1376 Dominus,
891 1339 931 1368 im
953 1338 1037 1369 endet
1064 1339 1211 1369 Auxilium
1237 1340 1271 1369 &

208 1385 398 1423 Succursum,
417 1383 468 1420 ὃς,
489 1383 516 1412 in
537 1389 675 1421 quantum
694 1379 724 1408 iti
740 1388 776 1408 eo
796 1379 865 1415 erit,
884 1376 920 1407 de
973 1386 1025 1407 uce
1043 1376 1212 1416 Burgundiae
1233 1378 1273 1408 eis

207 1423 290 1454 faciet
304 1422 426 1462 Justitiae
444 1420 709 1458 complementum,
888 1454 893 1459 ·
1112 1455 1118 1460 .

244 1461 282 1492 Et
301 1471 392 1499 neque
409 1459 498 1489 dic‘tus
517 1458 580 1489 Rex
602 1457 730 1493 Angliae,
746 1464 838 1492 neque
854 1453 894 1496 sui
911 1452 1048 1484 Haeredes
1066 1454 1166 1486 facient
1190 1454 1266 1493 quas-

207 1510 335 1538 cumque
353 1489 826 1534 Confoederationes,Tra6tatu5,
845 1494 900 1522 live
915 1491 1109 1530 Concordias,
1128 1503 1196 1523 cum
1211 1493 1269 1532 Jo-

208 1538 300 1568 hanne
312 1540 388 1567 Duce
403 1536 568 1573 Burgundiae
581 1533 740 1570 moderno,
759 1541 853 1573 neque⁴
863 1532 951 1559 Natis
961 1531 1034 1569 suis,
1053 1531 1195 1560 Fratribus
1204 1542 1268 1570 ,aut

207 1574 403 1645 Cognatisgaeis
421 1577 562 1604 Germanis
580 1572 747 1611 quibuscum
769 1581 820 1608 ue,
837 1573 892 1600 iine
905 1569 1016 1600 scientia
1032 1569 1064 1601 &
1078 1570 1212 1602 consensu
1226 1571 1269 1602 di-

207 1616 323 1646 &orum
369 1614 551 1650 ominorum,
568 1611 753 1651 suorumque,
787 1607 930 1652 predum:
1060 1648 1064 1652 ι
1100 1647 1104 1652 Ι

248 1653 301 1691 Et,
324 1663 340 1683 e
357 1651 496 1683 converso
516 1652 547 1681 δε
567 1649 658 1680 modo
677 1647 817 1679 coniimlll
832 1670 842 1683 ,
865 1655 956 1684 neque
978 1645 1106 1683 praedieti
1130 1646 1271 1687 Domini,

206 1702 299 1731 neque
320 1692 358 1722 sui
383 1690 517 1720 Haeredes
537 1689 639 1719 facient
667 1686 855 1725 quascumque
881 1684 1170 1724 Confoederationes,
1195 1686 1270 1718 Tra-

208 1731 313 1768 dimus,
335 1730 389 1760 live
406 1728 584 1758 Concordias
601 1735 669 1757 cum
685 1725 801 1764 praefato
811 1723 1074 1762 DuceBurgundiae,
1090 1724 1191 1763 Natis,
1201 1725 1223 1754 F
1225 1737 1269 1757 fa-

208 1769 313 1807 tribus,
331 1776 378 1798 aut
394 1766 532 1804 Cognatis
546 1765 598 1796 suis
613 1764 765 1795 Germanis
780 1761 1023 1802 quibuscumque,
1041 1762 1097 1793 sine
1110 1763 1221 1794 scientia
1235 1766 1269 1795 ὅ(

207 1806 341 1838 consensu
354 1806 423 1838 dieti
438 1805 526 1845 Regis
538 1804 647 1843 Angliae
656 1826 665 1842 ,
682 1802 773 1834 Ducis
787 1801 962 1841 Aquitani-ae,
981 1801 1151 1841 suorumque
1165 1801 1269 1835 Haere-

205 1847 288 1878 dum.

244 1884 475 1922 promittuntque
490 1883 596 1921 insuper
612 1880 737 1912 Domini
751 1877 904 1922 antediffi²
923 1878 956 1909 ὃ(
977 1888 1079 1909 eorum
1098 1878 1267 1912 Procurato-

207 1934 248 1954 res
263 1933 363 1953 eorum
379 1923 497 1953 nomine
510 1921 685 1952 Promittunt
706 1919 739 1950 &
759 1918 785 1949 se
805 1917 960 1956 Obligant,
979 1918 1011 1948 δε
1052 1918 1149 1950 uilibet
1169 1929 1270 1950 eorum

206 1962 346 2001 figillatim
361 1962 394 1992 ὃς
415 1960 526 1991 divisim
542 1959 681 2000 praedicto
699 1957 777 1994 Regi
792 1956 919 2000 Angliae,
937 1955 1017 1986 Duci
1077 1958 1202 1997 uitaniae,
1219 1968 1269 1989 eo-

206 2010 273 2031 rum
289 2000 440 2037 Domino,
457 2000 491 2031 &
505 2000 562 2035 eius
578 1996 766 2034 Haeredibus,
781 1993 925 2038 Promittit
942 1995 976 2026 &
992 1994 1017 2026 se
1032 1994 1062 2025 O
1087 1995 1104 2025 li
1124 2005 1168 2035 at,
1187 2005 1216 2027 ut
1229 1997 1268 2028 sui

205 2040 265 2070 veri
280 2038 381 2069 Vasalli
396 2038 429 2069 ὃ(
453 2037 558 2068 Fideles
577 2036 708 2072 Subditi,
727 2033 808 2072 quod
827 2034 863 2076 si,
885 2043 913 2062 in
936 2031 1020 2064 Profe
1043 2043 1096 2064 uen
1117 2045 1137 2065 o
1157 2034 1268 2067 dictum

205 2077 326 2109 Ducem
339 2075 526 2115 Burgundiae‚
543 2074 632 2113 aliqua
647 2072 786 2110 Persona,
810 2072 1011 2110 culuscumque
1059 2073 1193 2112 ignitatis,
1210 2075 1271 2106 Sta-

202 2114 266 2154 tfis,
282 2116 339 2146 five
354 2114 537 2145 Conditionis
549 2113 664 2152 existat,
681 2112 774 2143 veniat
792 2111 836 2140 vel
850 2110 963 2140 rebellet
976 2119 1074 2141 contra
1088 2112 1199 2142 dictum
1208 2113 1267 2144 Re-

203 2163 290 2195 gem,
308 2153 424 2184 Ducem
443 2152 621 2191 Aquitaniae,
639 2160 739 2182 eorum
757 2149 939 2186 Dominum,
956 2147 1092 2181 Haeredes
1107 2175 1116 2189 ,
1141 2160 1186 2182 aut
1206 2152 1270 2184 De-

203 2201 313 2232 putatos
327 2192 405 2230 suos,
420 2192 465 2222 vel
481 2201 529 2222 eos
541 2190 677 2229 impediat
690 2189 735 2219 vel
750 2190 788 2218 eis
801 2187 962 2218 disturbum
984 2187 1081 2228 faciat,
1098 2190 1179 2227 quod
1199 2199 1268 2223 tunc

203 2232 333 2270 praedic'ti
351 2230 474 2261 Domini
490 2229 649 2261 stabunt&
669 2227 785 2258 fideliter
800 2225 928 2270 ,assistant
948 2226 1086 2270 praedicto
1108 2228 1136 2258 R
1175 2230 1182 2259 i
1206 2230 1268 2261 An-

202 2271 285 2308 gliae,
306 2269 385 2300 Duci
401 2269 559 2307 Aquitaniae
595 2269 699 2298 eorum
714 2265 866 2303 Domino,
882 2264 1053 2308 Haeredibus
1072 2275 1119 2298 aut
1171 2277 1269 2307 eputa-

203 2310 237 2340 tis
257 2309 309 2340 suis
329 2317 398 2339 cum
415 2316 475 2338 tota
494 2307 538 2338 flia
556 2291 715 2342 Potestate,
734 2314 787 2335 nec
814 2313 881 2334 eum
904 2303 1066 2343 dimittent,
1089 2315 1268 2347 quacumque

203 2347 268 2386 via,
286 2348 331 2378 seu
345 2347 439 2384 aliquo
472 2344 642 2377 uovismodo
664 2343 781 2384 quaesito
802 2343 920 2379 colore,
937 2344 1041 2385 ymmo
1056 2353 1125 2375 cum
1149 2346 1268 2385 praefato

204 2386 287 2426 Rege
303 2386 432 2423 Angiiae‚
451 2355 540 2415 Duce
554 2383 751 2422 Aequitaniae,
769 2390 869 2413 eorum
886 2380 1038 2425 Domino,
1057 2383 1219 2415 constanter
1233 2386 1267 2417 &

203 2424 321 2455 firmiter
334 2423 549 2463 perseverabunt
564 2423 666 2461 absque
680 2421 776 2452 fraude
791 2421 825 2452 &
841 2419 1070 2452 contradictione
1084 2423 1266 2460 quibuscum-

225 2473 267 2493 ue.

203 2473 222 2502 q
242 2502 288 2532 SE
300 2509 453 2539 PT1Mo‚
468 2499 686 2531 Concordatum
700 2499 734 2529 &
750 2497 796 2538 Ap
817 2497 1051 2540 unetuamentum
1073 2498 1114 2529 est
1134 2500 1164 2530 in
1187 2501 1264 2533 hunc

205 2539 344 2577 modum,
360 2539 440 2579 quod
455 2537 546 2568 dietus
560 2538 624 2568 Rex
639 2538 684 2568 An
706 2537 769 2581 liae,
822 2545 856 2565 ux
866 2536 1042 2579 Aquitaniae,
1059 2537 1211 2581 Succurret
1224 2540 1268 2569 di-

205 2579 258 2609 <Stis
267 2578 419 2615 Dominis,
434 2586 567 2614 tanquam
582 2576 633 2606 suis
646 2576 685 2606 Su
727 2583 768 2605 itis
783 2576 816 2606 &
833 2573 972 2612 Vassallis,
988 2583 1016 2603 in
1032 2576 1168 2606 omnibus
1182 2578 1265 2608 bonis

205 2619 239 2648 δε
255 2616 330 2654 justis
346 2616 474 2654 Qierelis
492 2624 608 2653 eorum,
627 2616 710 2644 etiarn
732 2613 764 2644 ad
788 2612 1007 2649 Reparationem
1019 2612 1209 2652 *Offenssrum
1229 2616 1263 2646 &

205 2655 426 2694 Dampnorum,
444 2663 492 2691 per
508 2653 626 2683 Ducem
642 2651 830 2689 Burgundiae,
849 2650 927 2688 suos,
945 2658 991 2681 aut
1008 2651 1057 2680 libi
1073 2651 1265 2692 Adhaerentes,

207 2694 328 2732 praefatis
350 2692 484 2723 Dominis
497 2715 506 2729 ,
529 2701 630 2722 eorum
653 2690 834 2726 Fautoribus,
861 2688 1002 2719 Benivolis
1022 2689 1211 2722 Servitoribus
1229 2693 1263 2723 δε

206 2731 419 2763 Confoederatis
432 2730 532 2769 injuste
545 2729 686 2759 illatorum
722 2728 920 2767 adhibebitque
939 2727 1030 2758 dietus
1051 2728 1116 2759 Rex
1137 2729 1170 2760 &
1192 2729 1262 2761 Dux

205 2770 376 2809 diligentiam
389 2770 465 2800 suam
484 2778 514 2798 ut
527 2769 612 2798 etiam
627 2768 679 2798 sint
695 2753 827 2809 Reparati
843 2765 876 2795 ad
890 2765 1043 2804 Honores,

243 2809 298 2839 Illis
315 2816 409 2839 rameri
424 2807 563 2844 Dampnis
577 2808 609 2838 &
619 2805 762 2842 Offeniis,
798 2814 827 2834 er
842 2804 1035 2843 quoscumque
1043 2804 1199 2845 Anglicos,
1213 2817 1266 2838 cu—

205 2847 374 2886 juscumque
390 2846 562 2883 Dignitatis,
577 2843 685 2881 Status,
704 2843 748 2874 vel
797 2843 951 2886 onditionis
969 2842 1072 2874 fuerint
1088 2845 1189 2876 ultimo
1204 2846 1267 2876 An-

205 2896 245 2916 no
258 2887 400 2925 praeterito
417 2885 593 2923 perpetratiS,
609 2883 753 2913 dumtaxat
767 2889 904 2919 exceptis,

240 2924 363 2955 Intendit
381 2925 468 2954 etiam
481 2923 571 2953 dictus
585 2921 648 2951 Rex
664 2921 696 2952 &
712 2920 782 2951 Dux
795 2920 938 2963 ambobus·
949 2920 1057 2960 Regnis
1067 2921 1264 2953 Concordiam

203 2973 326 3001 ponere,
346 2961 500 2993 secundum
516 2960 662 2991 meliorem
678 2959 798 2989 modum
814 2968 900 2998 quem
915 2968 939 2987 ei
956 2958 1036 2990 Deus
1050 2960 1226 2992 ministrabit.

242 3001 328 3031 Oc’r
340 3011 359 3031 A
370 3012 389 3030 v
400 3010 420 3029 o
431 3023 440 3038 ,
460 3000 486 3030 A
509 2999 693 3037 puneiuatum
716 2998 749 3028 ὅ(
765 2996 984 3040 Concordatum
1004 2998 1060 3036 est,
1076 2999 1156 3037 quod
1178 3000 1265 3030 Auxi-

204 3040 290 3078 lium,
305 3049 353 3080 per
367 3040 458 3069 dictos
531 3039 623 3067 minos
657 3046 690 3067 ro
704 3035 828 3074 praesenti
842 3038 1004 3073 requisitum
1022 3037 1176 3074 (videlicet)
1193 3037 1266 3068 Mil-

203 3079 229 3108 le
237 3078 381 3109 Homines
391 3078 566 3114 Armorum,
583 3046 695 3105 &Pria
713 3074 801 3104 Millia
819 3072 1047 3113 Sagittariorum,
1066 3076 1197 3113 arripient
1214 3077 1264 3107 iter

206 3117 287 3147 suum
301 3117 386 3155 usque
400 3115 480 3145 Blesis
497 3114 606 3144 meliori
622 3114 712 3143 modo
728 3122 786 3150 quo
801 3111 859 3142 fieri
878 3113 996 3155 poterit,
1012 3114 1044 3143 ὃς
1067 3115 1106 3144 ibi
1126 3116 1263 3152 recipient

205 3155 251 3186 sua
266 3154 354 3185 Vadia
368 3165 383 3185 a
396 3154 477 3184 dietis
490 3152 640 3188 Dominis,
658 3151 777 3187 scilicet,
794 3160 845 3186 pro
859 3150 1002 3180 Termino
1015 3152 1035 3170 *ὃ
1052 3151 1158 3182 Trium
1173 3152 1260 3183 Men-

205 3194 292 3231 sium,
311 3193 357 3224 fiet
377 3201 472 3223 autem
494 3190 606 3222 Solutio
626 3189 739 3229 lingulis
761 3189 908 3219 Meniibus
930 3189 959 3218 in
978 3191 1095 3221 exordio
1114 3191 1262 3228 cujussibet

206 3231 313 3262 Mensis

239 3269 275 3299 Et
290 3255 414 3307 insuper,
428 3267 520 3307 quoad
537 3267 718 3305 quantitatem
739 3264 964 3303 stipendiorum,
983 3274 1037 3304 pro
1051 3265 1132 3296 dictis
1153 3267 1260 3299 Tribus

201 3307 365 3345 Mensibus,
384 3308 420 3337 sic
436 3306 653 3336 Concordatum
668 3304 708 3334 est
722 3303 819 3345 quod,
838 3312 891 3340 pro
903 3303 1029 3342 quolibet
1046 3303 1160 3343 Mense,

247 3346 378 3384 Qiilibet
410 3344 494 3374 Miles
514 3344 650 3383 percipiet
674 3352 690 3372 a
717 3343 836 3379 praeiatis
858 3341 995 3372 Dominis
1019 3342 1151 3381 Triginta
1173 3343 1259 3375 Scuta

200 3384 271 3416 Auri

238 3406 368 3461 Qiilibet
384 3419 518 3457 Armiger
533 3419 727 3458 Quindecim,
927 3457 932 3461 ¹

236 3460 274 3492 Et
289 3459 407 3499 quilibet
422 3459 600 3496 Sagittarius,
618 3458 732 3495 Septem
744 3455 829 3487 Scuta
842 3456 875 3487 &
892 3456 1064 3488 Dimidium.

242 3536 288 3568 Ad
304 3546 369 3575 quas
390 3535 504 3573 quidem
524 3533 740 3564 Conventiones
760 3533 814 3563 sive
834 3533 1113 3571 Appuncfflationes,
1131 3535 1205 3565 bene
1224 3536 1257 3566 &

202 3576 333 3613 fideliter,
349 3583 383 3604 ex
400 3581 474 3612 parte
490 3572 632 3607 dictorum
647 3572 844 3602 Dominorum
855 3594 863 3608 ,
881 3572 1012 3602 tenendas
1026 3574 1059 3604 &
1074 3574 1179 3604 realiter
1195 3583 1257 3613 per-

201 3613 345 3651 ficiendas,
364 3611 472 3651 praefati
489 3610 610 3640 Domini
627 3610 772 3649 Sigillatim
792 3610 887 3648 Sigilla
906 3610 950 3641 sua
965 3610 1149 3641 Praesentibus
1169 3622 1259 3651 appo-

199 3653 319 3683 suerunt.

238 3729 346 3758 Datum
363 3729 485 3763 Bituris,
503 3724 617 3755 decimo
630 3724 738 3754 octavo
750 3723 795 3753 die
813 3722 918 3754 Mensis
932 3723 1021 3763 Maii,
1040 3724 1128 3755 Anno
1136 3726 1258 3756 Domini

202 3766 374 3804 Milleiinio,
395 3762 679 3804 Qadringentesimo
694 3762 876 3792 duodecimo.

239 3841 350 3879 Jehan,
366 3840 492 3878 charles,
511 3839 626 3878 Jehan,
644 3838 752 3878 Jehan.

357 3917 410 3946 Sub
426 3917 554 3956 Qatuor
572 3915 671 3954 sigillis
688 3914 771 3944 rubet}
789 3914 859 3944 Certi
878 3914 1016 3954 expreffis,
1033 3914 1071 3950 &¹
1083 3917 1224 3953 pendenti-

515 3955 563 3985 bus
579 3967 596 3986 a
614 3955 704 3984 caudis
713 3962 888 3992 pergamenae.

1308 558 1411 598 Miles,
1428 570 1461 589 ac
1474 559 1618 598 Johannes
1633 561 1756 588 Louveti
1774 559 1971 598 Domicellus‚
2292 592 2298 602 .

1348 597 1565 634 Procuratores,
1589 596 1721 634 Nuncii,
1745 597 1859 635 Legati,
1884 598 1940 629 sive
1965 597 2197 635 Ambaffiatores,
2213 596 2371 627 Nobilium

1309 636 1343 666 ὃ(
1361 635 1514 666 Potentum
1530 636 1747 673 Domitiorum,
1765 636 1905 674 Johannis
1924 636 1973 667 filii
1988 637 2077 675 Regis
2094 636 2272 666 Francorum
2287 638 2373 665 Ducis

1307 676 1427 704 Bituriae
1442 674 1480 710 ὠ·
1495 674 1646 704 Alverniae
1660 673 1786 704 Comitis
1795 674 1947 713 Fidiaviae,
1965 675 2143 713 Stamparum
2153 698 2162 712 ,
2180 674 2324 712 Boloniae,
2336 673 2371 704 &

1307 713 1470 751 Alverniae,
1487 712 1586 743 Karoli
1604 715 1689 742 Ducis
1708 711 1887 742 Aurelianen.
1903 711 1941 747 ὠ·
1958 712 2051 753 Valefii
2070 712 2194 743 Comitis
2212 712 2316 744 Blesen.
2335 712 2370 743 &

1309 751 1486 782 Bellimontis
1501 754 1534 782 ὃ(
1556 751 1683 781 Domini
1698 750 1856 787 Conciaci,
1874 750 2017 788 Johanm's
2034 755 2118 782 Ducis
2142 751 2287 781 Bourbonii
2305 749 2370 781 Co-

1310 791 1385 820 mitis
1400 789 1584 820 Clarimontis
1598 791 1631 820 &
1647 789 1823 820 Forestarum
1843 790 1876 820 &
1897 789 2020 819 Domini
2044 789 2112 820 Belli
2128 789 2194 828 Joci
2204 812 2214 828 ,
2229 789 2371 828 Johannis

1309 832 1419 897 Cssfnitts
1437 829 1469 858 de
1488 828 1647 858 Ammonio
1667 827 1706 864 ὠ·
1725 829 1758 858 a'e
1774 830 1882 857 Pertita
1901 826 2028 857 Domini
2042 828 2220 867 Filgeriarum
2236 827 2371 860 &Guer-

1308 878 1325 898 c
1347 877 1382 897 1ae

1349 891 1549 944 Et’Johannes
1567 907 1599 935 de
1616 909 1716 945 Lopiac
1737 905 1841 943 Miles,

1346 943 1534 982 Procurator,
1553 944 1706 983 Nuncius,
1726 944 1844 982 Legatus
1858 943 1914 974 five
1922 942 2129 981 Ambaffiator,
2145 943 2369 974 Nobilis&Po-

1307 983 1389 1012 tentis
1413 982 1554 1021 Domitii,
1580 985 1717 1013 Rerum-di
1739 986 1848 1013 Comitis
1867 985 2057 1021 Armigniaci,
2074 984 2196 1022 Fqsenci,
2217 981 2370 1012 Rutheno-

1309 1030 1390 1058 rum,
1407 1021 1440 1051 &
1453 1021 1598 1059 Pardiaci,
1616 1021 1749 1053 Salutem.
2025 1056 2030 1059 ¹

1345 1059 1447 1090 Sciatis
1459 1060 1538 1099 quod
1547 1060 1580 1090 N
1583 1070 1613 1090 os
1620 1083 1629 1098 ,
1644 1059 1755 1090 Virtute
1763 1060 1795 1090 &
1805 1059 1982 1090 Aunoritate
1990 1058 2266 1096 Procuratoriorum,
2275 1058 2371 1090 Corn-

1308 1097 1491 1136 miffionum,
1508 1099 1541 1129 &
1557 1098 1719 1133 Potestaiis,
1738 1099 1819 1128 nobis
1841 1099 1870 1127 in
1889 1098 1942 1129 hac
1959 1107 2036 1136 parte
2053 1098 2223 1130 sufficienter
2240 1107 2287 1136 per
2302 1097 2371 1128 Do-

1307 1137 1402 1166 minos
1414 1137 1569 1167 antedictos
1585 1136 1755 1174 concisis,
1770 1136 1804 1166 ad
1820 1135 2036 1174 Tractandum,
2054 1136 2317 1175 Concordandum,
2337 1138 2371 1168 &2

1309 1174 1570 1214 Concludendum,
1587 1176 1655 1206 cum
1671 1199 1681 1214 ,
1704 1174 1885 1206 Serenissimo
1905 1173 2040 1213 Principe
2054 1197 2064 1213 ‚
2082 1175 2216 1206 Domino
2236 1178 2372 1214 Henrico,

1310 1213 1366 1244 Dei
1380 1214 1480 1252 gratia,
1499 1217 1569 1251 Rege
1583 1213 1696 1251 Angliae
1710 1225 1741 1243 ac
1758 1217 1834 1243 Duce
1851 1215 2036 1252 Aquitaniae,
2051 1213 2086 1244 de
2102 1214 2135 1244 &
2148 1213 2227 1252 super
2242 1213 2370 1245 Restitu-

1309 1254 1385 1283 tione
1400 1254 1432 1283 ὃς
1449 1252 1616 1284 Traditione
1628 1253 1708 1283 Reali
1724 1250 1854 1282 Ducatsis
1869 1251 2064 1291 Acqiiitaniae,

1345 1290 1423 1322 Cum
1437 1291 1487 1321 suis
1497 1292 1611 1330 juribus·
1625 1292 1657 1322 &
1673 1291 1848 1322 Pertinentiis
1863 1290 2008 1328 universis,
2025 1291 2059 1320 ad
2083 1289 2212 1328 dictum,
2227 1290 2370 1322 Sereniffi-

1308 1339 1389 1373 mum
1403 1329 1587 1368 Dominum,
1602 1331 1713 1369 Regem
1726 1329 1842 1367 Angliae
1857 1328 1975 1360 Ducem
1995 1328 2174 1368 Aequitaiiiae
2189 1327 2369 1360 Hereditario

1309 1378 1366 1406 lure
1381 1369 1597 1407 pertinentibus,

1344 1406 1399 1437 Per
1414 1406 1542 1447 praefatos
1559 1407 1704 1437 Dominos
1718 1407 1847 1445 nostros,
1865 1405 1959 1438 eidem
1976 1404 2158 1437 illustrissimo
2172 1405 2247 1445 Regi
2261 1404 2368 1437 &Du-

1302 1446 1345 1482 ci,
1364 1445 1534 1477 Haei'edibus
1549 1455 1593 1476 aut
1611 1445 1757 1485 Deputatis
1770 1445 1822 1476 suis
1835 1444 1925 1477 fienda
1939 1469 1948 1482 ,

1305 1483 1514 1554 Dl’osthpssures
1528 1484 1813 1516 communicationes
1828 1494 1896 1515 cum
1910 1486 2029 1522 praeiato
2044 1482 2225 1514 serenissimo
2237 1482 2321 1522 Rege
2331 1483 2366 1516 &

1340 1533 1392 1553 uce
1426 1534 1440 1553 a
1463 1533 1510 1554 itas

1343 1561 1477 1593 Nomine
1490 1547 1686 1592 D’ominorum
1703 1561 1865 1592 nostrorum
1880 1561 2101 1599 praedictorum,
2119 1561 2152 1592 ὃ(
2170 1562 2367 1600 procuratorio

1306 1599 1442 1632 Nomine
1456 1623 1465 1638 ‚
1490 1600 1668 1631 Concordziti
1693 1600 1788 1631 sumus
1813 1600 1930 1631 finaliter
1957 1609 2026 1630 cum
2048 1598 2165 1636 praefato
2184 1599 2369 1631 Sereniffimo

1306 1637 1404 1678 Rege,
1424 1640 1456 1670 δε
1472 1638 1575 1676 Duce,
1591 1639 1626 1669 de
1641 1640 1685 1671 &'
1696 1640 1775 1676 super
1798 1638 1962 1678 quibusdam
1982 1637 2114 1668 Articulis
2133 1639 2165 1669 &
2182 1638 2368 1678 Appunctua-

1306 1678 1406 1708 mentis
1417 1700 1426 1715 ,
1444 1677 1664 1708 Restitutionem
1680 1680 1782 1708 realem
1797 1676 1902 1717 praefati
1916 1676 2046 1707 Ducatsis
2064 1678 2316 1715 concernentibus,
2334 1686 2369 1707 ac

1306 1714 1573 1747 Confoederationes
1589 1715 1786 1747 Dominorum
1801 1714 1967 1746 nostrorum
1981 1713 2184 1753 praedictorum
2198 1717 2226 1745 in
2237 1716 2367 1747 modo&

1303 1756 1396 1785 forma
1410 1756 1458 1794 qui
1469 1754 1635 1795 sequuntur,

1342 1831 1387 1862 ΙΝ
1406 1831 1429 1861 Ρ
1439 1841 1462 1862 R
1473 1841 1484 1862 i
1495 1840 1522 1863 Μ
1532 1841 1542 1862 i
1553 1841 1565 1862 s
1575 1855 1585 1868 ,
1604 1831 1839 1870 AppunCluatum
1855 1833 1889 1863 &
1905 1830 2123 1862 Concordatum
2137 1829 2178 1862 est
2199 1829 2259 1866 &a
2276 1829 2367 1871 utfic-

1300 1878 1354 1910 pra
1373 1869 1453 1911 usque
1471 1870 1520 1909 ibi,
1537 1871 1641 1909 septem
1658 1871 1744 1902 Scuta
1760 1871 1793 1902 &
1809 1870 1988 1909 Dimidium,
2005 1877 2069 1900 tunc
2079 1868 2136 1909 fic,

1350 1947 1380 1978 A
1389 1957 1410 1978 D
1439 1948 1470 1985 Q
1480 1956 1502 1978 u
1515 1958 1535 1979 A
1544 1957 1557 1978 s
1581 1948 1644 1987 Qu
1654 1957 1666 1977 i
1676 1957 1697 1978 n
1707 1957 1725 1979 E
1736 1955 1763 1977 M
1790 1946 2008 1978 Conventiones
2027 1946 2082 1978 sive
2105 1946 2369 1984 Appunctuationes

1304 1987 1376 2017 bene
1393 1988 1426 2018 &
1444 1986 1578 2025 fideliter,
1596 1996 1630 2018 ex
1643 1995 1719 2026 parte
1735 1986 1935 2017 Domitiorum
1952 1984 2118 2016 nostrorum
2142 1985 2344 2025 praedictorum

1304 2025 1433 2056 tenendas
1446 2026 1479 2056 &
1495 2027 1601 2056 realiter
1613 2024 1811 2065 perficiendas,
1829 2024 1914 2062 Nos,
1932 2023 2129 2054 Procuratores
2145 2023 2200 2054 five
2215 2022 2364 2054 Commi-

1303 2064 1362 2094 sarii
1377 2063 1528 2101 anrediffi,
1545 2072 1647 2094 omncs
1660 2064 1693 2094 ὃς
1708 2064 1746 2093 sin
1787 2063 1821 2101 li,
1839 2063 1918 2100 supra
1930 2063 2020 2093 saneta
2042 2062 2099 2093 Dei
2112 2062 2283 2100 Evangelia,
2299 2072 2365 2093 cor-

1305 2103 1433 2140 poraliter
1448 2113 1498 2141 per
1513 2113 1565 2133 nos
1584 2103 1672 2140 tacta,
1689 2103 1718 2131 in
1770 2103 1858 2132 nimas
1875 2101 2078 2132 Dominorum
2098 2099 2263 2131 nostrorum
2277 2100 2366 2141 {Jura-

1306 2150 1435 2172 mentum
1450 2140 1627 2180 praestitimus
1640 2141 1806 2178 corporale,

1343 2179 1467 2248 Inscujus
1483 2181 1521 2211 rei
1538 2178 1754 2211 Testimonium
1775 2178 1869 2218 Sigilla
1894 2178 1989 2210 nostra
2009 2177 2196 2209 Praesentibus
2217 2177 2365 2218 Sigillatim

1304 2228 1340 2256 ap
1393 2228 1491 2249 uimus.

1340 2228 1456 2288 plgatum
1477 2257 1626 2288 Londoniae
1644 2257 1761 2288 decimo
1778 2256 1883 2288 ociavo
1898 2255 1943 2287 die
1961 2254 2068 2286 Mensis
2085 2253 2172 2299 Maii,
2192 2254 2279 2285 Anno
2301 2254 2367 2286 Do-

1305 2297 1374 2326 mini
1402 2295 1557 2327 Millesimo
1576 2295 1864 2365 Ql{dringentelimo
1883 2294 2057 2325 duodecimo
2072 2315 2082 2330 ‚
2105 2292 2142 2323 Et
2164 2293 2252 2324 Anno
2269 2293 2366 2334 Regni

1302 2334 1409 2404 graesati
1427 2334 1601 2366 illustrissimi
1651 2335 1707 2374 egis
1723 2333 1845 2365 Henrici
1863 2334 1965 2372 Qarti
1982 2331 2046 2373 post
2063 2331 2264 2370 Conquestum
2283 2334 2365 2364 tertio

1323 2383 1430 2405 ecimo.

1335 2450 1390 2481 Sub
1407 2450 1454 2489 sex
1470 2450 1568 2489 Sigillis
1583 2453 1664 2482 cereis
1682 2450 1808 2491 rubeique
1827 2449 1942 2489 eoloris,
1960 2449 2138 2488 pendentibus
2155 2461 2174 2479 a
2196 2449 2287 2479 caudis
2299 2455 2363 2486 per-

1403 2501 1533 2529 gamenae.

1825 2527 1972 2567 Qartum
1989 2524 2111 2564 Sigillum
2127 2523 2204 2564 deest.

1301 2669 1328 2695 *ἕ
1350 2668 1518 2712 Promzffio,
1542 2683 1581 2703 ex
1602 2673 1695 2703 Parte
1720 2671 1866 2704 Ouasuor
1888 2670 2039 2702 Filiorum
2065 2671 2152 2715 Regis
2171 2696 2180 2710 ‚
2213 2669 2249 2701 de
2272 2673 2360 2702 Prin-

2387 570 2454 600 logr-

2383 2688 2402 2708 *
2415 2691 2497 2719 viii.

1321 2722 1395 2764 cipes
1417 2717 1631 2763 Confoederatos
1654 2706 1852 2762 dffefflendo,
1879 2721 1916 2756 (ῤ’
1940 2718 2056 2750 auxilio
2080 2721 2116 2750 iis
2139 2717 2339 2764 impendenda.
2381 2737 2447 2765 743.

1358 2802 1393 2833 N
1396 2803 1486 2833 iversis
1508 2802 1617 2833 Christi
1639 2802 1781 2840 fidelibus,
1799 2804 1833 2834 ad
1855 2814 1924 2843 quos
1943 2803 2086 2842 pnescentes
2106 2802 2205 2834 Literae
2228 2814 2360 2841 pervene-
2379 2802 2455 2833 Ann.
2473 2803 2513 2838 D,

2399 2850 2486 2880 1412.

1377 2842 1450 2880 rint,
1468 2844 1619 2880 Henricus,
1637 2841 1752 2881 Illustris
1766 2844 1844 2880 Regis
1859 2841 1970 2881 Angliae
1988 2841 2026 2876 ὠ
2051 2845 2174 2872 Franciae
2196 2844 2360 2879 Primogeni-

1300 2885 1360 2917 tus,
1379 2882 1501 2918 Princeps
1517 2880 1644 2917 Wallr‘ae,
1662 2883 1732 2909 Dux
1741 2883 1937 2920 Aequitaniae,
1956 2879 2144 2919 Lancastriae,
2162 2877 2360 2918 &Cornubiae,
2380 2884 2420 2907 Av
2452 2892 2493 2920 ¹3·

1299 2927 1332 2948 ac
1348 2916 1455 2948 Comes
1469 2918 1603 2956 Cestriae,
1620 2918 1734 2948 Thomas
1748 2920 1862 2949 Secund-2
1879 2924 1964 2949 enitus
1983 2919 2141 2950 Senescalus
2161 2919 2288 2958 Angliae,
2331 2931 2359 2949 o-
2379 2923 2408 2946 H
2427 2931 2455 2955 4.

1301 2955 1403 2986 hannes
1427 2960 1622 2994 Tertiogenitus
1648 2957 1758 2996 Angliae
1785 2956 1867 2988 Coni
1882 2957 2034 2994 abularius,
2051 2955 2216 2994 Humfria'us
2239 2958 2300 2995 ejus
2313 2968 2360 2988 em
2380 2963 2418 2986 Ex
2434 2962 2461 2986 A
2480 2975 2491 2980 -

1301 2993 1477 3025 Illustriffimi
1499 2995 1636 3033 Principis
1657 2995 1890 3034 Quartogemtus,
1908 2996 2031 3026 Salutem
2053 2994 2086 3025 &
2107 2995 2193 3025 fidem
2218 2994 2361 3028 Praesenti-
2379 3005 2447 3033 togr.

1301 3033 1354 3064 bus
1368 3034 1512 3064 indubiam
1523 3034 1663 3064 adhibere.

1338 3071 1420 3102 Cum
1441 3083 1547 3110 nuper,
1563 3072 1740 3103 honorabiles
1759 3072 1828 3109 viri,
1846 3071 1969 3109 Jacobus
1991 3074 2091 3109 Magni
2111 3072 2140 3102 in
2160 3072 2232 3103 sacra
2252 3072 2360 3111 Pagina

1300 3108 1461 3147 Professor,
1480 3112 1565 3140 Ειῖον
1582 3111 1614 3139 de
1628 3111 1812 3147 Pontbriant,
1832 3113 1930 3139 Petrus
1949 3111 1980 3139 de
1998 3109 2140 3147 Varsalliis
2159 3112 2189 3141 in
2212 3112 2286 3143 sacra
2305 3112 2358 3143 Pa-

1298 3150 1362 3186 gina
1378 3148 1539 3179 Bacallarius
1557 3149 1706 3186 formatus,
1723 3147 1843 3187 Galefius
1863 3149 1894 3178 de
1917 3149 2026 3186 Arheyo
2045 3149 2146 3187 Miles,
2163 3159 2196 3180 ac
2215 3151 2360 3190 Johannes

1301 3188 1423 3217 Louveti
1442 3187 1635 3224 Domicellus‚
1652 3186 1866 3225 Procuratores,
1892 3187 2021 3225 Nuncii,
2042 3187 2140 3226 Legati
2161 3189 2216 3218 sive
2237 3189 2359 3220 Ambas-

1299 3226 1409 3256 iiatores
1423 3247 1432 3262 ‚
1458 3225 1612 3255 Nobilium
1635 3225 1668 3255 &
1690 3224 1953 3256 Potentiffimoruin
1982 3226 2200 3265 Dominorum,
2217 3226 2358 3265 Johannis

1299 3266 1383 3293 Ducis
1405 3267 1521 3292 Bituriae
1543 3261 1581 3297 &-
1605 3262 1770 3301 Alverniae‚
1797 3262 1921 3295 Comitis
1941 3265 2138 3303 Stamparum,
2156 3264 2300 3303 Boloniae,
2322 3267 2357 3297 δε

1297 3302 1437 3332 Alverniae
1447 3324 1456 3339 ,
1474 3301 1573 3331 Karoli
1586 3304 1668 3331 Ducis
1685 3301 1892 3341 Aurelianenfis
1907 3302 1946 3337 ὠ·
1961 3302 2071 3343 Valcssi,
2092 3302 2218 3333 Comitis
2226 3303 2356 3334 Blesenfis

1296 3341 1329 3371 &
1345 3340 1536 3378 Bellimontis,
1553 3340 1586 3370 &
1602 3339 1725 3369 Domini
1736 3339 1892 3379 Conciaci,
1909 3341 2052 3380 Johanm's
2063 3344 2152 3371 Ducis
2165 3341 2354 3380 Bourbonniae‚

1296 3377 1420 3408 Comitis
1433 3378 1617 3408 Clarimontis
1639 3379 1672 3410 &
1694 3378 1890 3417 Forestarum,
1908 3390 1941 3410 ac
1964 3379 2084 3410 Domini
2108 3378 2175 3409 Belli
2193 3377 2278 3417 Joci,
2296 3380 2354 3418 Jo-

1295 3416 1394 3446 hanm's
1416 3420 1524 3446 Comttis
1543 3417 1574 3446 de
1593 3417 1745 3446 Alam-onio
1762 3415 1800 3452 ὠ
1819 3419 1850 3447 de
1869 3421 2000 3456 Partica,
2026 3417 2149 3447 Domini
2173 3417 2354 3455 Filgeriarum

1295 3456 1328 3485 ὃς
1344 3454 1516 3493 Guerchiae,
1535 3456 1568 3486 &
1583 3455 1728 3493 Johannes
1742 3456 1774 3485 de
1794 3459 1910 3494 Lopiaco
1933 3456 2035 3493 Miles,
2054 3455 2242 3492 Procurator,
2265 3455 2354 3486 Nun-

1296 3495 1374 3530 cius‚
1402 3493 1540 3532 Legatus,
1566 3494 1620 3523 live
1642 3494 1845 3533 Ambaffiator,
1865 3495 1983 3524 Nobilis
2006 3494 2039 3524 δε
2063 3492 2188 3522 Potentis
2209 3492 2351 3534 Domini,

1295 3534 1432 3561 Bernardi
1449 3535 1557 3560 Comitis
1575 3535 1754 3570 Armaniaci,
1773 3531 1895 3572 Fesenci,
1913 3531 2094 3561 Ruthenorum
2112 3529 2150 3565 <ly
2170 3532 2315 3570 Pardiaci,

1331 3570 1363 3599 ln
1378 3569 1542 3607 Praesentia,
1560 3569 1736 3600 Illustrissimi
1753 3569 1892 3608 Principis
1912 3572 1945 3601 &
1969 3569 2110 3606 Domini,
2127 3567 2252 3598 Domini
2273 3573 2352 3600 Hen-

1295 3612 1357 3646 rici,
1377 3608 1435 3638 Dei
1450 3610 1548 3646 gratia,
1564 3611 1641 3646 Regu
1653 3608 1767 3646 Angliae
1783 3607 1821 3643 ὠ
1836 3612 1958 3638 Franciae
1973 3606 2064 3637 Patris
2078 3606 2182 3644 nostri,
2202 3608 2352 3645 personali-

1296 3656 1337 3678 ter
1353 3646 1513 3684 constituti,

1332 3685 1402 3715 Vice
1425 3686 1457 3716 δε
1483 3686 1602 3715 nomine
1627 3685 1771 3716 diciorum
1796 3684 1993 3715 Dominorum
2017 3681 2146 3721 suorum,
2170 3685 2333 3721 optulerunt

1295 3725 1496 3761 promiserunt,
1515 3725 1546 3753 δε
1563 3724 1761 3754 concesserunt
1775 3722 1890 3761 praefato
1912 3720 2046 3750 Domino
2063 3721 2161 3751 nostro
2178 3722 2267 3762 Regi,
2289 3709 2352 3755 fuid

1298 3771 1334 3791 ve
1356 3761 1542 3799 Haeredibus,
1558 3770 1604 3791 aut
1627 3771 1725 3791 eorum
1745 3761 1895 3799 deputatis,
1918 3759 2118 3789 omnimodam
2141 3761 2174 3790 ἃ
2196 3764 2350 3798 quamlibet

1296 3799 1407 3829 Partem
1432 3799 1560 3829 Ducatus
1580 3800 1739 3837 Aquitaniae
1753 3820 1762 3836 ,
1791 3806 1865 3828 extra
1889 3796 1992 3826 Manus
2008 3796 2130 3827 Domini
2152 3799 2238 3830 nostri
2261 3801 2359 3839 Regis*

1296 3837 1423 3876 praedicti
1435 3838 1495 3874 jam
1507 3838 1542 3866 de
1557 3838 1633 3867 facto
1646 3837 1809 3867 existentem
1820 3859 1828 3874 ,
1843 3845 1927 3873 quam
1942 3844 1995 3872 pro
2013 3845 2089 3865 nunc
2103 3838 2250 3877 optinent,
2270 3841 2350 3871 resti-

1297 3885 1374 3942 tueire
1390 3876 1423 3905 δε
1436 3875 1618 3906 effectualiter
1633 3876 1748 3906 liberare
1762 3883 1829 3904 cum
1843 3875 1894 3903 iuis
1909 3873 2012 3911 juribus
2026 3874 2058 3904 δί
2074 3875 2275 3911 pcrtinentibus
2291 3880 2352 3909 uni-

1293 3923 1373 3945 veris

1332 3935 1403 3981 Eaiii
1418 3953 1488 3980 vero
1509 3950 1638 3990 Partem,
1656 3961 1720 3990 quae
1740 3951 1794 3980 suae
1814 3948 1949 3979 Potestati
1969 3958 2013 3979 aut
2034 3949 2149 3981 Ditioni
2172 3953 2201 3982 in
2222 3954 2350 3991 praesenti

1295 3989 1431 4028 supposita
1445 3998 1502 4017 non
1517 3989 1625 4027 existit,
1642 3988 1835 4029 Conquestare
1846 3987 1892 4019 seu
1907 3987 1941 4019 ad
1955 3987 2150 4029 Conquestam
2169 3991 2266 4029 juvare
2278 3993 2348 4022 fide-

1294 4029 1354 4059 liter
1370 4028 1402 4059 &c
1415 4028 1492 4065 juxta
1505 4026 1604 4064 Poste,
1776 4028 1777 4031 ’
2265 4067 2300 4097 N

2301 4075 2350 4107 OE,
