2562 4274
666 69 1480 118 CONVENTIONES‚
1535 69 1929 119 LITERAE,

1370 156 1410 188 Et
1430 167 1490 187 non
1509 156 1600 188 solum
1618 164 1687 188 tunc
1701 180 1710 196 ,
1734 156 1781 187 sed
1796 156 1869 195 apud
1885 156 2007 188 Bauuois
2021 180 2032 196 ,
2047 157 2108 196 ipso
2127 156 2304 188 Reverendo
2319 155 2404 189 Patre
2422 152 2499 186 Ann-
2512 155 2556 193 D.

1334 195 1454 234 Remenst
1462 194 1664 235 Arihiepifiopo
1682 196 1830 235 przcsente,
1848 205 1881 227 ac
1897 195 1955 234 ipso
1976 195 2117 236 Magistro
2133 195 2252 235 Philippo
2270 199 2406 236 Morgan,
2445 203 2531 235 1417.

237 76 290 113 26

77 156 156 189 Anii.
170 155 213 186 D.
229 166 305 189 tores
324 159 507 190 transmittere
526 158 561 188 ad
582 157 706 196 aliquem
729 156 847 188 Locum
868 166 1028 196 congruum
1043 179 1053 195 ,
1079 156 1118 187 fi‘c
1145 156 1227 195 quod
1246 166 1295 194 per

106 203 191 235 1417-
229 207 296 227 eum
314 208 373 228 non
388 197 468 227 staret
482 207 541 233 quo
559 198 618 226 min
664 195 721 226 Pax
736 194 810 226 foret
823 197 894 226 inter
909 197 1023 234 praefata
1036 196 1157 235 Regna,
1171 196 1205 226 ὃς
1220 193 1296 226 effu-

77 238 140 264 Hm·
158 243 178 270 5
182 255 188 262 ·
228 235 269 267 sio
284 236 438 266 Christiani
451 235 585 273 sanguinis
597 236 623 263 vi

67 3033 88 3054 *
106 3033 158 3061 IX.

69 3081 135 3109 5¹9-

668 242 742 264 etur:

266 274 337 305 Post
361 284 426 312 quas
451 274 556 304 Literas
576 272 723 303 Dominus
737 272 828 304 vester
843 273 909 304 Rex
924 273 998 304 mifit
1011 273 1143 311 supremo
1156 272 1293 303 Domino

227 313 328 344 nostro
348 313 410 342 alias
434 312 491 342 suas
514 311 621 342 Literas
636 335 645 350 ,
662 312 764 349 quibus
786 312 897 343 asseruit
911 312 937 343 se
952 312 1076 342 similiter
1091 310 1240 349 affectare,
1259 312 1294 343 &

226 353 308 382 omni
330 361 460 388 tempore
479 350 622 381 affec'taffe
634 373 644 389 ,
671 350 918 388 Tranquillitarem
939 352 972 382 &
992 350 1143 381 universale
1163 350 1294 388 bonum,

227 400 286 421 non
301 389 392 419 solum
407 389 430 419 F
432 391 534 420 ranciae
550 391 583 420 ὃς
599 389 712 427 Angliae
726 389 914 428 Regnorum,
931 389 976 420 sed
990 390 1023 420 δε
1039 390 1068 418 111
1082 397 1142 419 tota
1155 387 1294 418 Christia-

227 429 330 466 nitate,
349 428 382 458 &
398 428 476 466 quod
489 428 522 457 ad
538 428 616 459 illum
631 427 716 458 finem
734 429 854 459 mitteret
867 429 986 458 libenter
999 428 1061 459 suos
1074 426 1294 457 Ambaffiatores

226 466 259 496 ad
282 467 405 504 aliquem
429 467 545 497 Locum
564 476 662 504 aptum
676 492 686 504 ,
711 467 793 503 pienti
814 466 943 498 suffultos
962 465 1100 504 potestate
1117 478 1126 503 3
1152 466 1205 504 δί,
1223 475 1292 496 cum

227 504 285 535 istis
301 506 418 542 Literis,
438 506 511 536 misit
528 507 613 536 etiam
627 507 684 536 suas
702 505 806 536 Literas
826 506 890 536 salvi
907 504 1081 536 Conduffiffis
1096 504 1239 542 personis,
1257 503 1292 533 ad

226 543 432 612 i{lmbiissiatam
454 544 615 584 hujusmodi
636 546 787 575 nominatis
807 553 856 584 per
875 544 1037 582 supremum
1057 543 1223 574 Dominum
1238 552 1293 573 no-

254 592 331 613 rum:

260 621 321 658 Ac,
338 632 354 652 e
376 621 514 652 converso
529 646 538 659 ,
559 621 624 659 post
639 622 714 652 mifit
726 621 875 652 Dominus
888 620 983 651 noster
997 620 1141 657 supremus
1155 619 1213 652 suas
1227 619 1293 650 salvi

225 658 402 692 Conduetfis
419 661 524 691 Literas
538 660 683 698 Personis,
703 671 756 698 pro
773 659 945 691 Ambaffiata
967 659 1127 698 hujusmodi
1141 659 1294 690 nominatis

225 709 277 737 per
294 698 458 731 Dominum
475 698 601 730 vestrum
617 699 742 737 Regem.

263 738 366 768 Nostis
384 739 531 776 (Domine
552 738 705 768 Senescalle
725 739 759 770 ὃς
780 747 833 768 vos
848 736 1029 768 honorabiles
1041 736 1177 773 Domini)
1194 734 1294 775 quod,

225 786 276 815 per
292 776 395 807 Annos
408 779 440 809 &
457 786 604 815 tempora,
620 777 700 814 super
717 776 851 815 Negotio
866 776 946 807 Pacis
962 777 995 807 ὅ(
1010 775 1227 814 Tranquillitatis
1234 774 1295 805 Re-

225 824 296 854 gum
312 817 345 847 ὃ(
365 816 537 856 Regnorum
552 815 678 846 Franciae
691 818 723 847 ὃς
741 815 873 852 Angli-ae,
891 815 924 844 ὃς
943 825 995 853 pro
1009 813 1150 846 effusione
1158 812 1295 844 Christia-

223 856 255 885 ni
276 855 413 894 sanguinis·
436 854 567 886 evitanda
580 879 589 892 .,
616 856 683 885 varii
696 855 730 885 &
743 853 846 884 diversi
860 853 1013 884 Tractatus
1027 853 1060 883 ὃς
1076 852 1295 884 prolocutione

224 894 254 924 in
279 893 392 925 divertis
417 894 503 923 Locis
518 918 528 931 ,
554 903 611 924 tam
629 895 657 923 in
675 893 809 929 Francia,
829 892 915 930 quam
930 892 960 921 in
974 891 1095 930 Anglia,
1113 890 1202 921 habiti
1213 889 1294 929 sunt,

225 940 285 963 tam
300 943 348 970 per
371 933 553 963 mediationes
578 932 666 971 Regis
686 931 889 961 Romanorum
908 931 942 961 &
960 929 1079 960 aliorum
1102 928 1289 967 Principum,

226 972 315 1009 quam
341 971 462 1002 aliorum
493 971 651 1002 Nobilium
679 971 760 1001 unius
781 969 889 1007 Partis,
914 968 948 999 &
968 968 1078 999 alterius
1099 966 1294 999 Ambaffiato-

227 1020 292 1040 nim
301 1022 306 1026 ’

263 1034 309 1078 Ex'
324 1048 426 1085 quibus
441 1056 536 1078 tamen
553 1047 672 1085 speratus
686 1056 747 1076 non
760 1046 924 1085 sequebatur
937 1044 1068 1077 Effectus
1083 1067 1093 1084 ,
1120 1055 1215 1085 neque
1234 1044 1295 1076 fru-

228 1085 308 1124 itus,
325 1087 456 1122 quinimo
471 1085 602 1116 Effetfius
616 1086 661 1115 iile
673 1084 782 1123 semper
797 1085 895 1115 dilatus
910 1093 967 1116 erat
981 1085 1015 1116 &
1031 1083 1196 1122 impeditus:

262 1124 299 1154 Er
314 1125 498 1163 aliquotiens,
516 1135 585 1155 cum
596 1123 784 1155 Conventum
799 1125 833 1156 &
848 1122 1069 1154 Concordanim
1084 1122 1174 1154 fuerat
1187 1122 1222 1154 de
1232 1121 1294 1154 Lo-

226 1174 264 1194 co
280 1164 312 1194 &
328 1173 458 1201 tempore
469 1164 660 1194 TraCtatuum
675 1163 834 1202 hujusmodi
849 1162 1293 1200 habendorummichilominm,

227 1211 292 1240 ante
312 1212 422 1240 tempus
442 1201 595 1234 adveniens
610 1227 618 1240 ,
643 1203 733 1241 aliqua
746 1201 897 1232 occasione
910 1201 1002 1239 Loci,
1022 1200 1174 1239 aliquando
1186 1201 1294 1232 ratione

225 1244 379 1280 temporis,
399 1241 433 1273 δε
445 1242 525 1279 alias,
541 1241 692 1273 Tractatus
706 1242 832 1271 nimium
846 1242 998 1272 extiterunt
1012 1239 1105 1279 dilati,
1122 1248 1207 1278 prout
1222 1248 1295 1270 con·

225 1281 287 1320 tigit
305 1281 433 1319 pridem,
453 1280 603 1318 videlicet,

261 1319 340 1350 Cum
354 1319 546 1350 Conventum
563 1320 630 1357 fuit,
649 1320 721 1350 inter
734 1318 865 1357 praefatos
877 1317 963 1348 Duos
974 1317 1086 1356 Reges,
1104 1315 1141 1347 de
1155 1315 1294 1348 Tractatu

226 1357 307 1389 Pacis
327 1358 490 1396 hujusmodi
504 1381 513 1397 ,
534 1358 607 1395 apud
631 1357 759 1389 Harflieu
775 1381 784 1395 ,
811 1357 844 1387 ad
859 1367 969 1387 certum
982 1365 1113 1394 tempus,
1130 1355 1210 1395 quod
1220 1365 1295 1394 prae-

226 1397 314 1428 fixum
331 1407 406 1436 erat,
421 1396 568 1428 habendo:
588 1406 651 1428 ante
665 1397 743 1435 quod
758 1406 869 1434 tempus
881 1396 1033 1426 adveniens
1049 1395 1196 1426 Dominus
1203 1393 1295 1438 vester

228 1435 311 1474 Rex,
331 1445 443 1467 mutato
462 1436 582 1466 consilio
596 1460 605 1473 ,
632 1437 706 1466 misit
725 1444 832 1473 partem
854 1435 929 1464 suam
948 1433 1106 1465 excusando
1148 1442 1182 1463 ex
1198 1432 1296 1465 Cauiis

228 1476 236 1504 i
260 1475 321 1506 sum
335 1475 520 1506 moventibus
532 1475 568 1504 ab
581 1475 631 1504 illis
640 1475 725 1505 Loco
740 1475 773 1505 &
788 1483 936 1512 tempore,
954 1472 1110 1504 desiderans
1121 1456 1295 1504 &iactatum

247 1514 384 1583 ujusmgdi
399 1514 434 1544 ad
449 1514 536 1544 alium
550 1513 667 1544 Locum
682 1512 839 1550 transferri,
857 1513 902 1543 seu
915 1513 1063 1550 prorogari
1077 1511 1197 1550 debere,
1211 1519 1296 1550 prout

225 1553 317 1583 extitit
357 1554 447 1583 ctum.

262 1590 329 1621 Hac
352 1593 436 1622 etiarn
459 1593 522 1622 vice
539 1614 548 1629 ‚
571 1590 637 1628 post
650 1590 806 1621 adventum
820 1589 945 1621 Domini
958 1589 1044 1621 vestri
1059 1588 1148 1629 Regis
1164 1589 1194 1619 in
1209 1586 1295 1618 Nor-

224 1631 368 1660 manniam
378 1655 386 1667 ,
408 1629 556 1668 postquam
574 1629 784 1660 concordatum
799 1630 887 1660 extitit
936 1637 968 1659 ut
981 1629 1175 1668 praemittitur,
1190 1626 1226 1657 de
1240 1635 1295 1657 tra-

223 1668 346 1707 nando,
365 1670 399 1699 &
414 1670 571 1706 recepimus
587 1668 693 1699 Literas
710 1667 837 1699 Domini
850 1677 886 1699 ve
913 1668 934 1697 ri
949 1667 1046 1707 'Regis
1069 1666 1105 1697 de
1117 1666 1193 1698 salvo
1208 1664 1293 1696 Con—

223 1706 330 1746 111υᾶ11,
352 1707 479 1738 misimus
499 1708 584 1738 etiam
607 1717 624 1737 e
644 1706 784 1738 converso
800 1706 893 1737 Vobis
909 1705 1065 1744 Dominis,
1107 1715 1135 1737 et
1149 1703 1293 1735 Heraldos

222 1746 335 1778 nostros
349 1770 359 1785 ,
383 1746 492 1777 Literas
512 1745 637 1776 Domini
657 1745 747 1776 nostri
765 1745 887 1784 supremi
907 1745 944 1776 de
966 1744 1042 1776 salvo
1116 1743 1241 1782 ndue‘tu,
1258 1743 1293 1774 &

222 1786 354 1816 venimus
372 1785 406 1816 ad
428 1784 535 1816 Villam
556 1783 592 1814 de
615 1784 776 1815 Honuflieu
791 1808 801 1824 ,
814 1785 873 1823 jam
888 1783 1032 1823 stetimus,
1048 1784 1133 1814 omni
1146 1782 1191 1813 die
1205 1783 1293 1821 parati

220 1823 256 1854 ad
276 1823 455 1855 traetandum
470 1846 481 1864 ,
504 1823 692 1863 exspectando
714 1822 842 1855 vestrum
860 1823 1017 1855 adventum
1039 1832 1090 1862 per
1104 1821 1149 1854 sex
1162 1821 1292 1861 septima-

222 1872 280 1894 rias.

259 1902 312 1940 Et,
331 1909 469 1940 quantum
481 1901 515 1933 ad
532 1901 674 1933 Heraldos
683 1900 796 1933 nostros
810 1902 860 1940 qui
869 1900 976 1933 Literas
989 1899 1151 1940 huiusmodi
1164 1899 1202 1932 de
1214 1899 1290 1931 salvo

220 1940 383 1972 conductu
406 1942 490 1972 vobis
509 1940 693 1980 apportarunt
706 1964 716 1981 ,
742 1940 830 1972 nostis
853 1941 899 1979 (&
920 1940 962 1971 est
977 1950 1019 1971 res
1033 1939 1071 1970 de
1083 1939 1140 1979 qua
1152 1939 1290 1971 habemus

218 1980 304 2011 vobis
319 1980 410 2019 loqui)
425 1980 505 2019 quod
516 1980 578 2012 sunt
591 1980 641 2018 ipsi
657 1989 705 2018 per
720 1979 887 2011 Dominum
901 1978 1029 2010 vestrum
1053 1978 1081 2009 R
1118 1988 1168 2009 em
1181 1977 1291 2010 detenti

217 2019 383 2090 ‹sichar—{kair}
397 2019 467 2065 ,qde
489 2029 549 2059 quo
562 2018 673 2050 summe
691 2020 829 2050 miramur
843 2043 854 2058 ,
881 2027 937 2050 nec
957 2017 1069 2051 videtur
1111 2019 1180 2056 'quo
1193 2016 1288 2049 modo

239 2068 255 2090 e
278 2069 305 2089 ui
332 2069 347 2089 e
382 2069 421 2089 eri

255 2097 387 2136 Inprimis
398 2122 407 2137 ,
427 2082 492 2136 quia
506 2096 548 2128 est
561 2107 661 2129 contra
675 2097 817 2129 vetustam
831 2097 865 2128 &
881 2095 1033 2128 honestam
1040 2094 1288 2128 Consuetudinem

216 2135 392 2168 Armorum:
409 2135 562 2175 Secundo,
580 2137 645 2175 quia
658 2136 699 2167 est
715 2146 816 2168 contra
832 2135 903 2167 Vim
916 2137 950 2168 δε
965 2134 1117 2167 Εξῖεᾶυιη
1131 2135 1196 2167 salvi
1204 2133 1290 2166 Con-

216 2174 321 2207 duthis
345 2176 471 2207 Domini
493 2175 579 2206 vestri
603 2175 693 2216 Regis
708 2198 718 2214 ‚
736 2178 767 2207 in
783 2185 842 2214 quo
858 2174 997 2207 conceffit
1010 2176 1093 2206 nobis
1106 2182 1220 2207 certum
1233 2183 1288 2205 nu-

217 2225 330 2246 merum
347 2214 542 2253 Servitorum,
560 2213 596 2245 de
610 2224 669 2251 quo
682 2214 744 2246 sunt
759 2215 809 2254 ipii
822 2213 1038 2252 comprehensi:
1058 2213 1163 2245 Tertio
1177 2236 1188 2253 ‚
1203 2213 1287 2252 quia,

217 2253 239 2286 si
256 2254 437 2293 respiciantur
452 2253 591 2284 Cronicae
612 2254 646 2285 δε
669 2263 778 2285 veteres
792 2253 983 2285 Trachmum
995 2252 1109 2293 Paginae
1121 2275 1132 2292 ,
1159 2261 1222 2284 non
1243 2261 1289 2283 re-

216 2294 338 2331 perietur
351 2293 450 2332 quod,
468 2292 526 2325 istis
542 2292 670 2323 Centum
686 2292 793 2330 Annis,
812 2292 846 2323 ali
869 2293 910 2323 uis
925 2291 1065 2324 Heraldus
1101 2292 1217 2323 veniens
1252 2300 1286 2322 ro

217 2331 358 2371 solempni
371 2331 543 2364 Ambaffiata
557 2331 687 2362 habenda
698 2332 772 2363 inter
786 2331 847 2363 duo
892 2340 983 2372 egna,
1000 2315 1157 2370 praesertim
1172 2340 1226 2369 pro

217 2380 259 2401 no
281 2371 363 2402 Pacis
379 2396 388 2409 ,
408 2371 446 2401 sic
461 2370 604 2401 arrestatus
615 2372 751 2401 extiterit:
773 2370 907 2410 Qarto,
925 2371 990 2409 quia
1003 2380 1106 2402 contra
1120 2369 1235 2402 Bonum
1251 2368 1286 2400 &

219 2408 383 2440 Utilitatem
405 2409 565 2447 hujusmodi
587 2408 713 2447 Negotii
734 2409 815 2440 Pacis
838 2418 891 2447 pro
912 2419 972 2448 quo
994 2411 1125 2440 venimus
1138 2432 1149 2448 ,
1175 2409 1204 2438 in
1226 2417 1286 2446 quo

218 2449 389 2478 eorumdem
410 2447 604 2478 Heraldorum
625 2458 712 2486 opera
734 2447 879 2487 potissime
893 2447 1071 2488 indigemus,
1091 2447 1111 2479 si
1125 2448 1220 2484 forte,
1238 2446 1287 2477 ali-

219 2486 278 2525 quit
291 2488 326 2516 de
339 2486 420 2517 causa
435 2486 585 2517 necessaria
594 2511 603 2524 ,
622 2488 769 2524 oportebit
783 2486 940 2517 Nuncium
955 2486 1080 2525 aliquem
1093 2487 1222 2524 mittere,

257 2525 442 2562 Qiapropter
461 2526 543 2555 vobis
564 2525 752 2564 supplicamus
773 2526 902 2564 quatinus
913 2525 1070 2564 dignemini
1084 2525 1205 2556 scribere
1218 2525 1286 2557 Do-

219 2563 301 2594 mino
317 2563 411 2593 vestro
418 2563 493 2602 Regi
503 2573 555 2601 pro
572 2563 752 2595 Liberatione
765 2564 888 2601 ipsorum
902 2563 1095 2595 Heraldorum
1109 2563 1286 2596 nostrorum-

258 2600 296 2631 Et
310 2605 375 2640 quia
391 2625 399 2639 ‚
425 2604 540 2631 Domini
559 2606 627 2639 mei,
647 2613 699 2633 vos
721 2603 754 2634 &
778 2612 830 2632 nos
840 2603 918 2640 jam,
938 2603 1038 2640 gratias
1052 2602 1139 2640 Deo,
1154 2603 1202 2635 hic
1214 2605 1287 2635 invi-

221 2649 288 2671 cem
305 2642 433 2671 venimus
445 2641 478 2670 ad
494 2640 671 2671 tradi-andum
687 2641 766 2679 super
779 2641 913 2680 Negotio
926 2641 1071 2679 praedidlae
1085 2641 1182 2681 Pacis,
1202 2644 1289 2680 parati

222 2679 318 2710 sumus
332 2680 364 2710 ἃ
381 2680 485 2709 erimus
500 2678 534 2708 ad
551 2678 756 2710 intendendum
773 2680 923 2710 vobiscum
948 2679 1029 2719 super
1041 2680 1201 2711 hu'usmodi
1213 2680 1288 2712 Tra-

222 2717 317 2756 ciam,
337 2717 500 2748 dummodo
512 2718 549 2748 de
563 2717 662 2755 bono,
678 2717 770 2755 salvo,
789 2719 822 2748 &
837 2718 936 2749 securo
948 2717 1058 2750 Condu
1090 2729 1125 2758 u,
1141 2720 1170 2749 in
1185 2729 1288 2759 apar-

221 2764 250 2787 te
272 2757 428 2788 necessario
446 2781 454 2794 ,
480 2757 585 2787 faciatis
598 2757 680 2786 nobis
695 2757 856 2795 provideri,
876 2756 946 2788 sicut
959 2757 993 2789 ὃ(
1008 2766 1078 2795 ηοε,
1095 2767 1113 2788 e
1126 2757 1287 2799 convuso,

220 2795 319 2825 vestris
339 2796 517 2826 Reverentiis
539 2795 752 2833 providebimus
769 2819 779 2833 ,
805 2797 942 2834 quoniam
958 2820 968 2832 ,
986 2804 1018 2827 ut
1030 2795 1138 2834 nostis,
1151 2796 1212 2836 jam
1225 2796 1287 2829 Die

220 2833 346 2864 crastino
368 2835 534 2872 expirabunt
556 2835 590 2864 ὃ(
611 2834 711 2865 vestrae
733 2834 766 2864 ὃς
781 2833 886 2865 nostrae
900 2833 1002 2865 Litene
1015 2834 1080 2866 salvi
1094 2833 1286 2876 Conduetsis3

221 2873 254 2903 &
271 2883 324 2911 pro
339 2883 418 2903 tanto
434 2873 542 2903 videtur
558 2874 587 2902 in
601 2874 697 2915 primis
710 2883 774 2904 ante
788 2875 887 2903 omnia
902 2874 978 2903 circa
991 2874 1049 2904 hoc
1063 2873 1287 2916 providendum,

222 2921 270 2950 ut,
289 2911 321 2943 ea
336 2912 498 2950 provisione
513 2911 585 2942 facia
594 2935 604 2950 ,
619 2915 714 2943 secure
730 2911 876 2951 possumus
890 2912 926 2942 ad
941 2912 990 2942 alia
1004 2912 1126 2944 transire.

259 2988 376 3027 Qiibus
389 3014 398 3027 ,
423 2999 473 3026 per
494 2989 639 3026 praefatum
662 2988 838 3019 Remensem
857 2988 1115 3028 Archiepiscopum
1135 2990 1173 3022 fic
1187 2990 1288 3029 dietis,

223 3028 256 3058 ὃς
280 3038 329 3065 per
351 3027 500 3065 praefatum
524 3027 695 3066 Magistrum
717 3028 882 3066 Philippum
907 3027 1054 3067 Morgan,
1072 3029 1092 3049 ¹²
1113 3030 1178 3060 vice
1191 3029 1236 3061 [υᾶ
1253 3031 1287 3062 &

221 3066 532 3143 ggiigimgfflrssigfrgff
551 3067 664 3098 suorum
678 3090 688 3106 ,
714 3068 833 3097 recitatis
847 3091 856 3105 ‚
882 3067 1102 3105 respondebatur
1121 3067 1228 3100 eisdem
1256 3069 1287 3100 in

257 3183 302 3214 IN
333 3183 355 3213 P
367 3192 409 3214 nr
421 3191 467 3213 Mi
478 3192 490 3213 ς
505 3206 514 3220 ,
541 3181 621 3220 quod
647 3192 746 3213 verum
760 3190 833 3220 erat,
850 3190 935 3220 prout
952 3182 1028 3214 idem
1041 3182 1169 3214 Remen.
1193 3184 1285 3224 expli-

221 3230 332 3255 caverit
341 3244 350 3259 ,
370 3223 508 3258 speratum
521 3220 669 3252 Effectum
683 3222 717 3252 &
731 3221 858 3252 fruc‘ium
873 3221 1078 3253 nonnullorum
1085 3222 1287 3261 Traecatuum,

222 3260 385 3292 habitorum
400 3260 480 3297 super
495 3261 628 3299 Negotio
643 3259 724 3290 Pacis
736 3261 770 3291 &
785 3259 1006 3296 Tranquillitatis
1023 3260 1134 3299 Angiiae
1148 3261 1182 3291 δε
1197 3261 1288 3292 Fran-

221 3301 277 3330 ciae
299 3298 469 3337 Regnorum
484 3321 494 3336 ,
518 3309 578 3328 nou
594 3298 676 3329 fuisse
695 3298 831 3329 hac‘tenus
844 3298 991 3337 secutum,
1009 3298 1056 3330 sed
1067 3298 1237 3338 impeditum
1251 3301 1286 3332 &

222 3337 356 3369 dilatum?

263 3377 331 3413 Ac,
350 3375 369 3406 S
381 3385 398 3406 F,
407 3385 423 3406 c
432 3384 455 3405 υ
466 3384 488 3405 N
500 3385 520 3405 D
530 3378 549 3405 o
558 3398 567 3413 ,
585 3375 662 3413 quod
684 3375 848 3413 aliquotiens
862 3399 870 3413 ,
896 3386 965 3406 cum
988 3376 1024 3407 de
1038 3375 1220 3406 Tra&atibus
1232 3376 1288 3408 hu-

223 3414 362 3451 iusmodi,
382 3414 416 3444 ad
429 3424 503 3444 certa
517 3414 632 3446 Locum
645 3416 678 3445 ὃ(
693 3415 824 3452 Tempus
838 3415 973 3445 habendis
987 3437 996 3453 ‚
1016 3414 1225 3445 concordatum
1240 3425 1289 3445 ex-

225 3455 279 3484 titit
293 3479 303 3491 ,
328 3452 478 3483 Truentus
498 3453 548 3489 ipsi
563 3477 571 3491 ,
607 3463 656 3491 per
677 3454 863 3484 mutationem
884 3454 930 3483 seu
952 3454 1134 3484 variationem
1159 3453 1232 3484 Loci
1254 3454 1288 3485 ὃ(

225 3493 371 3531 Tempus,
391 3493 502 3522 fuerunt
516 3491 609 3529 dilati,
628 3502 754 3529 quorum
768 3501 900 3523 neutrum
916 3502 964 3530 per
984 3501 1091 3530 partem
1115 3491 1288 3522 Sereniffimi

228 3532 353 3561 Domini
375 3531 463 3560 nostri
479 3540 604 3567 unquam
620 3530 707 3560 stetit:
729 3530 762 3560 ln
779 3541 837 3568 quo
853 3531 995 3566 posuimus
1004 3531 1073 3561 Nos
1087 3531 1121 3561 ad
1136 3531 1288 3561 recordum

224 3572 358 3600 oxnnium
378 3572 410 3601 &
427 3569 601 3605 singulorum
616 3568 784 3605 Principum
800 3570 833 3600 ὃ(
849 3569 1034 3600 Perlonarum
1050 3567 1289 3607 indifferentium,

225 3610 274 3645 qui
289 3608 477 3639 Traftntuum
492 3607 650 3645 hujusmodi
665 3616 711 3637 aut
723 3606 964 3638 Conventionum
980 3609 1085 3639 conscii
1105 3608 1236 3646 fuerunt,
1254 3609 1288 3639 ὃς

226 3647 432 3684 ‚Scripturarum
448 3646 483 3676 dc
497 3645 600 3676 eisdem
616 3647 838 3675 remanentium:

266 3687 324 3723 Ac,
343 3687 451 3723 insuper
462 3708 470 3723 ,
490 3684 569 3721 quod
586 3692 757 3724 vcrurncrat
769 3685 802 3715 a&
817 3683 859 3714 est
873 3684 953 3721 quod
963 3707 972 3723 ,
991 3684 1142 3722 postquam
1157 3694 1287 3715 conven-

224 3732 286 3753 tum
302 3733 376 3762 crat,
394 3726 466 3754 inter
481 3723 574 3753 Partes
590 3722 750 3760 praedic‘ias,
769 3722 802 3752 de
817 3723 971 3760 Tractatu,
989 3723 1023 3753 ad
1039 3733 1149 3753 cerrum
1165 3724 1198 3754 &
1214 3723 1289 3752 limi·

227 3770 315 3791 tatum
335 3764 410 3793 dicrn
427 3788 435 3799 ,
461 3762 539 3798 super
562 3761 707 3799 praemisso
729 3759 865 3797 Negotio
889 3760 969 3790 Pacis
985 3784 993 3798 ,
1018 3762 1153 3798 &ipsam
1169 3771 1290 3792 concer-

228 3802 375 3838 nentibus,
395 3801 467 3839 apud
483 3800 646 3837 Hareflieu,
663 3800 707 3829 seu
722 3800 750 3828 in
767 3799 885 3837 Anglia,
902 3799 1051 3836 habendo,
1070 3800 1220 3830 Tradiatus
1233 3799 1290 3837 ipse

227 3838 425 3875 difl·t:1';³oat·=11',
447 3842 478 3870 cf<
494 3840 648 3869 nullatcnus
664 3848 711 3876 per
725 3837 938 3868 Sereniffimum
954 3837 1119 3867 Dominum
1137 3837 1267 3868 nostrum
1278 3860 1289 3876 ,

227 3876 272 3905 sed
293 3886 341 3913 per
363 3877 478 3907 Partem
498 3888 598 3907 eorum
622 3876 763 3907 adversam
779 3899 788 3914 ,
815 3877 863 3913 qui
879 3900 889 3912 ,
907 3884 972 3906 ante
989 3876 1064 3905 diem
1076 3876 1289 3913 advenientem,

227 3914 407 3956 linis-[ritem
427 3916 559 3945 nus-erunt
578 3915 760 3946 Sercnisfimo
783 3914 918 3944 Domino
936 3913 1034 3944 nostro
1048 3937 1058 3952 ‚
1081 3914 1108 3944 se
1125 3939 1134 3952 ,
1152 3917 1234 3945 certis
1256 3914 1291 3945 de

227 3958 314 3981 munz
330 3976 338 3988 ,
361 3963 390 3982 ut
409 3954 579 3983 mici-uerunt
598 3978 607 3991 ,
629 3964 676 3984 eos
700 3953 881 3985 moventibus
897 3975 907 3990 ‚
932 3953 967 3983 ab
992 3961 1113 3991 utroque
1138 3953 1291 3985 Locorum

231 4001 252 4018 ei
262 3991 400 4020 »tumidum
415 3992 585 4022 tumulando:

1336 244 1404 265 curn
1424 233 1609 265 effectualiter
1628 235 1774 272 prafficari
1791 234 1950 266 debuissent
1969 244 2000 265 ea
2015 258 2026 274 ,
2045 245 2125 275 quae,
2143 237 2175 265 in
2194 235 2328 274 Negotio
2345 234 2405 273 ipio
2425 238 2490 263 Hen.
2504 243 2534 272 5.

1336 271 1435 310 Pacis,
1453 272 1611 303 Laboribus
1630 273 1662 303 δε
1682 271 1821 304 Instantiis
1840 272 1929 312 Regis
1946 273 2150 305 Romanorum
2165 274 2199 305 ὃς
2215 272 2308 305 Ducis
2325 271 2404 305 Hol-

1332 310 1435 341 laridiae
1445 333 1455 349 ,
1473 311 1651 349 aliorumque
1666 310 1834 350 Principum
1845 334 1856 350 ,
1873 312 2062 349 appun&uata
2076 312 2206 351 fuerunt,
2223 313 2257 343 δί
2273 322 2323 351 per
2338 310 2404 343 Do·-

1334 350 1447 379 minum
1472 359 1575 379 eorum
1600 349 1798 381 Adversarium
1823 350 1858 380 de
1886 350 2005 381 Francia
2027 351 2181 390 approbata
2201 351 2235 382 &
2254 350 2403 389 ratificata,

1333 388 1425 418 noluit
1443 387 1488 418 sed
1507 388 1599 418 renuit
1615 386 1681 418 Pars
1698 398 1800 419 eorum
1819 388 1937 426 implere
1954 388 2033 425 quod
2052 399 2117 420 ante
2130 391 2312 428 promiserat,
2330 399 2401 421 cum

1333 434 1429 456 tamen
1446 425 1516 457 effer
1534 424 1729 456 Sereniffirnus
1748 425 1895 458 Dominus
1911 426 2010 458 noster
2027 427 2063 459 ad
2080 437 2113 459 ea
2128 429 2246 467 omnia,
2263 438 2316 467 pro
2335 438 2399 467 par-

1331 472 1359 495 te
1374 464 1437 503 sua,
1454 464 1598 502 implenda
1617 473 1735 502 paratus.

1336 542 1341 547 .
1367 502 1405 534 Et
1425 504 1506 547 quod
1519 525 1530 541 ,
1553 512 1692 541 quantum
1716 501 1751 533 ad
1767 502 1931 535 dilationem
1954 504 2109 537 Tractattis
2126 505 2208 543 ipsius
2221 529 2232 543 ,
2258 515 2313 544 pro
2339 515 2400 545 quo

1329 551 1390 580 Jam
1410 550 1522 573 venitur
1535 564 1545 579 ‚
1568 551 1628 571 non
1656 541 1696 571 est
1722 541 1801 580 quod
1820 541 1896 574 Parti
1913 543 2087 575 Sereniffirni
2104 543 2231 576 Domini
2245 544 2337 576 nostri
2352 553 2400 577 aut

1331 581 1384 612 suis
1401 580 1652 611 Ambaxiatoribus
1670 581 1772 617 poterit
1790 581 1941 620 impuram

1367 618 1411 663 .1N
1440 628 1512 664 ΡΗ]
1521 626 1590 649 Mts
1606 641 1616 655 ,
1642 619 1723 663 quia,
1741 618 1808 657 post
1822 620 1988 652 transmissas
2006 621 2133 661 Literas,
2153 622 2236 662 ipfius
2253 620 2400 653 Sereniss‘-

1332 667 1373 687 mi
1404 657 1529 689 Domini
1562 656 1677 694 nostri,
1701 657 1737 687 de
1761 656 1836 688 salvo
1859 656 2019 691 Conductu
2043 661 2125 692 dietis
2149 660 2403 693 Ambaxiatoribus

1333 695 1509 735 Adversarii,
1527 695 1633 727 steterit
1652 695 1799 727 Dominus
1823 694 1934 727 Comes
1951 697 2109 731 Warewic.
2126 701 2161 732 δε
2179 700 2225 732 alii
2245 699 2402 731 Ambaxia-

1332 743 1407 767 tores
1426 735 1550 767 Domini
1567 733 1657 765 nostri
1675 733 1750 773 apud
1770 733 1938 766 Cadomum
1955 758 1966 772 ,
1990 746 2040 774 per
2057 738 2211 770 nonnullos
2228 738 2287 771 dies
2303 738 2401 777 exspe-

1332 774 1439 806 &ando
1455 774 1563 806 ibidem
1581 773 1689 805 salvum
1708 771 1900 804 Conductum
1916 773 1987 805 dieti
2004 775 2178 808 Adversarii:

1370 813 1428 852 Et,
1443 813 1570 852 rursum,
1587 812 1624 843 de
1638 812 1761 844 adventu
1782 812 2019 844 Ambaxiatorum
2036 813 2152 847 suorum
2183 816 2327 854 videlicet)
2346 814 2402 847 do-

1332 862 1388 884 nec
1415 852 1465 892 ipsi
1483 852 1695 884 Ambaxiatores
1718 850 1878 884 Adversarii
1899 852 1937 883 de
1952 861 2056 884 eorum
2070 863 2132 885 non
2147 863 2164 885 a
2184 864 2272 886 ventu
2288 855 2403 887 excusa-

1332 892 1424 923 tiones
1442 891 1596 923 miserunt·
1623 889 1770 921 afferentes
1794 891 1822 922 se
1848 899 1965 931 propter
1990 893 2148 930 potentiam
2165 893 2209 925 ²&
2226 903 2276 931 per
2290 893 2402 925 horres—

1332 930 1457 961 centiam
1476 929 1569 961 Ducis
1584 914 1755 969 fiuxgundiae
1769 951 1780 967 ,
1805 930 1835 960 in
1861 939 1965 961 eorum
1980 931 2080 962 itinere
2098 930 2240 962 existentis
2251 955 2262 970 ,
2286 933 2348 963 tute
2365 933 2403 964 ad

1332 967 1433 1000 locum
1448 967 1605 1000 Tractati'is
1620 967 1717 999 venire
1734 978 1796 998 non
1815 967 1916 1008 poss‘e:
1943 978 1977 1000 ac
1992 969 2072 1008 quod
2086 992 2098 1009 ,
2121 969 2232 1009 insuper
2242 994 2252 1008 ,
2269 970 2335 1009 post
2352 980 2404 1002 eo-

1333 1016 1399 1038 rum
1417 1006 1630 1050 adventum-ad
1649 1006 1831 1046 l-lonuflieu,
1849 1006 1985 1039 miserunt
2002 1007 2076 1047 aliis,
2094 1009 2128 1040 δε
2146 1010 2232 1040 nobis
2249 1008 2404 1041 Ambax'ia-

1333 1045 1444 1078 toribus
1463 1044 1588 1076 Domini
1607 1044 1699 1075 nostri
1719 1045 1748 1075 in
1787 1046 1883 1084 rimis,
1900 1045 2009 1078 Literas
2027 1047 2093 1079 salvi
2113 1046 2292 1080 conducitis
2309 1049 2403 1082 minis

1331 1083 1521 1122 sufficientes,
1537 1084 1587 1114 sub
1602 1092 1721 1122 quarum
1737 1082 1757 1114 fi
1778 1083 1843 1115 ucia
1855 1093 1916 1114 non
1931 1084 2081 1118 videbatur
2094 1094 2189 1118 tutum
2204 1088 2317 1118 venire:

1371 1123 1410 1155 Et
1428 1122 1524 1163 quod,
1539 1123 1687 1161 quamcito
1700 1122 1877 1154 habebamus
1891 1122 1999 1155 Literas
2005 1124 2070 1155 alias
2083 1135 2185 1157 eorum
2192 1125 2229 1158 de
2234 1125 2310 1158 salvo
2319 1125 2404 1157 Con·

1332 1161 1422 1194 ductu
1441 1161 1655 1193 sufficientiores
1668 1185 1678 1199 ,
1703 1170 1774 1192 cum
1795 1162 1879 1192 omni
1898 1161 2039 1194 celeritate
2090 1173 2111 1195 o
2148 1165 2272 1196 ravimus
2286 1166 2403 1204 venire;

1332 1201 1371 1232 sic
1392 1201 1472 1240 quod
1495 1199 1584 1232 nichil
1605 1200 1746 1231 dilationis
1768 1198 1845 1232 Parti
1869 1199 1996 1232 Domini
2010 1172 2099 1233 nugi
2111 1173 2211 1241 {egis
2226 1205 2329 1242 poterit
2348 1205 2403 1235 im-

1332 1241 1441 1280 putari,
1459 1240 1527 1279 quin
1548 1249 1632 1270 mmo
1650 1239 1727 1270 Parti
1745 1249 1846 1271 eorum
1865 1239 1884 1270 si
1902 1239 2094 1272 Tractatuum
2111 1241 2142 1272 in
2159 1242 2214 1274 hac
2228 1251 2307 1282 parte
2322 1243 2404 1275 habi-

1332 1287 1429 1310 torum
1442 1303 1452 1317 ‚
1477 1280 1510 1311 &
1567 1278 1715 1309 ilationum
1732 1301 1742 1317 ,
1760 1280 1836 1310 circa
1853 1278 1968 1310 eosdem
1985 1279 2145 1311 habitarum
2172 1280 2292 1312 Annalia
2309 1282 2405 1313 revol-

1331 1327 1454 1356 vamus;
1471 1328 1549 1386 ,1111131
1573 1326 1668 1349 tamen
1692 1326 1771 1348 nunc
1796 1318 1915 1350 recitare
1930 1319 2021 1357 magis
2037 1327 2200 1357 reputamus
2212 1319 2404 1361 laboriosum,

1354 1367 1419 1388 uam
1437 1365 1477 1389 uti
1488 1367 1513 1388 e.

1332 1367 1353 1396 q
1371 1395 1411 1427 Et
1426 1395 1526 1434 quod,
1545 1403 1682 1434 quantum
1706 1394 1741 1426 ad
1757 1394 1905 1426 materiam
1920 1395 2091 1428 detentionis
2108 1395 2321 1434 Heraldorum,
2339 1397 2404 1431 nul-

1331 1433 1389 1465 lam
1407 1435 1544 1466 habemus
1561 1434 1779 1465 instrustionem
1794 1446 1805 1474 3
1821 1435 1957 1466 novimus
1969 1443 2067 1466 tamen
2085 1435 2276 1468 indubitanter
2294 1435 2406 1469 Domi-

1335 1483 1388 1504 nus
1413 1473 1511 1504 noster
1526 1483 1630 1504 eorum
1648 1473 1790 1504 Heraldos
1805 1496 1815 1512 ,
1838 1482 1894 1505 nec
1909 1482 2009 1505 contra
2025 1474 2063 1505 sui
2082 1474 2147 1505 salvi
2166 1473 2342 1507 Condudh'is
2359 1477 2403 1506 vi—

1332 1520 1434 1551 gorem
1449 1536 1458 1551 ,
1485 1522 1540 1543 nec
1565 1512 1726 1542 Armorum
1750 1511 1902 1543 honestam
1927 1511 2201 1553 Consuetudinem„
2222 1523 2326 1554 ymmo
2341 1522 2408 1546 non

1334 1552 1393 1582 iine
1410 1551 1490 1582 causa
1507 1551 1662 1582 rationabili
1679 1551 1712 1582 &
1729 1550 1850 1582 honesta
1865 1550 2000 1582 detinere.

1371 1590 1408 1621 Et
1423 1615 1433 1629 ,
1456 1598 1593 1629 quantum
1612 1589 1646 1621 ad
1665 1590 1779 1620 bonum
1794 1612 1805 1628 ,
1826 1589 1933 1621 salvum
1947 1612 1958 1629 ,
1981 1591 2016 1624 &
2033 1590 2164 1622 securum
2183 1589 2374 1625 ConduCtum
2389 1610 2401 1631 ,

1332 1629 1414 1666 quod
1427 1653 1437 1667 ,
1462 1629 1704 1667 qualitercumque
1722 1628 1772 1666 ipsi
1791 1627 1899 1660 nostrae
1917 1627 2064 1661 Securitati
2079 1628 2291 1668 providendum
2309 1630 2400 1663 duxe-

1331 1669 1405 1706 rint,
1428 1668 1510 1698 simili
1529 1667 1621 1698 modo
1637 1667 1670 1698 &
1689 1676 1743 1697 nos
1759 1677 1862 1698 eorum
1879 1677 2042 1700 curaremus
2059 1667 2208 1699 Securitati
2227 1670 2399 1708 providere3

1333 1707 1353 1737 fi
1380 1707 1486 1738 Literas
1503 1730 1513 1746 ,
1529 1706 1580 1737 sub
1599 1706 1699 1746 Sigillo
1715 1704 1838 1736 Domini
1852 1715 1973 1746 eorum,
1985 1705 2025 1738 de
2040 1706 2117 1738 {alvo
2136 1706 2297 1739 Conduetu
2315 1708 2402 1739 nobis

1332 1745 1515 1784 disponerent
1531 1769 1541 1784 ,
1564 1755 1635 1785 noS,
1653 1744 1735 1775 simili
1752 1743 1861 1783 modo,
1877 1745 1916 1775 eis
1934 1744 2149 1784 disponeremus
2165 1746 2216 1777 sub
2230 1745 2331 1786 Slgillo
2348 1747 2401 1778 Se-

1333 1784 1471 1816 renissimi
1493 1784 1619 1815 Domini
1641 1782 1754 1821 nostri3
1779 1782 1799 1814 fi
1812 1806 1822 1822 ,
1848 1783 1947 1822 vigore
1969 1784 2084 1823 alicujus
2099 1781 2346 1822 Commiffionis,
2362 1786 2402 1818 eis

1330 1823 1434 1862 factae,
1451 1824 1534 1855 nobis
1550 1823 1750 1861 providerent,
1768 1832 1822 1853 nos
1839 1822 1924 1852 etiam
1938 1844 1950 1861 ,
1966 1823 2067 1862 vigore
2085 1820 2306 1854 Commiffionis
2321 1822 2401 1855 suffi-

1331 1864 1448 1901 cientis,
1465 1863 1549 1894 nobis
1565 1861 1666 1900 fastae,
1680 1862 1719 1892 eis
1732 1860 1950 1902 providerimus.

1367 1939 1438 1972 Post
1464 1950 1529 1979 quae
1550 1939 1681 1978 praefatus
1707 1937 1856 1970 Remenfis
1881 1936 2122 1978 Archiepiscopus
2145 1949 2163 1970 e
2189 1937 2332 1972 converso
2354 1943 2399 1974 rei

1328 1979 1441 2018 spondit
1458 2004 1467 2017 ,
1486 1979 1568 2018 quod
1585 1988 1641 2010 nec
1660 1978 1728 2010 utile
1747 1977 1929 2016 reputabant,
1943 1987 1999 2008 nec
2017 1978 2183 2009 intentionis
2199 1988 2304 2010 eorum
2324 1988 2400 2019 erat,

1328 2019 1580 2052 Rememorationi
1596 2017 1778 2049 Dilationum
1796 2015 1957 2056 hujusmodi
1976 2017 2182 2055 praeteritarum
2200 2016 2336 2050 insistere:

1365 2057 1404 2089 Et
1424 2057 1506 2096 quod
1518 2082 1528 2096 ‚
1554 2056 1648 2096 quoad
1667 2056 1846 2087 Dilationem
1860 2079 1871 2093 ,
1889 2055 1926 2087 de
1943 2066 1999 2095 qua
2016 2055 2181 2096 praefertur,
2198 2056 2305 2088 factam
2321 2067 2339 2088 a
2358 2056 2400 2089 ud

1327 2096 1485 2135 Beauvois,
1503 2105 1558 2127 nec
1573 2106 1623 2137 per
1642 2106 1695 2126 nos
1713 2094 1807 2134 stetit,
1825 2104 1880 2126 nec
1899 2105 1949 2134 per
1967 2093 2058 2134 ipsos,
2075 2093 2123 2126 sed
2141 2104 2190 2134 pei·
2203 2094 2319 2134 Regem
2364 2106 2401 2127 o-

1329 2145 1500 2175 manorum,
1518 2136 1568 2174 qui
1582 2134 1709 2174 Copiam
1726 2133 1889 2173 hujusmodi
1907 2133 2181 2176 Appunctuatorum
2195 2134 2287 2167 noluit
2296 2144 2402 2172 eorum

1327 2174 1482 2216 suppremo
1497 2173 1634 2206 Domino
1646 2174 1778 2205 liberare:

1368 2215 1388 2235 ²*
1408 2213 1447 2245 Et
1463 2213 1662 2253 quod,quoad
1671 2213 1859 2244 Securitatem
1872 2213 1954 2244 nobis
1968 2211 2332 2252 faciendam,quiaLiteras
2346 2212 2399 2245 hu·
2413 2218 2434 2240 *1
2453 2220 2508 2250 1Xg

1357 2252 1452 2285 sinodi
1463 2254 1500 2284 de
1512 2252 1588 2284 salvo
1602 2251 1775 2291 Conclusa,
1793 2251 1843 2283 sub
1858 2251 1962 2289 Sigillo
1976 2250 2101 2282 Domini
2115 2251 2158 2283 sui
2167 2276 2177 2289 ,
2195 2260 2321 2291 protunc
2336 2262 2398 2284 non
2413 2268 2484 2297 5²0·

1349 2292 1472 2324 abebant
1486 2315 1496 2331 ,
1521 2291 1568 2322 sed
1587 2291 1760 2322 asseruerunt
1781 2291 1808 2321 se
1830 2301 1884 2329 pro
1906 2291 1958 2321 illis
1973 2290 2046 2321 infra
2058 2290 2204 2322 Triduum
2217 2302 2232 2322 a
2252 2291 2398 2329 portandis

1330 2331 1435 2364 mifisse
1449 2342 1455 2349 ·
1480 2330 1592 2362 idcirco
1612 2330 1800 2374 exhibuerunt
1820 2329 1948 2374 duplices
1961 2339 2063 2361 eorum
2079 2300 2333 2361 Commissibnum
2345 2329 2399 2360 Li-

1327 2379 1399 2402 teras
1422 2355 1553 2407 (dulcet)
1577 2379 1635 2401 tarn
1654 2370 1735 2407 super
1754 2368 2057 2412 principali-Negotio
2070 2391 2081 2406 ,
2109 2377 2196 2412 quarn
2217 2369 2302 2400 etiam
2315 2367 2398 2407 super

1327 2410 1453 2449 Treugis
1467 2408 1611 2448 capiendis
1624 2409 1658 2440 &
1675 2408 1752 2439 salvis
1766 2406 1969 2438 Condustibus
1983 2406 2192 2445 concedendis3

1366 2449 1501 2489 Qiarum
1516 2448 1651 2479 Tenores
1666 2447 1800 2486 sequntur
1814 2447 1848 2478 &
1862 2445 1925 2478 sunt
1941 2445 2024 2485 tales,

1388 2523 1508 2562 Harles,
1524 2534 1574 2563 par
1594 2523 1619 2554 la
1639 2523 1737 2555 Grace
1754 2523 1791 2554 de
1812 2521 1910 2560 Dieu,
1927 2524 1984 2558 Roy
2003 2521 2036 2551 de
2053 2524 2174 2561 France,
2192 2531 2207 2552 3
2228 2529 2293 2553 tous
2306 2530 2397 2561 ceuX,

1366 2602 1388 2633 S
1407 2565 1456 2607 qui
1468 2562 1664 2632 essispresemae
1678 2562 1788 2593 Lettres
1799 2570 1934 2599 verront,
1952 2560 2040 2592 831111.

1365 2611 1828 2672 Ρέἵιοτιὶ-Ιὲηἳιὲῧῐςὲξῇενεῐεηεε
1840 2637 1876 2668 de
1883 2636 1961 2668 Dieu
1969 2660 1979 2675 ,
1994 2637 2029 2668 ὃς
2041 2646 2117 2675 pour
2130 2637 2246 2668 eschuer
2258 2637 2397 2670 l'effiision

1326 2678 1365 2710 de
1377 2679 1457 2716 Sang
1470 2677 1617 2716 Humain,
1634 2678 1667 2709 &
1684 2677 1722 2707 les
1737 2677 1836 2707 auitres
1848 2675 1950 2707 Maulx
1965 2674 2216 2720 &Dommaiges,
2233 2677 2397 2708 innumera·

1326 2717 1388 2749 bles
1412 2718 1445 2748 &
1466 2716 1664 2754 irreparabim,
1682 2715 1822 2746 survenuz
1843 2725 1916 2752 pour
1935 2715 1962 2744 le
1977 2714 2025 2745 fait
2040 2716 2074 2745 &
2089 2715 2223 2747 occasion
2237 2715 2286 2745 des
2299 2715 2397 2746 Guer·

1327 2766 1388 2794 res,
1407 2757 1456 2793 qui
1475 2755 1502 2786 le
1520 2764 1614 2794 temps
1634 2754 1711 2792 passe
1732 2763 1785 2784 ont
1806 2752 1865 2785 este
1882 2760 1961 2784 entre
1976 2761 2035 2783 noz
2051 2751 2250 2784 Predeceffors
2264 2754 2337 2784 Rois
2359 2754 2396 2785 de

1328 2794 1439 2827 France
1452 2794 1487 2825 &
1503 2793 1608 2832 Nous,
1626 2793 1710 2823 d'une
1726 2792 1810 2831 Part,
1827 2794 1861 2824 &
1874 2791 1972 2822 nostre
1991 2791 2167 2832 Advershire
2186 2791 2398 2834 d’Arigleterre,

1325 2832 1434 2865 d'autre
1453 2832 1535 2871 Part,
1552 2833 1586 2864 &
1609 2833 1658 2870 qui
1681 2831 1987 2862 vraissemblabiement
2005 2830 2069 2861 sont
2090 2840 2126 2861 en
2150 2830 2345 2869 Disposition‚
2359 2831 2395 2863 de

1322 2872 1400 2944 Jetfiur
1419 2881 1456 2902 en
1475 2871 1566 2916 Jour,
1581 2870 1724 2909 d’avcnir,
1741 2870 1768 2901 se
1791 2868 1940 2901 Provifion
1958 2869 1993 2900 &
2013 2868 2145 2900 Remede
2165 2869 2324 2900 covenable
2347 2869 2394 2908 n'y

1403 2918 1452 2941 ent
1465 2919 1520 2941 mis

1363 2921 1515 2988 ssizsirans,
1524 2933 1568 2979 ²de
1583 2955 1646 2979 tout
1660 2946 1757 2978 nostre
1772 2945 1867 2983 Cuer,
1885 2947 1967 2977 venir
1978 2955 1995 2976 3
2009 2944 2109 2975 bonne
2123 2943 2192 2976 Paix
2206 2945 2240 2976 &
2256 2944 2397 2977 Concor-

1326 2988 1364 3020 de
1383 2998 1524 3025 avecques
1544 2986 1642 3018 nostre
1661 2986 1703 3017 dit
1723 2983 1898 3030 Adverfizire
1914 2982 2121 3029 d'Engletejrre,
2141 2983 2203 3019 &c.
2219 2990 2303 3023 prout
2307 2982 2396 3025 fiapra

1328 3030 1402 3058 Dat.
1417 3026 1537 3067 Partfius
1544 3025 1661 3066 secundo
1672 3025 1715 3056 die
1727 3023 1872 3061 celebris,
1888 3029 1953 3052 tunc
1958 3021 1999 3063 fic
2014 3022 2102 3060 (viz).

1388 3102 1509 3141 Hales,
1527 3113 1577 3142 par
1589 3103 1616 3133 13
1629 3101 1728 3132 Grace
1742 3099 1779 3130 de
1794 3098 1890 3137 Dieu,
1906 3101 1962 3139 Roy
1982 3099 2015 3129 de
2032 3101 2153 3139 France,
2170 3109 2186 3131 a
2196 3093 2272 3131 vtous
2291 3100 2393 3139 ceulx,

1406 3143 1453 3182 qui
1469 3152 1516 3172 ces
1551 3140 1658 3171 resentz
1671 3139 1781 3170 Lettres
1794 3147 1928 3177 verront,
1946 3137 2032 3169 Salut.

1363 3181 1464 3212 Savoir
1508 3181 1513 3186 '
1526 3190 1579 3210 ons
1593 3188 1667 3217 que,

1363 3218 1443 3250 Pour
1456 3217 1580 3248 Honeur
1594 3219 1628 3249 &
1642 3216 1813 3248 Reverence
1825 3215 1862 3246 de
1878 3215 1974 3246 nostre
1989 3215 2128 3253 Seigneur
2142 3216 2177 3247 δε
2210 3225 2264 3246 our
2276 3215 2392 3248 eschuer

1325 3257 1477 3289 l'effussion
1496 3256 1533 3287 de
1553 3256 1617 3295 sang
1638 3256 1756 3286 humain
1771 3280 1781 3294 ,
1799 3256 1833 3287 ὃς
1853 3255 1892 3284 les
1911 3264 2002 3285 autres
2022 3253 2122 3285 Maulx
2142 3255 2176 3285 &

1326 3295 1536 3327 innumerables
1549 3296 1584 3327 &
1598 3295 1794 3334 irreparables,
1812 3295 1861 3332 qui
1875 3304 1929 3332 pur
1945 3294 1972 3325 le
1985 3293 2035 3325 fait
2049 3294 2083 3326 δε
2094 3293 2227 3324 occasion
2243 3293 2290 3324 des
2298 3292 2394 3331 Guer-

1328 3344 1429 3411 rech
1443 3372 1469 3403 le
1482 3380 1575 3411 temps
1590 3372 1684 3412 passe,
1701 3381 1755 3403 ont
1770 3370 1845 3409 este,
1862 3381 1899 3401 en
1911 3380 1946 3402 ce
1959 3370 2122 3408 Roiaume,
2138 3378 2218 3401 entre
2241 3376 2300 3404 noz
2321 3367 2393 3400 Pre-

1326 3411 1488 3442 deceffours
1520 3411 1572 3442 Ro
1590 3422 1603 3442 s
1626 3411 1662 3442 de
1680 3411 1788 3441 France
1811 3411 1845 3441 &
1866 3419 1954 3447 nous,
1973 3410 2059 3440 d'une
2108 3417 2148 3447 rt,
2166 3409 2199 3439 &
2214 3406 2308 3437 nostre
2324 3408 2391 3438 Ad-

1328 3449 1452 3501 vfifzire
1473 3421 1666 3489 sangiune
1685 3450 1719 3481 δε
1735 3474 1744 3488 ,
1762 3450 1801 3480 ses
1822 3447 2057 3486 Predeceffours,
2107 3456 2158 3486 oys
2176 3445 2390 3485 d'Engleterre,

1328 3489 1348 3520 d
1357 3498 1792 3567 aEuttrguimxiiayss'emblablement
1807 3526 1870 3556 sont
1885 3535 1921 3556 en
1934 3524 2097 3563 disposition
2110 3532 2126 3553 3
2146 3522 2235 3566 Venit
2248 3521 2392 3566 ,ldeJour

1327 3565 1468 3634 enssour,
1486 3566 1513 3596 se
1527 3566 1672 3604 provifion
1687 3567 1720 3596 &
1735 3563 2020 3608 remodecovenable
2034 3562 2079 3599 n'y
2093 3561 2214 3604 est01ent
2230 3569 2300 3599 mis,

1401 3605 1520 3642 esirans‚
1534 3605 1569 3635 de
1582 3604 1678 3635 nostre
1693 3614 1778 3642 cuer,
1798 3612 1894 3640 vetur,
1912 3613 1927 3632 a
1941 3602 2001 3631 bon
2009 3600 2142 3637 Amour,
2160 3598 2246 3638 Paix,
2265 3599 2391 3634 &Can-

1329 3642 1402 3674 cord
1418 3653 1487 3674 avec
1502 3643 1600 3674 nostre
1613 3644 1654 3674 dit
1669 3643 1834 3674 Adversaire
1847 3639 2060 3678 &Angit-terre,

1364 3681 1419 3711 Par
1442 3691 1518 3720 quoy
1541 3682 1568 3712 le
1589 3680 1698 3720 Puple,
1715 3691 1771 3720 que
1790 3681 1866 3710 Dieu
1885 3688 1957 3708 nous
1971 3687 1986 3707 a
2002 3677 2083 3707 baille
2101 3677 2275 3720 &commis
2290 3687 2306 3707 a
2318 3686 2393 3716 gou-

1328 3721 1439 3757 vernir,
1456 3720 1560 3764 puisse,
1579 3730 1614 3751 en
1630 3720 1727 3751 nostre
1739 3728 1846 3757 tempS,
1865 3717 1898 3749 &
1914 3716 2004 3746 soubz
2016 3725 2106 3753 nouS,
2121 3725 2201 3745 viure
2212 3725 2248 3746 en
2269 3714 2336 3746 Paix
2356 3717 2391 3748 δε

1329 3759 1537 3827 Τῑὲἶιὲῖἓέιῑιιῑεεέ
1548 3797 1622 3835 plain
1634 3794 1682 3827 des
1697 3796 1783 3833 Sens,
1803 3791 2071 3837 CirconspestionS,
2091 3789 2248 3830 Loiaultes,
2267 3793 2301 3824 &
2314 3791 2394 3823 Dili-

1328 3843 1436 3903 55⁰⁶?ss
1451 3835 1506 3904 {¹:5²
1524 3845 1583 3904 ‘¹2²
1596 3829 2290 3911 i‘iTiiie&Joffffi‘ffi'Vffiissgssss‘ssa‘Zfi‘ZesZZfiss
2296 3834 2392 3900 5ξίἴὶ

1334 3884 1693 3948 dgrParlemaenrii,³1VIaiitre
1705 3911 1805 3950 Johan
1824 3910 1926 3940 Tudert
1949 3907 2046 3936 Doien
2062 3907 2098 3936 de
2111 3907 2250 3946 1‘Eiglise‚
2267 3906 2392 3937 Guilbert

1332 3951 1377 3981 des
1390 3949 1536 3990 Monstiers
1550 3950 1668 3990 Seignur
1683 3950 1757 3980 dela
1769 3948 1793 3980 F
1793 3955 1899 3987 ayette,
1919 3944 2074 3976 Guillaume
2087 3946 2119 3976 de
2133 3945 2265 3977 Meulhon
2276 3944 2394 4021 Οῗῗεζῖ

2232 3255 2393 3292 ommaiges
2443 3259 2445 3261 '
