2562 4274
788 120 890 162 ET
973 123 1239 165 ACTA

19 207 95 236 Ann.
110 203 153 235 D.
172 203 284 240 singulis
307 203 412 241 Annis,
429 201 486 234 Die
510 210 569 241 quo
589 202 659 234 Nos
680 203 761 236 obire
777 207 944 246 contigerit,
959 217 1028 239 curn
1042 208 1173 247 Exequiis
1194 210 1227 240 &

41 253 126 282 1419.
172 242 321 273 Miliarum
338 241 495 280 Solenniis,
512 242 685 272 Tenendum
696 245 890 281 imperpetuum.

20 288 82 310 Hm·
99 291 127 317 5·
209 319 298 349 Teste
318 318 402 354 Rege
423 320 452 347 in
483 319 613 347 Exercitu
633 317 684 357 fi‘0
703 326 782 358 prope
807 319 913 350 Villam
936 324 1011 360 Regis
1038 323 1070 352 de
1098 325 1170 353 Pont
1195 324 1227 353 de

170 357 277 389 Larche
294 356 428 388 vicesimo
444 357 538 394 primo
552 355 687 397 die'Julii.

802 436 855 465 Per
868 435 950 476 ipfiaem
965 440 1068 476 Regem.

203 566 300 597 Breve
317 562 354 597 de
375 563 572 598 Exonerando
583 590 592 606 ,
610 563 701 609 super
719 567 827 598 Literis
848 565 1019 599 Parentibus
1031 593 1040 609 ,
1062 568 1193 612 praefntis

441 610 561 646 Abbati
581 615 616 650 (ῤ’
636 615 800 645 Conventus*
819 613 955 657 conceffis.

26 720 95 753 Arm
113 718 144 748 D
177 697 303 756 REX,
325 696 448 728 Custodi
463 696 616 735 Hanaperii
633 697 814 729 Cancellariae
830 698 935 729 nostrae
956 699 1162 737 Normanniae,
1180 699 1230 729 Sa—

99 743 104 748 *
148 742 154 748 ·
248 737 345 766 lutem.

45 767 130 797 ¹4¹9·
214 774 385 804 Mandamus
405 773 486 802 vobis
506 773 601 812 quod,
617 774 725 805 dilectis
744 775 825 805 nobis
847 776 877 804 in
900 774 1037 813 Christo,
1055 775 1166 805 Abbati
1190 774 1228 810 &

22 804 74 826 ‘¹⁰'
91 799 117 824 ⁶*
176 815 327 842 conventui
343 812 374 840 de
389 814 528 849 Bonpuort
548 813 678 850 quasdam
694 813 801 843 Literas
816 813 921 843 nostras
937 813 1078 851 Parentes,
1119 828 1122 830 >

21 842 107 903 ,lgm-5·
212 849 266 880 Per
283 860 348 888 quas
361 850 490 880 Dedimus
505 851 538 881 &
559 851 723 889 Concefflmm
739 853 776 881 eis
790 851 893 881 Terras
908 852 940 881 ὃς
957 851 1094 881 Dominia
1113 850 1227 881 Bet‘Jho-

174 898 248 926 mas,
267 898 335 919 cum
351 889 484 918 omnibus
497 888 674 919 Pertinentiis
687 891 720 920 &
733 889 937 928 Dependentiis
951 889 1001 919 suis
1010 913 1019 927 ,
1039 900 1103 927 quae
1117 890 1228 919 Tho‘mas

175 928 329 965 Poignant,
351 926 450 957 Nobis
471 927 562 956 adhuc
584 927 710 957 Rebellis
731 937 761 957 ut
784 927 900 965 dicitur,
927 928 1154 959 ante-ultimum⁴
1168 929 1230 959 De-

174 965 299 995 scensum
315 964 444 995 nostrum
464 966 491 994 in
515 963 658 994 Ducatum
681 965 808 995 nostrum
832 965 1041 1003 Normanniae,
1064 969 1170 1006 tenuit,
1196 978 1228 998 ac

172 1005 258 1034 etiam
273 1002 368 1034 Feoda
384 1004 417 1033 &
434 1001 572 1032 Dominia
587 1003 619 1032 de
633 1002 713 1033 cleon
729 1004 762 1034 &
777 1004 810 1033 de
824 1007 898 1033 Seint
910 1004 1000 1040 Gille,
1021 1015 1084 1042 quae
1101 1005 1231 1035 Robertus

174 1042 296 1110 fflloige,
317 1041 442 1086 similiter
458 1040 584 1071 Rebellis
599 1049 630 1071 ut
643 1041 760 1080 dicitur,
776 1051 837 1073 ante
853 1043 962 1074 dictum
983 1042 1157 1074 Descensum
1172 1054 1231 1075 *no—

347 1091 353 1109 1

200 1089 460 1162 rgtblscifiremllliagno
482 1117 581 1148 Feodo
592 1141 601 1156 ,
619 1117 653 1148 ad
668 1112 750 1156 Opus
763 1117 893 1149 nostrum
908 1118 973 1150 inde
986 1120 1141 1159 capiendo,
1159 1121 1230 1152 libe-

171 1167 349 1225 Γεἴδὲῆιιῐτηιε)
365 1195 440 1225 enim
457 1205 508 1224 vos
522 1194 587 1224 inde
601 1204 665 1233 erga
681 1195 749 1225 Nos
763 1196 915 1226 exonerari.

208 1232 297 1264 Teste
316 1232 398 1272 Rege
413 1237 442 1263 in
459 1235 589 1262 Exercitu
596 1236 645 1272 suo
654 1241 735 1272 prope
751 1233 855 1263 Villam
870 1237 946 1272 Regis
959 1234 990 1263 de
1005 1235 1077 1264 Pont
1099 1235 1131 1265 de
1153 1238 1227 1265 Lar-

171 1270 216 1300 che
233 1271 369 1302 vicesimo
383 1273 478 1310 primo
490 1272 535 1302 die
545 1271 620 1310 Julii.
958 1304 961 1306 ,

265 1395 426 1428 Τναᾶαῑιις
440 1407 508 1428 cum
530 1394 689 1442 Dauphino
702 1395 793 1441 fhper-
812 1396 957 1441 Colloquio
966 1396 1123 1442 personali.

19 1481 96 1514 Ann.
109 1483 151 1514 D.
174 1479 320 1541 NOS,
337 1484 486 1518 Henricus,
503 1480 682 1521 permissione
700 1480 812 1518 divina,
831 1481 1030 1520 Cantuarienfis
1047 1479 1230 1520 Archiepisc'o-

41 1532 126 1561 1419.
262 1528 329 1557 pus,
355 1522 439 1551 totius
462 1520 572 1558 Angliae
595 1519 718 1556 Prii'nas,
736 1519 769 1549 &
788 1519 964 1556 Apostolicae
987 1519 1064 1550 Sedis
1092 1520 1229 1557 Legatus,

16 1565 70 1589 Au.
87 1564 114 1590 6,
173 1560 303 1587 Henricux
321 1557 422 1588 eadem
438 1557 632 1596 permiffione,
651 1558 792 1597 Episcopus
805 1557 982 1596 Cicistrenfis,
1003 1557 1137 1588 Walterus
1147 1561 1229 1587 Hun-

17 1605 52 1627 H.
73 1609 101 1634 5.
169 1594 281 1635 greford
290 1595 459 1627 senescallus
473 1595 596 1633 Hospitii
611 1595 716 1634 Regis,
732 1595 872 1633 Johannis
883 1598 982 1634 Kempe
999 1595 1105 1626 Custos
1125 1597 1229 1627 Privati

19 1642 108 1667 Norm.
126 1639 151 1666 6.
173 1634 263 1670 sigilli
278 1633 384 1672 Regis,
402 1633 565 1664 Willielmus
586 1633 730 1674 Alyngton
753 1633 899 1673 Armiger,
915 1636 948 1665 &
971 1636 1101 1664 Ricardus
1127 1636 1229 1675 Coua'ry

18 1681 52 1703 H.
62 1685 88 1711 5.
96 1683 151 1712 p.2.
172 1673 300 1703 Clericus
321 1672 448 1703 Coiicilii
470 1672 577 1711 Regis,
594 1671 771 1702 Illustriffimi
793 1671 949 1712 Principis,
982 1672 1104 1703 Domini
1125 1674 1228 1710 nostri,

171 1710 295 1741 Domini
316 1713 444 1750 Henriti,
464 1710 522 1740 Dei
543 1711 648 1750 gratia,
667 1714 744 1748 Regis
765 1710 875 1748 Angliae
895 1709 934 1745 cfr·
956 1714 1096 1749 Franciae,
1114 1713 1146 1742 &
1161 1712 1228 1742 Do-

18 1725 53 1742 m·
75 1724 119 1751 ΖΞ.
170 1750 240 1780 mini
262 1749 428 1788 Hiberniae,
446 1749 480 1779 ad
501 1749 714 1788 Transtandum,
734 1748 1038 1793 Communicand‘um,
1056 1751 1088 1781 ὃς
1109 1750 1229 1781 finaliter

18 1790 35 1806 *³
61 1792 112 1817 lX.
170 1789 189 1808 ³³
214 1787 455 1818 Concludendum
479 1797 562 1825 cum,
581 1787 828 1818 Reverendiffimo
850 1789 879 1817 in
901 1787 1019 1817 Christo
1042 1788 1140 1826 Patre,
1161 1788 1227 1819 Do-

18 1827 80 1863 687.
171 1827 253 1856 mino
266 1825 415 1864 Johanne,
436 1825 494 1855 Dei
511 1826 613 1863 gratia,
633 1825 836 1864 Archiepifiopo
861 1826 1002 1866 senonensi
1008 1850 1017 1863 ,
1033 1828 1174 1857 Ludovico
1196 1828 1227 1857 de

169 1863 274 1894 chalon
289 1863 408 1894 Comite
421 1864 456 1894 de
470 1864 619 1901 Tonerre,
636 1864 768 1903 Johanne
784 1865 815 1893 de
830 1864 910 1906 Vayly
928 1864 1087 1896 Prelidente
1107 1867 1136 1894 in
1159 1865 1227 1896 Par-

168 1903 321 1940 limenio,
338 1901 470 1941 Johanne
482 1902 584 1932 Tudert
598 1902 721 1933 Decano
735 1902 868 1933 Ecclesiae
888 1903 1056 1939 Parisienfis,
1075 1903 1226 1934 Guillielmo

167 1945 272 1979 Seignet
288 1940 401 1979 Milite,
421 1942 454 1973 &
469 1940 601 1979 Johanne
615 1940 832 1980 de'Vellebrefine
847 1941 1019 1977 Secretario,
1038 1942 1227 1973 Ambasliato-

170 1980 260 2017 ribus,
280 1979 421 2016 Nunciis,
441 1981 476 2010 δε
494 1978 715 2017 Commissariis,
733 1979 902 2010 Serenisiimi
929 1980 1079 2017 Principis,
1102 1980 1225 2011 Domini

170 2017 311 2056 Dauphini
325 2018 357 2048 de
370 2021 494 2055 Vienna,
512 2017 647 2056 Regentis
658 2018 788 2048 -Franciae
804 2026 834 2048 ut
854 2018 956 2048 dicitur
967 2042 976 2055 ,
995 2018 1030 2055 ad
1047 2018 1225 2049 Praesentiaiii

168 2057 277 2094 praefati
291 2055 508 2087 metuendissimi
520 2055 645 2086 Domini
659 2056 747 2087 nostri
759 2055 795 2086 de
808 2057 935 2094 praesenti
949 2056 1122 2095 transmissis,
1132 2057 1227 2089 Corn-

170 2094 283 2125 miffarii
298 2095 449 2132 specialiter
464 2094 605 2132 deputati,

205 2132 424 2164 Commiffionis
438 2131 539 2164 Tenor
555 2133 694 2172 sequitur,
713 2134 746 2165 &
761 2132 802 2164 est
818 2133 892 2172 talis,

168 2210 379 2271 HEnricus,
391 2210 447 2241 Dei
470 2210 572 2250 gratia,
590 2213 648 2240 Rex
668 2213 789 2240 Franciae
810 2210 848 2245 &
871 2211 1001 2249 Angliae,
1021 2212 1054 2243 ὃς
1079 2211 1226 2244 DomInus

261 2249 430 2287 Hiberniae,
447 2250 597 2286 omnibus,
614 2249 649 2278 ad
664 2258 736 2286 quos
749 2249 893 2286 praesentes
914 2250 1017 2280 Literae
1031 2253 1226 2290 pervenerint,

167 2287 294 2319 Salutem
305 2290 338 2320 &
356 2287 444 2318 fidem
460 2287 605 2318 indubiam
620 2287 754 2317 adhibere
769 2287 956 2324 praesentibus.

206 2325 287 2357 Cum
297 2350 310 2365 ,
327 2326 437 2357 illustris
452 2326 606 2365 Princeps,
624 2324 783 2362 Dauphinus
802 2326 834 2355 de
849 2329 877 2356 V
878 2326 976 2363 iennd,
995 2326 1227 2367 Consanguineus

168 2365 279 2403 noster,
298 2367 330 2396 &
345 2364 515 2404 Adversarii
526 2364 606 2405 nostri
620 2367 741 2393 Franciae
755 2363 854 2401 Filius,
873 2365 905 2395 δε
921 2364 1038 2402 Regens
1054 2366 1180 2397 Franciae
1196 2376 1226 2398 ut

169 2404 290 2442 dicitur,
310 2414 398 2441 nuper
422 2403 613 2433 desideraverit
634 2402 770 2432 Tractare
790 2403 823 2433 &
847 2402 1071 2434 Communicare
1090 2406 1143 2435 una
1159 2406 1229 2436 No-

171 2442 298 2479 biscum,
314 2442 358 2472 seu
376 2441 477 2471 nostris
493 2440 719 2478 Commiffiriis,
738 2451 808 2478 quos
825 2441 909 2481 adid
930 2442 1096 2472 duceremus
1122 2445 1228 2481 eligen-

168 2479 239 2518 dos,
259 2490 290 2511 ea
309 2490 373 2518 quae
386 2480 491 2511 Pacem
509 2488 670 2518 perpetuam
688 2479 721 2509 &
738 2478 983 2517 Tranquillitatem
1000 2481 1139 2519 utriusque
1149 2483 1228 2522 Reg-

167 2519 198 2548 ni
224 2518 336 2556 possunt
358 2528 549 2557 concernere,
566 2525 650 2556 prout
673 2526 706 2547 ex
726 2517 840 2548 suorum
864 2518 1041 2556 quorundam
1067 2522 1227 2559 accepimus

167 2556 318 2587 Relatione
332 2557 414 2587 nobis
432 2556 523 2595 faeta,

203 2595 342 2634 Nosque,

205 2632 258 2663 Ob
274 2634 474 2664 Reverentiam
492 2633 565 2671 Dei,
584 2634 632 2671 qui
645 2633 679 2663 ad
695 2633 801 2664 Pacem
824 2633 989 2665 firmandam
1013 2634 1122 2666 Bellum
1144 2636 1227 2676 spon-

166 2679 261 2702 taneus
282 2673 359 2709 iniit,
377 2672 410 2702 ad
434 2672 606 2703 Evitandum
630 2672 776 2710 Sanguinis
790 2671 943 2704 Christiani
958 2671 1126 2704 effusionem
1137 2697 1146 2712 ,
1163 2676 1226 2706 alia-

167 2720 225 2747 que
242 2710 376 2748 Dampna
390 2711 572 2748 irreparabilia
585 2721 649 2749 quae
664 2710 731 2740 dirae
744 2710 918 2741 Guerrarum
935 2710 1089 2750 Voragines
1104 2712 1226 2745 deduxe-

167 2757 248 2787 runt,
275 2750 308 2780 ὃς
329 2748 471 2779 deducent
493 2749 674 2779 verisimiliter
698 2750 726 2778 in
753 2749 878 2779 futurum
902 2749 920 2779 fi
945 2749 1120 2780 Remedium
1142 2753 1170 2781 in
1195 2763 1227 2783 ea

166 2796 245 2824 parte
265 2796 425 2826 congruum
449 2787 602 2817 nullatenus
621 2795 797 2825 apponatur,
814 2789 847 2818 ὃς
867 2787 901 2818 ad
927 2787 1013 2818 finem
1037 2789 1115 2827 quod
1139 2790 1224 2830 Nos,

166 2834 296 2863 tempore
310 2825 427 2863 nostrO,
446 2825 547 2856 nostris
557 2825 681 2856 Subditis
696 2825 800 2856 Pacem
813 2836 1014 2864 praeparemus,

203 2864 251 2895 Ad
267 2863 480 2900 Traetandum,
498 2862 803 2901 Communicandum,
822 2865 855 2895 &
876 2864 1095 2896 Procedendutn
1132 2866 1168 2896 de
1192 2868 1224 2898 &

166 2901 244 2939 super
264 2902 421 2940 hujusmodi
444 2901 519 2932 Pace
540 2901 689 2939 perpetus,
709 2911 776 2931 cum
795 2901 1063 2942 Ambasliatoribus,
1082 2889 1224 2944 blunciis,

166 2940 201 2969 &
219 2939 425 2971 Commislariis
448 2941 513 2970 dieii
534 2939 688 2978 Dauphini,
703 2938 762 2974 &cy
776 2947 857 2977 prout
874 2940 960 2979 supra
981 2945 1053 2972 Dat.
1076 2945 1151 2981 apud
1172 2948 1225 2974 ca-

159 2977 249 3016 strum
261 2978 416 3018 Rothomag.
432 2979 473 3010 die
488 2988 537 3010 21.
552 2979 704 3018 Januarii3
726 2984 790 3007 tunc
798 2978 854 3018 fic,

204 3058 365 3096 Omnibus,
382 3058 416 3089 ad
440 3070 510 3097 quos
535 3059 678 3098 praesentes
700 3059 804 3089 Literae
829 3060 1023 3098 pervenerint,
1048 3060 1171 3092 Salutem
1190 3064 1224 3094 ὃς

166 3095 253 3127 fidem
271 3097 414 3127 indubiam
430 3097 612 3129 Praesentibus
624 3098 764 3129 adhibere-

204 3135 251 3166 Ad
266 3135 464 3166 Universitatis
478 3136 577 3167 vestrae
591 3137 738 3168 Notitiam
756 3135 858 3166 deduci
873 3136 1004 3166 volumus
1027 3147 1076 3174 per
1100 3137 1223 3169 Praesen-

165 3181 206 3204 tes
221 3174 300 3209 quod
313 3173 412 3204 Nobis
428 3175 461 3204 ὃ(
479 3173 727 3205 Ambaffiatoribus
743 3175 888 3205 antedictis
899 3198 908 3212 ,
923 3175 958 3205 de
972 3177 1005 3207 &
1024 3176 1103 3212 super
1127 3176 1222 3207 Mate-

165 3213 210 3242 riis
224 3212 320 3250 Pacis,
338 3213 409 3242 inter
424 3211 496 3242 Duo
509 3211 610 3251 Regna
634 3212 766 3251 praedi&a
787 3212 943 3252 faciendae,
961 3214 1160 3253 metantibus,
1179 3217 1223 3247 vi-

164 3251 276 3282 debitur
290 3250 453 3289 expediens,

200 3290 247 3319 Ad
261 3289 398 3319 effeeium
414 3298 443 3319 ut
460 3298 496 3318 eo
508 3288 620 3318 liberius
633 3288 667 3319 &
681 3289 833 3320 comoditis
854 3289 948 3320 Amor
975 3299 1106 3328 mutuus,
1122 3293 1156 3322 &
1178 3292 1219 3322 A-

162 3328 287 3366 micitia,
304 3337 388 3366 atque
404 3326 589 3357 Conversatio
605 3335 697 3364 grata,
715 3329 785 3357 inter
799 3336 885 3364 partes
901 3329 1063 3366 praediCtas,
1079 3332 1112 3360 &
1125 3340 1218 3361 earum

160 3366 295 3397 Subditos
306 3389 315 3404 ‚
332 3366 473 3396 introduci
496 3365 529 3395 &
553 3365 668 3401 nutriri,
685 3375 719 3396 ac
741 3365 865 3396 firmiora
887 3365 968 3397 Pacis
982 3367 1101 3398 Foedera
1115 3369 1219 3399 confir-

162 3406 232 3435 mari
242 3427 251 3443 ,
269 3404 460 3442 nonnullaque
475 3403 558 3433 ardua
573 3413 621 3440 per
634 3403 703 3433 Nos
719 3404 889 3441 praelocuta,
908 3414 972 3442 quae
986 3405 1050 3435 alias
1065 3406 1121 3437 fine
1143 3406 1218 3438 diffi-

164 3444 264 3474 cultate
279 3444 423 3474 terminari
436 3453 495 3472 non
511 3441 622 3481 possent
656 3442 773 3472 faelicius
790 3443 914 3479 poterint
927 3442 1062 3481 diffiniri,

199 3482 290 3519 Quod
309 3482 415 3520 praefati
439 3479 608 3511 illustrissimi
629 3464 776 3516 Principes
791 3503 801 3522 ,
834 3483 964 3510 Dominus
995 3481 1080 3521 noster
1098 3486 1159 3512 Rex
1181 3484 1214 3515 ὃς

161 3522 292 3550 Dominus
313 3519 477 3559 Delphinus,
497 3518 685 3555 Colloquium
701 3519 772 3548 inter
785 3522 812 3548 {e
827 3519 947 3550 habeant
963 3521 1146 3558 personaliter.

196 3558 278 3590 Hinc
304 3559 346 3589 est
367 3559 444 3598 quod
466 3559 537 3588 inter
559 3556 627 3586 Nos
643 3579 652 3594 ,
675 3556 891 3587 Ambaffiatores
914 3558 946 3588 δε
969 3557 1186 3590 Commissarios
1204 3583 1214 3599 ,

159 3597 371 3628 communicata
384 3597 600 3631 deliberatione,
618 3595 706 3625 extitit
720 3594 936 3625 Concordatum
954 3596 1031 3634 quod
1045 3597 1130 3627 iidem
1151 3598 1214 3629 illu-

161 3634 283 3665 striffimi
302 3635 446 3674 Principes
463 3636 491 3664 in
513 3635 559 3664 die
582 3633 758 3670 Dominica,
776 3632 832 3670 qua
849 3642 975 3664 cantatur
988 3634 1129 3666 Officium
1148 3639 1214 3665 Lae-

158 3679 218 3702 tare
236 3673 391 3713 Jerufhlem
407 3675 484 3713 (quae
498 3674 549 3704 erit
562 3670 684 3713 vicefimd
693 3671 780 3711 sexta
793 3671 834 3700 die
849 3671 950 3712 Menfis
970 3676 1072 3702 Martii
1087 3674 1210 3711 proximo

150 3709 264 3749 futura)
288 3713 318 3742 in
340 3714 433 3751 aliquo
453 3720 533 3743 certo
559 3711 661 3747 Loco,
680 3711 750 3740 inter
772 3708 924 3740 Civitatem
949 3710 1150 3742 Ebroiceniem
1177 3714 1210 3743 ὃς

164 3748 265 3779 Villam
283 3750 320 3780 de
340 3749 464 3788 Drosio,
480 3750 514 3781 ad
536 3750 594 3779 hoc
615 3748 792 3785 commodo,
810 3757 858 3784 per
871 3747 1038 3779 Concilium
1053 3750 1208 3781 eorundem

157 3786 324 3824 Principum
337 3791 438 3819 mutuo
457 3788 602 3828 eligendO,
621 3787 795 3824 personaliter
808 3788 963 3816 convenire
982 3787 1101 3825 debent,
1121 3788 1156 3819 de
1177 3791 1209 3820 δε

158 3825 238 3863 super
263 3824 383 3856 Materia
401 3827 482 3857 Pacis
505 3827 608 3864 finalis,
623 3827 655 3857 &
679 3826 751 3863 aliis,
768 3825 819 3854 sibi
843 3825 1001 3862 placabilius
1021 3826 1114 3856 divina
1129 3827 1211 3864 inspi-

156 3872 234 3893 rante
247 3862 428 3901 Clementffi„
445 3865 627 3896 amicabiliter
638 3864 796 3900 transsaturi,
814 3862 979 3901 ulteriusque
994 3863 1094 3894 facturi
1110 3866 1143 3896 ὃς
1155 3866 1211 3896 dis-

156 3901 273 3940 posituri
292 3901 368 3939 quod
382 3902 484 3932 eisdem
496 3904 636 3933 videbitur
650 3910 839 3939 oportunum:
1146 3930 1148 3933 .

198 3939 363 3977 Qiodque,
380 3940 409 3968 in
417 3939 535 3979 fitandei
549 3940 691 3971 Dominica‘
707 3938 927 3980 Qaadragesimae
946 3940 1021 3978 (quae
1035 3940 1085 3970 erit
1099 3943 1209 3972 Duode-

109 3998 114 4008 ι
157 3978 226 4007 sima*
246 3978 287 4007 die
309 3977 422 4017 ejusdem
446 3981 516 4008 Men*
524 3989 546 4007 15
569 3982 672 4008 Martii
692 3980 826 4016 proximi>
849 3977 952 4015 fultura)
972 3979 1210 4020 Ambaffiatores,

156 4016 286 4053 Nuncii‚
301 4016 357 4047 sive
371 4014 494 4054 Commi
507 4017 566 4049 rarii
581 4017 720 4056 utriusque
735 4017 839 4055 Partis,

181 4057 254 4087 Tam.
269 4057 316 4086 IV.
336 4056 368 4084 Ρ.
388 4056 447 4085 ΙΙΙ.

1323 127 1796 173 PUBLICA.
2275 151 2324 189 91

1303 211 1445 257 Potestate
1465 213 1612 245 sufficienti
1635 225 1668 246 ac
1686 217 1713 246 in
1738 216 1877 257 Materiis,
1897 219 1966 250 inter
1983 219 2097 252 eosdem
2122 219 2264 261 Principes
2288 227 2315 255 in
2330 223 2406 254 Anii.
2423 223 2463 254 D.
2515 219 2517 221 ’

1264 249 1314 286 fixa
1328 254 1507 281 Conventione
1521 255 1684 292 tractandis,
1702 254 1735 285 ad
1754 257 1868 293 plenum
1885 257 2031 297 instrudfi,
2361 272 2446 300 1419·

1304 288 1520 320 Ambaffiatores
1543 291 1697 328 (videlicet)
1721 294 1777 324 sive
1801 293 2017 334 Commissarii,
2042 308 2096 336 pro
2112 307 2190 335 parte
2208 301 2318 330 Domini
2332 305 2393 328 Hm.
2413 311 2441 335 5·

1266 326 1347 363 nostri
1363 330 1456 365 Regis,
1474 330 1502 357 in
1516 327 1592 359 dieta
1608 329 1730 361 Civitate
1743 331 1920 371 Ebroicensi,

1265 400 1283 430 d
1302 365 1518 432 Assnbaisiatores
1533 376 1648 405 quoque
1661 368 1718 399 sive
1731 369 1844 401 Nuncii
1855 372 1924 402 dicsti
1942 373 2070 411 Dolphini
2082 375 2110 404 in
2125 375 2239 412 praefata
2247 376 2320 408 Villa

1286 411 1301 430 e
1353 413 1385 432 ro
1398 414 1444 440 io,

1304 439 1485 472 Personaliter
1498 442 1589 473 adesse
1601 443 1723 483 debent,

1281 515 1284 519 ¹
1301 477 1339 521 Et
1353 480 1568 523 consequenter,
1588 485 1733 519 quamcito
1748 482 1868 522 poffint,
1889 485 1916 515 in
1931 487 2024 525 aliquo
2041 488 2122 527 loco,
2140 499 2190 529 per
2204 490 2319 522 eosdem

1267 514 1432 558 limitando,
1450 519 1609 550 adinvicem
1631 523 1802 560 convenire,
1820 523 1980 562 ibidemque
2004 526 2154 565 TraCtare,
2171 528 2319 560 Commu—

1267 563 1381 597 nicare,
1402 557 1435 587 ὃς
1455 556 1537 593 (Deo
1550 559 1684 596 propitio)
1703 558 1889 591 Concordare
1901 562 1936 592 de
1963 564 2046 594 Loco
2068 566 2179 604 medio,
2199 577 2265 605 apto
2284 570 2318 598 &

1267 592 1415 637 disposito,
1433 596 1506 625 inter
1524 595 1609 626 dietas
1624 596 1779 628 Civitatem
1797 598 1997 630 Ebroicensem
2009 602 2041 632 ὃς
2059 602 2162 633 Villam
2180 605 2215 636 de
2236 605 2318 637 Dro—

1267 629 1309 675 siq
1318 653 1327 668 ,
1346 641 1374 674 in
1390 642 1448 669 quo
1464 634 1568 670 praefati
1583 634 1726 672 Principes
1742 638 1897 666 convenire
1911 638 2014 669 debent
2024 663 2033 677 ,
2051 642 2196 680 modoque
2212 645 2243 674 &
2257 645 2319 674 for*

1267 677 1314 697 ma
1337 670 1457 712 ejusdem
1480 676 1689 709 Conventionis,
1711 684 1742 704 ac
1759 674 1957 706 Securitatibus
1978 687 2030 714 pro
2046 679 2142 709 eadem
2159 685 2317 721 oportunis,

1267 706 1433 750 ulteriusque
1453 709 1487 738 de
1512 710 1544 739 ὃς
1565 711 1646 752 ἱίὶψεῑ
1672 711 1813 750 Materiis,
1832 713 1950 743 eandem
1973 719 2183 747 conventionem
2199 730 2318 751 concer-

1267 746 1414 788 nentibus,
1433 748 1466 777 ὃς
1482 749 1623 784 potillime
1641 759 1753 787 propter
1768 761 1834 787 quas
1848 752 1903 788 ipsa
1925 756 2073 783 Conventi'o
2094 755 2158 793 siet,
2176 767 2244 787 cum
2267 760 2319 789 suis

1267 783 1473 826 incidentibus,
1491 789 1712 824 emergentibus,
1727 788 1965 827 dependentibus,
1979 792 2011 821 &
2024 795 2175 831 connexis,
2185 795 2320 827 effefflm-

1266 820 1327 850 liter
1349 823 1510 860 tratftaturi,
1528 824 1650 862 ipsasque
1676 828 1874 863 examinaturi,
1895 831 2071 867 maturaturi,
2090 832 2141 868 ὃς,
2160 832 2193 862 ad
2208 834 2320 864 uberio-

1266 868 1325 902 rem
1341 860 1465 891 fruetum
1479 862 1560 899 ipsius
1572 867 1778 902 conventionis,
1797 866 1829 896 ὃς
1849 865 2004 897 feliciorem
2027 877 2160 899 eventum
2182 871 2302 908 ejusdem

1266 906 1294 926 in
1307 899 1439 930 omnibus
1452 899 1613 938 disposituri.
2309 896 2319 911 ’

1303 936 1322 955 ²³¹²
1342 936 1506 980 Transmitti
1521 941 1604 969 etiam
1620 940 1743 979 debent,
1762 952 1810 979 per
1827 951 1932 979 partem
1949 942 2019 973 dieti
2036 944 2157 975 Domini
2173 947 2318 988 Dolphini,
2334 945 2353 965 ²*
2375 947 2425 975 IX-

1267 973 1401 1018 Nomina
1416 977 1448 1007 &
1462 976 1551 1008 Status
1567 978 1824 1017 Ambassiatorum‚
1844 980 1878 1010 N
1882 981 2049 1019 unciorum,
2068 984 2123 1014 sive
2144 984 2318 1017 Commisla-
2335 986 2399 1012 638-

1267 1022 1375 1056 riorum
1393 1015 1521 1053 suorum,
1538 1018 1585 1053 qui
1600 1018 1632 1047 ad
1646 1017 1751 1048 dietam
1777 1019 1903 1048 eamdam
1915 1022 2083 1050 Dominicam
2099 1022 2318 1064 Qadragefimae

1267 1061 1362 1096 venire
1384 1052 1504 1091 debent,
1530 1055 1563 1084 ad
1586 1055 1722 1086 Ballivum
1776 1058 1875 1087 ivitatis
1898 1057 2076 1090 Ebroicenlis
2100 1063 2168 1092 citra
2192 1061 2319 1094 Primam

1267 1088 1454 1121 Dominicam
1472 1093 1713 1132 Qadragefimae‚
1732 1095 1777 1125 vel
1790 1097 1819 1125 in
1833 1095 1883 1133 ea,
1899 1096 1933 1126 ad
1947 1097 2081 1127 effedmm
2095 1100 2171 1137 quod
2188 1103 2320 1132 Dominus

1267 1128 1353 1171 noster
1376 1131 1436 1158 Rex
1459 1129 1485 1160 se
1503 1131 1584 1168 possit
1601 1133 1631 1162 in
1644 1133 1722 1163 Statu
1737 1134 1770 1164 ὃς
1787 1133 1820 1163 N
1824 1144 1938 1172 umere,
1954 1145 2039 1174 prout
2051 1136 2100 1166 fibi
2117 1138 2255 1169 videbitur
2270 1150 2319 1170 ex-

1266 1166 1397 1204 pediens,
1415 1169 1603 1199 conformare.

1303 1203 1499 1236 promittimus
1522 1208 1603 1245 igitur
1627 1208 1712 1246 Nos,
1740 1212 1890 1248 Henricus,
1914 1213 2064 1250 Henricus,
2090 1214 2245 1254 Walterus,
2261 1217 2318 1255 Jo—

1266 1240 1384 1285 hannes,
1405 1244 1585 1282 Willielmus,
1601 1247 1634 1276 &
1652 1248 1799 1284 Ricardus,
1818 1247 1890 1278 Vice
1911 1250 1943 1279 ὅς
1969 1250 2100 1281 Nomine
2118 1252 2240 1284 Domini
2263 1265 2317 1285 no-

1266 1279 1313 1311 stri
1331 1281 1417 1321 Regis
1429 1283 1554 1319 praedidti
1563 1306 1572 1321 ,
1588 1284 1744 1314 secundum
1759 1295 1878 1316 omnem
1893 1288 1968 1324 vini,
1983 1289 2122 1328 formam,
2136 1293 2168 1322 ὅ(
2178 1292 2318 1323 effeetum

1267 1317 1414 1350 Potestatis
1426 1322 1568 1357 praedictae
1584 1322 1666 1352 nobis
1684 1324 1839 1361 attributae,
1860 1326 1935 1361 quod
1954 1326 2029 1356 idem
2056 1328 2198 1360 Dominus
2222 1331 2317 1362 noster

1268 1355 1351 1399 ReX,
1367 1359 1495 1399 Vicefima*
1502 1360 1587 1399 beta‘
1604 1361 1647 1390 die
1660 1364 1780 1399 Martii,
1799 1363 1828 1390 in
1844 1362 1928 1392 Loco
1955 1365 2092 1400 praedicto
2112 1369 2317 1400 concordando

1266 1404 1337 1425 inter
1352 1395 1508 1428 Civitatem
1524 1398 1727 1430 Ebroicensem
1740 1402 1772 1430 δε
1789 1398 1891 1429 Villam
1906 1401 1942 1430 de
1959 1402 2179 1441 Droiio,divina
2193 1418 2318 1444 annuen-

1269 1442 1296 1463 te
1320 1433 1497 1475 Clementia,
1516 1438 1632 1475 praesens
1651 1439 1720 1476 erit,
1738 1438 1772 1468 ad
1795 1437 1982 1476 Colloquium
2001 1441 2158 1479 hujusmodi
2177 1446 2320 1482 personale

1267 1480 1388 1511 paratus,

1305 1510 1522 1544 Ambaffiatores
1533 1538 1542 1549 ,
1553 1515 1586 1545 ὃς
1601 1513 1755 1552 Nuncios,
1775 1513 1832 1544 sive
1849 1513 2064 1547 Commissarios
2079 1518 2156 1557 suos,
2173 1520 2320 1553 sufficienti

1266 1548 1408 1582 Potestate
1424 1552 1548 1589 fullitos,
1566 1554 1599 1583 ὃς
1615 1552 1648 1582 ad
1664 1553 1779 1592 plenum
1798 1553 1967 1590 instructos,
1986 1554 2020 1584 ad
2040 1555 2195 1587 Civitatem
2220 1559 2321 1591 Ebroi-

1266 1588 1377 1618 censem
1388 1614 1396 1627 ,
1412 1589 1491 1620 dicio
1504 1593 1663 1620 Duodecimo
1679 1595 1733 1620 Die
1750 1593 1869 1629 Martii,
1886 1591 1998 1622 habebit
2017 1603 2138 1633 paratos,

1304 1626 1424 1665 Aliaque
1447 1629 1528 1669 faciet
1555 1631 1588 1660 St
1614 1629 1788 1667 complebit,
1817 1640 1869 1666 pro
1895 1639 1969 1667 parte
1991 1632 2055 1671 sua,
2075 1643 2138 1671 quae
2164 1643 2257 1666 natura
2285 1637 2319 1668 &

1267 1665 1379 1702 qualitas
1392 1667 1472 1706 ipsius
1485 1667 1609 1704 Negotii
1627 1669 1741 1705 exigunt
1758 1669 1790 1699 ὅς
1811 1669 1969 1706 requirunt,

1303 1703 1447 1745 Dabitque
1466 1706 1570 1736 Literas
1587 1706 1645 1737 suas
1664 1705 1894 1737 Confirmatorias
1904 1707 1939 1736 de
1955 1709 1988 1738 ὃ(
2003 1706 2082 1745 super
2095 1711 2230 1740 omnibus
2241 1711 2318 1742 Prae-

1266 1741 1370 1780 millis,
1389 1745 1421 1774 &
1441 1744 1549 1774 easdem
1568 1744 1641 1775 Parti
1660 1744 1728 1774 diffi
1747 1743 1869 1774 Domini
1888 1744 2044 1783 Delphini,
2061 1748 2155 1777 Prin-:A
2176 1750 2318 1781 Dominicisn

1264 1780 1485 1823 Qeadragefimae
1494 1783 1619 1820 proximi)
1628 1782 1751 1823 futuri,
1770 1784 1798 1813 in
1817 1782 1941 1814 Ecclesia
1957 1784 2116 1816 Cathcdrali
2133 1786 2320 1828 Ebroicensi,

1263 1820 1373 1849 liberari
1393 1821 1490 1859 faciet,

1303 1856 1386 1887 Dum
1412 1868 1506 1889 tamen
1531 1859 1597 1890 Pars
1619 1859 1739 1897 ejusdem
1768 1862 1879 1889 Domini
1890 1860 2022 1899 Dolphini
2035 1862 2193 1893 consimiles
2212 1864 2318 1896 Literas

1265 1894 1340 1926 Parti
1358 1896 1480 1928 Domini
1497 1898 1581 1928 nostri
1598 1898 1684 1937 Regis
1700 1898 1807 1927 ibidem
1828 1898 1985 1938 tradiderit,
2004 1901 2074 1929 inter
2093 1911 2210 1940 caetera,
2226 1908 2319 1934 conti-

1263 1942 1361 1964 nentes
1387 1936 1465 1974 quod
1490 1937 1565 1966 idem
1597 1939 1723 1966 Dominus
1742 1936 1909 1975 Dolphinus,
1927 1938 1960 1968 ad
1978 1938 2180 1970 observandum
2200 1942 2297 1971 eadem
2309 1967 2319 1979 ,

1262 1972 1383 2010 superius
1408 1974 1590 2005 concordata
1607 1997 1616 2013 ,
1643 1974 1926 2006 tactissacrosanffis
1952 1976 2134 2016 Evangeliis,
2170 1981 2318 2017 corporale

1263 2011 1391 2048 praesti'tit
1405 2013 1615 2050 Juranientum.
2348 2049 2354 2052 .

1301 2048 1479 2088 inquorum
1497 2053 1631 2082 omnium
1646 2052 1679 2082 &
1695 2051 1865 2089 singulorum
1887 2052 2100 2084 Testimonium
2114 2062 2196 2091 atque
2213 2055 2317 2087 Fidem
2333 2060 2335 2062 '
2372 2078 2377 2082 -

1264 2087 1350 2124 Nos,
1375 2092 1524 2128 Hem-icus,
1548 2093 1695 2127 Henricus,
1720 2090 1872 2128 Wlterus,
1893 2091 2058 2130 Johannes,
2083 2092 2261 2132 Lb'illi22lniiaes,
2280 2092 2315 2126 δὲ
2362 2094 2378 2103 '⁸
2398 2107 2404 2111 ·
2437 2093 2440 2097 ’

1262 2127 1412 2195 picardus,
1431 2128 1627 2170 Commissarii
1641 2128 1774 2159 antedicffi
1785 2151 1794 2167 ,
1810 2128 1903 2168 Sigilla
1925 2129 2028 2160 nostrae
2039 2130 2216 2170 praesentibus
2228 2143 2317 2172 appo-v

1275 2175 1374 2195 nimus.

1301 2242 1374 2273 Data
1389 2244 1417 2274 in
1435 2243 1551 2284 Ecclesia
1564 2243 1746 2275 conventuali
1767 2248 1895 2275 Fratrum
1912 2246 2121 2277 Praedicatorum
2144 2248 2323 2288 Rothomagi',

1262 2281 1438 2312 duodecimo
1453 2283 1497 2312 die
1514 2282 1623 2313 Mensis
1636 2283 1794 2321 Februarii,
1814 2284 1900 2314 A-nno
1916 2284 2040 2314 Domini
2053 2285 2226 2324 MillesimO,
2239 2288 2320 2324 Qua-'

1261 2320 1479 2359 dringentefimo
1494 2345 1503 2358 ,
1530 2320 1657 2351 Decimo
1679 2321 1807 2360 ofitavo,
1833 2322 1866 2352 &
1890 2322 1986 2360 Regni
2010 2324 2116 2361 praefati
2141 2324 2318 2357 Illustriffimi

1264 2358 1389 2389 Domini
1404 2358 1493 2389 nostri
1510 2359 1597 2399 Regis
1614 2359 1709 2390 Sexto.

1437 2504 1485 2536 De
1501 2503 1593 2535 Salvo
1615 2499 1766 2534 Condufflu
1783 2512 1838 2547 pro
1854 2504 1940 2534 Duce
1957 2504 2126 2536 Britannice.

1263 2596 1379 2656 REX
1390 2620 1399 2634 ,
1414 2596 1546 2627 universis
1564 2597 1598 2627 ὃς
1617 2595 1726 2635 singulis
1739 2595 1863 2635 Alligatis
1879 2595 1999 2633 nostris,
2016 2594 2194 2634 Capitaneis,
2213 2596 2321 2628 Castel-
2344 2595 2470 2627 Ann.D.

1335 2635 1418 2673 lanis,
1439 2635 1472 2666 δι’,
1494 2645 1596 2665 eorum
1621 2634 1702 2664 Loca
1721 2636 1896 2672 tenentibus,
1913 2645 1946 2664 ac
1965 2634 2023 2664 aliis
2042 2633 2212 2673 Officiariis,
2229 2635 2321 2666 Mini-
2362 2644 2448 2674 1419.

1264 2673 1341 2710 stris,
1359 2674 1469 2712 Ligeis,
1495 2673 1650 2710 Fidelibus,
1676 2674 1709 2703 ὃς
1736 2673 1858 2703 Subditis
1876 2671 1994 2711 nostris,
2019 2672 2053 2702 ad
2078 2683 2150 2711 quos
2172 2674 2319 2711 praesentes
2341 2679 2391 2703 An.
2410 2676 2438 2701 6.

1262 2711 1368 2743 Literae
1386 2713 1580 2750 pervenerint,
1595 2711 1729 2742 Salutem.
2340 2717 2376 2740 H.
2396 2723 2424 2748 5.

1298 2750 1394 2781 Sciatis
1414 2750 1491 2788 quod
1503 2774 1512 2789 ,
2336 2751 2402 2779 lbid.

1300 2788 1397 2826 Cum,
1416 2789 1650 2826 Consanguineus
1667 2787 1778 2825 noster,
1796 2787 1942 2826 Johannes
1958 2790 2026 2816 Dtix
2052 2790 2208 2818 Britannice
2232 2789 2318 2829 usque
2337 2800 2373 2818 m.
2390 2790 2432 2826 36.

1261 2826 1294 2857 ad
1311 2827 1491 2858 Praesentiam
1507 2827 1649 2863 nostram,
1669 2836 1720 2863 pto
1737 2829 1818 2857 certis
1834 2825 1928 2856 Cauiis
1941 2826 1973 2855 ὃς
1989 2825 2130 2868 Materiis,
2149 2828 2238 2864 ipsum
2254 2839 2319 2859 mo·-

1263 2867 1409 2905 ventibus,
1424 2867 1457 2897 &
1484 2865 1580 2896 Nobis
1604 2867 1631 2894 in
1647 2866 1780 2895 Adventu
1794 2865 1843 2894 suo
1860 2863 2045 2901 declarandis,
2064 2865 2197 2896 accedere
2211 2866 2318 2898 deside-

1262 2913 1319 2942 ret,
1338 2914 1368 2935 ut
1383 2905 1562 2942 accepimuS,

1298 2943 1366 2973 Nos
1376 2966 1385 2982 ,
1403 2944 1435 2973 ea
1449 2943 1670 2973 consideratione
1681 2964 1690 2978 ,
1708 2940 1872 2977 suscepimus
1886 2939 1974 2977 ipsum
1988 2939 2122 2983 Ducem,
2143 2943 2229 2979 usque
2241 2943 2320 2973 Prae-

1259 2981 1374 3012 sentiam
1397 2980 1518 3011 nostram
1539 2980 1718 3018 praedit-stam,
1744 2988 1810 3008 cum
1835 2978 1977 3008 Gentibus
2002 2978 2075 3015 suis,
2103 2979 2152 3009 sub
2180 2980 2317 3013 Numero

1262 3020 1491 3058 Qiingentarum
1514 3018 1715 3054 Personarum,
1744 3019 1772 3047 iii
1801 3016 1944 3046 Comitiva
1968 3017 2012 3046 sua
2029 3040 2038 3053 ,
2066 3016 2245 3055 Equestrium
2272 3021 2317 3050 vel

1262 3058 1455 3096 Pedestrium,
1479 3067 1547 3087 cum
1570 3066 1669 3087 eorum
1687 3055 1791 3093 Equis,
1809 3056 1904 3092 Auro,
1924 3055 2245 3095 Argento,Jocalibt1S,
2266 3058 2317 3088 Li-

1261 3097 1334 3134 bris,
1356 3096 1456 3126 Literis
1466 3119 1474 3133 ,
1493 3097 1526 3126 &
1539 3095 1595 3124 aliis
1609 3094 1694 3124 Bonis
1711 3094 1761 3124 suis
1775 3093 2014 3130 quibuscumque,
2035 3094 2194 3131 veniendo,
2209 3095 2316 3127 ibidem

1261 3135 1401 3165 morando
1425 3136 1457 3164 ὃς
1482 3132 1730 3170 perhendinando,
1748 3131 1779 3162 &
1801 3132 1903 3161 abinde
1930 3131 2004 3162 salvo
2029 3132 2192 3169 redeundo,
2213 3134 2315 3171 absque

1259 3173 1399 3211 Dampno
1423 3173 1461 3202 eis
1483 3182 1532 3209 per
1554 3171 1638 3208 Nos,
1659 3170 1786 3207 Gentes,
1803 3170 1848 3200 vel
1870 3169 2005 3208 Alligatos
2029 3169 2140 3200 nostros
2164 3171 2315 3212 faciendo,

1258 3212 1303 3241 vel
1320 3211 1376 3243 fieri
1394 3211 1544 3248 patiendo,
1563 3211 1595 3240 ὃς
1612 3209 1713 3246 absque
1729 3208 1911 3247 impetitione
1927 3208 2017 3238 danda
2032 3209 2060 3237 in
2071 3207 2247 3246 Corporibus
2257 3211 2313 3242 sive

1259 3250 1345 3280 Bonis
1356 3273 1365 3287 ,
1381 3259 1561 3287 quacumque
1576 3249 1612 3278 de
1627 3247 1716 3277 Causa
1726 3270 1735 3284 ,
1756 3247 1800 3276 vel
1827 3246 1989 3276 Occasione
2008 3248 2141 3283 temporis
2164 3250 2292 3283 praeteriti
2302 3273 2313 3288 ‚

1257 3289 1407 3319 occasione
1420 3288 1620 3323 Treugarum,
1636 3286 1681 3316 vel
1696 3283 1917 3315 Promiffioiium
1936 3285 2014 3327 (quas
2025 3283 2130 3315 Homo
2147 3285 2241 3317 dicere
2254 3288 2314 3318 vel-

1257 3328 1295 3358 let
1310 3327 1410 3357 &adias
1422 3326 1509 3361 fuisie)
1530 3326 1575 3355 vel
1591 3325 1668 3355 aliter
1683 3324 1925 3390 qualitercumsse
1939 3324 2021 3352 suerit
2032 3346 2041 3359 ,
2057 3322 2101 3353 seu
2116 3333 2168 3361 pro
2185 3335 2313 3362 quacun-

1256 3376 1312 3403 que
1327 3365 1374 3395 Re
1391 3374 1453 3402 quae
1469 3364 1598 3394 accidere
1613 3362 1720 3400 potest,
1738 3361 1854 3392 durante
1909 3362 1979 3399 iagio
2001 3371 2050 3398 per
2076 3362 2220 3399 praefatum
2245 3364 2312 3395 Du-

1255 3414 1321 3434 cem
1334 3403 1483 3441 faciendo,
1502 3404 1530 3432 in
1547 3402 1651 3432 salvum
1667 3402 1699 3431 ὅ(
1716 3400 1844 3430 securum
1864 3398 2051 3429 Conductum
2066 3399 2215 3438 nostrum,
2235 3412 2266 3432 ac
2281 3403 2312 3432 in

1254 3442 1487 3478 Proteffionem,
1504 3440 1691 3476 Tuitionem,
1710 3439 1742 3469 &
1764 3438 1966 3468 Defensionem
1986 3437 2091 3480 nostras
2113 3438 2257 3477 speciales,
2277 3442 2311 3471 &

1253 3482 1309 3519 eis,
1325 3480 1443 3510 Tenore
1459 3479 1661 3515 Praesentium,
1677 3476 1752 3507 bona
1767 3476 1820 3506 fide
1835 3477 1867 3507 δε
1878 3476 1968 3506 verbo
1993 3476 2088 3514 Regio
2099 3499 2108 3514 ,
2127 3476 2206 3507 fidele
2220 3488 2237 3507 ,ι
2258 3478 2310 3508 Se-

1252 3522 1397 3550 curitatem
1415 3518 1510 3548 damus
1521 3540 1530 3555 ,
1719 3553 1723 3558 ·
2164 3555 2169 3559 ¹
2241 3554 2245 3559 Ι

1288 3558 1430 3588 Volumus
1443 3557 1526 3586 etiam
1544 3556 1576 3585 ὃς
1594 3553 1789 3583 Concedimus
1803 3552 1881 3589 quod
1896 3552 2024 3582 Ducatus
2038 3553 2083 3583 seu
2098 3553 2184 3584 Patria
2203 3553 2307 3583 Britan-

1251 3597 1305 3626 niae
1316 3619 1325 3634 ,
1343 3598 1376 3626 &
1394 3595 1505 3624 Subditi
1520 3593 1599 3630 ipsius
1619 3592 1709 3621 Ducis
1719 3614 1728 3629 ,
1747 3593 1775 3620 in
1792 3590 2008 3629 diciierucatu
2023 3593 2055 3622 ὃς
2070 3592 2158 3621 Patria
2173 3601 2307 3621 commo-

1252 3643 1342 3664 rantes
1353 3656 1362 3671 ,
1382 3633 1499 3662 durante
1511 3632 1590 3660 dieto
1603 3629 1707 3665 Viagio
1725 3630 1758 3660 &
1773 3629 1847 3659 salvo
1865 3629 2037 3667 Cot-idutfitu,
2057 3630 2071 3658 a
2088 3629 2199 3667 Nobis,
2220 3629 2302 3659 Gen-

1250 3674 1324 3704 tibus
1336 3696 1344 3709 ,
1364 3672 1395 3702 ἃ
1410 3670 1550 3707 Subditis,
1565 3671 1597 3700 Sc
1616 3669 1737 3706 Alligatis
1757 3667 1856 3697 nostris
1881 3668 2103 3704 quibuscumque
2121 3667 2224 3703 securi,
2239 3668 2304 3697 abs-

1250 3721 1304 3749 que
1322 3710 1373 3740 ulla
1394 3708 1596 3739 Molestatione
1611 3706 1731 3736 Guerrae
1742 3728 1750 3743 ,
1766 3715 1961 3743 permaneant,
1976 3706 1994 3734 si
2020 3705 2160 3735 Guerram
2188 3706 2301 3736 interim

1249 3758 1348 3780 contra
1366 3757 1418 3777 nos
1434 3756 1479 3777 aut
1491 3745 1600 3776 nostros
1620 3755 1679 3774 non
1697 3745 1811 3774 fecerint
1830 3744 1872 3774 seu
1891 3745 2014 3779 inierint,

1286 3787 1323 3817 Et
1347 3787 1412 3816 ideo
1439 3795 1491 3815 vos
1515 3785 1649 3823 Alligatos
1669 3783 1778 3813 nostros
1796 3783 1943 3819 praedictos
1962 3781 2141 3822 Requirimus
2157 3781 2189 3810 &
2202 3781 2302 3820 Roga-

1250 3836 1312 3856 mus
1324 3850 1332 3861 ,
1350 3824 1486 3861 vobisque
1500 3822 1659 3860 Capit-aneis
1671 3844 1679 3858 ,
1695 3821 1874 3857 Castellanis,
1890 3818 2038 3860 vestrilque
2049 3818 2299 3858 Locatenentibus,

1248 3875 1280 3894 ac
1299 3864 1355 3894 aliis
1376 3862 1546 3897 officiariis,
1572 3859 1728 3895 Ministris,
1748 3859 1856 3895 Ligeis,
1874 3857 2025 3892 Fideiibus,
2042 3857 2074 3886 &
2097 3856 2218 3887 Subditis
2242 3868 2298 3889 no-

1260 3903 1308 3931 tris
1332 3901 1468 3938 praedietis
1490 3900 1673 3935 Praecipimus
1699 3899 1732 3928 ὃς
1757 3896 1940 3931 ῙκΙειηάαιῃυε,
1959 3893 2036 3930 quod
2056 3893 2145 3936 ipsum
2159 3895 2299 3939 Ducem,

1248 3941 1333 3977 usque
1352 3939 1527 3969 Praesentiam
1547 3936 1672 3967 nostram
1692 3935 1850 3972 praedictam
1863 3955 1871 3970 ,
1889 3942 1956 3962 cum
1975 3931 2116 3974 Gentibus
2127 3933 2196 3971 suis,
2215 3936 2229 3951 ⁴*
2247 3935 2296 3965 sub
2314 3934 2333 3953 ³¹²
2353 3937 2404 3963 lx„

1247 3980 1386 4009 Numero
1397 3977 1623 4015 Qiingcntarum
1637 3974 1818 4003 Personarum
1837 3972 1864 3999 in
1880 3969 2026 4013 Comitiva
2044 3970 2088 4000 sua
2098 3993 2107 4008 ,
2117 3970 2296 4009 Equestrium
2312 3974 2375 4008 689.

1245 4017 1290 4050 vel
1306 4015 1503 4052 Pedestrium,
1519 4023 1587 4046 cum
1603 4021 1703 4043 eorum
1721 4010 1823 4077 Εὲἰιίδ,
1848 4008 2008 4046 Hernelns,
2031 4007 2127 4047 Auro,
2149 4010 2297 4087 Argenao,

1739 4060 1763 4078 ι’
1794 4056 1812 4076 2
2267 4059 2300 4079 0-
