2562 4274
228 97 307 145 156

89 175 165 206 Ann-
180 173 221 204 D·
238 177 431 215 multipliciter
446 182 620 215 praegravato
631 197 643 218 ,
664 175 698 206 ὃς
721 175 805 205 etiam
822 181 937 211 propter
952 171 1069 211 Magiiae
1082 170 1211 200 Summae
1225 166 1296 212 Auri

111 223 197 251 1420·
238 215 489 254 Depraedationem
510 223 557 252 per
579 213 754 243 subitaneum
774 211 920 242 incursum
936 211 1093 242 Latronum
1110 217 1239 245 tempore
1252 207 1296 237 di-

88 257 151 282 Heu.
170 262 197 288 5·
237 255 293 285 &ae
319 253 546 284 Convocationis
570 252 607 281 eis
629 251 735 281 fidium
766 250 1002 281 irremediabiliter
1024 248 1210 287 depauperato
1224 258 1234 284 3
1261 244 1296 275 ad

239 293 429 324 Medietatem
454 289 616 320 Medietatis
637 290 717 320 unius
740 288 873 320 Decimae
887 311 897 327 ‚
915 290 943 318 in
957 288 1056 319 eadem
1074 285 1297 316 Convocatione

239 329 383 363 conceffae
390 352 399 367 ‚
414 329 544 358 duntaxat
560 329 700 366 exceptis,

277 367 480 399 Concesseritis
494 367 527 397 &
539 366 738 396 concesserunt
753 374 838 395 unam
853 363 1041 395 Medietatem
1060 362 1195 392 Decimae
1211 385 1220 399 ,
1243 359 1298 391 sol-

238 406 360 438 vendam
377 406 475 436 Nobis
492 406 585 442 primo
598 405 643 434 die
658 404 765 434 Mensis
781 403 854 434 Maii
868 404 1000 440 proximo
1013 401 1127 439 futuro,
1145 400 1185 431 Ita
1200 408 1298 430 tamen

239 443 319 482 quod
333 454 401 481 VOS,
415 454 449 474 ac
464 441 575 474 Praelati
589 444 621 474 δε
636 442 735 473 Clerus
750 441 896 480 praedieti,
908 441 954 471 ieu
969 439 1058 471 vestra
1073 447 1120 469 aut
1133 448 1232 469 eorum
1240 437 1300 467 Fir-

235 484 330 519 marii,
347 481 383 513 ad
398 481 578 512 Solutiotiem
593 482 710 520 Qiintae
724 480 876 517 Decimae,
894 489 946 517 pro
961 478 1056 509 vestris
1071 479 1106 509 &
1130 477 1181 508 suis
1203 477 1298 506 Tem-

234 519 390 559 poralibus,
408 530 476 551 curn
492 521 584 551 Laicis
596 520 674 551 nullo
694 520 784 551 modo
804 518 979 556 oneremini,
994 516 1041 548 seu
1064 523 1237 553 onerentur,
1253 513 1299 546 vel

236 560 398 596 vexemini,
417 559 462 589 seu
479 569 623 589 vexentur.

279 597 369 628 Vobis
384 595 553 627 Mandamus
568 597 646 635 quod
660 596 766 634 aliquos
780 596 854 625 viros
868 594 923 624 fide
936 593 1036 632 dignos
1051 592 1089 624 de
1097 591 1186 623 Clero
1199 589 1301 622 vestrae

239 635 382 667 Dioecesis
416 646 468 672 pro
484 637 583 674 quibus
601 635 699 665 Nobis
712 635 877 672 respondere
891 633 1050 669 volueritis,
1067 631 1101 662 ad
1113 631 1218 661 dietam
1234 628 1303 659 Me-

237 675 371 706 dietatem
387 661 541 713 becimae,
560 674 590 704 in
605 674 702 704 eadem
720 672 855 703 Dioecese
869 671 976 708 vestra,
988 672 1065 710 juxta
1080 666 1304 712 formamlCon—

236 713 370 744 cessionis
383 712 543 750 praedietae,
563 712 732 743 Levandum
747 712 780 743 ὃ(
796 710 1020 748 Colligendum,
1037 717 1122 749 prout
1137 716 1225 738 moris
1243 705 1304 744 est,

237 751 284 784 assi
305 752 362 782 nari
377 752 410 782 &
422 751 546 788 deputari
561 752 681 788 faciatis,
1281 784 1286 789 1

279 761 318 821 lgta
339 789 415 828 quod
430 789 529 820 Nobis
546 789 581 820 de
597 788 672 820 dista
689 787 842 819 ixfiedietate
857 786 1006 825 Decimae,
1023 785 1058 816 ad
1071 784 1185 816 Festum
1202 783 1303 823 praedi·

239 829 338 866 (tum,
360 830 387 858 in
403 828 496 858 forma
511 827 661 865 praedieia,
681 826 894 864 respondeatur:
1160 861 1165 867 ο
1190 861 1195 866 ⁸
1268 859 1275 866 ⁸

274 867 491 898 Thesaurarium
505 868 538 898 δε
555 865 676 896 Barones
691 866 727 894 de
742 865 890 895 Scaccario
904 862 1003 893 nostro
1019 862 1056 892 de
1070 860 1250 892 Nominibus
1267 859 1301 890 11-

235 905 348 945 lorum,
376 915 447 942 quos
468 904 503 935 ad
528 905 586 934 hoc
609 904 819 941 deputaveritis,
838 904 908 932 citra
929 900 1045 931 Festum
1066 899 1301 930 Annunciationis

233 945 335 1013 geataefi
351 942 453 974 Mariae
474 944 609 982 proximo
631 942 756 973 futurum
777 941 811 970 ad
826 941 959 970 ultimum
969 963 979 977 ,
993 938 1124 969 distincte
1139 938 1173 969 ὅ(
1185 937 1300 976 aperte,

266 992 316 1013 erti
338 991 442 1012 cantes·

271 1020 310 1050 Et
331 1019 407 1064 hoc,
425 1003 495 1050 sicut
515 1017 583 1049 Nos
604 1019 638 1050 ὅ(
660 1016 818 1048 Honorem
839 1015 969 1047 nostrum
992 1015 1104 1055 diligitis
1116 1037 1127 1054 ,
1145 1013 1301 1045 nullatenus

235 1066 377 1089 omittatis.

228 1127 251 1136 ,,
269 1093 360 1127 Teste
369 1094 488 1135 praeflzto
503 1094 613 1134 Custode
632 1094 706 1133 apud
720 1097 769 1125 We
791 1106 826 1123 m.
846 1094 930 1124 xxvii.
948 1092 994 1124 die
1007 1092 1139 1132 Januarii.

236 1169 374 1231 REX,
392 1169 554 1202 Venerabili
576 1172 603 1202 in
625 1170 744 1201 Christo
766 1170 858 1208 Patri,
877 1169 926 1200 Th.
946 1169 1045 1200 eadem
1070 1168 1155 1208 gratia
1174 1168 1299 1208 Epifiopo

315 1208 504 1250 Dunolmenfi,
522 1209 658 1240 Salutem.

269 1248 349 1280 Ci’im
368 1249 444 1286 Vos,
461 1249 614 1286 caeterique
627 1247 738 1278 Praelati
751 1247 784 1278 &
800 1245 902 1277 Clerus
919 1245 1052 1277 Eborum
1074 1245 1252 1285 Provinciae,
1270 1246 1299 1276 in

232 1287 332 1318 -ulti'nia
345 1286 567 1318 Convocatione
574 1309 584 1325 ‚

270 1324 304 1395 {Iri
320 1324 444 1395 {eclesie
458 1323 617 1357 Catbedrali
634 1324 707 1355 beati
722 1324 797 1355 Petri
812 1322 959 1361 Eborum,
977 1320 1038 1357 &c.
1054 1323 1186 1362 utficpra.

302 1375 318 1395 e
345 1374 361 1395 e
379 1373 411 1395 ut
432 1374 506 1402 upra.

275 1440 424 1481 Coaefiiniles
446 1443 551 1471 Literae
576 1441 729 1478 diriguntur
751 1437 873 1469 Custodi
897 1437 1098 1476 Spiritualitatis
1116 1435 1301 1476 Episcopatus

238 1478 436 1518 Kariiolensis,
454 1480 519 1509 Sede
530 1486 657 1510 vacante.
1184 1500 1187 1503 „

265 1605 315 1637 De
335 1601 476 1647 Potcstate
497 1599 763 1648 Confirvatoribus
776 1603 967 1648 Treugarum
984 1603 1114 1634 Francia
1135 1601 1267 1647 conceffiz.

86 1697 164 1728 Αῃῃ,
181 1695 221 1726 D,
242 1687 373 1745 REX
397 1687 545 1720 Universis
558 1712 567 1727 ,
586 1687 733 1728 praesentes
758 1685 866 1716 Literas
887 1684 995 1716 nostras
1015 1684 1177 1724 inspecturis
1192 1707 1202 1724 ,
1220 1684 1299 1716 Salu—

319 1734 388 1756 tem.

84 1744 194 1809 A1,2†²7C3'
274 1765 394 1795 Notum
410 1764 528 1796 facimus
545 1764 624 1803 quod
644 1764 727 1802 Nos,

86 1817 120 1840 H.
144 1822 168 1845 5-
273 1802 333 1833 Pro
355 1803 438 1834 Bono
458 1803 539 1834 Pacis
560 1803 664 1841 finalis,
682 1806 756 1832 inter
776 1804 837 1832 Nor
850 1801 884 1832 &
902 1800 1116 1832 Sereniffimum
1133 1799 1299 1838 Principem

86 1855 176 1878 Norm.
193 1859 217 1884 7·
236 1842 270 1872 &
282 1841 533 1880 Consanguineum
549 1841 679 1872 nostruin
696 1840 827 1871 Karolum
841 1842 964 1870 Franciae
978 1849 1011 1871 ac
1035 1839 1161 1872 Franciae
1178 1840 1212 1870 &
1235 1840 1299 1870 An-

86 1893 120 1916 H.
131 1898 155 1923 5,
165 1895 218 1925 μ,
237 1882 301 1920 gliae
317 1880 417 1918 Regna
429 1880 601 1911 Traetandae
617 1882 649 1911 ὃ(
667 1881 784 1910 feliciter
799 1878 1018 1910 Concludendae
1028 1901 1038 1916 ‚

85 1936 121 1955 m,
138 1936 150 1964 3
159 1935 182 1961 3,
274 1917 319 1949 Ex
331 1919 533 1949 deliberatione
548 1920 579 1950 δε
596 1919 702 1949 assensu
718 1917 820 1958 Magni
836 1916 961 1947 Concilii
977 1917 1082 1954 nostri,

272 1958 326 1987 Pro
349 1957 455 1993 Nobis,
474 1957 603 1995 Regiiis,
620 1958 734 1994 Terris,
753 1957 785 1987 ὃ(
809 1955 905 1993 Villis,
923 1954 1027 1986 Castris
1034 1954 1218 1994 ‚Fortalitiis,
1230 1954 1297 1986 Do-

234 1997 329 2027 miniis
342 2020 352 2034 ,
369 1995 492 2027 Subditis
507 2019 516 2034 ,
533 1998 567 2027 &
589 1996 713 2026 Vassallis
734 1994 834 2025 nostris
859 1993 1082 2033 quibuscumque
1095 2017 1105 2033 ,
1123 1994 1205 2024 nobis
1228 1995 1299 2027 obe-

233 2034 392 2072 dientibus,
411 2035 444 2066 &
459 2035 506 2072 qui
522 2034 709 2074 imposterum
725 2034 807 2063 nobis
819 2032 969 2070 obedient,

270 2073 424 2112 Fecimus,
442 2073 595 2111 Iiiivimus,
615 2071 885 2108 concordavimus,
901 2071 935 2102 &
959 2070 1197 2110 Acceptavimus,
1217 2070 1298 2102 Faci-

233 2112 372 2154 musque,
388 2112 494 2142 [nimus
509 2135 518 2149 ‚
537 2111 774 2149 concordamus,
794 2111 827 2142 δε
854 2109 1062 2148 AcceptamuS,
1081 2117 1149 2140 cum
1166 2109 1298 2148 praedieflo

233 2154 288 2180 Con
301 2154 430 2189 anguinea
445 2150 533 2191 nostro

306 2191 333 2218 ui
351 2191 437 2220 etiam
459 2199 511 2226 pro
536 2174 589 2226 Se,
608 2187 714 2227 suisque
737 2186 864 2224 Regno,
880 2186 994 2225 Terris,
1013 2184 1181 2223 Dominus,
1201 2184 1298 2225 Villis,

233 2226 356 2266 Castris,
376 2228 539 2266 Fortalitiis,
554 2227 734 2265 Subditis,&
752 2225 876 2256 Vassallis
895 2225 1138 2263 quibuscumque,
1157 2224 1207 2254 sibi
1224 2226 1296 2256 obe-

233 2266 389 2304 clientibus,
407 2267 440 2298 &
455 2267 503 2304 qui
516 2265 705 2304 imposterum
722 2264 772 2295 fibi
786 2263 938 2301 obedient,
958 2262 1123 2294 Nobiscum
1139 2262 1219 2294 Fecit
1230 2286 1239 2302 ,
1250 2263 1297 2294 In-

234 2307 265 2374 iti-⁸}
285 2329 294 2343 ‚
311 2304 508 2337 Concordavit
521 2329 531 2343 ,
555 2306 588 2336 &
603 2304 789 2342 Acceptavit,
808 2301 831 2332 F
833 2302 943 2340 acitque
949 2325 959 2341 ,
977 2301 1050 2341 Init,
1065 2300 1296 2342 Concordat,&

267 2354 318 2375 cce
340 2353 377 2374 tat

272 2354 489 2419 Rogasssfirmas
503 2382 536 2413 ὃ(
553 2380 728 2412 inviolabiles
741 2380 889 2416 Treugas‚
907 2378 1063 2409 Genetales
1085 2388 1135 2418 per
1152 2378 1251 2418 Mare,

272 2421 309 2451 Et
325 2431 340 2451 a
363 2418 503 2450 Vicesima
528 2420 622 2450 Prima
645 2419 705 2449 Die
731 2418 837 2448 Mensis
860 2416 1048 2454 Decembris,
1067 2419 1152 2456 usque
1175 2418 1210 2448 ad
1235 2419 1298 2449 Pri-

236 2469 317 2501 rri-„im
341 2459 430 2488 Diem
452 2457 568 2496 Mirni,
585 2459 716 2497 proximo
737 2458 770 2489 ὃς
791 2455 952 2486 immediate
975 2466 1052 2487 nuiic
1077 2456 1186 2495 futuri,
1205 2457 1298 2489 inclu-

240 2501 298 2527 iive

273 2521 316 2565 Its
336 2535 430 2572 quod,
449 2534 626 2572 praesemibus
645 2534 769 2571 Treugis
789 2532 969 2570 durantibus,
988 2542 1037 2570 per
1059 2532 1144 2570 Nos,
1161 2540 1206 2563 aut
1230 2534 1299 2565 alios

237 2572 453 2611 quoscumque,
470 2583 529 2602 non
551 2572 736 2603 Movebimus
759 2581 804 2602 aut
827 2569 974 2601 Faciemus
999 2571 1142 2600 Guerra'm
1159 2571 1300 2602 Homini—

238 2612 306 2649 bus,
325 2610 448 2641 Vassallis
484 2618 529 2640 aut
552 2611 676 2640 Subditis
692 2633 701 2647 ,
722 2609 802 2639 Villis
819 2631 828 2646 ‚
846 2608 952 2639 Castris
965 2632 975 2648 ,
994 2609 1159 2648 Fortalitiis,
1178 2609 1277 2641 Patriis
1288 2633 1298 2649 ,

237 2651 271 2682 ὃ(
290 2650 432 2680 Dominiis
465 2649 510 2680 ieri
525 2647 717 2688 Coaegsanguinei
734 2647 829 2686 nostri,

274 2688 344 2718 Nec
367 2687 539 2718 Obsidemus
560 2697 607 2717 aut
629 2686 798 2723 capiemus,
816 2686 861 2714 seu
879 2685 914 2714 ab
929 2684 986 2715 aliis
999 2685 1226 2724 quibuscumque
1240 2685 1299 2718 Ca-

238 2728 264 2764 pi
284 2728 492 2764 permittemus,
509 2725 546 2755 de
562 2724 620 2755 Die
634 2724 690 2754 sive
710 2724 745 2753 de
766 2724 882 2760 Noete,
900 2723 944 2753 via
968 2722 1106 2762 Guerrae,
1125 2724 1297 2764 Traetatus,

239 2766 419 2803 Emptionis,
437 2772 483 2794 aut
503 2764 582 2800 alias,
603 2764 704 2801 quovis
726 2762 815 2792 modo
829 2784 838 2798 ‚
857 2760 943 2791 Villas
958 2784 967 2799 ,
983 2760 1082 2792 Castra
1097 2785 1106 2798 ,
1137 2762 1297 2802 Fortalitia,

239 2803 441 2872 authaliasLoca
454 2802 535 2840 ipfius
549 2801 761 2839 Consanguiuei
777 2801 883 2838 nostri,
895 2801 1075 2837 praelentibus
1083 2801 1206 2840 Treugis
1215 2812 1301 2833 com-

262 2853 289 2872 re
311 2853 345 2873 en
357 2853 370 2872 a

240 2853 260 2881 p
278 2880 316 2912 Et
337 2865 405 2910 idein
422 2879 635 2920 Confiznguineus
657 2877 743 2916 noster
758 2900 767 2916 ,
786 2887 835 2915 per
856 2876 894 2907 Se
909 2899 919 2914 ‚
934 2884 980 2908 aut
999 2877 1066 2908 alios
1088 2877 1300 2919 quoscumque,

242 2929 302 2949 non
323 2918 457 2949 Movebit
478 2927 524 2948 aut
544 2918 638 2948 Faciet
663 2916 804 2946 Guerrairi
832 2915 1010 2946 Hominibus
1026 2939 1035 2953 ‚
1055 2915 1194 2955 Vassallis,
1213 2919 1233 2937 ²*
1254 2927 1300 2949 aut

242 2957 366 3027 1Skiri'bditis
379 2980 388 2996 ‚
408 2957 486 2988 Villis
499 2979 508 2994 ‚
526 2955 630 2986 Castris
646 2977 656 2993 ‚
675 2954 822 2985 Fortalitiis
836 2978 844 2992 ‚
871 2954 968 2984 Patriis
980 2977 990 2992 ,
1015 2955 1048 2985 &
1071 2954 1218 2987 Dominiis
1244 2966 1300 2987 no-

282 3006 302 3026 is

276 3018 347 3065 N'ec
361 3033 444 3063 etiam
459 3032 611 3063 Obfidebit
627 3039 673 3062 aut
687 3031 806 3069 Capiet,
824 3030 870 3061 seu
885 3031 920 3060 ab
934 3031 990 3061 aliis
1004 3031 1227 3071 quibuscumque
1241 3033 1300 3065 Ca-

240 3074 270 3111 pi
293 3074 434 3111 permittet
452 3093 462 3109 ,
478 3071 514 3100 de
535 3070 593 3100 Die
615 3070 670 3100 sive
694 3069 730 3100 de
751 3069 853 3099 Noete
866 3091 875 3107 ‚
900 3070 947 3100 viii
967 3069 1086 3101 Guerrae
1102 3095 1111 3108 ‚
1130 3071 1300 3110 Tractatus,

242 3111 422 3149 Emptionis,
439 3118 486 3140 aut
500 3109 564 3139 alias
578 3109 678 3146 quovis
700 3108 808 3146 modo,
827 3107 928 3145 Villas,
947 3107 1062 3146 Castra,
1081 3108 1239 3148 Fortaiitia‚
1254 3121 1300 3142 aut

242 3151 292 3180 alia
313 3150 391 3180 Loca
405 3147 515 3185 nostra,
533 3147 710 3185 praesentibus
721 3146 844 3185 Tieugis
862 3147 1082 3184 comprehensa,

278 3188 337 3218 Sub
355 3187 455 3225 quibus
469 3187 592 3222 Treugis
607 3185 684 3221 (licet
698 3184 765 3221 sint,
784 3194 813 3214 ut
827 3185 983 3222 praefertur,
1001 3185 1155 3215 Generales
1168 3196 1218 3224 per
1232 3186 1300 3217 Ma-

244 3227 287 3262 re)
304 3235 363 3255 non
378 3224 658 3262 comprehenduntur
668 3246 678 3261 ,
692 3231 761 3260 ymo
776 3224 869 3260 potitis
884 3223 917 3253 &
934 3223 1058 3260 expresse
1077 3225 1253 3261 excipiuntur
1267 3227 1300 3256 &

245 3263 450 3300 excluduntur,
469 3263 537 3293 hinc
555 3263 588 3294 ὅτ,
603 3261 684 3298 inde,
703 3260 832 3290 Personae
852 3261 990 3290 Foventes
1003 3262 1036 3292 &
1056 3261 1203 3292 Tenentes
1224 3263 1301 3294 illam

245 3302 360 3333 Partem
382 3310 445 3338 quae
467 3301 568 3331 dicitur
592 3300 724 3339 Dalphim'
740 3299 785 3328 seu
803 3302 975 3335 Arminiaci,
995 3309 1109 3329 necnon
1125 3299 1225 3339 Villae,
1244 3300 1303 3331 Ca-

248 3340 319 3377 stra,
334 3338 486 3375 Civitates,
503 3339 643 3369 Fortalitia
661 3362 670 3374 ,
688 3337 789 3367 Patriae
802 3362 811 3375 ,
831 3338 864 3367 &
888 3336 1026 3367 Dominia
1041 3360 1051 3375 ,
1068 3338 1174 3368 didram
1196 3348 1304 3376 partem

247 3377 380 3447 Dgphini
398 3376 442 3407 seu
465 3380 620 3407 Arminiaci
636 3376 795 3414 Tenentia,
813 3375 1011 3414 Degentesque
1028 3377 1062 3407 ὃς
1085 3376 1251 3408 Habitantes
1273 3379 1303 3408 in

248 3428 272 3448 ei
306 3426 352 3447 em

288 3440 369 3493 Qas
385 3453 501 3491 quidem
515 3454 642 3492 Treugas
657 3453 690 3484 &
703 3451 891 3483 Abstinentias
909 3450 1030 3482 Guerrae
1051 3451 1198 3492 Capitanei
1219 3453 1307 3485 Villa-

246 3504 327 3531 rum,
347 3492 532 3529 Castrorum,
551 3492 775 3528 Fortalitiorurn,
794 3492 826 3520 &
855 3491 1003 3521 Locorum
1023 3491 1204 3530 nostrorum,
1222 3503 1255 3523 ac
1276 3503 1306 3523 e-

248 3534 317 3563 tiam
332 3531 399 3561 dieti
418 3530 627 3569 Consanguinei
641 3530 744 3566 nostri,
762 3528 903 3566 potiisime
918 3530 946 3558 in
957 3529 979 3558 F
981 3531 1105 3560 rontariis
1118 3532 1231 3561 marinis
1238 3531 1306 3562 hinc

249 3571 314 3601 inde
337 3569 536 3606 existentium,
550 3567 647 3606 Jurare
674 3569 706 3597 &
731 3567 900 3598 Promittere
921 3568 1105 3606 tenebuntur,
1123 3577 1261 3607 quantum
1277 3572 1306 3599 in

251 3610 290 3639 eis
306 3608 347 3638 est
360 3610 392 3638 &
406 3609 474 3645 erit,
490 3606 607 3637 fideliter
618 3606 731 3636 Tenere
745 3607 777 3636 ὃ(
791 3605 1002 3644 Observare,&
1016 3607 1052 3637 ab
1065 3608 1122 3637 aliis
1133 3609 1210 3646 juirta
1220 3607 1307 3639 Poffe

251 3647 344 3678 facere
361 3646 527 3682 Observari,

290 3685 358 3715 Nec
381 3695 429 3722 per
454 3684 542 3714 ullum
565 3682 772 3718 Attempmtum
797 3681 843 3710 seu
868 3681 1057 3720 lnoerprisam,
1077 3683 1181 3715 saetam
1202 3692 1249 3715 aut
1267 3683 1308 3714 fa-

251 3723 379 3753 ciendam
394 3733 442 3761 per
457 3721 590 3753 Subditos
605 3722 686 3751 unius
701 3718 787 3750 Partis
798 3719 922 3750 Subditis
942 3720 1067 3758 alterius,
1085 3731 1185 3752 contra
1207 3723 1308 3753 Teno-

253 3771 312 3790 rem
338 3762 513 3798 praesentium
535 3760 734 3797 Treugarum,
751 3758 857 3788 debent
879 3758 986 3788 eaedem
1007 3758 1133 3798 Treugae
1155 3762 1188 3791 &
1211 3761 1309 3791 Absti-

253 3801 355 3829 nenti-te
376 3799 495 3829 Gueriae
513 3807 603 3837 ruptae
621 3798 743 3835 censeri,
760 3796 800 3828 set
821 3797 973 3827 manebunt
995 3797 1198 3829 nichilominus
1212 3800 1243 3830 in
1257 3801 1310 3830 suis

254 3837 356 3867 robore
372 3838 405 3868 ὃς
419 3839 533 3876 vigore,

292 3873 327 3903 Et
349 3877 445 3905 omnia
463 3884 548 3905 attem
570 3884 623 3906 tata
641 3875 674 3905 δε
695 3873 846 3904 Malefaeta
872 3872 903 3909 (fi
928 3882 992 3911 quae
1013 3874 1235 3912 intervenerint)
1260 3885 1309 3913 per

251 3909 473 3944 Conservatores
489 3915 522 3945 &
588 3912 773 3949 mmiffarios,
791 3912 927 3941 hincinde
939 3913 1083 3948 deputatos
1104 3922 1151 3943 aut
1173 3914 1308 3952 deputan-

253 3948 322 3986 dos,
341 3959 422 3987 prout
438 3961 538 3981 eoi-um
556 3952 675 3989 singulos
690 3959 844 3981 concernet
859 3957 907 3982 aut
927 3959 1100 3982 concernere
1120 3953 1241 3991 poterit,
1258 3953 1309 3983 de—

250 3988 357 4019 bebunt
373 3990 478 4029 corrigi
491 3990 523 4021 &
538 3990 634 4021 debite
649 3989 815 4026 reformari,

90 2922 106 2938 ·
126 2921 179 2949 ix.

93 2958 157 2996 S‚57-

689 71 1885 130 CONVENTIONES‚L1TERAE‚

1371 163 1429 201 Et,
1447 173 1500 201 pro
1519 162 1602 194 Parte
1621 162 1716 194 nostra
1730 187 1739 201 ,
1759 161 1941 193 Cariffimum
1963 159 2150 192 Avunculum
2171 160 2302 193 nostrum
2321 161 2391 194 {lho-
2408 158 2536 192 Anu-D·

1333 213 1405 233 mam
1424 204 1525 231 Ducem
1538 204 1654 232 Exoniae
1670 201 1857 232 Admirallum
1869 200 2000 231 nostrum
2015 198 2141 238 Angliae‚
2159 201 2192 232 δε
2207 199 2390 233 Carissimum
2432 207 2520 238 1420-

1331 241 1581 279 Consanguineum
1608 240 1738 271 nostrum
1768 238 1946 270 Willielmum
1975 241 2104 268 Comitem
2133 238 2262 278 Sqffiilciae
2287 239 2391 271 Admi-
2407 242 2471 267 Hes»-
2487 247 2517 274 5·

1331 279 1430 311 rallum
1442 277 1573 316 nostrum
1586 277 1780 309 Normanniae
1794 301 1804 317 ,
1820 287 1854 309 ac
1870 287 1970 308 eorum
1991 276 2208 309 Subadmirallos
2222 279 2249 308 in
2268 280 2391 316 partibus

1332 317 1490 355 praediffis,
1509 315 1686 354 praesentium
1700 317 1879 357 Treugarum
1894 314 2111 346 Conservatores
2125 315 2334 348 Commisimus
2355 318 2391 349 &

1333 354 1561 393 Deputavimus‚
1579 353 1799 386 Committimus
1813 357 1847 387 ὃς
1862 354 2039 392 Deputamus
2053 363 2103 391 per
2118 353 2286 394 Praesentes‚

1371 394 1486 432 Quibus
1500 392 1680 431 Admirallis,
1694 403 1727 423 ac
1741 403 1843 425 eorum
1860 391 2082 430 Subadmirallis,
2099 391 2134 423 &
2155 402 2257 425 eorum
2277 394 2392 426 cuilibet

1333 433 1362 463 in
1385 432 1431 462 sua
1454 431 1586 462 Marchia
1598 453 1608 468 .,
1628 429 1737 462 Damus
1757 433 1790 463 &
1813 431 2010 463 Concedimus
2031 430 2142 468 plenam
2165 429 2337 464 Potestatem
2357 434 2392 464 δι’.

1335 470 1506 501 Mandatum
1522 469 1655 510 speciale,
1672 479 1725 507 pro
1740 479 1814 507 parte
1829 470 1940 508 nostra,
1958 467 2162 509 Cognoscendi
2185 469 2220 501 &
2243 470 2393 503 Determi-

1334 508 1419 539 nandi
1437 508 1474 539 de
1494 508 1674 547 Attemptatis
1696 508 1872 547 hujusmodi,
1891 508 2142 546 corrigendique,
2161 507 2208 539 Re
2244 510 2339 548 randi,
2357 511 2392 542 &

1336 547 1516 578 Emendandi
1528 555 1625 578 totum
1641 545 1674 577 &
1687 546 1821 585 quicquid
1836 547 2045 585 Attemptatum
2061 555 2107 578 aut
2120 545 2198 577 Foris
2229 547 2310 578 &um
2330 548 2393 579 fue-

1336 587 1372 616 rit
1388 594 1489 616 contra
1499 585 1648 616 Tenorem
1669 584 1846 622 praesentium
1859 585 2039 622 Treugarum
2052 586 2086 617 δε
2101 584 2290 617 Abstinentiae
2297 585 2393 618 Guer-

1336 634 1392 661 rae,
1410 634 1442 655 ac
1460 623 1599 654 Puniendi
1614 632 1716 653 omnes
1730 622 1929 654 Malefaetores
1942 623 2225 664 &Transgreffores,
2241 633 2327 663 prout
2334 624 2393 658 Ca-

1336 663 1379 694 sus
1393 663 1534 701 exegerint
1550 663 1583 694 &
1599 662 1751 700 requirent.

1377 700 1412 731 In
1429 702 1522 739 cujus,
1544 702 1604 732 &c.

1373 739 1463 770 Teste
1476 739 1558 779 Rege
1573 738 1648 778 apud
1661 737 1785 779 Castrum
1791 737 1871 778 ficum
1888 736 2046 775 Rothomagi
2062 739 2147 770 xxvii.
2163 739 2209 771 die
2222 739 2354 780 Januarii.

2014 814 2069 844 Per
2084 812 2167 853 ipficm
2184 817 2286 853 Regem.

1543 943 1590 975 De
1607 943 1815 988 Prorogatione
1830 941 2021 986 Treugarum
2039 941 2181 973 Franciae.

1336 1024 1456 1081 REX
1475 1026 1638 1064 Omnibus,
1655 1025 1690 1057 ad
1703 1035 1794 1065 quos,
1810 1024 1872 1056 &c-
1890 1023 2025 1056 Salutem.
2413 1017 2490 1049 Ann-
2498 1018 2540 1050 D.

1434 1063 1531 1095 Sciatis
1551 1064 1649 1104 quod,
2429 1066 2517 1096 1420.

1371 1101 1453 1133 Cum
1470 1112 1575 1141 nuper,
2408 1099 2460 1124 An.
2480 1106 2508 1132 7.

1371 1139 1430 1171 Pro
1451 1142 1531 1172 bono
1552 1141 1650 1180 Pacis,
1669 1141 1743 1172 inter
1763 1139 1833 1170 Nos
1849 1163 1859 1178 ,
1877 1139 1911 1171 &
1933 1138 2145 1170 Sereniffimum
2168 1138 2264 1171 Princi
2357 1141 2391 1172 &
2409 1139 2444 1163 H.
2463 1144 2492 1170 5·

1332 1176 1582 1220 Corisariguineum
1598 1179 1728 1210 nostrum
1742 1177 1876 1208 Karolum
1894 1181 2032 1216 Francia,
2050 1188 2083 1209 ac
2099 1177 2225 1210 Franciae
2235 1179 2391 1220 &Angliae
2409 1177 2467 1202 ΡΜ·

1333 1217 1451 1286 Regna,
1470 1218 1639 1250 Tractandae
1655 1218 1688 1250 &
1703 1218 1819 1249 feliciter
1835 1216 2060 1256 concludendae,
2410 1216 2506 1286 gomi,
2515 1219 2543 1246 7·

1407 1267 1439 1287 05
2440 1273 2445 1278 .
2454 1259 2483 1286 5.
2510 1259 2545 1278 ,1.

1371 1295 1416 1326 Ex
1431 1281 1629 1326 d'eliberatione
1640 1296 1674 1328 ὃ(
1689 1294 1795 1326 assensu
1811 1293 1912 1333 Magni
1930 1293 2056 1325 Concilii
2070 1292 2177 1332 nostri,
2411 1298 2448 1317 m·
2467 1297 2515 1316 ²0·

1374 1333 1473 1364 Certas
1489 1334 1636 1373 Treugas,
1655 1334 1712 1365 five
1729 1333 1853 1364 Guerrae
1871 1333 2080 1371 Abstinentias‚
2097 1342 2166 1363 cum
2182 1332 2299 1370 praefato
2313 1331 2396 1363 Con-

1333 1371 1488 1410 fiinguineo
1512 1373 1611 1404 nostro
1628 1395 1639 1411 ‚
1666 1381 1723 1404 tam
1749 1381 1797 1412 per
1822 1371 1944 1403 Terram
1961 1394 1971 1410 ‚
1990 1371 2076 1410 quam
2099 1381 2150 1410 per
2172 1369 2256 1403 Mare
2269 1393 2279 1410 ,
2294 1371 2394 1403 videli-

1335 1419 1427 1480 cetP'er
1441 1450 1563 1480 Terram
1578 1450 1594 1479 a
1608 1448 1754 1493 Vicesima
1768 1447 1866 1493 quarta
1878 1448 1924 1493 die
1940 1447 2128 1492 Decembris,

1354 1488 1407 1556 lEt
1422 1499 1471 1536 per
1488 1487 1601 1535 Mare}
1619 1487 1751 1519 vicefima
1765 1487 1859 1526 prima
1875 1487 1921 1518 die
1937 1486 2059 1525 eiusdem
2075 1486 2185 1519 Mensis
2204 1486 2396 1526 Decembris,

1334 1537 1352 1558 u
1364 1535 1438 1557 timo
1474 1536 1593 1557 raeterita

1370 1537 1470 1609 Ui‘qug
1491 1563 1526 1595 ad
1546 1549 1668 1603 prir’nam
1687 1563 1765 1594 diem
1785 1562 1902 1602 Martii,
1917 1564 2052 1602 proximo
2068 1564 2279 1596 &immediate
2294 1565 2396 1604 futuri,

1334 1603 1470 1633 inclusive
1484 1603 1624 1634 duraturas
1633 1626 1642 1640 ‚

1374 1641 1550 1680 Fecerimus,
1568 1641 1734 1677 lnierimus‚
1753 1639 2054 1678 concordaverimus,
2071 1640 2105 1671 &
2129 1640 2397 1681 Acceptaverimus,

1336 1688 1420 1717 prout
1436 1681 1468 1712 &
1482 1681 1512 1709 in
1530 1680 1647 1717 Literis,
1664 1679 1700 1709 de
1713 1680 1747 1710 &
1763 1677 1843 1715 super
1855 1677 1978 1718 Treugis
1998 1677 2050 1709 illis
2066 1678 2135 1710 hinc
2155 1681 2189 1711 ὃ(
2209 1680 2275 1711 inde
2297 1681 2398 1712 confe-

1338 1720 1410 1787 mli}
1426 1719 1535 1756 plenius
1547 1719 1649 1756 poterit
1665 1726 1811 1755 apparere,
1833 1755 1839 1760 υ
2032 1755 2036 1760 ¹

1338 1767 1447 1826 mam‘r'}
1460 1753 2398 1839 {tfissgmssigssituffiiffiifi‘iff‘5532¹kff⁸Tss¹e⁶ugffs²j¹ssiz&23³5

1338 1843 1377 1864 rte
1393 1833 1582 1864 Abstinentias
1595 1832 1757 1872 praedfflas,
1775 1841 1804 1862 in
1830 1830 1976 1862 Omnibus
1998 1832 2032 1862 &
2050 1831 2171 1871 Singulis
2186 1832 2236 1862 suis
2250 1833 2399 1871 Articulis,

1339 1873 1430 1904 modo
1450 1875 1484 1904 &
1506 1871 1601 1903 forma
1620 1873 1649 1902 in
1673 1871 1776 1902 Literis
1799 1870 1940 1908 praedietis
1955 1869 2131 1908 expressatis,
2147 1870 2230 1909 usque
2248 1870 2399 1902 Duodeci-

1337 1920 1419 1942 mum
1437 1911 1526 1942 Diem
1543 1911 1661 1949 Martii,
1679 1911 1812 1948 proximo
1829 1919 1906 1939 nunc
1923 1910 1956 1939 &
1973 1909 2137 1939 immediate
2151 1909 2292 1946 futurum,
2311 1910 2402 1941 inclu-

1336 1949 1414 1989 five,
1433 1950 1642 1988 Prorogamus,
1661 1948 1854 1987 extendimus,
1875 1949 1908 1979 ὃ(
1925 1947 2089 1986 elongamus
2102 1957 2153 1986 per
2166 1948 2334 1985 Praesentes,

1373 1988 1401 2020 A
1417 1989 1517 2027 quibus
1532 1997 1628 2019 tamen
1644 1987 1784 2026 Treugis,
1801 1986 1858 2016 five
1876 1985 1998 2016 Guerrae
2012 1984 2214 2024 Abstinentiis,
2232 1987 2270 2017 fic
2292 1986 2400 2017 Proro-

1335 2029 1420 2066 gatis‚
1440 2027 1572 2064 extensis,
1589 2027 1623 2058 &
1646 2026 1780 2065 elongatis
1806 2025 1883 2063 (licet
1905 2025 1959 2055 sint
1973 2047 1982 2062 ‚
2000 2032 2031 2055 ut
2052 2024 2200 2062 praefertur
2215 2047 2225 2063 ,
2245 2025 2401 2056 Generalec

1336 2076 1385 2104 per
1401 2066 1522 2097 Terram
1537 2066 1570 2097 δε
1585 2075 1634 2103 per
1649 2064 1744 2101 Mare)
1760 2062 1894 2094 Omnino
1908 2063 2084 2101 excipiuntur
2104 2064 2138 2095 &
2161 2064 2283 2095 totaliter
2303 2064 2401 2095 exclu-

1334 2105 1437 2136 duntur
1451 2105 1518 2136 hinc
1536 2106 1569 2136 &
1584 2104 1651 2135 inde
1665 2102 1816 2139 Castrum,
1837 2101 1928 2141 Villa,
1943 2102 1976 2132 &
2000 2101 2167 2133 Castellania
2189 2103 2225 2133 de
2242 2102 2402 2134 Boeumont

1336 2142 1415 2181 super
1429 2143 1524 2184 Oyse,
1542 2142 1744 2180 Degentesque
1757 2142 1792 2172 &
1807 2140 1974 2183 Habitantes
1987 2141 2016 2170 in
2030 2140 2144 2171 eisdem.

1375 2182 1393 2200 ⁴¹²
1415 2181 1493 2220 Quae
1507 2180 1618 2213 Omnia
1632 2182 1664 2212 &
1679 2179 1812 2220 Singula,
1831 2184 1868 2210 iic
1894 2178 2063 2219 Prorogata,
2081 2179 2205 2217 extensa,
2224 2179 2257 2210 &
2280 2178 2399 2219 elonga·
2416 2182 2432 2199 ⁴
2456 2184 2509 2212 lx.

1334 2229 1378 2258 ta,
1396 2221 1541 2259 (Exceptis
1565 2220 1761 2257 Praeexceptis)
1784 2227 1834 2257 per
1857 2218 1926 2262 N.⁰⁵
1949 2218 1982 2248 δε
2009 2217 2142 2249 Subditos
2165 2218 2277 2248 nostros
2290 2218 2399 2248 Teneri
2414 2221 2479 2258 858.

1335 2259 1469 2291 volumus
1483 2261 1516 2291 &
1534 2259 1731 2290 inviolabiliter
1745 2256 1914 2295 observari,
1931 2266 1964 2287 ac
1979 2266 2011 2288 ea
2026 2256 2136 2288 Teneri
2145 2257 2178 2288 &
2188 2256 2340 2288 Observari
2355 2256 2402 2288 fir-

1334 2299 1416 2328 miter
1432 2297 1609 2336 injungendo
1625 2297 1806 2328 Mandamus.
2035 2332 2039 2335 ⁷

1376 2334 1410 2366 In
1430 2339 1506 2374 cujus
1517 2359 1526 2375 ,
1545 2337 1604 2367 &c.

1338 2375 1465 2452 DTejste
1481 2374 1564 2420 Rege
1580 2373 1654 2413 apud
1670 2373 1794 2413 Castrum
1802 2371 1885 2412 fixum
1906 2370 2083 2411 Rothomagi,
2101 2370 2248 2404 vicesimo
2268 2370 2398 2410 Seprimo

1372 2424 1398 2444 ie
1428 2424 1542 2444 anuarii.

1677 2540 1727 2572 De
1749 2540 1887 2572 Licentia
1911 2540 1941 2570 E
1943 2535 2064 2583 ligendi.

1335 2624 1451 2683 REX
1460 2648 1469 2663 ,
1486 2624 1594 2670 dileffls
1606 2623 1656 2668 sibi
1673 2625 1701 2668 in
1716 2621 1850 2666 Christo,
1869 2623 1964 2666 Pri-ori·
1977 2619 2015 2656 &
2030 2625 2185 2653 conventui
2194 2620 2356 2661 Monaflrrii
2365 2621 2398 2651 de
2417 2627 2493 2661 Arm,
2507 2627 2552 2662 D,-

1409 2663 1558 2701 Pratellis,
1577 2662 1694 2692 Ordinis
1710 2660 1806 2691 Sanffl
1822 2659 1984 2697 Benedicti,
2000 2659 2135 2691 Salutem.

1370 2700 1413 2731 Ex
1434 2710 1509 2739 parte
1526 2700 1617 2732 vestra
1635 2700 1735 2730 Nobis
1749 2698 1789 2729 est
1802 2698 2152 2742 humiliterSupplicatum
2169 2707 2220 2738 ut,
2415 2676 2526 2743 2117?ss

1373 2738 1461 2784 Ctim—
1476 2739 1691 2770 Monasterium
1713 2737 1839 2768 vestrum
1863 2736 2050 2781 prcedidmm,
2068 2748 2118 2775 per
2139 2736 2271 2768 Mortem
2309 2737 2397 2780 bonae
2413 2749 2447 2774 H.
2466 2755 2496 2781 5,

1339 2787 1506 2816 memoriae,
1524 2776 1672 2808 Guillielmi
1685 2775 1710 2806 le
1724 2778 1779 2816 Roy
1790 2798 1800 2814 ,
1818 2774 1912 2806 ultimi
1928 2775 2045 2807 Abbatis
2068 2777 2144 2808 Loci
2168 2776 2258 2814 illius,
2274 2760 2397 2805 Pastoris
2414 2788 2504 2811 Norm.
2520 2792 2547 2819 7,

1338 2816 1369 2847 sit
1386 2816 1482 2861 solatio
1494 2816 1643 2860 destituta,
1712 2853 1717 2859 ¹
1757 2852 1763 2858 ,
2207 2853 2212 2858 ¹
2413 2827 2448 2850 H.
2457 2828 2548 2859 5.p.2.

1374 2855 1472 2900 Alium
1489 2856 1572 2899 vobis
1588 2851 1739 2898 Eligendi,
1756 2862 1784 2882 in
1804 2851 1946 2896 Abbatem
1964 2853 1997 2884 &
2019 2851 2166 2883 Pastorem
2188 2851 2311 2890 ejusdem
2331 2851 2397 2883 Do·
2415 2871 2452 2890 m,
2470 2869 2513 2899 3¹·

1338 2902 1418 2930 muS,
1439 2893 1599 2924 Licentiam
1615 2894 1697 2923 vobis
1715 2892 1874 2922 concedere
1887 2891 2082 2933 dignaremur,

1377 2931 1446 2962 Nos
1466 2932 1613 2970 (precibus
1631 2930 1728 2962 vestris
1746 2930 1774 2960 in
1794 2930 1845 2959 hac
1872 2939 1949 2966 parte
1969 2928 2159 2959 ravorabiliter
2183 2929 2326 2967 inclinati)
2352 2928 2402 2960 Li-

1339 2972 1461 3001 centiam
1480 2971 1555 3001 anm
1573 2970 1654 3001 vobis
1669 2992 1679 3008 ‚
1703 2968 1821 3000 Tenore
1839 2966 2021 2998 praesentium
2034 2989 2045 3006 ‚
2069 2966 2199 2999 duximus
2225 2967 2403 2999 Conceden-

1339 3009 1547 3078 dariilsandantes
1572 3046 1650 3086 quod
1675 3045 1760 3077 talem
1785 3044 1866 3074 vobis
1892 3043 1994 3087 eligatis
2007 3067 2017 3080 ,
2043 3044 2071 3074 in
2089 3043 2232 3076 Abbatem
2250 3045 2285 3077 ὃ(
2302 3042 2401 3088 Pasto-

1339 3096 1426 3130 rem„
1439 3087 1486 3124 qui
1506 3079 1941 3129 Deo-DevotusQMon'aste-rio
1960 3082 2054 3115 vestro
2069 3083 2209 3121 praedieto
2221 3082 2399 3121 necessarius,

1341 3123 1606 3201 Νἵξιὲὶὲῖῧεξᾶἓέξ
1618 3124 1652 3155 &
1670 3120 1770 3152 Fidelis
1788 3129 1916 3152 extiterit.

1376 3237 1467 3269 Teste
1485 3237 1568 3277 Rege
1586 3236 1659 3276 apud
1676 3234 1798 3276 Castrum
1809 3233 1889 3275 ficum
1907 3235 2065 3275 Rothomagi
2082 3244 2146 3267 xxx.
2163 3235 2208 3267 die
2220 3234 2355 3276 januarii.

1543 3372 1602 3402 Pro
1624 3366 1784 3416 Magistris
1808 3370 1895 3402 Novi
1910 3370 2014 3415 Operi‘s
2039 3366 2076 3401 de
2090 3370 2200 3401 Rauen.

1347 3453 1463 3511 REX
1483 3454 1642 3492 Omnibus,
1658 3453 1693 3483 ad
1712 3463 1800 3493 quos,
1817 3455 1877 3486 &c.
1894 3453 2030 3486 Salutem.
2422 3452 2498 3484 Ann.
2506 3453 2550 3486 D.

1441 3492 1538 3523 Sciatis
1557 3492 1634 3530 quod
1651 3491 1850 3524 Conceffimus
1867 3494 1901 3525 &
1927 3492 2084 3523 Licentiam
2106 3488 2236 3520 dedimus
2251 3511 2262 3526 ,
2288 3487 2400 3519 dilectis
2437 3501 2525 3531 1420,

1345 3530 1461 3567 Nobis,
1478 3530 1606 3568 Johanni
1625 3530 1737 3561 Saluart
1748 3552 1758 3569 ,
1771 3531 1901 3570 Johanm'
1917 3529 2032 3569 Ruffell‚
2045 3526 2174 3567 Johanni
2193 3525 2273 3566 Pale,
2291 3527 2323 3558 &
2342 3527 2399 3566 Jo-
2415 3536 2467 3560 An.
2483 3540 2511 3567 7.

1344 3569 1428 3599 hanni·
1443 3569 1469 3598 le
1487 3572 1628 3607 Fournier,
1647 3569 1794 3607 Magistris
1811 3569 1913 3609 Operis
1929 3569 1997 3598 novi
2012 3566 2108 3597 Palatii
2125 3564 2215 3596 nostri
2234 3565 2400 3597 Rothoma-
2418 3575 2454 3598 Η.
2473 3578 2501 3604 5.

1344 3608 1393 3645 gi,
1411 3608 1490 3645 quod
1507 3608 1556 3645 ipfi
1575 3609 1608 3638 ὅ(
1628 3617 1728 3638 eorum
1748 3608 1864 3647 quilibet
1880 3606 2084 3641 Instrumenta,
2102 3602 2240 3635 victualia
2255 3627 2265 3642 ,
2281 3613 2316 3635 ac
2334 3613 2400 3635 orn-
2418 3608 2484 3637 lbid.
2498 3615 2536 3634 m.

1345 3647 1389 3676 nia
1408 3647 1455 3675 alia
1471 3645 1638 3684 necessaria,
1656 3646 1705 3676 {ibi
1723 3656 1756 3677 ac
1773 3644 1977 3684 Opemtoribus
1994 3642 2216 3673 Laboratoribus
2228 3642 2259 3672 Ο
2281 3643 2333 3673 eris
2347 3652 2402 3674 no·
2424 3656 2469 3685 33.
2480 3644 2534 3674 dor.

1345 3684 1393 3713 stri
1411 3683 1537 3721 praedidti
1556 3683 1708 3721 aliqualiter
1725 3684 1919 3715 incumbentia
1933 3705 1944 3720 ‚
1968 3683 1997 3711 in
2018 3679 2242 3719 quibuscumque
2289 3683 2351 3712 ocis
2367 3682 2402 3712 &

1346 3722 1481 3752 Mercatis
1500 3722 1551 3752 sibi
1570 3723 1722 3760 placuerit,
1741 3733 1794 3762 pro
1812 3722 1903 3760 pretio
1921 3718 2076 3749 rationabili
2091 3739 2101 3756 ,
2118 3728 2203 3756 prout
2222 3729 2293 3750 cutn
2312 3720 2404 3750 Parti-

1346 3761 1396 3790 bus
1415 3768 1545 3796 poterunt
1566 3761 1757 3799 concordare,
1770 3769 1885 3797 emere,
1900 3758 2030 3789 ordinare
2043 3778 2054 3795 ,
2069 3756 2104 3787 &
2122 3756 2274 3794 providere
2285 3781 2296 3797 ,
2320 3759 2356 3790 ὃς
2373 3767 2406 3789 α

1346 3799 1444 3829 omnia
1461 3800 1494 3828 δί
1511 3799 1616 3835 singula
1635 3800 1719 3837 usque
1733 3798 1838 3829 Villam
1853 3796 1976 3827 nostram
1994 3795 2031 3826 de
2049 3794 2171 3833 Rouen‚
2189 3805 2246 3828 tam
2265 3807 2316 3836 per
2328 3797 2406 3827 Ter-

1348 3845 1409 3866 ram
1425 3858 1435 3874 ,
1462 3837 1549 3873 quam
1571 3848 1621 3874 per
1639 3837 1752 3875 Aquam
1769 3859 1780 3875 ‚
1801 3846 1851 3874 per
1869 3834 1907 3866 Se
1919 3857 1930 3872 ‚
1951 3833 1997 3866 vel
2015 3833 2076 3864 suos
2093 3855 2104 3872 ‚
2126 3834 2230 3867 ducere
2252 3836 2286 3866 δε
2304 3836 2407 3866 cariare

1348 3873 1454 3912 possint
1471 3875 1559 3905 libere
1577 3875 1612 3905 &
1629 3876 1768 3912 impune,

1385 3910 1533 3951 ipsosque,
1548 3913 1727 3952 Johannem,
1744 3910 1921 3951 Johannem,
1939 3908 2114 3949 Johannem,
2131 3911 2165 3942 &
2177 3910 2356 3950 Johunnm,
2373 3920 2408 3942 ac

1349 3950 1559 3988 Instrumenta,
1579 3951 1736 3988 Vidiualia,
1754 3949 1940 3987 Operatores,
1960 3948 2146 3980 Laboratores
2162 3971 2173 3987 ,
2191 3949 2308 3987 Equos,
2325 3949 2409 3987 Qua-

1351 3990 1457 4028 drigas,
1474 3989 1614 4027 Batenos,
1629 3988 1783 4026 Hemefia,
1800 3985 1944 4026 Cariagia,
1964 3988 1998 4019 ὃς
2014 3987 2066 4019 alia
2088 3994 2281 4026 quaecumque
2297 3986 2410 4030 Opera-

2326 4032 2413 4057 tioni-
