2562 4274
860 116 971 159 ET
1056 111 1325 158 ACTA
1408 112 1883 161 PUBLICA.

52 206 128 237 Ann.
142 204 185 237 D.
206 207 315 247 Regio,
333 205 375 237 'ac
393 202 442 236 sub
459 198 614 242 Ypotheca
631 203 665 235 &
683 203 868 241 obligatione
885 203 1018 233 omnium
1037 202 1184 233 Bonorum
1204 212 1259 232 no⁴
2373 197 2501 242 AnnTD,

74 244 158 285 1418.
203 245 341 282 strorum,
365 244 542 282 praesentium
562 244 597 274 &
616 243 793 279 futurorum,
818 242 886 272 Nos
905 241 1029 279 Ratum‚
1050 240 1195 277 Gratum,
1221 241 1255 270 δε
2156 245 2294 249 --“
2400 241 2489 280 14183

54 289 118 312 Hm.
133 292 161 320 5.
200 284 330 314 Firmum
345 290 481 321 perpetuo
492 281 635 311 habituros
649 289 744 311 totum
758 280 791 310 ὃς
805 279 938 317 quicquid
961 289 1010 322 per
1023 278 1141 323 ‘dietum
1163 278 1258 308 Com·
1535 290 1707 335 Prorogatio
1722 295 1775 335 per
1795 292 1911 323 Ducem
1929 288 2114 337 Bmgundiae,
2370 284 2434 308 Heu.
2447 289 2480 315 5,

204 322 357 351 miliarium
377 321 411 349 &
433 320 647 350 Procuratorem
666 318 817 356 nostrum,
843 327 872 347 ut
896 325 1073 354 praemlttltur
1089 340 1098 355 ,
1122 317 1232 347 Actum
1248 339 1258 353 ,

202 358 347 429 ¹(festum,
364 358 411 389 seu
424 357 612 389 Procuratum
628 357 711 388 fuerit
725 358 754 387 in
767 356 933 394 Praemiffis,
953 355 986 385 &
1002 355 1110 394 lingulis
1124 355 1259 386 Praemis-

214 405 308 428 orum.

278 433 313 464 In
326 435 421 472 cuius,
438 434 499 465 &c.

242 471 311 502 Dat.
329 472 379 503 sub
396 471 497 511 Magni
508 471 595 512 Sigilli
607 470 696 503 nostri
709 471 892 502 Testimonio
907 470 981 510 apud
995 473 1104 500 Baieux
1122 468 1260 503 vicesimo

205 511 301 549 primo
314 510 360 541 die
373 510 481 542 Martii.

1306 369 1365 432 A
1383 371 1485 403 Toutz
1509 371 1607 409 ceulx‚
1623 373 1671 409 qui
1692 383 1738 403 ces
1754 374 1892 411 presentes
1917 375 2026 405 Lettres
2040 382 2175 412 verront,
2191 373 2305 404 Guillem
2328 375 2359 403 de
2379 362 2504 395 ‘xm-13⁴

1383 410 1577 448 Champdivers
1600 410 1747 448 Cliivaler,
1767 411 1922 442 Conseiller
1943 414 1977 443 &
1997 412 2192 442 Chambellain
2213 414 2267 451 du,
2284 413 2358 443 bault
2396 403 2480 440 14¹3·

1306 446 1341 476 &
1356 450 1476 485 puiffant
1488 448 1591 479 Prince
1604 450 1637 479 ὃς
1653 459 1724 478 mon
1739 450 1873 479 Soverain
1895 451 2046 490 Seigneur,
2066 450 2214 481 Monlieur
2232 451 2267 481 de
2290 450 2360 481 Bur-
2378 445 2413 468 “¹'‘
2440 449 2460 476 5
2463 461 2470 468 ·

1307 487 1427 525 goigne,
1447 486 1650 518 Commiffaire
1664 487 1792 525 d'ycellui
1807 488 1941 526 Seigneur
1954 499 1988 518 en
1999 489 2059 519 cest
2082 490 2185 527 partie,
2203 500 2288 520 come
2313 500 2360 527 par
2378 484 2409 506 H.
2428 487 2456 513 5·
2504 519 2509 527 ¹

1308 524 1347 558 ses
1361 525 1470 556 Lettres
1481 525 1632 563 Patentez,
1652 525 1760 555 Seellez
1774 526 1809 555 de
1821 525 1871 555 son
1886 526 1948 557 Seal
1962 527 2065 565 secret,
2083 528 2116 558 &
2131 527 2240 558 donnes
2254 539 2268 558 3
2282 528 2359 558 Tro·
2375 522 2464 545 N0'm·
2480 516 2508 546 ⁶⁴³

1307 562 1345 591 ies
1370 563 1394 593 le
1416 565 1499 595 xxvii.
1514 565 1577 600 jour
1592 564 1631 593 du
1646 563 1728 593 Mois
1739 563 1775 593 de
1787 564 1907 594 Feveter
1923 565 2029 595 darrein
2045 565 2135 605 passe,
2155 576 2220 603 puet
2234 567 2362 604 apparoir
2378 560 2411 582 H.
2438 563 2455 590 5
2460 577 2464 581 -
2483 561 2511 591 1⁵-

1308 600 1472 667 l(desquelles
1484 602 1508 632 la
1522 601 1624 632 Tenur
1635 601 1677 631 est
1690 603 1857 641 incorporee
1872 611 1907 632 en
1923 603 1947 633 la
1960 603 2000 633 fin
2013 603 2048 634 de
2072 613 2117 634 ces
2138 604 2291 643 Preseutes)
2313 604 2363 635 Sa·
2382 601 2448 624 ¹³⁷¹·
2463 601 2511 628 4¹²

1320 646 1356 668 ut.

1346 675 1495 715 Comme,
1511 688 1583 715 pour
1603 679 1700 708 bonne
1719 678 1803 715 Paix,
1822 677 1952 717 Amour,
1969 679 2003 710 ὃ(
2023 679 2212 718 Tranquillite
2233 682 2310 712 avoir
2330 680 2365 712 δὲ

1309 722 1424 746 trouver
1445 724 1540 754 entre,
1565 716 1753 747 tresexcellent
1771 716 1917 753 treffiault,
1941 719 1974 749 '&
1997 718 2055 748 tres
2070 719 2168 748 uitiant
2190 719 2290 750 Prince
2306 743 2315 756 ,
2339 720 2367 750 le

1310 753 1380 791 Roy
1401 753 1610 792 d'Engleterre,
1636 754 1675 785 ses
1698 755 1871 793 Roiautnes‚
1890 755 2030 794 Subgiez,
2073 757 2137 794 aiis,
2155 756 2276 796 Terres,
2294 757 2365 788 Pos-

835 591 889 618 Per
901 587 984 627 ipsum
999 589 1104 624 Regem.

491 712 541 744 De
558 709 644 743 distis
661 710 787 757 Treugis
800 714 977 758 prorogatis.

60 799 136 832 Ann.
150 799 193 831 D,
285 795 388 827 Toutz
407 796 488 827 ceulx
503 816 513 834 ,
543 797 591 834 qui
613 805 661 827 ces
681 795 817 833 presentes
845 795 952 825 Lettres
977 801 1115 838 verront,
1144 792 1268 822 Richard
1311 791 1423 821 seffions
1436 814 1444 829 ,
1470 794 1503 822 &
1525 791 1601 821 Mon
1623 792 1663 822 dit
1680 795 1806 829 Seigneur
1826 794 1858 822 de
1880 795 2047 838 Bur-gorgne,
2070 795 2109 838 ses
2131 795 2190 824 Sub
2210 797 2253 833 iz,
2279 795 2368 834 Paiis,

83 839 168 879 1418.
286 834 457 872 Beauchamp
472 838 558 865 Count
574 835 607 865 de
625 834 801 872 Warrewyk,
823 835 857 864 ὃ(
876 833 1050 864 Counseiller
1067 831 1123 870 du,
1146 831 1264 875 Tresex-
1311 830 1432 867 Tei-res,
1448 830 1481 860 &
1497 830 1684 874 Poffeffions,
1701 833 1734 862 &
1749 840 1822 868 pour
1841 829 1949 861 eschuir
1971 841 2033 863 tout
2053 842 2121 863 vore
2141 804 2256 863 (1051,st
2276 834 2308 864 &
2331 834 2367 864 de

61 883 114 907 An.
127 887 155 914 5.
210 870 313 903 cellent
325 895 336 911 ,
361 872 511 904 Treshault
523 896 533 911 ,
559 874 592 903 &
610 872 800 910 Trespuiflant
818 871 920 901 Prince
937 894 946 909 ,
974 871 1007 901 &¹
1026 880 1097 900 mon
1117 869 1266 900 Soveraine
1313 867 1442 911 Guerre,
1461 878 1510 906 qui
1525 869 1595 904 long
1609 877 1700 906 temps
1714 879 1732 908 y
1749 878 1801 899 ont
1815 868 1888 906 este,
1909 872 1924 887 *
1939 880 1978 901 ou
1993 870 2151 909 tresgraund
2164 871 2312 909 dammage
2334 873 2366 902 &
2381 878 2396 894 ι
2416 877 2470 905 1324

61 922 96 945 Η.
113 925 140 952 5.
211 909 343 949 seigneur
354 933 364 950 ,
390 910 415 940 le
433 914 488 951 Roy
505 912 537 941 de
554 914 658 941 France
679 910 717 944 ἔγ
742 909 929 946 d’Engleterre
943 932 951 947 ,
974 909 1008 939 &
1034 908 1173 945 Seigneur
1197 907 1267 937 d’Ir-
1313 906 1454 944 prejudice
1476 906 1524 950 des
1546 906 1664 945 Subgies
1685 907 1722 937 de
1733 907 1789 937 l'un
1803 908 1836 938 &
1850 908 1886 937 de
1898 907 1994 939 l'autre
2008 911 2109 947 partie,
2129 908 2273 940 Certaines
2286 910 2369 940 Trie-
2386 918 2452 952 564.

61 960 147 984 Franc.
166 963 195 990 5.
210 948 274 979 land
290 972 299 988 ,
322 950 355 980 &
373 948 576 980 Commiffaire
593 949 712 979 d’icellui
730 957 801 978 mon
819 948 971 978 Soveraine
988 947 1123 985 Seigneur
1140 957 1174 976 en
1193 946 1268 976 ceste
1314 955 1362 975 ues
1383 945 1416 974 &
1440 944 1626 976 Abstmences
1649 945 1686 976 de
1704 955 1804 984 guerre
1819 947 1893 976 aient
1907 945 1965 977 este
1979 949 2094 986 prinses,
2111 946 2171 983 ὅγε.
2181 955 2262 987 prout
2268 944 2372 987 fhpra,

62 999 96 1022 H.
134 1012 143 1022 ,
158 1002 195 1022 m,
211 987 299 1025 partie
344 997 431 1019 come
457 997 505 1025 par
529 997 575 1018 ces
599 987 706 1017 Lettres
731 985 859 1016 Patentes
875 1011 884 1024 ,
911 986 1007 1016 seellez
1028 986 1064 1016 de
1081 985 1130 1015 son
1148 984 1268 1015 Graund
1314 987 1430 1013 mutatis
1443 985 1598 1022 mutandis,
1615 995 1632 1013 u
1645 995 1694 1024 que
1708 984 1764 1014 haec
1777 984 1883 1021 verba,
1903 989 1965 1015 viz.

114 1002 132 1029 5
212 1010 405 1057 sl'&d
573 1023 1248 1055 B·1x··derainffe

62 1033 91 1060 8.
212 1035 280 1101 pteizt
293 1035 520 1103 ’apparoii-mffieess
535 1035 699 1102 aquefllgsmla
708 1034 894 1094 eTsznrhrLoth
911 1034 1116 1101 {icospsseeaerri
1134 1063 1159 1093 la
1172 1033 1218 1092 lsian
1233 1045 1270 1092 de’:
1354 1060 1395 1091 La
1411 1060 1545 1104 ‚Teneur
1570 1060 1611 1093 du
1638 1061 1748 1093 Povoir
1769 1062 1802 1094 ὅ(
1825 1060 1991 1093 Comiffion
2014 1056 2085 1093 dont
2111 1055 2241 1094 desshsdit
2264 1062 2305 1094 est
2326 1063 2374 1094 fait

211 1112 260 1133 ces
277 1102 413 1138 Presents)
430 1101 516 1133 Salut-
1315 1098 1465 1129 Mencion.

250 1140 364 1178 Come,
381 1150 454 1178 pour
471 1141 531 1170 bon
547 1140 631 1178 Paix,
650 1139 779 1184 Amour,
795 1141 828 1171 δε
844 1140 1030 1183 Tranquillite
1047 1140 1127 1170 avoir
1140 1139 1173 1170 &
1187 1147 1268 1170 trou-
2032 1178 2037 1184 ¹
2212 1178 2220 1184 .

208 1187 261 1211 ver
276 1185 355 1210 entre
373 1188 444 1209 mon
460 1178 502 1210 dit
520 1178 655 1210 Soverain
672 1179 806 1218 Seigneur
818 1179 842 1208 le
857 1181 927 1218 Roy,
945 1181 984 1209 ies
1001 1179 1049 1208 Ro
1068 1188 1179 1221 aurnes,
1194 1177 1268 1220 Sub-
1343 1174 1489 1219 ohannes,
1509 1176 1780 1220 Dux Burgundice,
1798 1176 1908 1208 Comes
1927 1177 2080 1216 Flandriae,
2098 1177 2237 1217 Arthesn,
2253 1178 2286 1209 δε
2307 1177 2378 1209 Bur-

209 1221 278 1257 gys,
297 1217 385 1256 Pays,
402 1217 523 1256 Tei-res,
542 1217 575 1248 δε
593 1217 778 1255 Poffeffions,
796 1218 847 1255 &‚
867 1217 984 1261 lenhault
1001 1218 1034 1248 &
1074 1216 1171 1247 utffant
1186 1215 1268 1245 Prin·
1358 1213 1486 1252 gundlae,
1505 1212 1646 1258 Palatinus
1663 1214 1810 1257 'Dommus
1832 1215 1868 1245 de
1888 1216 1990 1247 Salains
2004 1217 2038 1260 &.
2050 1217 2086 1247 de
2101 1215 2378 1261 Maelina2univer-

211 1264 263 1292 ce,
286 1254 310 1285 le
328 1258 390 1285 Duc
407 1257 439 1286 de
457 1258 623 1293 Burgoigne,
647 1256 685 1286 ses
703 1256 768 1294 Sub⁸
783 1265 827 1294 γε,
852 1255 938 1299 Paus,
965 1254 1086 1292 Terres,
1104 1255 1137 1285 ὃς
1157 1252 1270 1298 Posses-
1317 1250 1363 1289 fiS,
1382 1251 1416 1281 ad
1433 1261 1556 1289 quorum
1571 1251 1715 1282 Notitiam
1730 1253 1881 1284 Praesentes
1893 1264 2087 1293 pervenerint,
2104 1264 2237 1286 aeternam
2249 1266 2279 1285 1n
2293 1254 2381 1286 Chn-

210 1288 300 1331 fions,
319 1295 353 1325 &
370 1294 566 1363 poursteschuir
584 1302 663 1361 tcsiute
676 1296 762 1363 ἕοίεὓ
780 1304 796 1324 e
813 1294 873 1324 Fau
890 1293 989 1363 &&d‹{,
996 1292 1270 1361 (ἧοὲζῑεᾞᾳυιὲοῐὲὲ
1317 1288 1537 1358 ἂοοὸυειὲζιιὲυω,εΐ
1550 1327 1652 1359 fuerint
1666 1330 1743 1359 initae
1760 1329 1792 1359 ὃς
1917 1330 1935 1361 d
2101 1331 2131 1361 T
2246 1332 2264 1362 s
2312 1331 2361 1363 Ab

210 1339 272 1409 ἓξ,
275 1342 396 1402 ldsteyl'tcstti1
398 1341 442 1402 [ἕξ
459 1340 967 1410 lffaglsrgrlgagrrtig,ecertaatirtlitansgssieues
983 1340 1270 1414 ἑξμλέῗὶῗηεῗςεεῃῴ
1317 1364 1453 1397 stinentiae
1475 1337 1594 1411 guerrae
1615 1369 1705 1405 inter,
1723 1339 2118 1415 Serensffiritciffinaffigecripagm
2135 1340 2378 1414 {ueffoffinuffl

213 1408 329 1440 Guerre
353 1420 368 1440 a
388 1417 436 1440 ent
462 1410 520 1441 este
544 1409 645 1448 prinses
659 1432 668 1447 ,
691 1419 777 1441 come
801 1418 848 1453 par
874 1409 912 1439 les
938 1409 1047 1458 Lettres
1072 1408 1191 1458 §piceulx
1209 1407 1271 1437 Set-
1317 1402 1570 1472 Consangtluneum
1585 1405 1716 1441 nostrum
1730 1405 1931 1445 Carissimum,
1945 1410 2110 1454 flenrzcam,
2131 1407 2189 1439 Dei
2202 1408 2305 1447 gratia,
2323 1411 2378 1439 Re-

211 1455 340 1524 {lgitsrsaii
367 1448 678 1525 {ffagialrtgfffeeles
693 1471 703 1487 ,
728 1448 762 1480 &
780 1448 879 1478 baillez
899 1446 936 1478 de
953 1446 1012 1478 lun
1030 1458 1046 1478 a
1063 1446 1158 1477 lautre
1171 1471 1180 1485 ,
1205 1453 1272 1484 puet
1313 1444 1972 1526 {nggasltngrgaeffiaf-ghgen{stolgsitfflqgeoeneglgflffirjt2
1990 1447 2277 1484 partibus,duraturae
2292 1447 2379 1486 usque

149 1541 157 1550 ·
249 1525 268 1544 *¹
287 1524 326 1555 Et
363 1526 440 1563 epuis
457 1535 471 1556 a
491 1534 537 1557 ent
554 1526 591 1556 les
609 1524 678 1556 dites
693 1524 813 1555 Trieues
832 1524 865 1555 &
885 1523 1070 1555 Abstinences
1084 1523 1120 1554 de
1143 1523 1273 1561 Guerre,
1394 1529 1475 1551 otum
1501 1530 1608 1551 acimus
1622 1524 1682 1559 quo
1750 1532 1799 1559 OS,

68 1521 146 1587 ‘⁶1x
347 1535 489 1594 lS'y
625 1564 633 1593 l
710 1563 741 1594 G
806 1562 884 1593 sffis
1013 1562 1083 1592 fd
1210 1562 1217 1592 l
1356 1520 1391 1550 N
1489 1520 1504 1549 f
1684 1521 1749 1552 dN

65 1568 84 1596 5
106 1568 133 1597 3·
212 1571 262 1600 Pax
275 1571 375 1601 yceux
409 1573 556 1602 eigneurs,
571 1574 610 1594 ou
635 1573 696 1594 eurs
743 1573 791 1593 ens
816 1573 833 1593 u
878 1571 992 1593 aument
1024 1573 1064 1592 on
1086 1571 1136 1599 ez,
1156 1572 1208 1599 pro
1219 1572 1274 1592 on-

235 1610 279 1631 ees
300 1602 335 1632 &
354 1599 491 1641 Alongies
511 1602 692 1633 finablement
709 1601 820 1640 jusques
832 1611 848 1631 a
863 1601 923 1632 cest
936 1601 1001 1632 Fest
1015 1601 1052 1632 de
1064 1600 1201 1640 Pasques,
1220 1610 1275 1639 que

229 1639 273 1670 'en
288 1638 359 1670 Dira
373 1640 442 1671 l'An
459 1640 563 1679 Mille,
582 1641 615 1671 ὃς
629 1649 711 1672 cccc.
730 1640 764 1672 &
780 1641 856 1671 xviii.

253 1678 353 1709 Savoir
379 1678 480 1709 faisons
504 1688 559 1715 que
577 1689 650 1709 nous
663 1702 673 1717 ,
697 1689 733 1710 en
753 1679 830 1709 usant
847 1678 885 1709 du
906 1678 1015 1709 Povoir
1033 1678 1066 1709 &
1086 1676 1277 1709 Mandement

212 1715 249 1747 de
265 1726 336 1747 mon
353 1716 394 1748 dit
411 1717 564 1758 Soveraign
580 1717 718 1756 seigneur
729 1740 739 1756 ,
770 1718 804 1748 &
823 1727 895 1755 pour
911 1718 949 1747 les
968 1717 1059 1748 causes
1076 1726 1233 1748 contenues
1250 1726 1279 1746 es

217 1755 326 1787 Lettres
343 1755 392 1786 des
409 1756 529 1787 Trieues
546 1757 580 1788 &
601 1756 786 1787 Abstinences
804 1755 840 1785 de
859 1756 972 1787 Guerre
985 1755 1140 1794 desusditz,
1155 1756 1187 1786 ὃ(
1204 1755 1278 1785 Pro-

217 1794 506 1871 ἰἓὲῗὲξέζῑῗζίςῗξὲῗ
517 1794 1039 1865 ἒὲεοὲῖεῖἱξῖἒὲὶθῗωὸἕῑιῗξιῗῗῗέῐέξ
1052 1794 1278 1864 ξέοᾹὲᾗῗὲἓηῗὲ

219 1871 258 1901 de
277 1871 388 1901 Guerre
402 1857 512 1910 jusques
530 1881 564 1902 au
582 1872 644 1908 jour
660 1871 695 1902 de
710 1856 818 1902 la’Fest
835 1871 912 1902 Saint
931 1871 1044 1902 Michel
1059 1871 1213 1909 prouchain
1229 1881 1278 1902 ve·

220 1917 288 1940 nant
303 1908 399 1945 (saunz
416 1919 526 1941 aucune
544 1911 729 1941 Renovation
745 1920 784 1941 ou
803 1910 955 1941 Extenfion
973 1910 1020 1941 des
1043 1910 1113 1940 dites
1137 1909 1257 1939 Trieues
1269 1933 1279 1946 ,

219 1958 260 1978 ou
280 1946 466 1979 Abstinences
482 1947 518 1979 de
534 1948 660 1988 Guerre,
679 1959 718 1979 ou
736 1946 869 1980 d’aucuns
887 1949 1008 1980 Articles
1024 1948 1165 1985 d’icelles,
1177 1958 1281 1978 autres-

221 1985 299 2023 (οἰκ,
317 1995 404 2017 come
418 1986 522 2018 devant
536 1986 578 2017 est
592 1988 649 2026 dit,
668 1987 822 2027 Prorogiez
840 1988 873 2019 &
892 1987 1065 2025 Relongies,
1083 1987 1195 2024 forsque
1210 1986 1280 2016 seul-

221 2032 304 2054 ment
317 2034 353 2054 en
366 2025 391 2055 la
405 2024 595 2064 Relongation
608 2035 647 2056 ou
663 2026 850 2065 Prorogation
864 2025 903 2056 du
917 2026 1020 2064 temps)
1037 2034 1100 2056 tout
1114 2035 1150 2055 en
1162 2025 1186 2054 la
1202 2024 1281 2055 four-

223 2072 273 2094 me
292 2063 326 2094 ὃς
348 2064 455 2094 manier
475 2063 541 2102 qu’il
562 2071 614 2094 ont
634 2063 690 2094 este
713 2065 747 2096 &
769 2063 831 2096 sont
848 2064 924 2095 faites
936 2065 970 2097 &
983 2065 1146 2103 appointes,
1164 2063 1282 2094 durantz

226 2111 345 2132 encores
355 2102 462 2140 jusques
477 2112 512 2132 au
526 2101 568 2132 dit
581 2101 715 2142 Pasques,

262 2139 317 2169 Les
332 2140 433 2178 quelles
450 2140 568 2171 Trieues
585 2141 619 2172 δε
638 2141 814 2173 Abstinence
831 2141 867 2173 de
885 2141 998 2172 Guerre
1010 2165 1020 2179 ,
1045 2141 1109 2172 ainfi
1127 2140 1285 2180 Prorogiez

225 2177 261 2209 &
280 2178 446 2215 Relongiez
461 2203 471 2218 ,
497 2179 584 2210 Nous
609 2179 793 2211 Promettons
806 2203 815 2218 ,
837 2191 877 2211 ou
899 2190 971 2211 nom
996 2190 1052 2218 que
1073 2179 1186 2217 deffus,
1212 2179 1285 2210 estre

225 2215 352 2247 d’autelle
374 2217 455 2248 force
480 2219 514 2249 &
536 2219 632 2257 vigeur
655 2228 743 2250 corne
759 2220 787 2250 se
804 2220 841 2250 les
861 2219 970 2250 Lettres
989 2218 1037 2249 des
1055 2217 1125 2248 dites
1142 2218 1261 2249 Trieues
1274 2241 1285 2256 ,

228 2254 417 2286 Abstinences
429 2277 439 2294 ,
462 2256 497 2287 &
515 2255 718 2294 Prorogations
737 2256 857 2288 d'icelles
874 2259 934 2296 (qui
951 2257 1053 2287 durent
1064 2256 1176 2295 jusques
1190 2266 1225 2287 au
1243 2256 1287 2287 di-

228 2300 269 2325 tes
287 2292 418 2332 Pasques)
437 2293 551 2324 fuissent
567 2305 771 2335 encorporees,
785 2297 819 2328 de
834 2305 897 2327 mot
911 2307 927 2327 a
939 2305 1019 2333 mot,
1039 2305 1074 2325 en
1089 2294 1194 2333 cestes,

267 2330 306 2362 Et
331 2331 513 2363 Promettons
535 2333 569 2364 &
590 2333 695 2372 Jurons
710 2359 719 2372 ,
747 2344 783 2365 en
811 2335 914 2365 l’Alme
931 2334 967 2365 de
985 2344 1057 2364 mon
1076 2333 1117 2364 dit
1135 2333 1288 2364 Soveraine

228 2369 368 2407 Seigneur
385 2370 410 2399 le
427 2373 467 2400 Ro
498 2394 507 2409 ‚
535 2381 590 2409 que
607 2373 672 2402 bien
692 2373 726 2404 &
744 2372 888 2404 loialment
905 2383 923 2411 y
942 2372 1055 2410 gardera
1068 2396 1076 2409 ,
1103 2372 1136 2402 &
1155 2372 1209 2402 fera
1226 2381 1288 2411 gar—

229 2408 282 2438 der
300 2408 337 2439 les
355 2408 444 2440 dictes
495 2409 582 2440 rieues
600 2411 633 2442 &
649 2410 825 2442 Abstinence
842 2411 879 2442 de
902 2411 1015 2442 Guerre
1030 2433 1040 2449 ,
1068 2410 1152 2440 saunz
1175 2411 1213 2440 les
1239 2421 1290 2440 en-

230 2445 367 2486 fraindre,
383 2458 419 2478 ne
437 2447 529 2479 suffrir
546 2448 703 2479 enfraindre
720 2460 755 2480 en
773 2450 894 2488 quelque
910 2451 1015 2480 manier
1034 2459 1089 2487 que
1101 2459 1135 2479 ce
1153 2448 1221 2486 soit,
1236 2450 1290 2485 jus-

232 2494 359 2554 {pech-{231
380 2486 426 2555 §sicit
446 2486 519 2530 Jour
540 2486 576 2518 de
602 2486 679 2518 Seint
704 2488 816 2520 Michel
830 2513 841 2527 ,
874 2498 929 2527 que
947 2488 1001 2519 l'en
1020 2487 1092 2518 Dira
1110 2487 1177 2517 l’An
1205 2487 1290 2518 Mille

354 2548 360 2554 .
427 2533 502 2555 xviii.

271 2561 328 2606 Et,
341 2562 450 2606 oultre,
469 2562 655 2594 Promettons
668 2564 702 2594 &
733 2575 834 2604 urons,
851 2575 888 2596 en
902 2565 1006 2596 l'Alme
1024 2564 1060 2594 de
1076 2574 1147 2594 mon
1166 2564 1224 2595 dite
1237 2563 1291 2595 So-

234 2601 519 2678 ἕεῗῖὲὲἓυδὲἕῗῗῖἷζ
567 2602 1292 2680 ἓὶᾒῖὲιὲῗοῑτὲἓὲἰ350ξὲξεὶἶέ1ῗὶεέὲὲἱῖξὸΡῖἒί

234 2679 363 2717 rogation
378 2679 411 2709 &
426 2677 629 2716 Prolongation
642 2679 689 2710 des
702 2679 820 2711 Trieues
834 2682 867 2711 ὃς
884 2680 1060 2710 Abstinence
1075 2679 1111 2709 de
1124 2679 1237 2710 Guerre
1246 2702 1255 2717 ,
1268 2679 1291 2710 le

233 2718 307 2754 Roy,
321 2725 393 2747 mon
416 2716 457 2747 dit
474 2716 646 2756 Soveraigne
664 2717 815 2757 Seigneur,
832 2719 902 2749 ferra
923 2718 1037 2756 baillet,
1055 2718 1158 2749 dedens
1173 2718 1198 2748 le
1214 2717 1293 2757 Cyn-

234 2754 451 2825 fggffi‘ffiss'fie‘sle
465 2754 554 2795 May,
571 2767 590 2786 a
601 2756 730 2787 Vernoille
743 2756 780 2788 les
792 2760 868 2788 Senes
877 2782 886 2796 ,
906 2757 1015 2788 Lettres
1030 2756 1159 2788 Pareilles
1171 2766 1210 2787 ou
1219 2755 1293 2787 Por-

272 2869 400 2901 C'ensuit
420 2869 445 2900 la
463 2869 580 2902 Teneur
605 2870 644 2902 du
666 2871 775 2904 Povoir
795 2872 829 2904 &
849 2872 1044 2904 Commission
1057 2871 1130 2903 dont
1153 2872 1293 2905 dessuisdit

234 2908 276 2940 est
287 2909 337 2940 fait
349 2910 478 2940 mention
485 2931 495 2947 ,

312 2986 441 3024 Enricus,
460 2985 519 3017 Dei
558 2985 642 3024 tatia,
667 2988 727 3016 Rex
748 2988 869 3016 Franciae
892 2984 931 3021 ὠ·
949 2986 1079 3024 Angliae,
1095 2988 1129 3018 ὃς
1145 2986 1293 3018 Dominus

292 3059 297 3065 ,
328 3023 492 3063 Hiberniae,
547 3026 677 3063 niverlis,
695 3024 730 3055 ad
753 3033 879 3062 quorum
892 3026 1021 3056 notitiam
1034 3026 1180 3063 praesentes
1193 3035 1292 3064 perve-

238 3068 348 3097 nerint,
366 3070 499 3093 aeternam
512 3064 541 3094 in
555 3063 672 3094 Christo
689 3063 821 3095 Salutem.

254 3136 260 3141 ἱ
276 3096 355 3128 Cum
371 3107 459 3137 nuper
473 3099 575 3132 fuerint
589 3103 666 3133 initae
679 3103 712 3134 &
727 3101 909 3133 concordatae
923 3101 1051 3138 Treugae
1060 3124 1069 3140 ,
1079 3101 1124 3132 seu
1139 3101 1294 3133 Abstinen-

238 3143 287 3166 tiae
302 3135 439 3176 Guerrae,
458 3138 530 3169 inter
549 3142 624 3177 Nor,
643 3149 677 3170 ex
688 3140 742 3171 una
775 3141 824 3178 δε,
843 3140 1055 3171 Serenisfimum
1076 3139 1239 3177 Principem
1259 3142 1292 3172 &

239 3173 422 3213 Dominum,
440 3175 686 3216 Consanguineum
700 3164 829 3209 nostrum
842 3178 1032 3216 cariffimum,
1050 3178 1211 3217 Johannem
1230 3181 1293 3208 Du-

238 3223 293 3242 cem
306 3214 486 3252 Burgundiae,
503 3222 538 3245 ex
550 3216 631 3246 altera
643 3217 779 3255 partibus,
796 3217 936 3249 duraturae
948 3217 1033 3255 usque
1048 3217 1082 3248 ad
1097 3216 1213 3248 Festum
1238 3216 1292 3248 Pa-

238 3251 312 3282 schae
324 3253 456 3289 proximo
470 3262 620 3284 venturum
630 3278 639 3291 ‚
788 3272 790 3274 ·

275 3289 395 3321 Notum
408 3291 526 3322 facimus
539 3292 618 3330 quod
630 3292 716 3331 Nos,

276 3328 326 3358 De
346 3328 489 3359 Fidelitate
509 3331 541 3361 &
563 3329 717 3368 Industria,
735 3329 865 3361 carisfimi
884 3330 998 3363 Confim
1020 3333 1094 3363 uinei
1114 3332 1219 3372 nostri,
1243 3335 1291 3363 Ri-

238 3364 335 3397 chardi
348 3367 517 3406 Beauchamp
526 3371 634 3398 Comitis
650 3370 809 3399 Warrwr'cae
824 3371 927 3400 merito
940 3379 995 3401 con
1017 3371 1127 3410 dentes,

275 3405 370 3443 Ipsum
392 3405 521 3437 Fecimus
570 3405 777 3438 Constituimus
792 3430 802 3445 ,
831 3407 864 3438 &
882 3408 1083 3440 Ordinavimus
1097 3432 1106 3447 ,
1136 3409 1266 3440 Facimus
1281 3433 1292 3449 ,

235 3442 459 3483 Censtituimus,
477 3445 510 3476 &
523 3429 714 3484 &rdinamuffi
732 3455 782 3483 per
801 3445 963 3484 praesentes,
980 3447 1110 3478 nostrum
1132 3457 1230 3478 verum
1252 3448 1292 3479 le-

235 3483 389 3520 gitimum,
406 3483 578 3521 generalem,
597 3485 631 3515 &
645 3484 857 3515 irrevocabilem
869 3483 1119 3524 Commissarium,
1141 3485 1202 3520 &c.
1210 3494 1291 3525 prout

229 3519 314 3559 fitpra
329 3521 361 3550 de
376 3524 447 3552 Dat.
465 3522 537 3561 apud
546 3522 655 3553 Baieux
668 3530 704 3552 21
722 3523 834 3553 Martii.

238 3595 562 3671 “gigegesmoignance
573 3599 610 3631 de
624 3608 657 3630 ce
670 3597 758 3631 Nous
770 3608 858 3631 avons
870 3598 933 3631 Seel
946 3609 992 3631 ces
1011 3600 1152 3632 Presentes
1168 3600 1205 3631 de
1225 3611 1292 3633 nos-

272 3713 382 3742 Donnes
393 3725 412 3742 a
426 3716 535 3744 Baieux
549 3714 574 3745 le
587 3714 662 3746 xxiv.
677 3716 744 3754 jour
755 3713 791 3745 de
805 3712 918 3752 Mares,
934 3713 999 3746 l’An
1015 3715 1053 3746 du
1074 3714 1171 3746 Grace
1193 3715 1292 3756 Mille,

236 3752 416 3821 ιςῗηεὸἰῗέιιὲ
437 3753 471 3784 ὃς
491 3753 530 3785 du
551 3754 655 3794 Regne
676 3763 748 3785 mon
767 3753 808 3785 dit
828 3752 999 3793 Soveraigne
1017 3754 1156 3793 Seigneur
1175 3754 1202 3785 le
1223 3754 1291 3795 Roy

262 4042 338 4076 nrm.
366 4043 415 4076 W.
433 4045 466 4081 Ρ,
484 4047 543 4081 lm

1358 1559 1406 1589 De
1423 1558 1553 1589 fidelitate
1567 1560 1600 1590 &
1613 1559 1762 1598 industria,
1775 1560 1872 1591 dilecti
1887 1560 1921 1591 &
1937 1560 2024 1591 fidelis
2039 1559 2383 1592 ConfiliariiCambellani

1321 1597 1428 1667 Eostri,
1454 1596 1580 1628 Domini
1601 1598 1743 1628 Guillermi
1763 1599 1795 1629 de
1816 1598 2020 1639 Campodiverso
2044 1599 2146 1630 Militis
2167 1601 2269 1630 merito
2290 1600 2383 1631 confi-

1342 1645 1418 1667 entes

1360 1660 1454 1713 Ipsuin
1479 1675 1632 1713 Fecimus,
1662 1674 1870 1707 constituimus
1883 1698 1893 1714 ,
1917 1676 1951 1706 ὅ(
1973 1676 2198 1714 ordinavimus,
2228 1676 2384 1716 Facimus,¹

1323 1713 1532 1746 Censtituimus
1549 1738 1559 1753 ,
1576 1715 1608 1746 ὃς
1630 1713 1803 1745 Ordinamus
1819 1738 1829 1752 ,
1848 1724 1898 1754 per
1918 1714 2068 1745 Praesentes
2084 1737 2093 1753 ,
2113 1715 2243 1746 nostrum
2264 1726 2381 1754 verum,

1323 1752 1499 1792 legitimum,
1542 1752 1699 1790 eneralem,
1722 1753 1756 1783 &
1775 1753 1991 1784 irrevocabilem
2009 1753 2258 1791 Ambaxiatorem‚
2285 1753 2383 1785 Com-

1323 1791 1495 1860 }nissarlium,
1543 1800 1756 1831 rocuratorem,
1779 1791 1921 1823 Adtorem
1936 1814 1946 1831 ,
1972 1791 2122 1823 Factorem
2138 1815 2147 1830 ,
2170 1793 2204 1823 &
2225 1792 2384 1824 Nuncium

1356 1840 1413 1860 ecia
1424 1840 1470 1860 ern

1335 1840 1517 1900 pDantes'&
1532 1865 1732 1900 concedentes
1745 1869 1837 1899 eidem
1850 1868 1966 1907 speciale
1981 1868 2150 1899 Mandatum
2181 1879 2215 1900 ac
2230 1869 2385 1907 plenariam

1325 1907 1359 1937 &
1372 1908 1571 1939 omnimodam
1586 1907 1759 1939 Potestatem
1769 1931 1778 1945 ,
1792 1906 1987 1945 Comparendi
2003 1917 2098 1938 coram
2112 1892 2192 1937 dicio
2200 1907 2384 1939 Sereniffimo

1325 1945 1458 1984 Principe
1473 1946 1691 1986 Consanguineo
1705 1945 1805 1976 nostro
1817 1945 2040 1985 Prae'cariffim0,
2055 1955 2100 1977 aut
2117 1947 2172 1984 ejus
2186 1947 2213 1976 in
2231 1947 2285 1978 hac
2308 1956 2386 1985 parte

1326 1984 1494 2015 sufficienter
1508 1985 1558 2016 De
1580 1987 1658 2016 utatis
1673 1984 1719 2015 seu
1737 1984 1929 2023 Deputandis,
1955 1997 1958 2001 ·

1365 2023 1494 2054 Necnon
1508 2024 1547 2054 ibi
1569 2034 1615 2054 em
1631 2023 1825 2060 Conferendi,
1840 2021 2009 2060 Tractandi,
2028 2023 2061 2054 &
2075 2022 2277 2055 Concludendi
2296 2021 2332 2053 de
2350 2023 2386 2055 δὲ

1327 2060 1408 2099 super
1424 2062 1625 2093 Renovatione
1639 2063 1672 2093 ὃ(
1687 2061 1890 2100 Prorogatione
1904 2061 2041 2091 distarum
2053 2062 2234 2098 Treugarum
2256 2061 2301 2092 seu
2324 2061 2387 2092 Ab-

1328 2099 1523 2131 stinentiarum
1546 2100 1685 2139 Guerrae,
1704 2110 1818 2131 necnon
1841 2099 1920 2130 Facti
1939 2099 2097 2130 Securitatis
2114 2099 2288 2130 Communis
2301 2099 2386 2130 Mera

1328 2140 1427 2170 cantiae
1446 2140 1572 2170 habentis
1592 2139 1715 2170 Cursum
1738 2140 1810 2169 inter
1829 2134 1931 2169 Patrias
1951 2138 2063 2179 Angliae
2081 2139 2114 2169 δε
2128 2138 2282 2177 Flandriae,
2301 2146 2388 2176 prout

1330 2178 1380 2208 fibi
1393 2177 1534 2209 videbitur
1547 2178 1691 2216 expedire,

1368 2215 1533 2254 Omniaque
1555 2217 1589 2247 &
1610 2215 1732 2254 singula,
1758 2223 1789 2246 ut
1807 2214 2001 2253 praemittitur,
2027 2214 2178 2253 TraCtata,
2205 2214 2390 2247 Concordata

1330 2254 1427 2292 fimul,
1453 2255 1486 2285 δε
1508 2254 1667 2292 Conclusa,
1692 2264 1760 2285 cum
1785 2255 1868 2284 omni
1887 2253 2040 2284 Securitate
2054 2277 2063 2292 ,
2089 2253 2180 2284 debita
2199 2254 2233 2285 δε
2255 2254 2389 2293 honesta,

1330 2293 1466 2324 Nomine
1481 2293 1595 2330 nostro,
1614 2292 1773 2330 Firmandi,

1370 2332 1414 2362 Ac
1435 2341 1536 2362 omnes
1559 2332 1591 2361 δε
1614 2331 1795 2361 omnimodas
1816 2329 2002 2367 Securitates,
2017 2328 2232 2368 Obligationes,
2261 2328 2295 2361 &
2314 2329 2393 2361 Cau-

1331 2371 1438 2408 tiones,
1453 2370 1536 2400 reales
1551 2371 1583 2400 &
1599 2369 1769 2407 personales,
1787 2379 1840 2406 pro
1856 2368 1955 2399 Nobis
1976 2368 2010 2399 &
2029 2367 2163 2399 Nomine
2182 2368 2295 2406 nostro,
2311 2369 2392 2407 super

1333 2409 1384 2439 hiis
1399 2408 1531 2439 Faciendi
1545 2411 1577 2438 ὃς
1594 2407 1782 2438 Promittendi
1791 2429 1801 2444 ,

1368 2447 1539 2486 Juraudique
1558 2448 1586 2476 in
1608 2446 1743 2476 Animam
1761 2444 1886 2476 nostram
1907 2444 1987 2484 quod
2011 2444 2161 2483 Trastata,
2179 2444 2341 2483 Conclusa,
2358 2446 2394 2477 &

1333 2484 1519 2516 Concordata
1532 2484 1690 2523 hujusmodi
1705 2484 1779 2515 Rata
1790 2484 1958 2514 habebimus
1971 2484 2004 2513 &
2020 2482 2126 2521 Grata,
2141 2493 2194 2514 nec
2207 2484 2310 2521 aliquid
2328 2493 2395 2521 pro-

1334 2525 1494 2555 curabimus
1509 2532 1564 2553 nec
1579 2523 1734 2560 faciemus,
1760 2533 1809 2561 per
1831 2522 1908 2559 quod
1926 2521 2059 2552 Tractata
2081 2522 2114 2552 ὃ(
2138 2519 2324 2553 Concordata
2341 2522 2395 2553 hu-

1330 2562 1454 2602 jusmodi
1473 2560 1590 2593 Effectu
1611 2562 1708 2592 debito
1730 2560 1852 2592 frustrari
1871 2559 1974 2599 poffint
1995 2560 2041 2590 seu
2067 2560 2288 2598 quomodolibet
2301 2561 2396 2599 impe-

1333 2602 1384 2632 diri

1371 2625 1554 2677 Securitates,
1572 2639 1696 2679 insuper,
1713 2637 1922 2676 Oblioationes‚
1946 2637 1979 2668 &
1999 2635 2169 2674 Cautiones,
2196 2646 2229 2668 ac
2246 2636 2396 2675 Juramen-

1335 2686 1416 2716 tum,
1434 2678 1593 2709 consimiles
1606 2678 1642 2708 ab
1658 2676 1760 2707 eodem
1781 2662 1964 2707 §ereniffimo
1987 2673 2139 2713 Principe,
2157 2676 2201 2705 seu
2222 2675 2274 2706 suis
2294 2676 2322 2705 in
2342 2675 2396 2706 hac

1334 2726 1412 2755 parte
1434 2717 1599 2754 Deputatis,
1626 2724 1657 2747 ut
1678 2715 1874 2753 praemittitur,
1892 2715 1936 2745 seu
1957 2713 2149 2753 Deputandis,
2177 2712 2312 2752 Petendi,
2329 2713 2397 2745 Exi-

1335 2755 1438 2795 gendi,
1457 2754 1628 2794 Stipulandi,
1646 2755 1678 2785 &
1690 2753 1877 2791 Recipiendi,
2211 2790 2215 2797 ν

1374 2794 1544 2832 Caeteraque
1564 2794 1663 2824 omnia
1682 2793 1716 2824 &
1738 2792 1843 2829 singula
1865 2790 2013 2829 Faciendi,
2038 2789 2215 2822 Excercendi
2248 2790 2282 2822 &
2303 2789 2397 2828 Expe-

1336 2832 1448 2870 diendi,
1467 2842 1531 2870 quae
1547 2834 1574 2862 in
1590 2830 1739 2862 Praemiffis
1753 2832 1785 2862 &
1801 2831 1876 2860 circa
1890 2829 1987 2860 eadem
2002 2829 2196 2861 convenientia
2211 2814 2332 2867 suerint,
2347 2829 2394 2860 seu

1337 2871 1486 2902 neceffaria
1502 2871 1546 2902 vel
1562 2869 1782 2909 quomodolibet
1794 2876 1952 2906 oportuna,
1971 2877 2004 2898 ac
2025 2877 2088 2905 quae
2108 2867 2222 2906 qualitas
2243 2868 2277 2899 &
2297 2876 2393 2898 natura

1336 2909 1496 2948 hujusmodi
1511 2909 1707 2948 Negotiorum
1722 2909 1838 2944 exigunt
1853 2907 1887 2938 &
1901 2907 2061 2944 requirunt,
2081 2905 2115 2936 &
2130 2916 2193 2944 quae
2212 2906 2322 2936 nosmet
2343 2905 2394 2943 ipfi

1336 2949 1427 2979 facere
1441 2948 1584 2986 possemus
1607 2947 1626 2977 si
1647 2946 1823 2984 personaliter
1843 2944 2051 2982 interessemus,
2069 2945 2153 2975 etiam
2174 2945 2194 2975 fi
2216 2945 2279 2976 talia
2299 2943 2394 2975 forent

1336 2997 1400 3026 quae
1416 2986 1585 3017 Mandatum
1600 2986 1642 3016 exi
1662 2993 1740 3016 erent
1753 2991 1898 3023 propterea
1914 2983 2004 3019 magis
2019 2982 2150 3020 speciale,

1373 3025 1595 3056 Committentes
1609 3025 1634 3053 ei
1655 3033 1702 3054 em
1714 3022 1880 3053 Consiliario
1895 3021 1928 3052 ὃς
1943 3020 2067 3051 Nuncio
2081 3021 2198 3058 nostro,
2217 3021 2244 3050 in
2261 3019 2394 3050 Praemis-

1335 3064 1385 3102 fis,
1399 3065 1432 3095 δί
1447 3064 1521 3093 circa
1533 3061 1696 3100 Praemiffa,
1714 3071 1747 3092 ac
1763 3060 2016 3099 Dependentibus,
2034 3060 2254 3098 emergentibus,
2271 3060 2304 3090 ὃς
2320 3069 2392 3089 con-

1335 3103 1412 3133 nexis
1427 3101 1615 3139 eorumdem,
1632 3101 1750 3132 totaliter
1767 3101 1800 3131 &
1816 3099 1938 3136 plenarie
1953 3097 2039 3128 Vices
2054 3097 2177 3135 nostras,

1373 3139 1646 3177 promittentesque,
1660 3139 1777 3169 Tenore
1792 3137 1973 3167 Praesentium
1983 3159 1994 3175 ,
2013 3135 2090 3167 bona
2105 3135 2176 3172 fide,
2195 3135 2227 3166 &
2251 3135 2280 3164 in
2302 3134 2393 3166 verbo·

1336 3179 1490 3218 Principis,
1508 3188 1540 3208 ac
1555 3178 1603 3208 sub
1617 3176 1770 3216 Ypotheca
1782 3176 1815 3207 δε
1828 3176 2012 3215 Obligatione
2024 3175 2155 3205 omnium
2168 3173 2315 3203 Bonorum
2336 3183 2393 3204 no-

1336 3218 1476 3255 strorum,
1502 3216 1684 3247 Praesentium
1709 3217 1743 3248 &
1763 3215 1938 3252 futurorum,
1964 3213 2031 3244 Nos
2052 3212 2177 3250 Ratum‚
2196 3211 2319 3256 Gratum
2357 3212 2392 3243 &

1336 3257 1465 3286 Firmum
1481 3257 1618 3293 perpetuo
1634 3255 1777 3285 habituros
1790 3262 1884 3284 totum
1907 3253 1941 3285 &
1962 3251 2096 3290 quicquid
2115 3261 2164 3288 per
2185 3250 2295 3281 dictum
2347 3259 2393 3280 m-

1335 3296 1524 3332 baxiarorem‚
1542 3292 1796 3328 Commissarium,
1816 3293 1849 3323 ὃς
1869 3291 2088 3321 Procuratorem
2110 3288 2238 3319 nostrum
2245 3311 2257 3333 ,
2274 3296 2306 3333 ut
2339 3297 2392 3318 rae-

1334 3334 1471 3370 mittitur,
1489 3331 1760 3369 ACtum,Di‹stum,
1778 3329 1969 3368 Gestum,seu
1977 3328 2168 3359 Procuratum
2180 3327 2263 3358 fuerit
2274 3327 2312 3363 in!
2339 3336 2391 3357 rae-

1334 3371 1435 3410 miffis,
1454 3372 1487 3402 &
1502 3371 1610 3410 singulis
1624 3370 1846 3400 Praemiss'orum.
2311 3403 2317 3409 ¹

1371 3410 1403 3440 In
1422 3411 1500 3448 cujus
1523 3410 1562 3440 rei
1586 3409 1780 3440 testimonium
1801 3408 1849 3437 has
1870 3406 1976 3437 Literas
1995 3404 2102 3436 nostras
2117 3403 2246 3448 Parentes
2261 3402 2335 3446 fieri,
2353 3402 2389 3433 &

1333 3448 1419 3488 Sigilli
1430 3448 1517 3479 nostri
1531 3449 1643 3486 secreti,
1657 3449 1685 3477 in
1699 3446 1818 3478 absentia
1834 3444 1935 3484 Magni
1948 3444 2082 3482 ordinati,
2098 3444 2256 3473 munimine
2268 3441 2390 3471 fecimus

1335 3488 1467 3518 roborari.

1373 3525 1482 3556 Datum
1504 3528 1608 3562 Ueris,
1626 3523 1672 3554 die
1692 3521 1839 3553 Vicesimo
1861 3520 1990 3559 Septimo
2007 3519 2108 3551 mensis
2124 3518 2284 3555 Februarii,
2300 3516 2389 3547 Anno

1334 3564 1459 3595 Domini
1473 3563 1645 3600 Millefirno,
1665 3559 1970 3600 Qadringentesimo,
1988 3559 2117 3590 Decimo
2130 3558 2269 3596 Septimo.

1373 3640 1419 3670 En
1430 3639 1659 3678 Tesmoignance
1670 3637 1705 3669 de
1719 3647 1753 3668 ce
1766 3647 1838 3667 nous
1851 3645 1940 3667 avons
1952 3635 2041 3667 Sealle
2054 3646 2099 3667 ces
2112 3632 2253 3665 Presentes
2267 3630 2303 3662 de
2321 3639 2389 3661 nos-

1334 3687 1375 3710 tre
1388 3679 1465 3717 Seal,
1482 3678 1515 3708 &
1528 3678 1612 3717 Signe
1627 3677 1664 3707 de
1678 3676 1773 3707 nostre
1787 3675 1872 3714 Signe
1887 3675 2007 3706 manuel.
2333 3708 2338 3713 ¹

1335 3716 1524 3793 Qssprrgrciggsa
1537 3719 1660 3788 Ιίῖιξιικ,
1677 3716 1703 3746 16
1717 3715 1792 3747 xxiv.
1805 3715 1873 3753 jour
1887 3713 1923 3746 de
1936 3713 2032 3751 Mars,
2050 3711 2117 3743 l’An
2131 3709 2169 3741 du
2183 3708 2278 3740 Gracc
2292 3706 2389 3744 Mille,

1521 3777 1532 3793 ²
1608 3774 1617 3785 ἕ

1822 4041 1886 4076 Fa
2307 4039 2390 4077 ΕΠ(
