2562 4274
0 215 76 246 Anu.
91 211 132 242 D.

22 260 107 291 ¹433-

2 296 68 320 Heu.
87 292 114 317 6.

0 332 132 364 *KQ-53.

3 391 132 425 Ann.D.

1 439 118 500 Attii:

5 1689 82 1720 Ann.
96 1687 139 1718 D.

5 1737 119 1795 «ἑῖῗῖἷῖ

35 1828 100 1872 tbi).

4 1891 41 1911 m.
61 1891 102 1911 io.

14 2582 89 2615 Ann.
105 2582 151 2615 D.

15 2631 140 2689 igni-3131]

15 2704 51 2729 H.
71 2702 98 2727 6.
109 2735 112 2738 Ι

16 2742 103 2766 franc.

19 2785 62 2805 ιι.
79 2778 148 2806 H.6.

17 2816 92 2846 m.6·

36 3379 157 3416 .x.554

156 132 236 181 196

316 295 344 322 ἒ*
369 297 416 329 De
435 296 570 327 Licentia
581 303 635 339 pro
657 293 770 325 Comite
789 288 827 322 de
852 287 1047 335 Longavilla.

155 383 274 444 REX
291 383 441 428 omnibus,
458 379 493 411 ad
505 388 596 422 quos,
612 377 673 408 &c.
693 375 830 408 Salutem.
970 412 975 418 .
991 412 1006 417 ..
1107 410 1112 416 ¹

264 422 364 453 Sciatis
375 419 456 460 quod
464 419 515 456 ,de
533 420 706 447 avilamento
717 416 751 445 &
764 412 870 444 assensu
878 410 1009 443 Concilii
1023 408 1126 449 nostri,
1133 409 1218 441 Con·

154 462 285 494 cessimus
298 461 332 493 &
349 459 508 490 Licentiam
524 455 685 490 Dedimus,
703 453 824 483 Dilecto
839 452 872 483 ὃς
887 451 977 482 Fideli
990 449 1102 488 nostro,
1120 448 1220 488 Gallo-

154 506 183 531 ni
198 502 228 531 de
242 502 324 529 Foitz
363 499 460 528 Comiti
474 496 508 526 de
522 492 664 536 Longvyle
680 490 719 526 ὠ·
737 494 885 530 capitaneo
900 490 932 520 de
949 489 979 519 la
1002 487 1093 518 Buche
1103 510 1113 526 ,
1137 487 1218 527 quod

128 567 134 574 ,
153 540 231 578 ipse,
249 548 299 576 per
320 521 480 573 Deputatos
502 534 564 564 suos
578 555 587 571 ‚
613 541 645 561 in
665 539 852 569 quocumque
873 528 964 559 Portu
987 527 1060 558 infra
1079 526 1218 565 Regnum

154 578 286 621 nostrum
301 575 413 615 Angliae
428 573 477 604 fibi
493 571 652 612 placuerit,
676 569 769 601 versus
790 577 881 607 partes
902 565 1036 599 Ducatfis
1061 564 1152 596 nostri
1175 564 1219 596 A-

153 624 296 657 quitaniae,

191 695 267 723 Duos
283 689 381 720 Pelves
395 689 427 719 de
443 690 569 724 Argenta
582 685 744 723 deauratos,

190 734 266 761 Duos
281 728 400 759 Botellos
413 728 445 757 de
460 731 589 763 Argenta
600 725 756 762 deauratos,

193 772 272 799 Duas
286 767 449 807 Spiceplatas
464 766 496 796 de
513 767 639 803 Argenta
654 763 821 799 deauratas,

190 808 323 849 Qiatuor
338 805 419 837 ollas
434 805 466 835 de
483 807 609 840 Argento
627 802 773 832 deauratas
782 822 794 838 ‚

192 847 339 876 Duodecim
353 843 448 883 ciphos
464 843 496 873 de
510 844 638 879 Argenta
652 841 796 870 deauratos
806 860 817 876 ,

191 888 235 915 Et
251 887 339 915 Unam
353 886 485 913 Eweram
498 881 531 911 de
544 882 670 918 Argenta
688 879 850 909 deauratam
860 898 870 915 ,

195 927 243 954 Ac
259 926 335 954 Duos
349 920 468 952 Botellos
480 921 512 950 de
528 923 666 956 Argenta,

195 966 273 992 Duos
287 961 385 992 Pelves
400 961 431 990 de
448 963 585 996 Argenta,

194 1004 276 1032 Duas
292 1000 370 1031 Ollas
382 999 414 1029 de
428 1001 555 1035 Argenta
563 1018 573 1033 ,

191 1043 317 1078 Triginta
331 1037 425 1076 ciphos
437 1035 476 1071 &
492 1039 558 1065 Tria
570 1035 741 1071 coopertoria
757 1031 789 1062 de
795 1032 932 1069 Argenta,

194 1082 261 1109 Tria
281 1077 392 1107 Salaria
407 1079 535 1113 cooperta
549 1072 583 1102 de
602 1074 745 1109 Argento,

192 1120 234 1148 Et
249 1119 338 1146 Unam
353 1116 487 1144 Eweram
499 1112 531 1142 de
544 1113 670 1149 Argenta
689 1133 701 1150 ,

198 1193 245 1226 Ad
261 1191 451 1238 Usum-suum
467 1200 516 1230 per
531 1188 692 1228 Deputatos
706 1185 770 1230 suos
790 1185 821 1254 ὶὲι
842 1183 950 1223 Regno
973 1182 1074 1214 nostro
1094 1183 1222 1228 Franciae

157 1230 465 1340 ἓῃῖἒῖἓίἓῗέξέιῗέἱῖ,
478 1227 924 1302 ἕέἒῖἷὶὲξὲἷῗῖῗτέῗιῖἓὲοἴξὲῗῖἓ
935 1223 1221 1301 ςέῗιέὲῖἑᾋῦἔὲῗιὲῗ

158 1320 218 1343 non
233 1320 253 1341 o
302 1317 360 1340 anti
382 1319 424 1341 υς.

191 1349 225 1381 In
242 1349 321 1385 cuius
352 1350 413 1381 &c.
944 1378 950 1383 .

210 1386 301 1420 Teste
314 1371 396 1429 Rege
407 1384 481 1428 apud
497 1381 755 1424 Wstmonasterium
763 1404 773 1419 ,
793 1379 910 1411 decimo
923 1377 969 1408 die
980 1376 1060 1417 Julii.

596 1461 651 1490 Per
665 1461 758 1489 Breve
774 1456 806 1487 de
822 1457 942 1486 Privato
958 1452 1062 1494 Sigillo.

230 1591 280 1623 De
297 1588 433 1621 Licentia
446 1595 501 1632 pro
519 1586 560 1619 L.
588 1583 751 1616 Beaumont
767 1579 898 1627 Alfritz.
922 1578 960 1614 de
984 1580 1150 1613 Navarra.

161 1672 287 1732 REX
304 1673 468 1709 Omnibus,
484 1669 520 1702 ad
534 1678 620 1710 qum,
636 1669 699 1700 ὅτε.
716 1666 852 1699 Salutem.

277 1713 377 1744 Sciatis
392 1711 489 1749 quod,
505 1710 541 1740 de
556 1709 728 1739 aviiamento
742 1707 776 1737 δε
790 1705 897 1736 assensu
914 1704 1040 1736 Concilii
1064 1704 1170 1743 nostri,
1186 1705 1222 1737 de

163 1750 261 1783 Gratia
274 1750 369 1781 nostra
382 1750 510 1787 speciali,
529 1746 731 1778 Conceffimus
745 1745 779 1776 &
794 1744 957 1776 Licentiam
978 1743 1136 1781 Dedimus,
1155 1744 1224 1775 dile-

161 1791 210 1822 ἂο
226 1795 258 1822 ὃς
276 1790 352 1820 fideli
365 1788 455 1820 Militi
471 1787 589 1824 nostro,
608 1788 680 1825 Loys
695 1784 727 1815 de
742 1787 895 1814 Beaumont
907 1782 1014 1814 Alfritz
1029 1782 1066 1813 de
1080 1782 1115 1813 N
1118 1793 1224 1822 avarre,

161 1830 208 1869 qui
225 1830 297 1860 infra
312 1830 398 1859 breve
410 1828 440 1857 in
456 1825 638 1866 Aquitaniam
651 1822 795 1856 transferre
809 1823 834 1854 se
835 1832 901 1901 11ρῐο

161 1880 228 1901 curn
242 1869 351 1900 trahere
366 1868 400 1898 &
414 1866 552 1897 adducere
565 1863 651 1904 poffit
669 1862 760 1896 Platas
784 1862 819 1896 &

160 1909 307 1948 Argento5
326 1906 470 1944 videlicet,

855 1871 908 1894 oca
929 1871 945 1893 a
968 1859 1015 1892 sua
1032 1859 1070 1891 de
1088 1860 1170 1892 Auro
1189 1862 1223 1894 &

195 1989 338 2017 Ducentas
359 1986 474 2014 Marnas
491 1984 633 2020 Argenti,

194 2025 234 2056 Et
250 2028 330 2055 Duas
346 2027 461 2054 Marcas
475 2024 563 2059 Auri,

195 2064 235 2095 Et
249 2066 338 2094 Unam
355 2061 478 2093 Coleram
499 2060 533 2090 de
554 2062 637 2089 Auro
659 2056 698 2093 ὠ·
714 2057 748 2091 de
770 2059 860 2088 Petris
875 2078 886 2095 ,
908 2053 1021 2098 Safiris‚
1045 2054 1160 2094 Rabies,
1184 2054 1224 2092 ὀ·

159 2103 404 2181 pexi-isfleruefia²
421 2138 520 2168 Lenos
554 2137 589 2168 &
603 2135 702 2166 omnia
716 2133 831 2174 Bagagia
848 2133 911 2171 sua,

194 2181 302 2220 Aliquo
317 2179 431 2211 Statuto
443 2177 501 2209 sive
517 2160 726 2213 Drdinadone,
743 2175 773 2204 in
785 2173 960 2205 contrarium
976 2170 1072 2211 facta,
1091 2181 1154 2204 non
1170 2172 1223 2204 ob-

156 2220 338 2296 staffiedujus’
353 2256 413 2287 &c.

213 2297 302 2330 Teste
314 2295 401 2334 Rege
413 2292 490 2333 apud
505 2290 783 2333 Westmonasterium,
800 2289 958 2321 undecimo
974 2288 1020 2320 die
1030 2287 1111 2329 Julii.

623 2364 678 2392 Per
695 2364 789 2392 Breve
805 2360 837 2390 de
854 2361 974 2390 Privato
991 2357 1094 2399 Sigillo.

528 2490 579 2523 De
588 2487 680 2535 silvo
695 2483 861 2519 Conduffu.

171 2575 296 2636 REX
306 2599 316 2614 ,
332 2585 381 2614 per
397 2575 507 2607 Literas
521 2574 580 2606 suas
589 2573 730 2609 patentes,
747 2581 798 2610 per
812 2571 888 2603 Tres
903 2568 1018 2601 Menses
1031 2570 1166 2610 proximo
1182 2568 1228 2600 fu-

201 2627 204 2629 ·
249 2624 326 2646 turos
345 2614 501 2653 duraturas,
518 2614 554 2644 de
563 2612 739 2644 avisamento
753 2609 900 2642 &assensu
914 2609 1042 2640 Concilii
1057 2608 1096 2639 sui
1139 2607 1229 2639 susce-

169 2655 210 2693 pit
225 2655 253 2684 in
269 2653 374 2683 salvum
388 2653 422 2682 &
436 2653 566 2684 securum
580 2649 774 2681 Conductum
789 2649 869 2679 suum
878 2671 887 2686 ,
901 2657 934 2679 ac
957 2649 986 2678 in
1007 2632 1227 2679 Protec'tionem

169 2694 202 2725 &
222 2691 425 2724 Defensionem
438 2689 494 2720 suas
507 2690 638 2728 speciales
653 2691 752 2718 Potton
769 2688 801 2716 de
823 2685 1014 2725 Saintrailles‚
1033 2686 1226 2717 Prisonarium

167 2731 297 2764 carissimi
313 2731 346 2760 ὃς
360 2728 447 2759 fidelis
460 2727 674 2765 Consanguinei
688 2726 774 2764 Regis
787 2729 898 2756 Comitis
917 2727 1100 2763 VVarrewicae,
1119 2725 1150 2754 iii
1167 2724 1230 2755 Re-

167 2781 226 2810 gno
242 2770 272 2802 R
311 2769 330 2798 is
344 2767 456 2806 Angliae
469 2767 504 2798 ad
519 2766 635 2804 praesens
647 2763 828 2801 existentem,
843 2773 876 2802 ac
890 2764 1107 2803 Qiinquaginta
1120 2762 1230 2793 Homi-

168 2821 217 2841 nes
234 2811 263 2840 in
307 2807 426 2837 omitiva
439 2805 499 2843 sua,
519 2804 671 2841 Armatos,
695 2801 741 2831 vel
762 2811 822 2831 non
844 2802 994 2840 Armams,
1019 2802 1053 2832 ad
1071 2801 1230 2831 Transeun-

167 2850 240 2880 dum
250 2871 260 2887 ,
278 2856 349 2877 cum
365 2845 451 2876 Bonis
465 2845 499 2875 δε
513 2842 654 2875 Hemesiis
666 2841 718 2872 suis
733 2838 976 2878 quibuscumque,
994 2848 1070 2870 extra
1082 2839 1160 2870 idem
1170 2839 1231 2870 Re·

169 2897 263 2926 gnum
279 2885 371 2921 Regis
386 2882 478 2914 versus
493 2881 628 2913 Castrum
650 2879 777 2916 Terroe,
802 2876 957 2916 ChartreS,
979 2877 1158 2916 Qieaunce,
1185 2879 1230 2910 vel

170 2927 236 2958 alibi
251 2925 299 2957 ubi
313 2925 425 2954 bonum
439 2921 488 2952 sibi
504 2920 662 2955 videbitur,
687 2918 722 2948 ad
745 2918 860 2948 Partem
882 2916 978 2955 suam,
1004 2926 1053 2956 per
1075 2916 1232 2949 Potestates

172 2965 278 3002 Regis,
296 2971 347 3000 pro
364 2960 477 2992 Redem
499 2960 576 2991 tione
592 2959 625 2989 ὅ(
641 2956 772 3000 P‘inancia
783 2956 841 3000 suis
853 2956 1020 2995 quaerendis,
1037 2964 1085 3024 ῗὲτ
1099 2955 1232 2993 Terram,

174 3005 208 3037 &
221 3013 268 3041 per
283 3001 384 3038 Mare,
397 3000 431 3030 &
441 3021 451 3037 ,
482 2998 551 3029 isibi
567 2996 718 3035 placuerit,
735 3005 766 3025 in
781 2993 858 3024 idem
881 2994 1017 3034 Regnum
1073 2996 1147 3034 egis,
1171 2996 1232 3026 abs-

174 3051 230 3081 que
241 3039 450 3081 perturbatione
467 3039 513 3068 {eu
532 3034 741 3075 impedimento
755 3043 957 3073 quocumque,
975 3033 1092 3064 durante
1112 3034 1234 3072 praesen-

178 3082 199 3111 ti
214 3080 287 3110 salvo
299 3076 456 3113 Conductu
471 3075 578 3112 Regis,
596 3071 808 3109 Redeundum;

213 3117 333 3148 Proviso
348 3115 472 3155 semper,
489 3112 548 3148 &a
583 3119 642 3141 ront
658 3115 688 3141 in
694 3109 827 3150 similibus
843 3109 1031 3151 decondui‘i'u
1044 3111 1158 3142 Literis.

214 3156 303 3188 Teste
317 3155 399 3194 Rege
411 3153 486 3194 apud
498 3121 771 3191 Wsfmonasterium,
790 3150 843 3187 xxij
858 3149 905 3180 die
915 3149 992 3188 Julii.

618 3230 672 3258 Per
688 3229 781 3256 Breve
795 3226 827 3256 de
842 3227 963 3256 Privato
975 3225 1076 3265 Sigillo.

183 3360 212 3387 ’k
234 3361 282 3394 De
300 3354 465 3393 Liberando
481 3353 575 3390 Cados
595 3353 791 3393 Salmonum,
819 3352 941 3400 Ductffc
960 3352 1114 3387 Clarenciae
1138 3364 1159 3386 a
1182 3354 1241 3387 Re.

556 3407 633 3452 gina
650 3404 750 3435 Scotiae
765 3400 870 3447 miffiis.

161 3400 166 3407 ι

44 3502 121 3532 Arm.
133 3500 178 3531 D.
195 3492 320 3552 REX
336 3490 547 3524 Collectoribus
557 3487 660 3519 Parvae
675 3486 824 3518 Custumae
838 3485 944 3517 nostrae
957 3484 986 3516 in
1001 3485 1090 3517 Portu
1112 3485 1243 3519 Civitatis

66 3548 154 3580 1433-

46 3582 99 3607 Ari.
120 3588 160 3610 ii,

48 3616 134 3652 Claus.

271 3532 372 3564 nostrae
387 3529 563 3564 Londoniae,
579 3526 711 3557 Salutem.

230 3571 401 3601 Mandamus
415 3568 500 3599 vobis
511 3565 609 3606 quod,
622 3563 768 3596 cariffimae
783 3562 1009 3602 Consanguineae
1030 3562 1146 3603 nostrae,
1163 3566 1247 3594 Mar-

190 3618 292 3649 garetae
306 3608 419 3648 Duciffae
431 3606 593 3642 Clarentiae,
608 3605 663 3634 five
676 3604 732 3641 ejus
745 3604 776 3633 in
799 3602 851 3632 hac
874 3609 949 3641 parte
974 3601 1136 3641 Deputato‚
1160 3602 1247 3633 Duo-

55 3664 97 3682 11.
112 3657 180 3682 H.6.
195 3650 288 3681 decim
305 3648 401 3679 Cados
424 3646 591 3677 Salmonum
614 3642 755 3673 Salsorum
777 3663 788 3679 ,
811 3640 904 3670 eidem
925 3639 1074 3679 Ducissae,
1099 3651 1146 3680 per
1166 3643 1245 3679 Regi-

53 3701 90 3721 ω.
108 3701 139 3728 5.

197 3700 261 3718 nam
274 3691 424 3723 Scotorum,
441 3693 495 3722 pro
507 3681 629 3720 expensis
643 3680 767 3717 Hospitii
778 3679 892 3719 ejusdem
908 3678 1039 3717 Duciffae‚
1066 3679 1161 3710 missos
1170 3702 1179 3718 ‚
1197 3681 1248 3711 fic-

200 3736 231 3756 ut
249 3725 391 3765 Johannes
413 3726 531 3762 Martyn
547 3728 645 3751 coram
667 3718 764 3748 Nobis
784 3719 813 3746 in
833 3715 1005 3748 Cancellaria
1032 3717 1127 3748 nostra
1153 3719 1249 3749 Sacra-

202 3774 329 3795 mentum
344 3761 471 3801 praestitit
486 3758 633 3796 corporale
643 3779 653 3795 ,
666 3756 770 3794 absque
785 3754 923 3786 Custuma
937 3754 984 3785 seu
999 3754 1127 3787 Subsidio
1139 3757 1207 3788 inde
1214 3757 1250 3788 ad

200 3811 270 3841 opus
282 3801 409 3832 nostrum
422 3798 558 3830 solvendo
575 3796 722 3826 Liberetis.

241 3840 330 3873 Teste
343 3838 427 3878 Rege
437 3837 511 3878 apud
528 3832 784 3875 westmonasterium
792 3856 802 3871 ,
819 3831 938 3871 septimo
951 3831 998 3864 die
1011 3831 1141 3874 Augusti.

624 107 1405 161 CONVENTIONES,

943 1821 1000 1859 nit,
1017 1821 1098 1859 quod
1114 1822 1169 1861 ipse
1184 1823 1224 1853 se-
1241 1832 1244 1833 ⁷

1493 109 1890 160 LiTERAE‚

1589 284 1638 318 De
1659 284 1775 317 Comite
1794 281 1831 316 de
1848 285 2009 331 Benanges.

1268 365 1397 425 REX
1411 367 1659 413 Archiepiscopis,
1675 368 1821 408 Episcopis
1854 368 2028 408 Abbatibus,
2054 368 2196 404 Prioribus
2238 374 2333 408 Duci-

1343 408 1416 452 bus,
1432 407 1612 452 Comitibus,
1628 406 1800 451 Batonibus,
1837 407 1991 447 usticiariis,
2008 398 2332 451 vicecomitibiis‚Prae-

1266 443 1557 516 pogni’mupff‘ffi’
1575 447 1609 477 ὃ(
1622 447 1757 477 omnibus
1772 446 1881 478 Ballivis
1895 447 1929 478 &
1945 447 2088 479 Fidelibus
2108 449 2177 489 suiS,
2197 451 2330 485 Salutem.

1329 493 1407 515 ciatis
1419 494 1480 525 quo
1553 494 1602 523 os,

1307 522 1526 568 Confiderames
1540 523 1641 554 Decus
1654 522 1821 561 Principum
1837 523 1999 562 Sapientum
2016 526 2051 558 &
2075 525 2246 560 Sublimium
2262 539 2336 562 con-

1269 560 1361 593 sistere
1376 561 1606 606 mMultitudine
1621 561 1807 593 Subditorum
1822 562 1980 594 Potentum
1995 566 2029 596 &
2044 564 2204 598 Nobilium
2214 590 2224 605 ,
2239 578 2333 600 tanto-

1268 609 1326 638 que
1343 609 1434 645 magis
1445 601 1536 632 attolli
1548 600 1657 640 Regale
1671 599 1802 639 Solium,
1828 601 2051 642 Regnorumque
2073 603 2153 635 Rem
2184 607 2332 644 publicam

1268 639 1398 707 ropsorari
1412 661 1424 678 ,
1448 648 1507 679 quo
1527 640 1621 679 plures
1640 639 1693 670 fibi
1713 639 1816 670 subsint
1839 638 1966 671 Nobiles
1986 640 2081 673 Status
2101 643 2135 674 &
2157 642 2332 679 Eminentiae

1269 687 1304 708 ce
1325 687 1401 716 ioris,

1270 753 1276 758 Ι
1306 714 1495 761 Volentesque
1512 715 1621 761 Ceptra
1635 715 1733 748 nostra
1745 716 1838 756 Regia
1859 717 1890 747 in
1910 716 2039 749 Personis
2062 718 2250 754 Subditorum
2273 724 2328 756 hu-

1267 753 1406 797 lufinodi,
1427 757 1487 785 tam
1501 754 1671 793 Adoefflone
1681 754 1843 786 Novorum
1867 754 2029 786 Honorum
2043 779 2054 795 ,
2073 758 2160 795 quam
2180 761 2332 795 Restaura-

1268 799 1348 836 tione
1366 793 1501 825 Veterum
1511 817 1522 832 ‚
1539 795 1683 831 decorari,
1701 794 1734 825 &
1749 802 1850 833 augere
1864 793 2035 826 Numerum
2051 795 2218 836 Statumque
2230 799 2331 834 Nobi-

1268 829 1497 876 llququorum
1513 831 1644 877 Consilio
1661 833 1761 872 Regna
1773 834 1807 865 &
1824 832 1962 864 Dominia
1979 834 2073 865 nostra
2088 835 2171 875 dirigi
2186 838 2291 877 poffint
2301 842 2332 872 in

1268 872 1397 910 agendis,
1416 871 1449 902 &
1465 874 1569 903 muniri
1582 870 1726 910 Sul-'fragiis
1742 872 1771 902 in
1786 871 1922 910 adversis,

1308 909 1576 951 Considerantesque
1589 911 1782 942 Nobilitatem
1798 910 1880 941 Stren
1902 919 1958 948 am,
1976 909 2189 944 Providentiam
2204 915 2334 948 circum-

1268 947 1390 1016 {pgdtam
1401 971 1411 987 ‚
1427 948 1616 993 Gemmatam
1634 949 1774 987 Morum,
1797 950 1831 981 &
1887 950 1975 979 eneris
1995 948 2179 991 Claritatem,
2201 955 2333 988 cariffimi

1290 1028 1294 1032 .
1321 986 1385 1017 iisan
1407 997 1482 1017 uinei
1502 987 1609 1026 nostri,
1627 987 1753 1028 Gastonis
1766 986 1798 1016 de
1812 990 1880 1017 Foix
1896 990 2008 1018 Comitis
2023 989 2056 1018 de
2076 991 2238 1028 Longeville
2276 998 2334 1024 ea..

1265 1024 1372 1072 pitalis*
1393 1037 1406 1055 e
1421 1025 1515 1070 Ruth,
1533 1037 1648 1058 necnon
1666 1027 1808 1064 Labores,
1823 1025 1972 1066 Sumpms‚
1991 1027 2024 1057 &
2047 1025 2194 1069 Pericula,
2211 1017 2313 1072 quibus

1269 1072 1346 1107 tarn,
1365 1065 1469 1095 inclitae
1482 1066 1701 1104 recordationis,
1719 1067 1857 1096 Genitoris
1873 1063 1972 1105 nostri,
1987 1065 2074 1104 quam
2097 1066 2216 1100 Nostris
2235 1058 2331 1103 Tem2

1267 1103 1402 1171 poribus,
1419 1113 1474 1142 pro
1484 1103 1599 1142 Juribus
1613 1104 1716 1136 nostris
1728 1104 1788 1135 tam
1802 1103 1994 1142 adquirendis,
2011 1104 2095 1142 quam
2109 1105 2248 1145 adquisitis
2265 1109 2331 1142 De-

1280 1141 1414 1172 endendis
1454 1142 1604 1174 Personam
1619 1144 1693 1174 suam
1709 1142 1839 1173 adversus
1853 1141 1959 1173 Hostes
1972 1164 1983 1182 ,
2001 1143 2182 1176 Adversarius
2217 1148 2252 1180 &
2267 1147 2330 1181 Re.

1267 1179 1352 1211 belles
1371 1164 1480 1211 nosiros
1495 1183 1621 1222 exposuit
1633 1183 1667 1213 &
1680 1180 1826 1219 submisit,
2190 1170 2200 1185 ³

1305 1218 1362 1263 'Ac'
1372 1219 1507 1259 sperantes
1522 1222 1602 1260 quod
1618 1221 1754 1252 Honores
1765 1219 1864 1258 adjecti
1887 1219 1944 1250 tarn
1968 1218 2119 1252 Probitatis
2139 1223 2225 1262 quam
2247 1223 2333 1258 Dile-

1271 1256 1381 1302 &ionis
1390 1258 1504 1303 suorum
1518 1270 1603 1300 penes
1617 1259 1687 1291 Nos
1721 1269 1811 1290 ratum
1827 1259 1948 1289 adicient
1963 1259 2185 1300 incrementum,

1303 1296 1416 1341 Habitis
1430 1298 1458 1328 su
1482 1308 1511 1328 er
1526 1299 1583 1330 hoc
1598 1300 1730 1339 primitus
1745 1297 1960 1329 Deliberatione
1973 1298 2006 1329 &
2020 1298 2203 1331 Avilamento
2227 1301 2330 1342 Magni

1266 1333 1394 1380 Concilii
1410 1339 1459 1366 noi
1475 1338 1496 1366 ri
1518 1338 1666 1377 Franciae,
1684 1346 1749 1375 quae
1771 1346 1820 1375 per
1841 1336 2007 1367 relationem
2029 1338 2162 1369 cariffimi
2184 1339 2332 1373 Avunculi

1266 1374 1356 1420 nostri
1371 1375 1511 1420 Johfznnis
1525 1380 1650 1415 Regenti‘s
1667 1375 1806 1415 Regnum
1831 1374 1961 1406 nostrum
1976 1374 2103 1407 Franciae
2119 1380 2202 1408 Ducis
2217 1379 2336 1419 Bealfor..

1266 1412 1320 1457 ‘3¹¹ae
1340 1423 1519 1458 accepimuS,
1545 1416 1581 1446 de
1598 1415 1770 1446 avisamento
1793 1424 1826 1446 ac
1850 1422 1958 1445 matura
1978 1414 2012 1445 δε
2032 1417 2245 1449 communicata
2268 1420 2333 1451 De-

1266 1450 1433 1483 liberatione
1445 1452 1572 1485 Concilii
1592 1453 1681 1484 nostri
1696 1453 1825 1490 Angliae‚

1307 1489 1349 1521 Ex
1365 1492 1450 1522 causis
1482 1492 1624 1531 raennffis,
1642 1494 1723 1533 ipsum
1738 1491 1879 1533 Gastonem
1895 1492 1925 1523 in
1949 1490 2006 1523 Co
2016 1500 2063 1523 Mi
2073 1500 2097 1524 ’r
2107 1502 2127 1524 E
2139 1502 2167 1525 M
2187 1503 2236 1526 niz
2263 1496 2328 1529 Βε-

1270 1537 1445 1575 NANGizs
1499 1540 1754 1564 RAEFECIMUS
1771 1535 1804 1562 &
1825 1529 2092 1562 enavimus
2109 1533 2147 1564 de
2164 1532 2262 1566 Gratia
2276 1546 2331 1568 no-

1268 1568 1323 1599 stra
1337 1568 1462 1614 speciali,
1482 1570 1533 1600 sibi
1547 1571 1580 1601 ὃ(
1597 1570 1769 1601 Haeredibus
1782 1569 1851 1607 suis⁷
1869 1571 1897 1599 in
1912 1570 2040 1610 legitimo
2056 1570 2248 1604 Matrimonio
2262 1584 2330 1614 pro-

1268 1616 1384 1652 creatis,
1401 1610 1434 1640 &
1450 1619 1481 1639 in
1498 1608 1670 1640 Obedientia
1684 1608 1777 1639 nostra
1798 1608 1979 1639 existentibus
1992 1632 2002 1647 ,
2027 1608 2154 1642 Nomen
2174 1613 2208 1644 &
2230 1612 2331 1647 Omen

1268 1645 1395 1677 Comitis
1409 1647 1477 1677 dieti
1494 1647 1570 1678 Loci
1582 1648 1619 1678 de
1633 1648 1777 1686 Benanges
1790 1647 1939 1678 liberaliter
1958 1647 2170 1688 Concedentes,

1307 1684 1363 1729 Et,
1381 1694 1410 1729 ut
1424 1685 1476 1725 ips}
1491 1689 1580 1715 Comes
1596 1686 1630 1716 ὃ(
1645 1685 1782 1716 l-laeredes
1796 1683 1835 1714 sui
1845 1708 1854 1721 ,
1871 1685 1899 1713 in
1914 1685 2043 1723 legitimo
2058 1687 2249 1722 Matrimonio
2261 1701 2330 1730 pro-

1268 1733 1370 1763 creati,
1393 1734 1473 1761 Juxta
1493 1726 1562 1755 tanti
1579 1724 1718 1755 Nominis
1743 1724 1778 1755 &
1800 1722 1931 1752 Honoris
1953 1724 2140 1763 exigentiam,
2156 1727 2302 1761 decentius

1268 1762 1516 1801 honorificentius,
1535 1766 1568 1795 ὃς
1588 1763 1687 1794 melius
1699 1762 1808 1795 valeant
1823 1762 2015 1792 incumbentia
2031 1763 2093 1800 ipsis
2109 1763 2206 1795 Onera
2218 1766 2267 1805 sup
2287 1755 2334 1799 ort

1269 1809 1343 1845 tare,
1361 1803 1502 1841 Dedimus,
1517 1801 1695 1842 Conceffimus,
1712 1802 1744 1832 &
1761 1801 1815 1831 hac
1834 1801 1961 1838 praesenti
1975 1799 2061 1831 Carta
2075 1802 2153 1832 nostr
2194 1814 2248 1843 pro
2297 1818 2333 1838 0-

1270 1840 1328 1884 b.¹⁸²
1348 1841 1381 1871 δε
1396 1841 1566 1872 Haeredibus
1582 1841 1696 1878 nostris,
1714 1848 1851 1878 quantum
1868 1840 1896 1869 in
1912 1840 1995 1869 nobis
2018 1839 2077 1878 est,
2100 1845 2154 1871 Con
2178 1848 2333 1875 rmavimus

1269 1879 1364 1909 eidem
1377 1878 1490 1911 Comiti
1506 1881 1539 1911 &
1562 1880 1732 1912 Ham-edibus
1752 1878 1803 1909 suis
1816 1900 1826 1915 ,
1850 1877 1878 1907 iri
1901 1877 2031 1914 legitimo
2053 1878 2245 1912 Matrimonio
2266 1894 2336 1922 pro-

1269 1919 1378 1956 creatis,
1395 1920 1428 1950 &
1444 1920 1473 1949 in
1490 1919 1664 1951 Obedientia
1676 1917 1770 1949 nostra
1785 1916 1979 1956 existentibus,
1999 1917 2078 1948 Loca
2092 1919 2126 1950 &
2143 1918 2254 1952 Placeas
2269 1924 2336 1955 sub-

1270 1957 1428 1997 sequentia,
1448 1958 1589 1996 videlicet,

1308 1997 1487 2027 Medietatem
1504 1998 1536 2027 de
1551 1997 1651 2027 Sancto
1667 1995 1784 2038 Basilio,
1804 1994 1880 2026 unde
1898 2005 1952 2025 una
1980 1993 2122 2026 Medietas
2158 1996 2258 2037 raefato
2280 2004 2331 2031 Co-

1270 2037 1330 2065 miti
1343 2037 1482 2074 pertinet,
1500 2038 1533 2069 &
1548 2036 1598 2067 alia
1619 2035 1758 2067 Medietas
1774 2033 1912 2072 Francisco
1924 2034 1956 2063 de
1971 2032 1999 2062 la
2014 2036 2085 2064 Bret
2143 2035 2212 2076 iliti,
2233 2038 2333 2070 Avun-

1270 2075 1338 2104 culo
1352 2075 1408 2112 jam
1423 2078 1535 2105 Domini
1551 2075 1583 2104 de
1600 2074 1630 2104 la
1646 2077 1731 2113 Bret,
1749 2074 1769 2105 fi
1789 2072 1915 2105 Rebellis
1934 2081 1994 2103 non
2011 2072 2123 2112 fuisset,
2137 2077 2314 2113 pertinuisset

1270 2113 1304 2143 &
1329 2114 1479 2151 pertineret
1499 2122 1529 2144 ut
1546 2114 1663 2150 dicitur,
2319 2103 2331 2119 '

1308 2152 1488 2182 Medietatem
1499 2153 1532 2182 de
1548 2153 1695 2183 Lendaron
1707 2160 1772 2188 quae
1783 2150 1911 2189 predicto
1927 2148 2064 2189 Francifio
2086 2150 2180 2184 donec
2205 2152 2336 2188 Rebellis

1271 2199 1347 2228 erat,
1367 2192 1399 2222 &
1414 2192 1465 2222 alia
1481 2191 1619 2222 Medietas
1627 2189 1746 2230 praefato
1763 2193 1861 2220 comiti
1875 2190 2050 2227 pertinebant
2064 2198 2094 2220 ut
2109 2190 2223 2231 dicitur,

1311 2232 1411 2259 Locum
1426 2233 1555 2268 Dauros,
1573 2232 1622 2268 qui
1637 2229 1678 2262 est
1692 2227 1807 2268 ejusdem
1824 2232 1953 2266 Comitis,
1969 2229 2003 2259 δε
2020 2238 2107 2266 quem
2122 2229 2200 2261 Emit
2214 2232 2247 2261 de
2270 2236 2335 2263 Me-

1272 2267 1355 2298 naldo
1365 2269 1397 2298 a'e
1413 2272 1504 2298 Fanas
1523 2268 1637 2308 Milite,
1664 2270 1712 2307 qui
1736 2268 1834 2299 Locus
1854 2267 1968 2298 cuidam
1988 2266 2118 2306 Johanni
2132 2269 2165 2299 de
2179 2269 2209 2299 la
2228 2271 2247 2290 ²*
2266 2275 2334 2302 Sare

1273 2306 1441 2352 DefumstO,
1459 2307 1618 2347 Capitaneo
1631 2307 1667 2339 de
1684 2307 1707 2338 la
1724 2306 1838 2346 Reole,
1856 2307 1929 2337 dum
1947 2306 2028 2345 vixit,
2049 2305 2153 2338 solebat
2164 2330 2175 2347 ,
2193 2317 2225 2341 ut
2239 2309 2337 2351 fertur,

1223 2347 1226 2350 '
1271 2355 1420 2387 pertinere,

1273 2424 1279 2429 .
1310 2388 1412 2415 Locum
1426 2385 1458 2416 de
1474 2388 1588 2424 Baires,
1607 2395 1694 2424 quem
1710 2384 1862 2423 praedictus
1878 2382 1986 2414 Comes
2001 2384 2087 2415 etiam
2103 2393 2180 2418 tenet
2193 2387 2273 2419 causa
2284 2398 2338 2420 cu-

1271 2424 1377 2468 jusdam
1392 2425 1488 2455 amitae
1503 2425 1575 2462 suae,
1592 2425 1741 2454 occasione
1757 2423 1870 2454 Decem
1887 2422 2005 2453 Milium
2019 2423 2174 2455 Scutorum
2183 2426 2252 2456 Auri
2270 2438 2337 2465 quae

1272 2462 1349 2494 dieta
1366 2463 1463 2508 Arnim
1478 2463 1523 2493 sua
1539 2464 1636 2507 (eujus
1648 2463 1699 2503 ipſs
1715 2462 1817 2502 caston
1830 2462 1871 2493 est
1889 2461 1989 2493 Haeres
2005 2470 2036 2492 ut
2053 2463 2167 2502 dicitur)
2185 2451 2336 2505 supeioo-

1273 2512 1312 2533 co
1327 2502 1468 2547 pnaedufiio
1484 2502 1582 2533 habuit
1593 2525 1603 2540 ,
1655 2540 1660 2547 .

1273 2541 1375 2611 „032¹
1384 2539 1713 2624 tssssifflffgssffizffi?
1719 2540 2045 2610 ssssn‘ziin‘iz'sseisxez
2058 2539 2158 2610 ἕεέἑῖῃ
2164 2540 2336 2612 Pii-‚2¹33

1275 2627 1375 2651 torum
1391 2619 1545 2657 supradicta
1555 2642 1564 2657 ,

1313 2658 1414 2696 Quem
1431 2658 1546 2696 quidem
1562 2657 1677 2688 Locum
1689 2655 1843 2687 cariffimus
1857 2654 2004 2686 Dominus
2016 2655 2047 2685 &
2064 2654 2147 2686 Pater
2160 2654 2257 2686 noster
2271 2655 2336 2688 De-

1275 2697 1408 2734 functus,
1425 2696 1469 2726 vel
1485 2696 1579 2727 saltem
1594 2706 1685 2727 omne
1695 2696 1746 2733 Jus
1762 2693 1838 2734 quod
1852 2694 1906 2734 ipse
1919 2696 1949 2724 in
1964 2693 2067 2725 eodem
2074 2692 2160 2724 Loco
2174 2694 2337 2734 haberepo-

1277 2737 1349 2813 tuit),
1365 2734 1447 2766 causa
1460 2734 1636 2765 Rebellionis
1657 2737 1767 2764 Domini
1781 2733 1814 2762 de
1836 2731 1866 2761 la
1882 2736 1968 2771 Bret,
1991 2732 2113 2764 contulit
2127 2754 2138 2770 ,
2163 2739 2194 2764 ut
2216 2732 2337 2774 dicitur,

1269 2782 1328 2812 prae

1315 2815 1417 2841 Locum
1429 2815 1511 2840 etiam
1530 2810 1563 2841 de
1576 2810 1727 2849 Berteulli,
1766 2811 1810 2847 ui,
1828 2818 1858 2839 ut
1873 2810 1994 2847 dicitur,
2008 2808 2113 2840 solebat
2129 2807 2186 2840 effi·
2205 2810 2334 2848 praedisti

1276 2853 1388 2880 Domini
1399 2849 1433 2879 de
1447 2849 1476 2879 la
1490 2852 1578 2887 Bret,
1593 2850 1641 2888 qui
1653 2849 1724 2880 olim
1737 2819 1916 2891 (qjonquestus
1931 2847 1986 2878 fuit
1998 2856 2047 2886 pei·
2071 2845 2231 2886 Johannem
2256 2850 2335 2879 Neu·

1269 2888 1366 2929 feuille
1378 2898 1446 2919 turic
1462 2888 1649 2919 Senescallum
1666 2888 1847 2926 Aquitanniae
1861 2887 1894 2918 &
1903 2884 2061 2926 Capitalem
2077 2886 2114 2917 de
2127 2885 2209 2917 Buch
2222 2887 2336 2919 Patrem

1271 2929 1396 2967 praedilli
1409 2930 1535 2965 Comitis,
1554 2928 1587 2958 &
1604 2927 1686 2957 eidem
1701 2925 1824 2965 Capitoli
1838 2934 1886 2962 per
1896 2924 2092 2963 progenitores
2106 2924 2218 2955 nostros
2233 2926 2264 2956 in
2272 2925 2336 2957 Cu-

1279 2966 1398 2997 stodiam
1414 2965 1544 3004 traditus,
1561 2965 1598 2996 sic
1613 2965 1693 3004 quod
1703 2989 1713 3004 ,
1730 2966 1750 2995 si
1765 2963 1913 3003 praedietus
1927 2966 2060 2994 Dominus
2076 2963 2109 2993 de
2121 2961 2151 2992 la
2166 2965 2237 2993 Bret
2252 2965 2282 2994 in
2290 2964 2337 2996 Ο-

1279 3005 1449 3037 bedientiam
1464 3004 1587 3035 nostram
1604 3005 1723 3042 rediret,
1740 3004 1817 3034 idem
1832 3002 1929 3032 Locus
1945 3001 1995 3032 sibi
2011 3001 2183 3038 redderetur,
2190 3002 2270 3041 super
2277 3012 2338 3042 quo

1279 3045 1348 3075 dien
1363 3042 1613 3113 tusscdfi'enefiallus
1629 3043 1664 3074 ὃ(
1677 3041 1809 3082 Capitalis
1824 3039 1994 3072 tradiderunt
2014 3039 2072 3070 suas
2092 3039 2200 3071 Literas
2211 3064 2223 3080 ‚
2238 3040 2340 3082 sigillis

1280 3092 1382 3114 eorum
1407 3095 1415 3113 i
1464 3091 1519 3113 atas

1319 3122 1365 3153 Ac
1379 3091 1464 3152 etiag¹m
1483 3104 1561 3152 Lo'ca
1574 3120 1610 3152 de
1625 3120 1695 3152 Sora
1710 3120 1744 3151 δε
1760 3118 1917 3150 Castenave
1929 3116 1964 3148 de
1979 3116 2090 3157 Sernes,
2107 3127 2173 3158 quae
2191 3120 2282 3152 tenuit
2294 3120 2338 3152 di-

1284 3160 1348 3191 &us
1364 3160 1509 3190 Dominus
1523 3161 1556 3190 de
1569 3158 1599 3188 la
1614 3163 1684 3189 Bret
1696 3158 1838 3196 Rebeliis,

1322 3199 1397 3230 Nori
1413 3198 1574 3230 excedentia
1588 3199 1616 3228 in
1632 3197 1759 3229 Redditu
1772 3195 1817 3227 seu
1839 3193 2022 3226 Reventione
2043 3194 2115 3226 ultra
2135 3193 2265 3228 Centum
2290 3195 2340 3229 Li·

1284 3238 1345 3269 bras
1359 3237 1576 3276 sterlingorum,

1287 3272 2151 3349 &antistitiifatisia{misissetne
2161 3272 2342 3344 seriae

1326 3352 1541 3390 concessimus,
1557 3352 1685 3390 insuper,
1697 3349 1815 3391 praesato
1829 3353 1923 3380 Comiti
1935 3348 2099 3380 Trescentas
2116 3349 2213 3381 Libras
2221 3335 2344 3382 Stetisti-3

1289 3401 1391 3431 gotum
1407 3392 1443 3422 de
1458 3390 1658 3429 Reventione‚
1672 3391 1798 3429 quolibet
1811 3388 1898 3419 Anno
1912 3387 2108 3428 Percipiendas
2124 3389 2157 3419 δε
2178 3388 2346 3428 Habendas,

1287 3433 1367 3469 super
1383 3429 1579 3469 Conquestus,
1597 3439 1670 3466 quos
1685 3430 1753 3459 idem
1771 3431 1860 3458 Comes
1872 3427 1950 3466 super
1966 3426 2107 3464 praedietis
2128 3426 2293 3459 Rebellibus
2305 3430 2341 3461 &

1289 3469 1456 3502 Adversariis
1472 3469 1556 3499 nobis
1569 3468 1666 3505 faciet,
1686 3477 1732 3498 aut
1747 3467 1807 3497 fieri
1821 3466 1905 3496 faciet
1919 3465 1964 3496 vel
1980 3465 2153 3504 procurabit,

1330 3510 1408 3547 Quae
1424 3507 1541 3546 quidem
1559 3506 1639 3538 Loca
1651 3508 1747 3537 omnia
1759 3507 1793 3537 &
1809 3504 1909 3543 singula
1922 3503 2093 3542 supradi&a‚
2111 3504 2170 3534 tam
2183 3503 2240 3543 sua,
2254 3507 2343 3544 quarn

1290 3548 1342 3579 alia
1358 3548 1408 3577 libi
1424 3556 1473 3585 per
1488 3545 1556 3575 Nos
1579 3545 1713 3576 concessa
1726 3568 1737 3584 ,
1759 3553 1872 3574 necnon
1894 3541 2034 3573 Redditus
2055 3541 2273 3574 Trescentarum
2290 3542 2343 3573 Li-

1292 3588 1405 3617 brarum
1420 3585 1637 3622 praefflfflnum,
1664 3583 1701 3614 de
1723 3581 1863 3622 praedidto
1884 3580 2035 3612 Comitatu
2060 3580 2097 3611 de
2122 3579 2265 3620 Benanges
2287 3579 2345 3610 esse

1293 3625 1449 3669 Volumus,
1470 3623 1504 3653 ὃς
1519 3622 1613 3653 eidem
1628 3621 1788 3653 Comitatui
1802 3620 1948 3659 Unimus,
1963 3618 2183 3657 Incorporamus
2198 3641 2209 3658 ,
2231 3618 2265 3648 &
2282 3618 2345 3649 Ad-

1288 3672 1451 3745 10ῐίἑέἒένῖῗᾶ
1461 3699 1568 3743 semper
1584 3698 1664 3744 quod
1674 3721 1685 3738 ,
1703 3699 1723 3730 fi
1738 3696 1897 3737 hujusmodi
1911 3695 2120 3741 I-laeredesnon
2134 3692 2258 3738 eitistant,
2265 3694 2347 3734 quod

1296 3749 1365 3771 tunc
1389 3739 1522 3776 Dignitas
1546 3736 1671 3768 Comitis
1685 3736 1787 3775 cesset,
1806 3738 1840 3767 &
1858 3735 1890 3766 sit
1903 3734 2128 3766 Vicecomitatus
2139 3731 2240 3762 eiffiem
2253 3733 2348 3764 modo

1297 3780 1331 3810 ὃ(
1347 3778 1440 3809 forma
1453 3777 1522 3807 sicut
1535 3786 1616 3807 antea
1627 3776 1679 3807 fuit
1687 3798 1698 3814 ,
1713 3786 1744 3806 ac
1761 3776 1779 3805 si
1796 3774 1907 3805 Comes
1920 3773 2010 3804 factus
2023 3782 2081 3804 non
2092 3770 2199 3810 fuisset,
2215 3772 2250 3803 &
2263 3771 2347 3811 quod

1299 3818 1382 3848 Loca
1397 3814 1529 3854 praedie‘ta
1544 3825 1604 3844 non
1619 3815 1670 3845 sint
1679 3815 1715 3846 de
1730 3813 1894 3844 Dominico
1907 3811 2023 3850 nostro,

1339 3855 1378 3887 Et
1392 3854 1473 3893 quod
1480 3854 1625 3892 praediaelus
1647 3857 1751 3891 Comes,
1774 3852 2013 3891 quandocumque
2032 3855 2067 3877 ex
2089 3856 2166 3885 parte
2184 3847 2280 3881 nostra
2296 3848 2348 3881 ali-

1303 3903 1392 3932 quem
1408 3893 1557 3923 Locorum
1573 3891 1746 3930 hujusmodi,
1763 3900 1813 3929 per
1833 3889 1900 3921 Nos
1921 3889 2002 3918 eidem
2016 3889 2120 3916 'Comiti
2139 3885 2348 3927 Donatorum‚

1303 3933 1457 3964 deliberare
1466 3931 1549 3961 fuerit
1562 3930 1723 3969 requisitus,
1742 3929 1860 3960 Locum
1872 3927 1967 3969 illum,
1989 3924 2128 3969 satisfacto
2147 3924 2198 3957 fibi
2215 3926 2351 3965 primitiis

1304 3981 1356 4011 per
1369 3970 1438 4002 Nos
1451 3968 1487 4003 de
1500 3968 1587 4002 Loco
1601 3969 1655 4002 alio
1669 3967 1864 4007 aequivalenti,
1880 3964 1964 3995 nobls
1975 3963 2120 4003 dekberet,
2313 4001 2339 4034 E

1341 2780 1388 2802 ato
1403 2776 1500 2801 Comici
1520 2782 1572 2810 pro
1587 2773 1623 2803 Se
1638 2772 1671 2802 δε
1685 2771 1854 2802 Haeredibus
1870 2769 1940 2809 suis,

2348 197 2427 230 Arm.
2442 197 2485 234 Π,

2348 246 2461 307 1525232‘.

2347 383 2400 409 An.
2419 391 2462 415 ιι.

2346 424 2382 448 Η.
2396 423 2424 450 6.

2348 459 2419 496 Vasc-
2438 471 2478 491 ii.

2347 501 2384 526 H.
2407 498 2436 528 6.

2348 547 2385 566 m.
2402 547 2427 573 3.

2354 2317 2372 2336 *
2382 2321 2486 2358 x.555='
