2562 4274
61 166 96 193 Α,
112 171 137 190 11.
151 160 190 190 D.

90 208 176 238 1414.

62 245 124 269 Hm.
138 248 165 275 5.

65 676 145 709 'Ann.
162 674 204 705 D.

94 724 179 753 1414.

68 758 121 782 An.
143 765 168 781 2..

68 797 104 820 H.
126 802 153 828 5.

68 834 157 859 Franc.
174 841 188 859 2
197 852 205 861 .

68 873 104 897 H.
124 879 150 904 5.

67 917 107 936 m.
127 918 171 938 io.

74 1705 95 1725 ⁸³
116 1705 168 1733 ix.

78 1746 141 1777 186·

74 1785 150 1815 Ann.
168 1785 208 1815 D.

96 1833 184 1863 1414.

75 1867 127 1891 Aa.
150 1874 175 1891 2.

77 1903 109 1931 H
139 1911 164 1934 ς.

112 1942 177 1970 Ibis.

211 80 265 126 98

211 163 355 220 REX,
373 162 534 195 Venerabili
555 163 646 202 Patri,
664 163 780 192 Ricardo
796 160 922 201 Episcopo
937 158 1119 201 Norwicenfi,
1140 155 1271 188 Consan-

213 240 317 272 nostris
350 241 475 272 Salutem

251 265 352 318 cuni,
370 279 430 316 &a
448 287 479 309 ut
495 278 581 319 supra
602 277 683 317 usque
703 277 756 316 ibi,
775 277 992 317 Expediendum
1013 276 1046 306 &
1061 271 1280 316 Exercendum,

212 315 253 350 ό
270 325 334 348 tunc
344 318 400 359 fic,
417 319 514 355 vobis,
532 317 567 347 de
591 318 686 346 vestris
708 316 912 354 circumspecsta
933 315 1078 354 prudentia
1100 315 1133 344 &
1149 311 1282 342 fidelitate

214 355 333 396 fincera,
352 356 411 391 &a
427 363 457 385 ut
467 355 565 395 fiaepra,
585 358 698 384 mutatis
710 355 859 385 mutandis.

251 395 321 426 Dat.
342 404 372 426 ut
386 395 474 433 supra.

847 454 901 482 Per
920 449 1001 489 ipfitm
1020 451 1124 486 Regem.

396 599 447 631 De
472 600 611 631 Licentia
627 594 800 630 concedendi
809 595 913 642 flzlvos
929 593 1106 628 Condnffius.

224 682 345 743 REX
362 706 372 722 ,
397 682 612 713 Venerabilibus
641 682 767 712 Patribus
786 704 796 719 ,
822 680 927 710 Thomae
946 679 1072 720 Epiftopo
1095 676 1286 718 Dunolmenfi,

302 721 480 753 Conciliario
498 744 507 756 ,
533 722 649 752 Ricardo
678 720 801 758 Epis-'apo
824 718 1015 759 Norwicenfi,
1039 717 1262 756 Consanguineo
1277 739 1287 754 ‚

222 760 330 790 Thomae
357 764 455 790 Comiti
471 761 617 800 Dorsetiae,
634 759 789 790 Avuiiculo
805 759 838 788 δε
854 758 1030 795 Admimsso,
1047 767 1080 787 ac
1096 755 1211 786 Ricardo
1227 757 1287 785 Do-

219 804 291 830 mino
306 800 340 829 de
352 802 440 837 Grey,
459 799 543 828 etiarn
560 798 797 836 consanguineo,
816 796 935 834 nostris,
953 796 1078 826 Salutem

257 839 304 869 Ad
325 836 557 868 Concedendum
581 839 615 869 &
639 835 829 873 Faciendum,
847 845 899 874 pro
922 834 1021 865 Nobis
1036 835 1070 865 &
1088 832 1221 863 Nomine
1235 841 1289 862 no-

220 876 297 916 stro,
315 877 511 915 quoscumque
528 875 616 906 salvos
635 874 804 905 Conductus
825 874 1048 912 quibuscumque
1067 871 1193 902 Personis
1215 872 1289 908 (cu-

222 915 384 954 'uscumque
403 913 504 951 statu&
521 913 637 953 gradus,
662 922 708 943 aut
727 912 901 943 conditionis
926 909 1059 946 existant)
1081 919 1113 939 ac
1129 911 1158 939 in
1181 917 1289 952 quanto

261 964 360 985 umero
374 954 455 983 vobis
472 952 632 990 videbitur,
650 953 679 982 in
693 952 725 982 ὃς
739 961 786 987 per
798 952 896 980 omnia
915 950 1029 988 Regna,
1045 948 1165 989 Terras,
1185 946 1289 977 Distri-

222 993 302 1031 ἃυε,
320 994 353 1024 &
370 992 507 1022 Dominia
524 990 636 1028 nostra,
654 999 702 1029 per
715 989 836 1019 Terram
854 989 886 1018 &
901 998 950 1026 per
966 987 1061 1026 Mare,
1078 996 1110 1017 ac
1125 987 1174 1016 sub
1190 985 1290 1016 talibus

221 1032 312 1062 modo
327 1032 360 1061 ὃς
377 1031 488 1067 forma,
507 1039 572 1067 qucc
587 1030 668 1058 vobis
687 1027 825 1058 videbitur
838 1026 984 1064 expedire,

257 1068 350 1100 Vobis
371 1068 425 1105 (de
446 1077 571 1106 quorum
592 1066 735 1097 Fidelitate
753 1089 762 1104 ,
786 1063 1050 1103 Circumspectione
1066 1086 1075 1100 ‚
1097 1064 1131 1095 &
1154 1061 1291 1093 Industria

219 1107 355 1138 fiduciam
377 1107 499 1146 gerimus
521 1105 684 1146 specialem)
709 1104 753 1135 seu
775 1104 903 1142 Tribus,
922 1112 969 1133 aut
990 1103 1116 1133 Duobus
1139 1111 1173 1131 ex
1191 1103 1290 1139 vobis,

219 1145 396 1177 Potestatem
411 1145 561 1183 plenariam
576 1143 773 1175 Concedimus
787 1153 836 1182 per
852 1142 1020 1179 praesentes,

259 1184 344 1224 Qios
358 1184 474 1224 quidem
489 1182 575 1213 salvos
589 1181 780 1220 ConduCtus,
799 1191 849 1220 per
865 1191 935 1218 vos,
955 1189 984 1211 ut
1004 1179 1198 1218 praemittitur,
1217 1189 1290 1210 con-

220 1223 380 1261 cedendos,
399 1222 516 1252 fideliter
538 1220 677 1252 observari
690 1221 842 1258 faciemus,
859 1220 1000 1258 talemque
1015 1219 1145 1257 vigorem
1161 1219 1291 1256 optinere

220 1262 364 1294 Volumus
377 1261 487 1300 qualem
499 1260 634 1290 haberent
651 1260 670 1290 si
686 1270 739 1290 nos
754 1259 804 1298 ipsi
819 1258 1058 1289 Concederemus
1075 1256 1207 1294 eosdem,

262 1301 307 1331 Ac
331 1300 441 1337 insuper
463 1298 679 1337 Promittimus,
698 1299 726 1328 in
753 1297 831 1328 bona
852 1296 906 1328 fide
921 1298 954 1328 &
970 1297 999 1326 in
1016 1296 1106 1326 verbo
1124 1297 1219 1335 regio,
1238 1305 1291 1325 nos

223 1339 355 1378 Ratum,
373 1338 517 1375 Gratum,
535 1339 566 1368 δε
587 1337 715 1367 Firmum
743 1338 881 1374 perpetuo
899 1336 1042 1366 habituros
1059 1335 1196 1372 quicquid
1214 1333 1290 1371 Vos,

223 1378 375 1449 {Qiatuoss
391 1378 478 1415 Tres,
495 1386 542 1407 aut
565 1375 637 1406 Duo
655 1385 689 1406 ex
713 1376 801 1407 Vobis
823 1377 852 1404 in
875 1372 1027 1405 Praemiffis
1038 1374 1172 1404 duxeritis
1184 1372 1291 1405 facien-

246 1426 303 1447 um.

261 1455 294 1487 In
311 1455 408 1492 cujus,
427 1455 487 1486 &Q

300 1493 390 1526 Teste
406 1493 488 1532 Rege
502 1491 574 1532 apud
592 1489 865 1530 westmonasterium,
884 1489 999 1528 Quinto
1012 1488 1058 1520 die
1075 1486 1257 1519 Decembris.

883 1568 936 1596 Per
953 1565 1036 1606 ipfiaem
1054 1568 1162 1603 Regem.

342 1698 369 1724 ἒ*
383 1700 429 1731 De
446 1695 615 1729 Trnzflamdo
626 1723 635 1738 ‚
654 1695 745 1741 fitper
760 1696 966 1727 Matrimonio
985 1697 1172 1727 Memorato.

230 1784 348 1844 REX
371 1807 380 1822 ,
409 1782 619 1813 Venei'abilibus
641 1779 800 1819 partribus,
824 1779 932 1811 Thomae
951 1778 1076 1818 Episcopo
1099 1779 1293 1821 Dunolmenfi,

301 1822 468 1854 Conliliario
483 1845 492 1856 ,
519 1821 634 1852 Ricardo
666 1818 745 1860 Epist
776 1829 790 1848 o
824 1818 995 1858 Nor-wicenfi
1007 1841 1016 1856 ,
1043 1817 1269 1855 Consanguinco
1285 1841 1295 1857 ,

227 1862 335 1892 Thomae
352 1865 448 1891 Comitt‘
462 1859 599 1899 Dorfitiae
608 1882 617 1898 ,
639 1858 762 1889 Avuncu
773 1866 793 1887 0
807 1857 840 1888 &
855 1857 1029 1894 Admirallo,
1047 1857 1164 1886 Ricardo
1177 1859 1294 1887 Domino

226 1902 258 1931 de
274 1905 359 1940 Grcy,
376 1901 460 1931 etiam
476 1898 698 1937 Consanguineo
708 1920 717 1934 ,
732 1894 835 1926 nostris
863 1905 912 1934 ac,
927 1895 1069 1933 Magiltris
1082 1895 1198 1940 Philippi
1214 1899 1296 1925 Mor-

221 1952 279 1978 gan
294 1939 433 1977 utriusque
443 1937 519 1976 Juris
534 1937 679 1974 Doctori,
697 1935 731 1967 &
741 1937 823 1966 Ricar
843 1945 856 1964 o
873 1934 905 1964 de
917 1929 1002 1965 Heln}
1017 1935 1175 1966 Licentiato
1192 1945 1219 1964 in
1235 1935 1295 1965 Le-

247 1982 305 2009 ibus
344 1978 478 2010 Salutem.

225 1989 244 2020 g
263 2004 343 2048 (juin
366 2026 470 2054 nuper,
493 2016 565 2045 inter
591 2012 730 2044 Nuncios
749 2012 783 2043 &
809 2010 1026 2042 Ambaffiatores
1049 2010 1204 2050 solemnes,
1221 2021 1295 2051 quos

227 2056 417 2095 Adversizrius
440 2053 526 2094 noster
550 2056 673 2082 Francia:
687 2051 720 2083 ad
735 2049 860 2081 nostram
876 2049 1056 2080 Praesentiam
1072 2050 1239 2088 destinavit,
1259 2052 1293 2082 &

225 2104 318 2126 certos
341 2093 558 2125 Conimilsarios
572 2091 699 2129 nosti-os,
713 2090 793 2128 super
808 2088 869 2119 Viis
883 2089 1038 2119 induffivis
1053 2088 1087 2119 ad
1104 2089 1210 2120 Pacem
1227 2088 1296 2119 fina-

226 2133 282 2166 lem
293 2157 302 2173 ,
321 2135 393 2165 inter
408 2132 509 2163 Reona
525 2131 635 2171 Angliae
650 2131 683 2161 ὃ(
701 2128 827 2159 Franciae
842 2130 982 2166 perpetuo
998 2126 1182 2165 firmandam,
1200 2128 1295 2158 fuillet

225 2173 426 2211 aliquantulum
444 2155 724 2204 (5‹›mmunicatum,
1045 2205 1050 2210 ι

265 2211 362 2242 Dictis
386 2208 639 2241 Ambassiatoribus
661 2205 841 2237 afferentibus
862 2205 940 2236 viam
963 2204 1205 2244 propinquiorem
1222 2228 1232 2243 ‚
1255 2204 1290 2235 ad

227 2249 390 2289 hujusmodi
419 2248 524 2279 Pacem
548 2245 763 2280 inducendam,
788 2244 849 2274 fore
872 2243 1105 2274 Renovationem
1125 2242 1297 2282 Parentelae,

227 2290 299 2320 inter
320 2289 466 2326 praefatum
489 2284 694 2325 Adversbrimn
707 2284 740 2315 ὃς
757 2283 834 2320 Nos,
853 2291 900 2319 per
916 2281 1022 2312 Foedus
1036 2281 1234 2321 Matrimonii,
1253 2284 1295 2312 in-

230 2336 271 2359 ter
298 2330 373 2363 Nos,
391 2328 439 2363 δε,
459 2325 583 2355 inclitam
609 2322 755 2360 Puellam,
772 2324 923 2351 Dominam
937 2323 1118 2359 Katfrinam,
1137 2321 1220 2359 ipsius
1236 2321 1297 2352 Ad·

228 2366 338 2398 versarii
355 2365 469 2403 Filiam,
488 2371 629 2393 annuente
645 2361 794 2398 Domino,
813 2358 1025 2397 Contrahendi,

268 2404 475 2435 Commislariis
499 2404 570 2432 vero
592 2400 694 2431 nostris
715 2398 920 2430 affirmantibus
944 2397 971 2427 V
975 2399 1029 2428 iam
1052 2397 1296 2429 Commodiorem

229 2443 262 2473 ad
283 2442 442 2482 hujumodi
466 2441 573 2472 Pacem
596 2440 656 2470 fore
677 2438 896 2469 Exhibitionem
914 2436 1050 2475 justitiae,
1069 2446 1116 2476 per
1151 2446 1215 2468 uam
1228 2436 1297 2474 Jura

230 2484 264 2513 δε
285 2481 468 2512 Haereditates
492 2479 524 2509 N
528 2480 607 2517 obis,
625 2479 653 2507 in
668 2476 795 2507 Partibus
811 2475 992 2506 ultramarinis
1007 2475 1116 2513 debita,
1165 2475 1298 2506 eddei'en-

229 2529 274 2551 tur

243 2568 246 2569 ⁷
269 2542 336 2588 I’Qos
354 2559 363 2589 <
376 2556 479 2587 Pacem
494 2555 655 2593 hujusmodi
670 2553 777 2584 sincero
792 2551 885 2583 cordis
897 2551 1002 2582 affeetu
1018 2551 1217 2588 desiderantes)
1235 2561 1298 2582 cer-

233 2605 277 2627 tos
305 2595 415 2625 nostros
440 2594 656 2625 Amballiatores
669 2593 704 2623 ad
719 2592 898 2622 Praelentiam
915 2589 1086 2629 Adversarii
1102 2589 1186 2629 nostri
1199 2590 1299 2630 praedi-

233 2636 272 2665 &i
281 2635 338 2673 jam
354 2633 432 2663 tarde
445 2632 643 2662 transmisimus
653 2654 661 2669 ,
676 2631 711 2660 de
728 2628 826 2659 nostris
843 2628 997 2660 Voluntate
1012 2632 1045 2660 ὥς
1060 2627 1212 2666 Proposito
1224 2629 1300 2658 circa

231 2674 368 2704 lxi-nerias
386 2671 531 2710 praedictas
545 2671 652 2708 plenius
667 2669 851 2705 informatos,

271 2711 306 2742 Et
330 2711 395 2741 licet
419 2709 635 2740 Ambailiatotes
655 2707 739 2737 nostri
760 2705 924 2745 stipi-adisti,
943 2715 1010 2735 cum
1036 2704 1243 2736 Commissariis
1264 2704 1298 2735 ὅ(

233 2750 381 2790 Deputatis
405 2748 513 2787 praefati
538 2745 709 2786 Adverfizrii
734 2744 832 2785 nostri,
851 2743 930 2812 super
955 2744 1012 2774 Viis
1033 2745 1066 2776 &
1086 2743 1192 2774 Mediis
1218 2742 1298 2774 Pacis

233 2788 392 2828 przedietae,
420 2786 541 2817 diversos
564 2788 596 2817 &c
616 2783 762 2823 exquisitos
786 2783 881 2812 babuil
895 2791 942 2812 ent
962 2782 1068 2812 ibidem
1093 2782 1244 2820 tractatus,
1268 2783 1301 2812 δε

233 2829 314 2866 super
332 2827 449 2857 Materia
466 2825 620 2855 Parentelae
636 2822 809 2862 supradiette,
824 2822 889 2852 licet
903 2821 1046 2851 succinere
1067 2820 1159 2851 fuisset
1175 2820 1209 2851 ali
1232 2820 1298 2850 ualis

234 2866 468 2896 Communicatio
494 2864 586 2893 habita
607 2864 677 2893 inter
695 2871 762 2898 eos,
781 2860 1000 2897 nichilominus,
1017 2859 1177 2898 hujusmodi
1228 2867 1297 2898 ego-

234 2906 278 2936 tiis
298 2915 357 2935 non
379 2903 533 2940 conclusis,
553 2901 658 2939 ptaefati
679 2898 768 2930 nostri
790 2897 1008 2930 Ambaffiatores
1028 2899 1062 2929 ad
1076 2897 1204 2929 nostram
1223 2897 1302 2928 Prae-

235 2944 351 2974 sentiam
366 2942 429 2973 sunt
447 2941 545 2972 reversi
557 2963 566 2979 ,

276 2981 467 3012 Postmodum
485 2981 555 3010 vero
569 2976 702 3018 praefatus
723 2975 914 3015 Adversarius
930 2974 964 3006 ad
979 2973 1048 3005 Nos
1061 2973 1210 3005 destinavit
1227 2973 1305 3005 Lite-

238 3031 279 3052 ras
293 3021 349 3051 suas
362 3019 569 3055 Credentiales,
587 3026 635 3055 per
656 3015 828 3053 Magistrum
846 3013 1004 3053 Johannem
1019 3013 1149 3043 Andre-w
1165 3013 1304 3043 Consilia-

238 3062 312 3090 rium
341 3059 422 3090 suum
447 3059 541 3096 primo
553 3081 563 3094 ,
581 3058 613 3086 ec
634 3054 736 3085 deinde
754 3063 802 3092 per
817 3052 918 3092 Dorfi’t
930 3051 1086 3083 Haraldum
1100 3051 1231 3082 secundas
1247 3052 1306 3082 suas

242 3099 348 3129 Ilitcms

278 3137 331 3166 Per
355 3120 420 3174 quas
435 3133 620 3164 intelleximus
635 3130 783 3171 prefatum
799 3129 1003 3169 Ailverfiarium
1022 3129 1138 3169 nostrum
1149 3151 1159 3167 ,
1179 3128 1214 3159 ad
1232 3139 1306 3159 con-

243 3175 408 3206 tinuandum
435 3173 548 3202 ulterius
570 3170 720 3200 Trac‘tatus
745 3170 913 3207 panaretos,
938 3177 991 3205 pro
1015 3168 1090 3197 bona
1111 3167 1308 3206 tranquillitate

242 3213 276 3244 &
297 3214 390 3251 quiete
404 3211 544 3250 utriusque
562 3208 733 3248 Regnorum
751 3207 967 3246 praedictorum,
984 3206 1045 3236 fore
1058 3204 1210 3238 efficaciter
1224 3206 1308 3237 incli-

244 3261 359 3289 natum,

280 3289 348 3319 Nos
367 3291 437 3319 veri)
447 3311 457 3326 ‚

281 3327 362 3357 Pacis
395 3327 516 3356 Aucloi‘i
544 3323 722 3362 complacere
736 3346 746 3360 ,
774 3325 808 3355 δε
828 3322 861 3352 ad
884 3321 989 3351 Pacem
1010 3322 1044 3352 ὃ(
1063 3319 1308 3358 Tranquillitatcrn

243 3366 415 3405 Regnorum
440 3364 642 3401 prmietoium
664 3371 763 3392 vacare
783 3362 817 3392 &
833 3361 976 3391 intendere
989 3359 1139 3391 efficaciter
1153 3359 1311 3390 desideran-

245 3413 285 3434 tea
296 3427 304 3442 ,
319 3413 352 3433 ac
374 3403 555 3433 verisimilisser
580 3399 754 3430 confidentes
781 3399 860 3436 quod
875 3400 965 3429 adhuc
977 3421 986 3435 ,
1005 3408 1055 3436 per
1073 3398 1260 3435 viasJustitiae
1276 3399 1309 3428 &

246 3442 419 3478 Parentelae,
437 3439 596 3479 hujusmodi
614 3438 713 3478 Regna
728 3438 861 3476 praeuic'ta
876 3437 910 3467 ad
929 3437 1009 3467 Pacis
1023 3438 1057 3468 &
1073 3435 1248 3467 Concordiae
1262 3436 1310 3467 U-

249 3483 363 3512 nitatem
381 3481 463 3510 citius
476 3479 659 3516 reducentur,

285 3519 336 3549 De
354 3518 460 3548 Vestris
483 3515 766 3555 Circumspee‘cione,
787 3514 949 3552 Fidelitate,
967 3514 1001 3544 ὅτ
1023 3511 1163 3544 Industria
1185 3513 1310 3552 plenarie

247 3558 421 3590 confidentes
430 3580 439 3595 ,

286 3596 347 3627 Vos
368 3595 478 3625 nostros
501 3591 732 3628 Ambaffiatores,
749 3590 985 3628 Commissarios,
1001 3591 1034 3622 &
1060 3589 1197 3620 Nuntios
1209 3589 1311 3626 specia-

249 3635 304 3673 les,
323 3635 440 3665 Tenore
465 3631 668 3668 Praesentium,
687 3630 836 3666 Facimus,
854 3628 1045 3666 Ordinamus,
1060 3629 1093 3659 &
1109 3629 1193 3659 etiam
1209 3627 1308 3668 Depu-

248 3682 340 3704 tamus
966 3691 972 3696 .

290 3696 397 3742 Darites
423 3708 523 3746 vobis,
551 3704 704 3746 Qinqu'e,
724 3705 874 3744 Qiatuor,
891 3713 938 3734 aut
958 3704 1065 3734 Tribus
1088 3703 1233 3744 vestrum,
1258 3714 1310 3745 pro

249 3749 349 3779 Nobis
369 3751 402 3780 ὃ(
418 3748 551 3778 Nomine
567 3745 682 3782 nostro,
701 3743 812 3781 plenam
830 3743 1056 3780 Auctoritatem,
1071 3742 1258 3780 Potestatem,
1276 3744 1311 3773 &

252 3788 422 3817 Mandatum
447 3785 573 3823 generale
586 3792 668 3822 atque
684 3781 815 3821 speciale,
833 3782 870 3813 ad
881 3781 1057 3811 Praesentiam
1073 3781 1143 3812 dieti
1163 3780 1310 3821 Adversi-

252 3829 289 3854 rii
305 3826 384 3865 nostri
400 3827 535 3861 Franciae,
554 3832 604 3852 vos
617 3820 814 3856 transferendi,

293 3863 336 3892 Ac
363 3873 460 3893 coram
486 3862 544 3901 ipso
557 3890 564 3897 ,
580 3862 613 3891 ὃ(
636 3858 861 3895 CommissariiS,
879 3857 934 3887 sive
955 3856 1103 3895 Deputatis
1121 3857 1188 3896 su'ss,
1207 3857 1312 3888 nostras

253 3900 446 3930 Intentionem
462 3902 494 3931 δε
510 3900 692 3929 Voluntatem
703 3921 712 3936 ,
730 3897 822 3936 quoad
838 3905 870 3926 ea
886 3905 949 3933 quse
967 3895 1080 3924 Bonum
1095 3895 1175 3925 Pacis
1191 3897 1224 3926 δε
1241 3896 1311 3926 Uti-

251 3936 358 3968 litatem
380 3938 556 3975 Reipublicac
575 3946 758 3974 utrorumque
781 3934 948 3973 Regnorum
964 3934 1164 3971 ptaedietorum
1181 3934 1313 3974 respicere

254 3976 388 4016 possunt,
406 3976 572 4015 Exponendi
590 3978 622 4008 ὃς
641 3974 829 4012 Declarandi‚

624 66 1439 120 CONVENTIONES,
1495 66 1883 116 LITERAE,

1346 153 1575 193 Tractatumque
1599 154 1655 192 iam
1679 154 1830 193 inceptum
1849 153 2063 193 Continuandi,
2088 152 2144 186 five
2163 154 2250 186 alium
2270 164 2373 196 quern-
2390 153 2467 184 Ann.
2480 152 2525 184 D.‘

291 205 411 242 guineo,
430 206 462 234 &t
481 204 587 233 Thomae
600 205 698 231 cmiiiti
713 200 865 241 Dorfitiae,
883 200 1039 232 Avunculo
1055 200 1088 230 δε
1101 195 1274 232 Admirano,
1308 202 1434 231 cumque
1446 193 1618 224 Tractatum
1632 192 1809 232 Incipiendi,

2411 201 2497 231 14¹4·

1350 231 1396 262 Ac
1420 232 1498 269 super
1520 232 1660 270 praedic‘tis
1679 233 1749 271 viis,
1764 232 1798 263 ad
1823 232 1930 264 Pacem
1942 232 2001 271 jam
2016 233 2115 272 apertis
2126 255 2136 270 ,
2152 232 2186 263 δε
2201 231 2280 270 aliis,
2295 241 2378 272 quae,
2392 236 2456 262 Heu.
2470 239 2498 270 5.

1313 270 1349 300 ab
1363 279 1419 300 una
1434 278 1512 308 parte
1527 270 1573 301 vel
1583 271 1620 301 ab
1633 270 1701 309 alia,
1716 271 1816 309 aperiri
1828 271 1886 302 five
1899 271 1935 301 de
1948 281 2029 301 novo
2045 272 2159 309 reperiri
2174 280 2308 309 poterunt
2317 294 2328 308 ,
2344 273 2378 302 δε

1313 308 1391 346 super
1405 307 1481 339 Pace
1495 307 1567 339 finali
1582 310 1615 341 &
1628 310 1860 348 perpetua,inter
1874 308 2081 349 Adversarium
2090 310 2298 341 Praedibi‘um&
2311 311 2382 349 Nar,

1314 357 1348 377 ac
1365 346 1467 384 Regna
1502 347 1630 386 raediera,
1647 348 1757 379 favente
1769 348 1853 386 Deo,
1870 348 2017 386 firmanda,
2038 347 2196 379 Tractandi
2206 371 2217 387 ,
2230 347 2381 380 Commu—

1316 385 1429 416 nicandi
1439 408 1450 424 ,
1498 386 1690 424 oncordandi,
1705 387 1739 417 ὃς
1755 385 1872 417 finaliter
1891 386 2113 425 Concludendi,

1355 424 1488 454 Necnon
1497 424 1580 463 Jura,
1597 423 1802 463 Haereditates,
1819 424 2024 464 Posseffiones,
2039 424 2228 457 Pecuniamrn
2238 425 2382 466 Summas,

1317 462 1353 493 &
1365 462 1416 506 alia
1427 462 1507 493 Bona
1519 471 1726 506 quaecumque,
1743 463 1842 494 Nobis
1859 465 1952 495 debita
1966 464 2000 495 &
2013 464 2047 495 ad
2063 474 2116 494 nos
2128 466 2308 504 pertinentia,
2325 465 2383 496 Pe-

1316 501 1440 545 tendi&
1455 500 1638 540 Recipiendi,
1655 511 1810 541 eorumque
1823 501 2029 533 Posteffionem
2044 502 2242 535 Nanciscendi
2251 504 2286 535 &
2297 503 2383 535 Con-

1316 538 1442 570 tinuandi
1450 562 1460 578 ,
1480 539 1613 584 Apochas
1625 539 1662 570 de
1675 539 1777 571 Soluto
1790 551 1811 571 ο
1850 549 1944 572 rtunas
1960 541 2114 580 Faciendi,

1356 577 1446 622 Super
1457 577 1582 622 Materia
1592 579 1678 622 etiam
1691 577 1792 609 Parent
1860 581 2005 618 praedidiae
2018 579 2206 611 Renovandae
2214 603 2224 619 ,
2240 581 2274 612 δε
2287 580 2383 620 Spon-

1318 615 1416 647 salibus
1439 627 1472 647 ac
1494 616 1704 655 Matrimonio,
1722 618 1794 648 inter
1815 619 1874 648 Nos
1896 619 1948 657 ὃς,
1964 619 2091 651 inclitam
2108 618 2252 658 Puellam,
2268 621 2384 650 Katen'-

1320 666 1404 693 nam,
1423 655 1522 686 Filiam
1545 655 1702 686 Adversarii
1720 655 1810 686 nostri
1851 657 1976 696 raediffl,
1991 668 2040 695 per
2063 659 2149 689 verba
2163 657 2199 689 de
2215 657 2313 689 futuro
2327 659 2384 690 five

1321 693 1358 725 de
1378 694 1505 734 praesenti
1525 693 1741 739 contrahendis,
1763 703 1796 724 ac
1819 665 1918 738 lgote,
1943 696 1964 715 ²¹⁵
1977 695 2136 734 Dotalitio‚
2151 697 2196 741 seu
2216 696 2385 744 Donatione

1322 742 1442 802 {3229}ssss
1450 733 1622 816 {affige
1632 732 1700 802 2¹0¹ss
1712 731 2067 815 Issssiissufflssffizfjd
2075 733 2388 813 {iaee‘jfiffssssssilzssff

1324 809 1589 849 communicandi,
1605 809 1781 848 Tractandi,
1798 808 2020 854 Concordandi,
2038 795 2072 842 ἐς
2091 811 2312 853 Concludendi,
2376 799 2387 815 ²

1361 848 1529 888 Caeteraque
1549 850 1647 881 omnia
1666 849 1700 880 &
1718 848 1823 887 fingula
1844 848 1979 880 Faciendi
2002 850 2036 880 &
2059 849 2254 889 Expediendi,
2271 862 2336 892 quae
2355 853 2387 884 in

1323 886 1474 918 Praemiffis
1496 889 1530 919 &
1549 889 1627 919 circa
1645 898 1678 918 ea
1697 887 1847 918 necessaria
1861 888 1964 918 fuerint
1977 887 2022 918 seu
2036 888 2259 928 quomodolibet
2267 899 2387 928 oportu-

1323 936 1378 961 na,
1392 927 1478 956 etiam
1493 926 1512 956 si
1531 925 1702 968 Mandatum
1718 927 1828 966 exigant
1843 927 1932 966 magis
1946 926 2080 965 speciale,
2098 928 2132 958 &
2148 936 2212 966 quae
2224 937 2276 958 nos
2293 929 2386 961 faeere

1325 964 1468 1003 possemus
1484 964 1504 994 fi
1519 965 1639 996 essemus
1650 965 1756 996 ibidem
1773 967 1803 996 in
1817 967 1930 1004 propria
1944 964 2064 996 Persona
2077 965 2239 1004 praesentes,
2373 982 2377 986 -

1362 1001 1562 1034 Promittimus
1580 1003 1640 1034 insu
1679 1015 1706 1042 r,
1721 1004 1800 1035 bona
1823 1003 1879 1034 fide
1898 1014 1932 1035 ac
1957 1005 1986 1034 in
2007 1006 2099 1035 verbo
2116 1004 2230 1043 Regio,
2246 1003 2313 1035 Nos
2329 1005 2391 1037 Ra-

1324 1049 1402 1080 tum,
1421 1040 1564 1079 Gratum,
1585 1042 1620 1072 &
1668 1043 1772 1072 irmum
1793 1044 1930 1082 perpetuis
1947 1042 2162 1082 Temporibus,
2178 1043 2338 1082 habituros,
2355 1046 2391 1076 &

1323 1089 1373 1119 per
1390 1080 1496 1111 Literas
1511 1080 1619 1110 nostras
1630 1080 1761 1112 Parentes
1771 1080 2003 1120 confirmaturos,
2012 1090 2106 1112 totum
2118 1083 2151 1113 &
2167 1082 2302 1122 quicquid
2318 1082 2390 1121 Vos,

1326 1119 1483 1157 Quinque,
1506 1119 1657 1158 Quatuor,
1676 1128 1723 1150 aut
1743 1119 1817 1150 Tres
1842 1118 1988 1159 vestrum,
2011 1119 2129 1151 feceritis
2147 1131 2177 1151 tn
2192 1120 2342 1152 Praemiffis
2356 1123 2391 1154 ὃς

1324 1158 1451 1197 quolibet
1464 1158 1686 1188 Praemiffomm.

1364 1196 1396 1226 In
1421 1197 1500 1240 cujus
1521 1196 1558 1227 rei
1577 1195 1790 1227 Testimonium
1805 1197 1853 1227 bas
1869 1197 1973 1227 Litcras
1985 1195 2094 1227 nostras
2112 1197 2242 1230 Patentes
2264 1197 2340 1238 fieti,
2357 1200 2392 1231 ὅ(

1327 1235 1429 1274 Magni
1445 1235 1531 1274 Sigilli
1548 1234 1635 1265 nostri
1652 1237 1809 1266 munimine
1827 1236 1946 1267 fecimus
1960 1236 2098 1266 roborari.

1362 1273 1431 1305 Dat.
1448 1275 1476 1304 in
1490 1273 1602 1303 Palatio
1619 1273 1705 1313 nostro
1719 1277 1768 1304 We
1795 1285 1830 1305 m.
1850 1275 1965 1313 Quinto
1978 1275 2023 1305 die
2039 1273 2219 1306 Decembris.

1982 1353 2036 1382 Per
2056 1349 2140 1391 ipfiam
2157 1352 2262 1391 Regem.

1332 1427 1471 1488 REX,
1494 1426 1655 1459 Venerabili
1677 1427 1752 1460 Patri
1777 1429 1893 1476 Rifardo
1916 1428 2040 1474 Epistopo
2058 1428 2246 1469 Norvficenfi,
2264 1428 2394 1475 Confin-

1405 1475 1528 1513 guineo,
1543 1468 1576 1498 ὅ(
1600 1467 1706 1499 Thomae
1720 1471 1817 1498 Conntz
1834 1467 1987 1508 Dorfi’tzae,
2005 1468 2160 1499 Avunculo
2173 1468 2207 1499 &
2222 1468 2377 1500 Admuallo
2385 1492 2396 1509 ‚

1330 1505 1685 1584 noggjss’sgiciefflfim
1701 1544 1780 1586 usque
1795 1545 1849 1582 ibi,
1869 1544 2064 1583 Deputamus,
2082 1543 2120 1579 ὠ·
2133 1552 2197 1574 tunc
2205 1544 2262 1585 fic,

1366 1583 1474 1652 Dssiges
1488 1582 1669 1659 Llliopuiksssapro
1687 1583 1801 1622 Nobis,
1820 1584 1881 1620 &c.
1900 1591 1932 1614 ut
1942 1583 2045 1623 supra,
2063 1587 2177 1613 mutatis
2191 1583 2337 1614 mutandir.

1944 1662 1998 1691 Per
2015 1659 2099 1700 ipfitm
2117 1662 2223 1699 Regem.

1376 1799 1425 1831 De
1448 1793 1642 1840 potestatibus
1657 1795 1703 1830 ad
1725 1794 1931 1841 TraHatrdum
1942 1797 2033 1843 fitper
2049 1796 2352 1841 Confoederarlonibus

1753 1857 1822 1878 cum
1840 1847 1984 1879 Francia.

1334 1930 1478 1988 REX,
1503 1931 1714 1962 Venerabilibus
1737 1930 1869 1962 Patribus
1883 1954 1893 1969 ,
1916 1931 2025 1961 Thomae
2059 1931 2182 1972 Epistopo
2204 1931 2398 1973 Dunolmenfi,

1413 1969 1581 2000 Consiliario
1611 1970 1728 1999 Ricardo
1743 1970 1867 2010 Episcopo
1880 1971 2029 2000 Nor-wicen
2041 1981 2062 2009 1,
2074 1970 2314 2011 consanguineis,
2331 1974 2402 2002 1720-

1332 2019 1382 2037 mae
1400 2011 1498 2039 Coniti
1512 2011 1573 2038 Dor
1586 2012 1667 2047 etiae,
1685 2009 1841 2039 Avunculo
1857 2009 1892 2040 &
1905 2009 2023 2039 Admira
2035 2011 2080 2047 lo,
2098 2013 2213 2040 Ricardo
2237 2014 2351 2042 Domino
2369 2011 2401 2041 de

1332 2049 1419 2087 Grey,
1437 2048 1522 2077 etiam
1540 2046 1778 2085 (cnsanguineffi
1796 2046 1915 2085 nostris,
1931 2057 1982 2085 ac,
2002 2047 2164 2086 Magistris,
2183 2047 2304 2087 Philippo
2320 2053 2400 2081 Mor-

1329 2097 1386 2123 gan
1411 2086 1554 2123 utriusque
1570 2084 1644 2123 Juris
1667 2085 1813 2124 Doctori,
1830 2086 1863 2117 &
1889 2086 2005 2116 Ricardo
2024 2086 2057 2116 de
2077 2086 2175 2117 Holme
2193 2087 2354 2119 Licentiato
2371 2089 2402 2119 in

1335 2125 1484 2163 Legibus,
1503 2125 1636 2155 Salutem.

1376 2163 1474 2200 Licet,
1491 2164 1564 2193 inter
1577 2162 1784 2202 Adverfhrium
1799 2162 1914 2203 nostrum
1929 2165 2063 2201 Franziae,
2081 2173 2131 2203 per
2138 2163 2315 2196 Nuncios&
2331 2164 2403 2197 Am-

1335 2201 1494 2233 baffiatores
1516 2202 1594 2240 suos,
1609 2202 1642 2232 &
1662 2203 1720 2231 Nor
1733 2225 1742 2241 ‚
1760 2211 1809 2241 per
1831 2202 2048 2232 Commiffarios
2063 2203 2095 2232 &
2112 2203 2334 2236 Ambaffiatores
2351 2214 2404 2235 no-

1335 2240 1424 2279 stros,
1443 2250 1495 2280 pro
1517 2240 1678 2271 inducenda
1695 2241 1729 2270 &
1747 2240 1884 2270 firmanda
1899 2239 1974 2270 Pace
1989 2263 1998 2278 ,
2015 2239 2089 2270 finali
2107 2242 2140 2272 &
2159 2242 2312 2282 perpetua,
2332 2244 2405 2275 inter

1335 2279 1541 2321 Adversarium
1565 2277 1681 2319 nqflrum
1707 2279 1878 2317 praediCtutn
1901 2280 1934 2310 &
1957 2280 2031 2316 Nos,
2051 2289 2084 2310 ac
2105 2279 2208 2319 Ligeos
2221 2281 2254 2311 &
2269 2281 2405 2313 Subditoe

1336 2318 1476 2356 utriusque
1501 2317 1620 2357 Regni,
1649 2318 1764 2355 Angliae
1784 2317 1928 2355 (scilicet)
1955 2319 1988 2348 δε
2014 2318 2156 2357 Franciae,
2180 2319 2267 2351 habiti
2292 2320 2405 2356 fuerunt

1336 2358 1404 2388 varii
1417 2357 1581 2395 Tradimus,
1601 2358 1633 2387 &
1650 2355 1937 2387 Communicationes
1952 2357 2087 2395 diversae,

1374 2396 1488 2426 Tamen
1510 2395 1652 2433 hucusque
1668 2405 1726 2425 non
1741 2395 1782 2426 est
1800 2404 1849 2434 per
1863 2405 1912 2426 eos
1932 2397 1959 2424 in
1979 2403 2140 2426 memorato
2153 2394 2189 2426 N
2191 2397 2286 2435 egotio
2301 2396 2404 2435 aliquid

1336 2433 1520 2466 effectualiter
1531 2435 1710 2465 terminatum
1719 2456 1730 2473 ,

1376 2473 1504 2504 Neviter
1522 2482 1591 2503 ervo
1609 2472 1738 2513 praefatus
1750 2471 1838 2511 noster
1857 2471 2049 2510 Adversarius
2064 2471 2172 2503 Literas
2183 2471 2238 2502 suas
2252 2471 2407 2504 credentia-

1337 2512 1446 2550 les,per
1466 2497 1635 2552 Magiffrum
1652 2511 1812 2550 Jvhannem
1828 2513 1958 2541 Andrew
1976 2509 2176 2540 Consiliarium
2191 2510 2272 2542 suum
2289 2511 2405 2551 Primo,

1338 2551 1371 2581 &
1383 2550 1484 2581 deinde
1499 2560 1548 2588 per
1568 2549 1669 2590 Dorfit
1688 2549 1847 2580 Haraldum
1864 2548 2005 2580 Secundas
2021 2547 2078 2578 suas
2091 2548 2200 2579 Literas
2215 2549 2381 2589 transmisit,

1377 2588 1433 2619 Per
1455 2600 1520 2627 quas
1540 2589 1727 2620 intelleximus
1749 2588 1900 2626 praefatum
1921 2586 2145 2654 Advegjffirium,
2167 2587 2201 2618 ad
2226 2586 2407 2618 Continuan-

1339 2627 1408 2657 dum
1433 2628 1544 2658 ulterius
1564 2628 1718 2658 Tractatus
1739 2626 1905 2665 praedietos,
1931 2635 1985 2663 pro
2039 2626 2225 2663 ranquillitate
2245 2626 2279 2657 δε
2299 2627 2408 2666 Qiete

1340 2666 1480 2734 utrIzisque
1494 2666 1663 2711 Regnorum
1680 2664 1902 2703 Ρηεάἰᾶοωῑη,
1920 2664 1982 2694 fore
1991 2662 2142 2694 efficaciter
2160 2664 2343 2704 inclinatum,

1413 2715 1444 2734 os
1460 2714 1548 2741 vero,

1377 2741 1459 2773 Pacis
1489 2742 1609 2773 Auctori
1631 2740 1810 2778 complacere
1825 2763 1834 2779 ‚
1863 2741 1897 2772 &
1917 2740 1952 2771 ad
1978 2739 2084 2771 Pacem
2106 2740 2140 2771 &
2158 2740 2407 2780 Tranquillitatem

1341 2781 1512 2820 Regnorum
1539 2781 1743 2818 praedictorum
1765 2789 1865 2810 vacare
1880 2780 1912 2810 &
1926 2779 2069 2810 intendere
2085 2779 2265 2818 affectantes,
2282 2790 2316 2810 ac
2335 2781 2407 2811 veri—

1341 2821 1464 2851 similiter
1497 2818 1672 2849 confidentes
1699 2818 1778 2858 quod
1801 2819 1893 2848 adhuc
1921 2817 2024 2854 Regna
2048 2818 2180 2858 praedieha
2205 2817 2240 2848 ad
2267 2817 2348 2848 Pacis
2371 2820 2406 2850 &

1342 2857 1518 2889 Concordiae
1536 2858 1671 2887 unitatem
1685 2866 1834 2895 poterunt,
1852 2856 1948 2886 divina
1965 2855 2071 2887 Pietate
2089 2856 2245 2892 mediante,
2263 2856 2379 2895 reduci,

1380 2897 1437 2965 Dfied
1450 2897 1547 2927 vestris
1569 2895 1837 2933 Circumspeffione
1851 2894 1969 2926 fideli&
1986 2894 2116 2932 prudenti
2127 2893 2265 2925 Industria
2280 2894 2406 2933 plenarie

1341 2946 1398 2966 con
1440 2944 1516 2966 entes

1378 2974 1439 3005 Vos
1457 2958 1569 3004 nostios
1584 2971 1811 3011 Ambaffiarores,
1831 2970 2060 3008 commissarios,
2077 2970 2110 3001 δε
2124 2970 2262 3003 Nuncios
2278 2971 2408 3011 speciales

1343 3012 1537 3048 ordinamus,
1556 3011 1749 3050 Deputamus,
1767 3011 1800 3042 &
1818 3010 1948 3040 Facimus
1961 3019 2010 3048 per
2025 3009 2187 3047 praesentes,

1384 3051 1492 3082 Dantes
1516 3050 1626 3087 Vobis,
1646 3051 1801 3088 Quinque,
1819 3048 1971 3086 Qatuor,
1989 3057 2036 3078 aut
2054 3047 2163 3079 Tribus
2181 3047 2336 3089 Vestrfim,
2353 3060 2406 3088 pro

1345 3090 1443 3120 Nobis
1459 3092 1492 3122 δε
1507 3089 1637 3119 Nomine
1655 3087 1752 3118 nostro
1762 3109 1772 3124 ,
1791 3087 1902 3123 plenam
1920 3085 2148 3124 AuCtoritatem,
2164 3086 2337 3118 Potestatem
2347 3111 2357 3127 ,
2372 3090 2407 3120 &

1347 3128 1518 3159 Mandatum
1539 3126 1667 3165 generale
1681 3135 1764 3163 atque
1777 3125 1893 3163 speciale
1904 3147 1913 3162 ,
1930 3125 1964 3155 ad
1980 3125 2153 3164 praesentiam
2168 3125 2240 3156 dieti
2251 3126 2406 3158 Adversarii

1345 3166 1435 3198 nostri
1450 3166 1595 3202 Franciae,
1612 3175 1664 3195 vos
1678 3163 1893 3201 Transferendi,

1383 3206 1430 3236 Ac
1453 3214 1552 3235 coram
1574 3203 1638 3241 lpso
1666 3203 1699 3234 δε
1720 3201 1945 3239 Commissaiiis,
1968 3201 2023 3233 sive
2043 3201 2193 3239 Deputatis
2217 3202 2285 3241 suis,
2301 3203 2408 3234 nostras

1346 3244 1538 3274 Intentionem
1555 3242 1588 3272 ὃς
1604 3240 1808 3279 Voluntatem,
1824 3241 1916 3280 quoad
1932 3250 1963 3270 ea
1977 3250 2041 3280 quae
2053 3240 2167 3271 Bonum
2185 3241 2324 3279 Pacis,&
2340 3241 2409 3272 Uti-

1347 3283 1453 3313 litatem
1474 3281 1529 3311 Rei
1557 3280 1682 3310 Publicae
1707 3288 1890 3317 utrorumque
1908 3278 1938 3309 R
1974 3289 2078 3310 norum
2099 3279 2305 3318 praediCmrum
2323 3280 2408 3319 respi-

1346 3330 1411 3352 cere
1425 3319 1558 3358 poffunt,
1577 3318 1747 3356 Exponendi
1760 3319 1793 3349 δε
1810 3317 1950 3348 Declaran
1973 3319 1997 3356 i,

1383 3358 1689 3426 Ts232fumq.uedlam
1715 3356 1867 3397 Inceptum
1888 3355 2104 3394 Continuandi,
2123 3355 2181 3388 five
2200 3355 2286 3386 alium
2306 3365 2407 3395 quern-

1386 3405 1415 3426 m
1438 3407 1454 3426 u
1502 3405 1613 3426 ηειηεη
1637 3406 1642 3425 t

1346 3406 1435 3465 ωΑὲ
1442 3406 1521 3472 siiper
1536 3406 1604 3473 viis,
1623 3418 1662 3464 ad'
1675 3433 1781 3464 Pacem
1791 3434 1852 3472 jam
1867 3434 1966 3472 apertis
1978 3433 2012 3464 &
2025 3432 2098 3471 aliis,
2117 3441 2197 3471 quae,
2215 3431 2251 3462 ab
2265 3441 2319 3461 una
2332 3441 2408 3469 parte

1347 3474 1393 3503 vel
1409 3474 1444 3503 ab
1459 3474 1530 3511 alia,
1547 3473 1643 3512 aperiri
1665 3472 1721 3502 sive
1739 3473 1774 3502 de
1791 3483 1870 3502 novo
1883 3472 1995 3510 reperiri
2013 3478 2162 3508 poterunt,
2180 3480 2213 3500 ac
2222 3469 2302 3507 super
2317 3470 2407 3510 Pace,

1347 3512 1421 3542 finali
1437 3511 1470 3542 ὅ(
1487 3521 1635 3549 perpetua,
1650 3511 1720 3541 inter
1734 3509 1938 3552 Adversizriurn
1982 3508 2107 3539 aediet'um
2123 3507 2157 3538 δε
2169 3509 2229 3538 Nos
2264 3518 2298 3539 ac
2312 3510 2331 3528 *
2345 3510 2406 3542 Re—

1347 3560 1402 3619 {3³³
1411 3550 1545 3619 gaegLCta
1553 3572 1566 3617 ι,
1582 3549 1721 3618 §irriganda
1729 3572 1738 3588 ,
1753 3549 1926 3586 Traetandi,
1959 3545 2201 3584 bmmunicandi,
2215 3530 2407 3580 doncordan-

1368 3600 1376 3619 1
1514 3598 1550 3618 nc
1563 3598 1579 3618 u
1600 3598 1634 3618 en
1657 3598 1664 3616 i

1385 3612 1517 3657 ’Necnon
1539 3626 1606 3664 Jura
1623 3650 1632 3664 ,
1657 3610 1862 3662 I3Iaereditates‚
1884 3621 2088 3659 Poffeffiones‚
2111 3621 2300 3654 Pecuniarum
2321 3624 2408 3656 Sum-

1350 3676 1425 3703 mas,
1444 3666 1476 3695 &
1492 3665 1541 3695 alia
1556 3664 1630 3694 Bona
1647 3673 1853 3702 quaecumque,
1871 3663 1952 3692 nobis
1965 3661 2057 3690 debita
2070 3661 2104 3690 &
2117 3660 2152 3691 ad
2168 3671 2221 3691 nos
2232 3663 2409 3704 pertinentia,

1348 3704 1467 3734 Petendi
1490 3705 1522 3733 &
1544 3703 1728 3740 Recipiendi,
1751 3710 1910 3739 eorumque
1930 3697 2136 3728 Poffeffionem
2158 3698 2352 3734 Nanciscendi
2374 3705 2409 3736 &

1348 3741 1544 3772 Continuandi
1580 3741 1711 3779 apochas
1725 3741 1762 3771 de
1775 3740 1875 3770 Soluto
1888 3745 2040 3776 oportunas
2053 3736 2201 3778 Faciendi,

1386 3780 1468 3819 Ligas
1485 3790 1518 3810 ac
1540 3764 1808 3810 (lonfoederationes
1827 3775 1954 3815 speciales
1977 3775 2169 3819 &perpetuas
2176 3799 2187 3816 ,
2205 3787 2273 3808 curn
2308 3780 2408 3813 raefato

1350 3818 1523 3857 Adversario
1545 3818 1649 3858 nostro,
1668 3828 1720 3857 pro
1741 3817 1796 3854 Se,
1816 3817 1849 3847 δί
1866 3813 2079 3845 Succefforibus
2099 3814 2170 3854 suis,
2192 3815 2282 3848 Ineun
2304 3819 2328 3857 i,
2345 3819 2408 3850 Fir-

1350 3856 1465 3894 mandi,
1483 3857 1516 3886 &
1534 3855 1756 3892 Concludendi,

1384 3894 1422 3936 Et
1441 3893 1476 3924 ad
1469 3903 1538 3961 gg?
1547 3897 1686 3933 perpetuo
1698 3891 1883 3924 observandas
1897 3890 1966 3921 Nos
1982 3891 2015 3921 &
2031 3890 2211 3924 successores
2222 3894 2334 3927 nostros
2346 3896 2409 3927 effi-

1349 3941 1454 3964 caCiter
1532 3934 1624 3962 mandi

1386 3955 1560 4007 exteraque?
1575 3955 1674 4000 omr'iia
1695 3971 1727 4002 &
1753 3967 1857 4008 singula
1879 3966 2028 4006 Faciendi,
2052 3966 2243 4011 Excercendi‚
2264 3973 2299 4005 &
2319 3971 2415 4011 Expe-

1781 4039 1784 4042 .
2305 4010 2420 4050 diendi,

2402 696 2417 711 ⁶
2440 695 2495 724 IX.

2406 733 2467 769 187.

2419 1929 2496 1960 Ann.
2509 1925 2552 1961 D.

2438 1977 2525 2008 1414.

2417 2011 2472 2034 An.
2487 2017 2516 2037 2.

2421 2050 2455 2073 H.
2470 2055 2498 2081 5.

2443 2084 2498 2113 Ibid
2502 2106 2506 2113 .
2513 2093 2551 2113 m.

2423 2132 2468 2152 22.

2426 3503 2445 3523 ²*
2465 3505 2520 3533 IX.

2428 3542 2490 3571 188.
