2562 4274
769 246 879 287 ET
962 246 1230 288 ACTA

50 334 126 367 Ann.
141 331 183 362 D.
203 332 341 363 videbitur
354 331 446 363 eidem
465 335 581 363 Domino
595 335 679 371 Regi,
696 331 883 370 Haeredibus,
902 331 947 362 vel
961 331 1171 363 Succefforibus
1186 333 1253 370 suis,

80 382 166 412 1432.
201 371 354 403 secundum
369 371 566 402 discretionem
580 372 613 402 ὃς
626 371 824 402 conscientiam
839 371 931 408 suam,
949 372 981 401 &
998 371 1255 409 avisamentumju-

52 416 115 442 Heu.
136 414 164 440 6.
202 410 388 440 sticiarioium
403 410 513 440 suorum
530 419 598 440 tunc
614 409 808 447 existentium,
828 410 915 448 ipsum
935 412 1079 439 Dominum
1095 412 1192 447 Regem
1207 412 1256 439 lia-

202 448 292 478 buisse
306 448 415 477 bonurn
430 448 463 478 &
476 449 582 488 justum
597 448 730 478 Titulum
740 470 748 480 ‚
759 457 790 477 ac
804 448 875 478 sanz
890 447 1069 477 conscieniiae
1084 450 1256 478 convenien-

202 495 281 524 tem,
300 485 332 515 ad
347 486 479 524 praedicta
498 487 577 517 Bona
601 488 633 518 ὃς
654 486 760 523 jocalia
778 509 788 524 ,
811 487 844 516 ὃ(
865 486 1013 516 Summam
1036 487 1201 524 praeditfmm
1222 495 1257 517 ex

203 525 280 555 causa
296 525 429 561 praedicta
442 525 542 556 habere
562 525 698 562 voluerit,
714 534 749 555 co
764 525 827 555 casu
841 525 996 555 remanebit
1017 524 1066 554 libi
1086 535 1139 562 pro
1160 534 1256 563 perpe-

203 572 254 593 tuo
268 563 399 600 praedicia
416 563 533 593 Summa
551 564 606 593 Sex
619 562 730 592 Milium
748 563 912 601 Libt‘izrum,
929 564 1051 600 alioquin
1071 562 1211 594 Restituet
1225 566 1258 594 ὅζ

204 600 338 631 Resolvet
353 611 387 631 ex
400 603 510 641 integro
526 601 643 633 eandem
661 601 809 632 Summam
824 605 878 632 Sex
894 601 1005 631 Milium
1031 601 1180 631 Librarum
1190 611 1260 640 prae-

199 639 270 680 fato
284 639 443 670 Cardinali:

241 679 377 709 Praeterea
384 679 472 708 didius
486 677 651 716 Cardinalis,
661 679 860 715 praedictorum
870 678 1095 715 Regnicolarum
1104 677 1261 715 paupertati

203 717 253 756 pie
270 719 460 756 compatiens,
478 717 511 747 &
527 726 579 753 pro
591 717 874 756 viribussaiagens,&
890 717 1045 758 desiderans
1060 718 1139 755 quod
1153 718 1258 746 eisdem

206 756 239 791 ὅ(
248 765 350 785 eorum
358 755 516 793 Paupertati
524 765 658 793 parcatur,
667 756 758 785 salte-ni
767 757 800 785 ad
810 764 929 793 tempus⁷
937 758 967 786 ὃε
983 756 1134 794 differatur,
1141 757 1180 784 ob
1193 755 1261 793 hoc,

205 793 240 823 δι’.
255 793 375 823 aliorum
390 793 600 824 Prcemiilorum
619 795 720 824 intuitu
736 795 768 825 δε
784 795 1015 831 conliderauone,
1030 796 1126 824 annuit
1139 795 1171 824 ὃς
1188 803 1264 823 con-

201 830 283 862 vceffit
301 832 390 869 quod,
405 840 503 870 praeter
519 834 551 863 ὃς
562 833 631 863 ultra
645 832 750 862 dietam
760 832 910 862 Summam
918 837 972 863 Sex
982 834 1091 862 Milium
1103 833 1263 869 Librarum,

203 870 341 899 mutuabit
352 872 468 899 Domino
483 872 547 908 Regi
562 872 621 901 alias
636 875 688 899 Sex
696 870 776 900 Mille
784 871 895 907 Libras,

243 907 287 937 Ac
302 908 379 945 quod
393 909 553 939 Solutiones
566 909 734 939 diversarum
752 908 935 939 Summarum
945 931 955 946 ,
972 909 1005 939 ad
1019 908 1163 948 Tresdecim
1178 908 1262 937 Milia

203 947 366 983 {Marcarum
385 946 430 977 vel
454 956 542 985 prope
566 948 592 978 se
606 947 817 977 extendentium
836 969 845 985 ,
869 957 916 986 per
937 950 1062 977 eundem
1087 948 1259 977 Cardinalem

202 986 321 1015 Domino
335 987 401 1022 Regi
414 986 447 1015 &
459 985 493 1014 ad
507 994 578 1024 opus
591 985 671 1015 suum
686 986 714 1014 in
731 984 837 1023 Regno
853 986 978 1015 Franciae
996 986 1189 1016 Mutuatarum
1198 1008 1207 1024 ,
1224 987 1258 1016 ad

204 1032 323 1062 quarum
343 1023 574 1060 Resolutionem,
587 1023 621 1053 ad
636 1033 728 1054 certos
746 1024 804 1053 dies
813 1024 874 1062 jam
889 1025 991 1061 elapios
1014 1025 1170 1055 faciendam
1190 1049 1200 1062 ,
1217 1025 1259 1055 di-

204 1061 274 1091 versi
289 1061 413 1090 Domini
430 1061 589 1098 spirituales
606 1061 638 1091 &
654 1061 839 1100 Temporales
865 1073 914 1100 per
939 1063 983 1093 sua
1007 1063 1115 1099 Scripta
1139 1063 1259 1102 Obliga-

204 1101 274 1129 toria
289 1108 427 1136 tenentur,
446 1109 561 1130 necnon
577 1099 792 1131 Resolutioneni
808 1101 945 1131 dicstarum
961 1105 1013 1131 Sex
1025 1105 1144 1131 Mittit-'m
1152 1103 1259 1131 Libra-

203 1140 394 1207 griifDomino
412 1141 493 1177 Regi,
511 1147 539 1169 ut
555 1140 697 1176 praefertur
708 1162 718 1178 ,
743 1138 983 1178 Muiuandarum,
1004 1140 1206 1180 Respectuabit
1223 1144 1256 1173 ὃς

238 1186 245 1205 i
272 1186 345 1214 eret,

244 1214 282 1245 Et
299 1215 512 1246 Resolutionem
527 1216 688 1247 earumdem
704 1215 890 1246 Summarum
906 1219 959 1245 Sex
975 1216 1086 1247 Milium
1108 1217 1259 1248 Librarum

204 1253 243 1285 fic
259 1252 500 1292 Mutuandarum,
519 1255 551 1285 &
567 1254 734 1285 Treidecim
752 1253 869 1284 Milium
888 1254 1071 1293 Marcarum,
1093 1258 1207 1295 recipiet
1225 1258 1261 1286 de

203 1292 303 1328 primis
324 1291 453 1322 Denariis
466 1315 475 1330 ,
501 1294 676 1331 proventuris
697 1293 732 1323 de
753 1293 976 1332 quibuscumque
1003 1294 1261 1332 Conceisionibus,

205 1332 320 1360 Domino
336 1330 422 1371 nostro
439 1333 520 1370 Regi,
539 1342 587 1369 per
601 1331 830 1362 Communitates
852 1331 946 1371 Regni
966 1332 1004 1362 sui
1029 1334 1154 1371 Angliae,
1172 1336 1208 1364 de
1223 1335 1259 1363 as-

203 1368 281 1398 senlu
299 1369 496 1400 Doiiiinorum
511 1371 701 1409 Spiritualium
723 1371 756 1401 &
775 1370 994 1409 Temporalium
1016 1373 1139 1410 ejusdem
1164 1372 1259 1412 Regni

204 1416 253 1445 per
274 1407 318 1445 se,
337 1409 369 1438 ὃς
383 1406 501 1439 Clerum
515 1409 638 1445 ciusdem
652 1410 747 1447 Regni
759 1418 809 1446 per
819 1408 860 1446 se,
880 1408 991 1440 fiendis:

244 1445 359 1484 Quibus
372 1447 488 1486 quidem
505 1447 743 1478 Conceffionibus
759 1448 792 1478 &
814 1447 1013 1478 Oblationibus
1030 1446 1144 1487 praefati
1165 1450 1263 1479 Cardi-

206 1482 254 1522 lis,
273 1485 302 1515 Τ
305 1488 376 1516 ertio
394 1485 452 1517 Die
464 1485 549 1525 Julii,
559 1487 647 1517 Anno
664 1486 802 1524 praesenti,
818 1496 846 1516 in
861 1486 987 1525 praesenti
1003 1487 1194 1519 Parliatnento
1201 1488 1263 1519 Re-

207 1523 295 1553 citatis
305 1547 314 1562 ,
332 1523 431 1554 auditis
444 1525 553 1562 plenius
564 1526 597 1556 &
612 1526 768 1563 intellectus,

240 1561 403 1600 Habitaque
416 1563 493 1600 super
507 1564 609 1594 eisdem
642 1574 689 1600 per
706 1563 851 1594 Dominos
866 1562 1023 1601 Spirituales
1041 1564 1074 1595 ὅτ.
1100 1563 1262 1604 Tempora-

202 1601 243 1633 „les
256 1600 378 1638 ejusdem
396 1601 591 1640 parliamenti,
641 1603 820 1633 eliberatione
835 1602 958 1639 matura,

244 1638 432 1670 Conlideratis
443 1641 547 1678 etiam,
563 1651 611 1681 per
623 1641 737 1672 eosdem
759 1641 904 1670 Domitios
921 1661 931 1676 ,
951 1642 1005 1670 una
1026 1649 1095 1670 cum
1118 1643 1262 1680 praemiffis

205 1677 442 1715 obligationibus
457 1680 566 1710 eximiis
580 1680 613 1710 &
627 1679 838 1718 lingularissiinis
852 1701 861 1716 ,
879 1678 1106 1709 Gratitudinibus
1120 1702 1129 1717 ,
1149 1689 1182 1709 ac
1206 1682 1266 1711 lau-

204 1717 362 1755 dabilibus,
379 1718 557 1749 exafflffimis
570 1742 580 1755 ,
596 1717 776 1754 sumptuosis,
792 1718 824 1747 ὅ(
841 1717 988 1746 fructuoiis
1006 1716 1173 1756 Obsequiis,
1192 1728 1265 1755 prae-

207 1755 266 1786 fato
282 1757 397 1785 Domino
413 1756 499 1796 nostro
512 1758 593 1793 Regi,
607 1763 657 1792 per
667 1755 827 1796 praedieifurtz
844 1755 1035 1793 Cardinalem,
1051 1757 1080 1785 in
1094 1756 1204 1795 Regnis
1212 1759 1264 1790 suis

206 1794 252 1824 An
274 1794 317 1822 liae
331 1795 364 1824 ὃ(
378 1794 521 1829 Franciae,
538 1803 571 1822 ac
587 1793 669 1830 alibi,
686 1793 832 1829 iaepiiiime
848 1793 996 1832 impensis,

271 1841 287 1860 x
302 1832 469 1861 eorumdem
490 1831 689 1861 Dominoruin
706 1841 739 1861 ac
754 1830 1004 1862 Communitatum
1021 1831 1122 1870 Regni
1138 1833 1267 1873 AngHae,

205 1870 235 1900 in
250 1869 353 1906 eodem
374 1868 561 1900 Parliamento
583 1869 779 1911 eigistentium,
804 1871 929 1901 unanimi
951 1870 1083 1902 consensu
1105 1873 1205 1909 pariter
1232 1876 1266 1905 ὃς

202 1907 310 1938 affensu
319 1930 329 1945 ,
354 1907 532 1939 Audloritate
555 1908 678 1945 ejusdem
702 1908 898 1947 Parliainenti,
920 1909 950 1940 O
960 1919 983 1940 R
992 1918 1034 1939 Di
1045 1919 1067 1941 Ν
1081 1920 1100 1940 Α
1113 1920 1135 1941 T
1145 1919 1168 1941 u
1177 1919 1205 1941 M
1224 1912 1266 1943 est

207 1948 241 1978 &
258 1944 434 1977 Concoa
451 1954 607 1977 DATUM
627 1947 717 1986 quod,

244 1984 360 2015 Praefata
372 1986 494 2016 Summa
506 1989 560 2015 Sex
577 1985 690 2015 Milium
705 1986 857 2016 Librarum
869 2008 879 2023 ,
898 1986 968 2016 dicio
987 1990 1103 2017 Domino
1122 1991 1204 2027 Regi,
1220 1999 1269 2027 per

199 2022 352 2093 gesatum
368 2023 559 2062 Cardinalem,
575 2024 625 2054 sub
638 2024 732 2056 form'a‘,
747 2026 780 2056 &
796 2025 963 2057 conditione
983 2027 1145 2065 praedictis,
1166 2028 1270 2059 *tradita

258 2062 371 2094 iiberata

247 2101 357 2131 Omnia
370 2085 403 2133 ³&
417 2101 525 2138 singula
540 2101 620 2132 Bona
638 2102 670 2133 ὃς
694 2102 801 2141 Jocalia
822 2101 956 2140 praedii&
977 2103 1070 2134 eidem
1091 2102 1239 2136 Cardinali
1257 2128 1267 2145 ,

231 2140 333 2170 lenarie
348 2141 380 2171 &
396 2141 522 2178 integre,
537 2141 637 2179 absque
648 2140 851 2172 Diminutione
868 2141 911 2172 seu
922 2141 1067 2173 Dilatione
1076 2151 1268 2183 quacumque,

243 2178 406 2208 estituantur
419 2180 453 2210 &
470 2178 687 2218 Deliberentur,
705 2181 738 2212 &
754 2180 807 2210 sint
822 2180 865 2210 sua
880 2179 995 2218 Propria
1010 2178 1148 2212 Habenda
1158 2204 1167 2219 ,
1186 2184 1219 2213 ὃς
1232 2183 1268 2214 de

209 2217 314 2248 eisdem
335 2217 508 2247 Faciendum
526 2218 558 2249 &
575 2217 793 2256 Disponendum
803 2228 855 2258 pro
869 2217 924 2248 suae
938 2220 1016 2249 libito
1030 2220 1200 2259 voluntatis3
1218 2222 1267 2251 ali-

211 2266 272 2295 quo
281 2256 415 2294 Judicio,
434 2256 511 2294 super
525 2255 610 2287 Bonis
624 2259 657 2287 &
670 2257 816 2296 jocalibus
829 2256 966 2296 praedictis
979 2258 1008 2287 in
1029 2259 1178 2289 Scaccario
1201 2259 1266 2290 Do-

213 2296 286 2325 mini
302 2295 387 2333 Regis
401 2295 528 2332 reddito,
545 2304 592 2326 aut
607 2305 642 2325 eo
655 2296 734 2335 quod
746 2295 868 2334 expreffa
885 2297 1012 2335 mentio,
1039 2306 1102 2336 quae
1123 2299 1156 2329 &
1177 2299 1265 2335 cuius-

214 2334 294 2364 modi
311 2332 389 2364 Bona
405 2336 437 2363 ix
450 2333 555 2372 jocalia
569 2335 612 2364 illa
625 2335 744 2374 fuerint,
762 2345 817 2365 nec
832 2335 868 2365 de
891 2333 992 2365 Precio
1015 2336 1049 2366 &
1074 2346 1144 2366 vero
1165 2336 1270 2368 Valore

212 2372 400 2410 eorumdem,
418 2373 448 2402 in
463 2372 648 2403 Praesentibus
662 2374 734 2405 facta
745 2383 806 2404 non
821 2373 929 2411 existit,
944 2383 990 2404 aut
1006 2374 1059 2405 alia
1074 2373 1185 2414 Causa,
1205 2386 1265 2408 ma-

211 2411 299 2449 tei-ia,
315 2411 360 2443 vel
376 2412 523 2442 occasione
537 2421 714 2451 quacumque
729 2422 788 2452 noti
803 2413 950 2443 obstante.-

246 2450 283 2480 Et
299 2451 410 2481 ulterius
425 2450 703 2481 ORDINATUM
727 2450 769 2482 est
785 2451 818 2481 &
838 2450 894 2482 Co
907 2460 1112 2491 NCESSUM,
1130 2452 1266 2483 Audi-ori«

208 2497 265 2520 tate
278 2489 430 2527 praedicta,
448 2489 528 2527 quod
536 2491 681 2526 p‘raedic‘lus
706 2488 858 2520 cardinalis
873 2513 882 2527 ,
907 2490 966 2521 tam
986 2491 1022 2520 de
1046 2491 1188 2529 praedietis
1208 2492 1264 2522 Sex

209 2527 328 2559 Milibus
343 2527 510 2565 Librarum,
522 2527 644 2568 praefato
662 2532 778 2559 Domino
791 2531 866 2566 Regi,
876 2537 905 2558 ut
921 2531 1108 2569 praemittitur,
1127 2529 1266 2561 Mutuan·

208 2567 327 2604 darum,
345 2568 431 2606 quam
448 2566 484 2596 de
497 2568 637 2605 praedic‘tis
653 2567 817 2598 Tresdecim
833 2567 952 2598 Milibus
968 2567 1191 2606 Marcarum,de
1204 2568 1265 2599 Pri-

209 2606 265 2636 mis
284 2604 431 2643 Denariis,
449 2605 484 2636 de
500 2607 723 2645 quibuscumque
737 2605 989 2644 Conceffionibus,
1008 2610 1122 2637 Domino
1135 2610 1210 2646 Regi,
1217 2618 1265 2646 per

212 2643 445 2674 Communitates
459 2644 554 2683 Regni
570 2645 686 2682 Angliae
703 2668 712 2683 ,
737 2645 773 2675 de
792 2643 898 2675 assensu
918 2644 1116 2677 Dominorum
1135 2646 1268 2683 Spiritus-

211 2682 281 2712 lium
297 2683 328 2713 &
343 2683 561 2720 Temporalium
576 2684 698 2722 ejusdem
708 2683 813 2720 Regni
830 2694 879 2723 per
893 2683 940 2722 Se,
958 2694 990 2714 ac
1007 2684 1125 2715 Clerum
1140 2686 1266 2722 ejusdem

211 2720 309 2759 Regni
324 2730 373 2759 per
388 2721 440 2760 Se,
457 2720 573 2760 fiendis,
590 2723 712 2761 plenarie
722 2722 890 2762 persolvatur
908 2724 940 2754 <Sc
956 2722 1060 2754 satisfiat
1076 2746 1086 2762 ,
1105 2731 1136 2755 ut
1160 2723 1201 2754 est
1221 2726 1267 2764 ju-

209 2757 296 2796 stum,

251 2796 288 2827 Et
307 2797 388 2839 quod
399 2796 588 2836 Cancellarius
606 2799 732 2840 Angliae,
749 2808 949 2838 pro'tempore
965 2799 1084 2830 existens
1094 2823 1104 2839 ,
1132 2800 1267 2832 Austori-

212 2842 269 2866 tate
284 2835 437 2874 praedicta,
453 2836 537 2868 faciet
552 2838 671 2878 praefato
687 2838 846 2875 Cardmali,
871 2837 1094 2877 Executoribus,
1111 2839 1270 2879 Affignatis‚

211 2875 259 2905 ‘vel
276 2874 426 2913 Deputatis
439 2875 568 2913 suis‚'10t
583 2878 615 2908 &
629 2877 692 2907 talia
708 2878 816 2908 Literas
832 2876 959 2907 Parentes
973 2877 1006 2907 δε
1020 2877 1127 2916 Brevia,
1144 2878 1192 2908 sub
1202 2878 1268 2909 Ma-

211 2922 273 2952 gno
287 2913 383 2951 Sigillo
397 2915 510 2943 Domini
526 2918 614 2952 Regis,
628 2914 785 2945 Haeredum
794 2918 843 2952 ,δε
861 2915 1062 2946 successorum
1076 2916 1200 2954 suorum,
1210 2918 1269 2947 abs-

211 2962 266 2992 que
280 2951 349 2982 Fine
362 2952 407 2982 vel
425 2952 524 2983 Feodo
534 2963 587 2991 pro
604 2953 707 2984 eisdem
722 2953 876 2990 solvendis,
900 2964 953 2990 pro
974 2954 1128 2985 Securitate
1148 2954 1267 2986 Resolu-

66 2982 194 3022 ⁰X=5¹9·
212 2992 295 3023 tionis
311 2992 344 3022 &
361 2990 563 3022 Satisfaeiionis
582 2992 601 3011 *²
620 2992 801 3022 Summarum
819 2990 1027 3030 praedictarum,
1045 2994 1074 3022 in
1089 2994 1182 3024 forma
1196 3004 1269 3031 pra:-

211 3029 291 3062 dieta
307 3030 452 3069 faciendae,
470 3040 538 3069 quot
553 3032 586 3063 &
599 3031 685 3069 qualia
700 3030 781 3060 eidem
803 3029 961 3067 Cardinali,
988 3030 1204 3071 Executoribus,
1219 3033 1269 3062 As-

213 3069 341 3107 sign'atis,
358 3069 393 3100 &
410 3068 559 3109 Deputatis
574 3070 640 3107 suis,
659 3079 707 3106 per
721 3069 920 3099 avisamentum
936 3068 1063 3100 Concilii
1076 3070 1136 3109 sui,
1158 3071 1268 3101 videbi-

213 3117 259 3140 tur
277 3107 445 3145 neceffaria,
459 3107 642 3145 sufficientia,
657 3109 691 3138 &
708 3117 861 3145 oportuna:

248 3145 285 3176 Et
299 3145 379 3184 quod
391 3145 587 3177 Thesaurarius
600 3146 710 3184 Angliae
726 3147 758 3176 δι
774 3145 945 3183 Camerarii,
962 3147 1069 3177 ratione
1086 3147 1270 3178 Liberationis

210 3185 359 3217 Bonorum
374 3183 562 3222 &jocalium
577 3185 780 3222 praedietorum
792 3207 801 3222 ,
811 3183 930 3222 praefato
948 3185 1093 3215 cardinali
1106 3209 1116 3224 ,
1142 3195 1172 3215 ut
1193 3196 1267 3224 prae-

213 3224 352 3261 mittitur,
371 3222 522 3261 faciendae,
540 3232 590 3259 per
610 3226 755 3252 Dominum
780 3223 894 3261 nostrum
917 3226 1031 3262 Regem,
1056 3223 1205 3262 Haeredes,
1224 3226 1268 3256 vel

211 3260 393 3293 Successores
407 3260 485 3300 snos,
495 3261 654 3311 <nullatenus
667 3262 854 3299 imperantur,
869 3262 1051 3293 molestentur
1063 3263 1093 3293 iti
1110 3263 1215 3302 aliquo,
1224 3265 1268 3295 seu

230 3308 373 3331 raventur·
497 3315 510 3330 a

208 3309 229 3340 g
248 3322 487 3377 Proviso’se'mper
501 3337 600 3376 quod,
617 3336 636 3366 fi
652 3346 780 3375 appareat
795 3359 805 3375 ,
832 3338 879 3368 vel
901 3338 995 3377 aliquo
1017 3347 1148 3379 ternpore
1171 3341 1267 3372 futuro

209 3386 342 3417 apparere
356 3376 411 3406 five
425 3376 554 3407 constare
566 3376 686 3415 poterit,
705 3375 784 3414 quod
796 3374 929 3414 praefatus
941 3381 1009 3407 Dux
1028 3377 1205 3418 Gloucesiriae,
1225 3390 1266 3410 ra-

209 3418 289 3448 tione
304 3415 505 3453 Scrutationis,
523 3414 747 3453 Explorationis,
766 3414 969 3454 Arestationis,
997 3425 1044 3446 aut
1067 3418 1181 3456 alicujus
1199 3418 1266 3448 alte—

210 3456 266 3486 rius
285 3453 450 3491 Diligen'tiae
460 3477 470 3491 ,
488 3462 538 3493 pei·
553 3454 643 3493 ipsum
657 3452 740 3483 faistae
754 3452 799 3483 seu
815 3463 972 3490 procuratae
986 3476 996 3492 ,
1014 3455 1127 3492 aliquod
1151 3456 1268 3487 Interes-

209 3494 253 3532 se,
268 3492 417 3529 Titulum,
435 3491 479 3522 vel
496 3491 646 3522 Clameum
662 3491 760 3522 habeat
772 3492 816 3522 vel
840 3491 966 3523 habuerit
985 3493 1020 3522 ad
1044 3495 1196 3532 petendum
1218 3496 1265 3526 ali-

210 3541 296 3571 quam
312 3531 423 3562 Partem
439 3531 636 3568 praedictorum
649 3529 796 3560 Bonorum
813 3529 996 3567 &Jocalium
1012 3554 1021 3569 ,
1070 3532 1128 3562 uod
1148 3543 1185 3564 eo
1205 3536 1266 3565 casu

212 3574 344 3602 Dominus
357 3572 418 3598 Rex
428 3569 571 3600 satisfaciet
581 3566 701 3607 prefato
716 3571 786 3598 Duc-i
798 3567 966 3607 Gloucestm'ae
981 3579 1034 3608 pro
1079 3580 1121 3600 ata
1130 3594 1139 3609 ,
1156 3571 1193 3601 de
1207 3581 1266 3602 tan-

212 3619 241 3641 ta
255 3618 329 3647 parte
345 3608 488 3647 praeditiae
506 3608 636 3638 Summae
660 3609 713 3636 Sex
737 3606 847 3636 Milium
869 3607 1018 3637 Librarum
1033 3631 1042 3646 ‚
1065 3619 1166 3642 quanta
1186 3611 1268 3641 fuerit

212 3647 279 3679 Pars
292 3647 436 3683 diffitorum
454 3646 600 3679 Bonorum
613 3646 670 3677 five
679 3645 841 3683 Jocalium,
860 3646 889 3675 in
909 3656 962 3684 qua
979 3647 1049 3676 idm
1071 3651 1139 3676 Dux
1163 3649 1268 3679 habue-

214 3687 249 3716 rit
263 3686 369 3722 iustum
384 3684 534 3724 Titulum,
551 3683 723 3723 Clameum,
741 3684 787 3715 vel
799 3683 950 3723 Interesse,
971 3686 1006 3716 ad
1025 3695 1089 3715 eam
1112 3688 1267 3724 peter-idum

212 3732 242 3755 ut
257 3723 425 3762 praedieium
441 3722 492 3754 est.

251 3799 320 3831 Nos
330 3804 425 3831 autem
436 3800 567 3832 Tenores
583 3799 748 3837 Petitionis,
766 3798 982 3839 Responsionis,
1000 3801 1034 3831 &
1053 3801 1180 3832 Adiuum
1196 3810 1267 3842 prae-

212 3839 374 3874 dic‘lorum,
389 3839 424 3869 ad
441 3840 667 3878 Requisitionem
678 3837 794 3878 praefati
809 3839 980 3878 cardinalis,
1007 3839 1126 3871 Tenore
1143 3841 1267 3873 Praesen-

213 3879 296 3916 tium‚
311 3876 440 3907 duximus
457 3878 888 3909 EXEMPLIFICANDOS.

250 3916 284 3947 ln
298 3915 392 3952 cuitu,
409 3915 470 3945 &e

264 3953 354 3986 Teste
367 3951 453 3992 Rege
469 3954 541 3993 apud
559 3954 834 3995 1Wstm0nasterium,
851 3953 968 3986 decimo
982 3963 1063 3987 nono
1078 3955 1138 3988 Die
1153 3956 1232 3996 Julii.

1316 246 1346 286 P
1387 246 1430 288 U
1470 247 1501 288 Β
1539 249 1571 288 L
1610 247 1628 289 i
1664 248 1702 290 e
1740 248 1788 291 A.
2285 253 2360 310 183

2369 337 2500 374 Anni).

2385 386 2472 421 1432.

2370 424 2431 447 Hen.
2448 424 2476 448 6-.

1444 422 1502 452 Pro
1520 422 1615 452 [turis
1631 421 1673 454 ad
1693 424 1832 456 Generiili,¹
1849 423 2011 456 Concilium
2030 426 2192 471 Bqfiliense.

1296 502 1452 559 DEcimo
1467 515 1547 536 nono
1564 505 1622 536 Die
1631 506 1716 545 Julii,
1739 507 1824 538 Anno
1838 509 1970 546 decimo,
1989 509 2060 548 apud
2079 509 2185 542 Fratres
2206 512 2352 546 Praedica·
2369 508 2420 533 An.
2441 509 2483 534 ¹02⁸

1317 579 1322 585 “
1370 552 1459 581 tores,
1479 543 1655 574 Concessum
1673 548 1742 583 tuit,
1761 557 1808 586 per
1823 549 2022 577 aviianientutn
2038 548 2271 583 Consiliaiiorum
2288 553 2348 584 Re·
2369 549 2402 571 H.
2422 545 2450 572 6·

1295 586 1335 615 gis
1350 580 1658 622 ibideniexistentium,
1676 586 1755 621 quod
1779 590 1865 615 Comes
1889 586 2126 626 Huntyngdoniae‚
2150 591 2198 626 qui
2224 593 2251 620 in
2274 593 2345 622 Am·
2365 581 2431 609 B'bl·

1298 618 1404 660 bailiata
1423 619 1509 659 Regis
1528 620 1616 651 lturus
1629 622 1669 651 est
1691 622 1724 653 ad
1745 622 1775 652 G
1788 633 1805 653 E
1817 633 1838 653 N
1851 634 1867 654 E
1880 632 1902 653 R
1915 633 1933 653 Α
1943 632 1962 653 L
1972 633 1990 654 Ε
2018 623 2073 654 Co
2084 634 2102 654 Ν
2113 636 2130 656 c
2141 636 2149 655 t
2159 636 2179 656 L
2191 637 2232 659 [υ
2244 638 2268 659 M
2280 654 2288 667 ‚
2307 641 2347 660 re·
2369 624 2467 663 C⁰fs⁰⁷²<

1297 659 1379 694 cipiet
1394 658 1430 687 de
1445 658 1524 697 Rege
1538 681 1547 696 ,
1567 660 1690 696 quolibet
1705 661 1779 699 Die,
1798 671 1830 691 ex
1846 661 1938 692 Causa
1954 663 2101 701 praemissi,
2117 665 2247 706 §deinque
2265 672 2346 699 Mar·
2375 662 2503 695 Cieopatr„

1296 704 1340 738 cas
1349 703 1397 733 per
1411 698 1492 725 Diem
1504 720 1511 734 ,
1529 708 1579 735 per
1595 708 1685 728 unum
1700 699 1862 731 Dimidium
1878 700 2013 738 Annum,
2032 702 2082 739 &,
2100 711 2148 742 per
2170 706 2242 735 viam
2267 707 2344 739 Prae-
2363 699 2392 723 F·
2410 705 2438 731 4·

1295 733 1368 771 stiti,
1384 736 1639 778 Ducentur-Libras
1655 737 1690 766 de
1704 738 1849 768 Thesauro
1866 739 1969 776 Regis,
1988 740 2021 768 &
2037 741 2115 777 quoti
2130 742 2196 772 inde
2213 743 2258 774 fiat
2275 747 2347 777 Wa-

1296 781 1407 842 (riantugci
1422 773 1471 803 iub
1489 773 1602 807 Privato
1617 775 1727 814 sigillo,
1744 777 1929 808 Thelauiario
1944 780 1975 808 ὃς
1993 777 2160 809 Cainerariis
2173 782 2208 812 de
2227 783 2347 816 Solven-

1317 819 1352 847 o,
1405 820 1431 841 c.

1333 885 1378 916 IT
1388 897 1405 918 E
1417 896 1442 917 M
1453 910 1462 926 ‚
1480 888 1582 919 eodem
1600 888 1668 927 Die,
1685 900 1733 928 per
1745 891 1858 922 eosdem
1879 890 2030 921 Dominos
2042 891 2077 922 de
2092 891 2246 933 Concilio,
2265 896 2348 929 Con-

1294 924 1403 956 cessum
1417 927 1466 956 fuit
1482 927 1561 964 quod
1585 928 1726 967 Episcopus
1745 930 1871 969 Roffenfis
1889 931 2001 968 recipiet
2023 929 2058 959 de
2078 931 2222 964 Thesauro
2245 934 2351 976 Regis,

1293 974 1344 1002 per
1361 965 1434 994 viam
1451 965 1589 1004 Regardi,
1611 969 1679 996 ultra
1698 968 1847 998 Summam
1861 968 1926 1006 libi,
1945 970 1973 997 in
1989 968 2039 997 hac
2055 977 2147 1006 parte,
2165 981 2216 1007 per
2229 972 2350 1006 Clerum

1295 1002 1405 1040 Angliae
1419 1002 1609 1042 Concessam,
1630 1005 1673 1033 vel
1688 1005 1932 1042 Concedendam,
1950 1010 2062 1035 Centum
2079 1008 2199 1046 Libras,
2218 1011 2250 1040 ὃς
2268 1014 2349 1051 quod

1293 1041 1360 1109 {sude
1375 1041 1421 1072 fiat
1435 1041 1608 1073 Warantum
1621 1042 1705 1074 dictis
1720 1044 1904 1075 Thesaurario
1918 1046 1950 1076 &
1965 1044 2130 1076 Camerarii‘s
2143 1048 2179 1076 de
2194 1048 2350 1090 Solvendo,

1328 1089 1356 1110 c.

1330 1155 1400 1186 ΙΤΕ
1411 1164 1449 1194 Μ,
1468 1157 1571 1188 eodem
1589 1157 1647 1189 Die
1686 1159 1863 1190 Concessum
1878 1159 1939 1196 fuit,
1958 1169 2006 1197 per
2022 1160 2134 1191 eosdem
2155 1161 2300 1197 Dominos
2315 1166 2351 1197 de

1296 1192 1449 1233 Concilio,
1465 1196 1545 1234 quod
1561 1207 1631 1227 unus
1646 1181 1716 1227 Raro
1730 1220 1740 1235 ,
1758 1208 1791 1228 ex
1805 1197 1897 1228 Causfi
1916 1197 2078 1236 Prazmiisa,
2100 1203 2213 1240 recipiet
2224 1213 2240 1233 a
2259 1203 2351 1244 Rege,

1294 1233 1410 1273 quolibet
1427 1237 1499 1272 Die,
1514 1234 1554 1264 xl.
1576 1235 1690 1273 Sohdvs,
1715 1246 1764 1273 per
1788 1236 1953 1267 Dimidium
1975 1237 2093 1266 Annuin
2111 1261 2120 1277 ,
2146 1241 2183 1269 de
2203 1241 2350 1274 Thesauro

1295 1272 1400 1310 Regis,
1418 1274 1450 1303 &
1464 1274 1544 1311 quod
1562 1274 1628 1304 inde
1645 1274 1691 1305 fiat
1708 1274 1877 1305 Warantum
1888 1298 1897 1313 ‚
1915 1284 1945 1305 ut
1962 1274 1990 1303 in
2007 1275 2127 1315 foi-ma„
2145 1279 2248 1310 eisdem
2269 1281 2352 1312 The-

1295 1311 1411 1341 samario
1428 1312 1461 1342 &
1476 1310 1643 1342 Camerariis
1659 1313 1694 1342 de
1707 1312 1868 1352 Solvendo,
1883 1324 1933 1353 per
1949 1314 2024 1343 viam
2041 1311 2166 1346 Praeiliti.

1335 1386 1406 1417 ITE
1418 1391 1457 1425 M,
1473 1387 1592 1425 eodem,
1611 1387 1688 1425 Die,
1707 1387 1885 1420 Concessum
1897 1399 1977 1431 erat,
1998 1399 2049 1431 per
2068 1393 2181 1424 eosdem
2204 1393 2354 1427 Dominos

1295 1425 1331 1456 de
1345 1425 1498 1464 Concilio,
1515 1427 1596 1464 quod
1609 1426 1744 1466 Magister
1758 1429 1877 1458 Thomas
1892 1432 2012 1469 Brousis,
2033 1432 2174 1470 utriusque
2184 1432 2259 1471 Juris
2283 1435 2348 1465 Do-

1296 1465 1360 1494 &or
1375 1488 1384 1501 ,
1403 1466 1450 1502 qui
1470 1466 1554 1495 iturus
1569 1465 1608 1495 est
1628 1466 1658 1494 in
1674 1466 1773 1496 eadem
1791 1467 1977 1507 Amballiatsi,
1995 1471 2110 1508 recipiet
2118 1480 2167 1509 per
2185 1474 2265 1501 Diem
2277 1485 2319 1503 xx
2328 1484 2350 1504 s.

1296 1513 1345 1540 pei·
1360 1503 1522 1543 Dimidium
1535 1503 1670 1541 Annum,
1687 1504 1723 1534 de
1735 1503 1881 1535 Thesauro
1900 1506 2000 1544 Regis,
2024 1508 2186 1540 Habendos
2207 1520 2240 1540 ex
2257 1512 2350 1543 Causa

1297 1540 1453 1578 praedic‘tai
1467 1543 1500 1573 &
1519 1541 1598 1579 quoii
1615 1543 1682 1572 inde
1702 1542 1749 1572 fiat
1772 1543 1959 1575 Wariantum
1986 1546 2088 1577 eisdem
2109 1546 2294 1581 Thesaurario
2319 1551 2352 1581 δὲ

1300 1579 1467 1610 Camerariis
1481 1587 1511 1609 ut
1518 1580 1614 1619 fiipra.

1498 1705 1547 1737 Dc
1570 1705 1752 1747 Transt'turis
1772 1704 1814 1738 ad
1829 1705 1943 1739 dic‘lum
1969 1708 2148 1742 Concilium.

1300 1787 1485 1849 Vlcesimo
1500 1788 1559 1819 Die
1574 1788 1681 1820 Mensis
1694 1788 1762 1827 Julii
1771 1813 1780 1828 ,
1801 1790 1889 1822 Anno
1904 1791 2051 1831 Decimo,
2071 1793 2144 1831 apud
2168 1790 2356 1827 Westmona-
2374 1796 2449 1828 Arm.
2465 1796 2508 1828 D.

1383 1826 1514 1864 sterium,
1532 1829 1560 1857 in
1575 1827 1695 1859 Camerti
1710 1829 1834 1867 stellata,
1854 1830 2030 1861 Concelsum
2047 1843 2118 1869 erat,
2139 1843 2186 1870 per
2208 1833 2355 1864 Domitios
2399 1845 2482 1875 1432.

1301 1864 1337 1894 de
1344 1864 1486 1908 'Concilio
1502 1866 1605 1905 Regis,
1626 1868 1705 1904 qued
1718 1877 1821 1898 omnes
1834 1868 1976 1908 Domini,
1994 1869 2148 1909 Episcopi,
2164 1870 2295 1911 Baiones,
2310 1873 2355 1903 seu
2374 1878 2428 1902 Aa.
2448 1885 2492 1903 io.

1303 1902 1429 1941 Milites,
1444 1914 1490 1935 aut
1513 1904 1673 1942 Doctores,
1699 1905 1853 1937 Transituri
1871 1909 1961 1939 versus
1978 1908 2008 1938 G
2019 1917 2037 1938 Ε
2050 1917 2071 1939 Ν
2084 1918 2101 1939 Ε
2114 1913 2135 1938 R
2148 1918 2167 1938 Α
2182 1918 2201 1939 L
2212 1919 2230 1940 Ε
2253 1910 2355 1941 Con·
2376 1916 2411 1941 H.
2428 1916 2455 1942 6.

1302 1950 1339 1984 ci
1350 1950 1472 1980 LitJM,
1491 1942 1627 1978 habeant,
1646 1945 1679 1975 &
1692 1944 1808 1981 quilibet
1824 1954 1924 1976 eorum
1941 1948 2037 1977 habeat
2048 1970 2057 1985 ,
2077 1947 2180 1978 Literas
2197 1947 2357 1979 Protectio-

1302 1989 1361 2016 nis,
1379 1982 1408 2010 in
1422 1981 1515 2011 forma
1531 1981 1642 2018 debita,
1660 1982 1709 2012 sub
1723 1984 1837 2015 Privato
1852 1984 1951 2024 Sigillo
1966 1985 2069 2024 Regis,
2088 1986 2221 2017 Domino
2238 1987 2361 2019 Cancel*

1302 2018 1372 2049 lario
1386 2019 1521 2058 direc'tas,
1540 2030 1570 2050 ut
1584 2021 1612 2050 in
1629 2020 1737 2060 forma,
1756 2022 1899 2054 duraturas
1909 2035 1959 2062 per
1974 2034 2062 2054 unum
2079 2024 2210 2055 Annum:

1339 2057 1377 2088 Et
1392 2058 1472 2096 quod
1485 2059 1603 2096 quilibet
1615 2058 1761 2091 ditiorum
1779 2061 1993 2100 Dominorum,
2012 2062 2056 2093 seu
2070 2064 2189 2093 aliorum
2200 2086 2210 2102 ,
2229 2071 2260 2093 ut
2284 2073 2359 2101 prie-

1302 2096 1407 2134 fertur,
1426 2097 1568 2128 transeuns
1584 2097 1618 2127 ad
1639 2097 1716 2128 idem
1737 2098 1794 2129 Co
1805 2107 1827 2129 N
1836 2109 1871 2130 ei
1882 2109 1903 2130 L
1913 2110 1956 2131 Iu
1967 2109 1993 2130 M
2008 2123 2017 2139 ,
2035 2100 2119 2140 poffit
2135 2125 2145 2139 ,
2162 2102 2211 2132 sub
2243 2102 2361 2141 Signeto

1303 2134 1369 2172 sue,
1386 2134 1541 2166 certificare
1564 2135 1696 2166 Nomina
1717 2136 1832 2167 suorum
1854 2138 2051 2177 Servienturn,
2076 2139 2170 2169 secum
2193 2139 2226 2169 ad
2249 2141 2362 2171 dicium

1303 2173 1523 2204 CoNcrLru
1541 2182 1568 2204 M
1590 2175 1802 2214 transeuntium,
1826 2175 1950 2207 Custodi
1973 2177 2078 2208 Privati
2101 2178 2189 2217 Sigilli
2214 2180 2242 2208 in
2266 2178 2362 2210 forma

1304 2211 1508 2250 Protetstionis,
1527 2213 1559 2243 &
1576 2213 1656 2250 quod
1671 2213 1749 2243 idem
1764 2214 1871 2245 Custos
1897 2217 1979 2246 faciet
2001 2215 2212 2254 Proieeiioiies,
2230 2218 2280 2247 sub
2301 2217 2362 2247 Pri-

1306 2259 1371 2281 vato
1375 2251 1486 2318 (ῗῖιέἰηο1
1493 2272 1502 2288 ,
1521 2252 1550 2280 in
1566 2251 1661 2282 forma
1677 2252 1788 2291 debita,
1809 2263 1859 2293 pei·
1883 2263 1972 2285 unum
1992 2255 2112 2285 Annum
2131 2255 2282 2294 duraturas,
2301 2257 2362 2287 abs-

1302 2298 1358 2327 que
1396 2295 1418 2318 i⁴
1439 2299 1475 2320 cu
1489 2298 1553 2319 tate.

2409 1951 2473 1980 ibid.

1482 2413 1509 2441 ᾖ
1537 2419 1631 2463 Super
1654 2416 1845 2461 Ambaffiata
1870 2417 1916 2452 ad
1935 2421 2043 2465 Regem
2068 2422 2181 2455 Dacia.

1302 2500 1445 2556 EOdem
1466 2500 1524 2533 Die
1544 2501 1763 2533 Concordatum
1781 2503 1833 2534 fuit
1868 2503 1930 2534 uod
1947 2503 2094 2535 Dominus
2112 2503 2305 2538 Cancellarius
2316 2507 2357 2539 fa·
2378 2476 2515 2555 Alss'aD'

1365 2541 1421 2571 ciat
1436 2540 1542 2571 Literas
1560 2540 1796 2579 Commiffionis,
1811 2542 1848 2572 de
1888 2541 2003 2573 otestate
2017 2543 2047 2572 T
2049 2544 2173 2574 raet-andi
2193 2546 2226 2575 &
2241 2545 2360 2585 Appun-
2382 2559 2432 2582 An.
2455 2567 2495 2584 10,

1304 2574 1417 2608 &umidi
1437 2579 1497 2608 &o
1517 2589 1585 2609 cum
1603 2579 1683 2618 Rege
1700 2579 1813 2617 Daciae,
1831 2589 1863 2611 ut
1883 2582 1911 2610 in
1926 2581 2018 2612 forma
2036 2582 2188 2620 consueta,
2208 2585 2256 2614 uni
2279 2585 2360 2615 Mili·
2382 2598 2417 2621 Η,
2434 2595 2460 2622 6,

1303 2614 1342 2654 ti,
1362 2617 1395 2647 ὃ(
1409 2617 1457 2646 uni
1474 2617 1620 2656 Doctori,
1638 2619 1703 2649 illuc
1720 2619 1749 2648 in
1765 2618 1964 2649 Ambassiatam
1989 2621 2141 2650 mittendis.
2423 2632 2488 2661 ibid.

1549 2743 1606 2774 Pro
1631 2737 1768 2782 Custodia
1786 2742 1883 2773 Ducis
1906 2738 2138 2783 Aurelianenfis.

1306 2824 1483 2884 Vlcelimo
1497 2825 1593 2862 primo
1612 2824 1671 2856 Die
1686 2824 1768 2869 Julii,
1786 2823 1875 2854 Anno
1889 2823 2019 2867 decimo,
2040 2824 2113 2862 apud
2133 2823 2360 2875 Westmonaffe-
2381 2845 2457 2877 Atm-
2474 2848 2515 2878 D·

1375 2871 1470 2901 num,
1489 2863 1706 2894 concordatum
1725 2866 1796 2901 suit,
1814 2873 1863 2900 per
1882 2862 2029 2892 Dominos
2044 2864 2080 2893 de
2104 2861 2255 2902 Concilio,
2277 2866 2357 2903 quod

1308 2900 1454 2946 Dominus
1472 2901 1672 2947 Thesaurarius
1683 2902 1793 2939 Angliae
1807 2901 1952 2943 Tractabit
1967 2901 2000 2930 &
2014 2899 2211 2947 Concordavbit
2226 2912 2294 2932 cum
2310 2907 2359 2948 Cq-
2386 2894 2488 2952 Aln43120

1305 2947 1370 2968 mite
1383 2939 1547 2984 {affelsbtffl
1565 2949 1618 2984 pro
1632 2941 1763 2970 habendo
1779 2937 1946 2968 Custodiam
1968 2940 2051 2967 Ducis
2072 2940 2279 2988 Aurelianensis
2299 2941 2360 2972 Pri·
2386 2968 2411 2990 H
2432 2947 2437 2953 ¹
2442 2966 2458 2989 6

1306 2978 1404 3024 sonarit
1420 2977 1508 3015 Regis
1517 2999 1534 3021 ²,
1543 2980 1681 3021 capiendo
1696 2976 1944 3020 talem-Summam
1965 2985 2109 3020 annuatim
2131 2987 2165 3008 ex
2187 2978 2274 3009 Laui-i
2289 2990 2364 3025 prae—
2412 2985 2481 3029 'un-3·

1305 3015 1398 3054 dicta,
1415 3016 1568 3059 secundum
1581 3016 1658 3054 quod
1674 3024 1745 3045 inter
1758 3015 1869 3045 dietum
1884 3014 2101 3045 Thesauraritiin
2112 3017 2146 3047 δε
2166 3026 2233 3048 eum
2254 3027 2360 3056 poterit

1306 3054 1642 3131 cogeiogiigrdDominus
1656 3091 1843 3122 Cancellarius
1866 3091 1978 3130 Angliae
2005 3091 2089 3122 faciet
2111 3091 2226 3131 Brevia,
2251 3095 2355 3127 diretsta

1306 3130 1442 3160 Domino
1455 3130 1582 3168 Johanni
1597 3129 1790 3168 Cornewaille,
1805 3139 1881 3160 nunc
1898 3129 2012 3169 ejufidem
2032 3133 2116 3160 Ducis
2135 3131 2251 3170 Custodi,
2270 3133 2358 3165 Man-

1305 3169 1398 3200 dando
1413 3170 1504 3198 eidem
1517 3170 1553 3199 de
1572 3168 1763 3199 Deliberando
1777 3169 1878 3197 dicrum
1896 3171 1996 3198 Ducem
2016 3173 2114 3198 Comici
2137 3169 2265 3208 Suffilciae
2282 3180 2360 3209 prae-

1305 3209 1396 3246 didio,
1415 3209 1463 3245 qui
1478 3208 1574 3244 illum,
1594 3218 1643 3245 per
1656 3207 1730 3238 aliud
1746 3206 1835 3236 Breve
1846 3229 1855 3244 ,
1874 3207 1904 3236 in
1918 3208 1974 3238 hoc
1988 3207 2052 3238 casu
2067 3207 2192 3238 fiendum
2217 3231 2226 3247 ,
2245 3211 2361 3248 recipiet

1304 3246 1380 3277 salvo
1396 3247 1430 3277 ad
1446 3246 1526 3276 usum
1543 3245 1633 3282 Regis
1648 3244 1886 3276 Custodiendum.

1341 3284 1545 3322 Praesentibus,
1564 3286 1623 3315 ὄεσ.

1612 3424 1659 3457 De
1680 3419 1879 3455 Solmionibus
1895 3419 2057 3466 faciendis.

1302 3508 1477 3569 VIcefimo
1516 3506 1590 3536 rimo
1606 3505 1664 3536 Die
1676 3505 1761 3550 Julii,
1779 3506 1865 3553 Anno
1880 3506 2015 3550 decimo,
2032 3506 2105 3543 apud
2125 3507 2357 3555 Westmonaste-
2378 3525 2454 3557 Ann-
2469 3527 2501 3558 D

1327 3586 1332 3590 ἱ
1374 3557 1468 3590 rium,
1513 3545 1701 3575 oncordatum
1717 3545 1784 3588 fuit,
1801 3544 1880 3583 quod
1895 3544 1940 3574 fiat
1956 3545 2125 3588 Warantum
2144 3569 2154 3583 ,
2172 3547 2220 3577 sub
2241 3547 2355 3580 Privato
2403 3574 2415 3594 Ι
2503 3552 2510 3560 “

1304 3584 1423 3628 sigillo,
1442 3586 1583 3628 directum
1599 3583 1783 3624 Thesaurario
1798 3584 1830 3613 ὃς
1846 3582 2014 3613 Camerariis
2024 3583 2059 3612 de
2087 3584 2218 3624 Recepto
2237 3585 2354 3619 Scacca-
2377 3575 2488 3632 Astii·

1304 3633 1353 3660 rii,
1371 3633 1423 3662 pro
1440 3625 1458 3653 ii
1472 3625 1511 3651 M
1527 3621 1584 3665 Dl.
1600 3621 1633 3651 ad
1649 3622 1831 3652 deserendum
1847 3621 1938 3651 versus
1954 3624 2057 3664 Ducem*
2068 3620 2223 3668 Beafordiaf
2235 3646 2244 3660 a
2261 3626 2295 3655 ad
2313 3626 2353 3656 A-
2375 3647 2408 3669 H.
2422 3627 2445 3668 '6
2482 3628 2490 3636 .

1303 3671 1446 3691 venturam
1462 3659 1565 3698 Regis,
1585 3669 1632 3696 per
1649 3659 1798 3689 Walterum
1811 3656 1989 3697 Hungerfhrd
2014 3658 2154 3697 Militem,
2174 3661 2351 3694 Willielmum
2410 3665 2476 3710 Ihm·

1303 3702 1417 3737 Baron,
1433 3703 1562 3735 Rogerum
1578 3701 1669 3738 Wynt.
1687 3700 1720 3729 ἃ
1736 3699 1801 3728 alios
1814 3697 1920 3735 secum,
1928 3705 1980 3739 pro
1997 3695 2252 3730 Conductudiifiae
2266 3701 2352 3732 Sum-

1304 3748 1360 3768 mae
1376 3739 1460 3776 usque
1476 3746 1564 3774 partes
1583 3736 1723 3774 Franci-ae,
1743 3738 1798 3767 una
1813 3745 1881 3766 cum
1896 3734 2030 3766 Custibus
2047 3735 2097 3764 suis
2112 3737 2145 3767 ὅ(
2159 3736 2301 3777 Expenfis‚

1341 3813 1412 3844 ITE
1425 3822 1468 3850 M,
1487 3813 1531 3844 fiat
1548 3812 1621 3844 aliud
1639 3812 1820 3850 VVarantum,
1839 3812 1888 3843 sub
1903 3811 2016 3842 Privato
2031 3810 2144 3850 SigiHo,
2163 3822 2215 3853 pro
2231 3825 2290 3846 uno
2299 3814 2351 3846 Ci-

1304 3853 1375 3890 pho,
1394 3850 1502 3884 Valoris
1514 3851 1532 3882 l.
1551 3854 1710 3882 Marcarum
1723 3851 1820 3882 daturo
1835 3848 1957 3888 Episcopo
1972 3849 2004 3878 de
2018 3851 2141 3880 Naunte.

1343 3929 1388 3960 Ιτ
1402 3938 1419 3958 Ε
1431 3937 1469 3967 M,
1487 3927 1531 3958 fiat
1547 3926 1619 3959 aliud
1636 3927 1808 3958 Warantum
1821 3948 1831 3963 ,
1857 3925 1907 3955 sub
1927 3925 2041 3955 Privato
2061 3924 2159 3964 sigillo
2172 3949 2182 3966 ,
2205 3936 2259 3965 pro
2280 3932 2354 3959 Am-

1304 3966 1442 4006 baffiatore
1455 3974 1544 4007 nuper
1561 3967 1692 3999 veniente
1708 3966 1744 3996 de
1760 3963 1891 3994 Geneiale
1907 3963 2020 3994 Concilio
2038 3963 2143 3994 lxxxvi
2151 3965 2169 3995 l.
2187 3969 2238 3996 xiii·
2247 3976 2268 3997 s.
2285 3969 2351 4000 ivd.

1341 4044 1353 4074 Ι
1366 4053 1388 4074 τ
1399 4053 1417 4074 E
1427 4051 1470 4081 M,
1485 4042 1530 4073 fiat
1546 4042 1618 4073 aliud
1634 4041 1822 4078 Warantum,
1838 4040 1889 4070 sub
1900 4040 2018 4071 Privato
2032 4039 2147 4081 Sigillo,
2162 4051 2216 4082 pro
2232 4041 2357 4082 Ambast-

1296 4082 1399 4123 fiatore
1415 4081 1543 4113 Civitatis
1561 4080 1730 4119 Par-issensis,
1750 4079 1902 4119 videlicet,
1919 4088 1972 4121 pro
1984 4077 2024 4110 xl.
2040 4081 2131 4111 Marc.

2248 4154 2361 4189 Iram

2392 2440 2517 2475 ·X.520.
