2562 4274
591 124 1401 175 CONVENTIONES,

27 226 105 258 Ann.
116 224 157 255 D.
174 228 295 263 porum,
311 233 360 259 ac,
377 219 597 252 Carissimorum
620 219 905 257 Consanguineorum
928 215 1107 260 nostrorum,
1125 215 1238 259 Henrici

50 273 136 304 1424.
179 263 382 293 Northunibriae
403 283 411 298 ,
439 258 574 296 Radulpki
596 257 842 294 Wstmerlandoe,
869 255 1023 285 Comitum
1042 277 1051 292 ,
1074 256 1107 283 ὀί
1128 251 1238 281 Ruardi

1485 114 1882 177 LITERAE,

1277 210 1321 242 sos
1334 209 1446 249 Capere
1460 212 1494 243 ὅ(
1509 211 1614 243 Punire
1628 211 1783 243 secundum
1797 211 1889 250 Leges
1905 210 2007 243 Patriae
2024 213 2053 244 in
2068 222 2133 252 quae
2149 212 2343 253 Deliquerint,
2355 200 2432 245 Anti.
2442 203 2484 244 D7.

1279 250 1312 280 &
1325 251 1493 289 exigentiam
1511 250 1620 295 Deliffi
1633 261 1681 291 per
1696 250 1769 288 ipsos
1784 249 1929 280 comniiffi
1942 251 1989 281 seu
2002 253 2166 290 perpetrati:
2378 260 2464 292 1424.

162 156 238 182 310

29 309 92 333 Heu.
121 305 150 330 6.
181 300 289 335 chrll
301 299 438 332 Gardiani
453 293 671 326 Westmarchiae
682 317 692 332 ,
709 302 822 325 necnon
833 317 842 332 ,
856 294 1026 323 diletfftoium
1051 292 1152 328 nobis,
1167 288 1241 319 Wil-

182 338 262 369 helvii
278 337 421 374 Alnewyk
438 334 572 365 Custodis
586 334 690 364 Privati
712 333 800 372 sigilli
821 333 923 369 nostri,
946 332 1052 360 Thomae
1074 331 1186 359 Domini
1206 328 1238 356 de

183 382 275 408 Dat-re
285 399 294 413 ‚
312 375 453 412 Johannis
467 376 586 402 Batonis
600 373 631 401 de
643 372 787 410 Grefflok,
805 372 839 402 &
854 370 965 400 Roherti
985 366 1162 407 Umfravyll,
1180 366 1241 404 ple-

209 415 247 444 ”·“ι“
260 412 431 444 confidentes

184 427 311 490 mipsos,
331 435 581 487 Oeto‚'Septem,
601 449 634 479 δε
652 448 706 480 Sex
720 457 837 483 eorum,
855 446 1000 483 Facimus,
1016 443 1242 487 Constituimus,

182 493 214 522 &-
230 490 412 527 Aisignamus
425 487 535 518 nostros
546 486 778 524 Commissarios,
797 486 975 523 Deputatos,
993 485 1025 516 &
1035 483 1067 514 N
1072 491 1170 513 unctos
1182 481 1242 520 spe-

183 530 264 559 cintes

219 552 324 597 Dar'ites
338 567 393 604 eis,
411 564 511 601 Οὲὶο,
529 562 664 602 Septem,
682 564 715 594 δε
729 563 783 593 Sex
803 572 902 594 eorum
920 560 1111 597 potestatem,
1129 556 1241 588 Aucto-

181 607 290 636 ritatem
310 605 344 635 ὃς
364 604 537 638 Mandatum,
556 602 672 640 speciale
697 602 731 632 ad
749 601 961 637 Tractandum,
979 597 1245 634 concordandum,

182 642 381 680 Firmandum,
397 643 431 673 &
447 640 705 678 Concludendum,
792 665 794 667 ,

223 682 321 719 Curii,
341 679 494 710 Cariffimo
509 679 728 716 Consanguineo
741 678 858 719 nostio,
876 676 981 715 Jacobo
1003 679 1073 714 Rege
1091 679 1245 718 Scotoruyq,

184 719 227 750 seu
242 721 298 757 cius
315 726 362 750 aut
382 718 475 758 Regni
491 717 596 748 Scotiae
618 717 841 754 Commissariis,
863 715 1010 755 Deputatis
1020 739 1029 754 ,
1045 716 1078 746 &
1102 713 1245 748 Nunciis,

184 757 369 796 sufficientem
384 756 558 788 Potestatem
570 757 604 788 &
622 756 830 787 Auctoritatem
846 757 882 785 ab
903 753 1004 785 eodem
1020 754 1102 792 Rege
1112 750 1245 797 velReg·

183 807 226 827 no
239 796 429 833 Coniuntftim
444 796 489 826 vel
505 795 615 825 divisim
634 796 662 824 iu
678 795 731 825 hac
746 803 822 832 parte
832 793 999 824 habentibus
1013 793 1060 823 vel
1074 791 1231 834 habitum,

223 834 271 866 De
290 835 323 866 &
337 835 416 873 super
433 834 521 864 Finali
534 833 609 863 Pace
622 834 656 865 &
670 832 825 870 Perpetua,
843 832 899 862 five
918 832 954 862 de
976 833 1010 863 &
1026 831 1104 871 super
1119 829 1245 866 Treugis

185 874 219 906 ὅ(
233 874 408 905 Guerrarum
424 872 609 903 Abstinentiis
622 872 794 912 generalibus
807 871 863 901 five
879 870 1105 908 particularibus,
1121 869 1184 900 tam
1197 877 1247 906 per

185 912 326 950 Terram,
349 914 437 951 quam
460 921 510 949 per
534 910 634 949 Mare,
657 911 728 941 inter
744 911 820 947 Nor,
845 910 886 951 ὃς
904 908 1020 946 Regna,
1039 908 1159 946 Terras,
1179 905 1248 937 Do-

186 952 292 989 minia,
311 951 433 989 Ligeos,
450 951 483 980 ὃς
499 949 633 980 Subditos
654 949 767 985 nostra,
784 950 818 980 ὃ(
840 949 929 984 ipium
946 948 1060 985 Regem
1074 946 1247 982 Scotorum,

185 990 220 1020 ὃ(
235 988 374 1026 Regnum
390 988 513 1025 Scotiae,
529 987 648 1025 Terras,
669 987 824 1023 Dominia,
842 986 966 1024 Ligeos‚
983 986 1016 1016 ὃς
1030 984 1166 1027 Subditos
1185 983 1248 1021 sua,

186 1027 319 1058 Iucundis
336 1029 370 1059 δε
394 1026 565 1063 Firmandis,
581 1035 630 1062 per
645 1026 713 1055 tanti
728 1026 864 1062 temporis
885 1024 1032 1061 Spatium,
1048 1025 1103 1054 live
1116 1022 1160 1066 ¹²d.
1172 1022 1248 1054 Ter-

186 1068 315 1103 minum,
334 1073 418 1102 prout
434 1064 552 1102 praefatis
575 1063 802 1101 Commissariis,
820 1062 986 1101 DeputatiS,
1003 1063 1036 1093 δε
1050 1061 1176 1092 Nunciis
1194 1070 1249 1092 no-

188 1105 262 1142 stris,
281 1104 379 1139 Otto,
400 1103 534 1140 Septem,
551 1103 595 1133 vel
611 1102 663 1133 Sex
677 1111 797 1139 eorum,
815 1101 974 1138 videbitur,
990 1100 1138 1140 duraturis,

228 1143 264 1173 Et
276 1143 309 1172 ad
324 1142 421 1172 omnia
435 1141 485 1171 alia
499 1142 533 1172 &
556 1140 662 1180 singula
681 1140 867 1177 Faciendum,
886 1138 1124 1182 Excercendum,
1142 1139 1176 1170 &
1192 1137 1251 1169 Ex-

188 1182 378 1219 pediendum,
396 1189 458 1218 quae
474 1180 502 1208 in
519 1178 671 1209 Praemiffis
687 1179 732 1210 vel
754 1179 831 1209 circa
853 1188 886 1209 ea
905 1178 1058 1209 nccesiaria
1079 1177 1181 1208 fuerint
1203 1177 1249 1208 seu

188 1218 405 1258 quomodolibet
420 1227 581 1255 oportuna,

227 1258 429 1288 promittentes
443 1256 511 1286 Nos
523 1256 647 1293 Rarum,
665 1254 806 1293 Gratum,
824 1254 996 1286 &Firmum
1013 1255 1156 1285 habituros
1170 1255 1251 1292 quic-

189 1296 259 1334 quid
284 1306 332 1334 per
353 1294 588 1330 Commissarios,
608 1294 785 1333 DeputatOS,
803 1294 836 1324 &
858 1293 997 1325 Nuncios
1018 1292 1128 1323 nostros
1150 1292 1251 1331 praedi-

190 1338 272 1373 eros,
293 1334 391 1372 Οᾶο,
410 1334 542 1371 Septem,
559 1342 607 1364 aut
621 1333 676 1363 Sex
690 1342 810 1370 eorum,
826 1332 934 1363 Actum
955 1332 1011 1363 sive
1029 1331 1154 1362 Gestum
1170 1332 1252 1363 fuerit

192 1377 222 1405 in
237 1372 403 1410 Praemiffis,
420 1372 467 1402 vel
480 1372 576 1410 aliquo
592 1370 815 1402 Praemissorum.

227 1411 261 1442 Iri
282 1411 362 1450 cujus
382 1411 422 1441 rei
439 1410 636 1441 testimonium
656 1410 704 1440 has
719 1410 839 1440 Litteras
853 1408 962 1440 nostras
988 1408 1047 1439 fieri
1059 1409 1178 1440 fecimus
1198 1408 1254 1440 Pa—

203 1458 287 1483 entes.

190 1462 201 1485 t
227 1487 317 1520 Teste
342 1487 449 1528 meipso
473 1487 546 1527 apud
569 1485 851 1527 Wstmonasterium,
876 1485 1108 1526 Quartodecimo
1131 1485 1178 1517 die
1201 1486 1256 1518 Fe-

189 1528 310 1566 bruarii,
329 1528 418 1559 Anno
431 1525 531 1565 Regni
548 1525 643 1557 nostri
664 1524 808 1556 Secundo.

230 1606 299 1637 Satis
319 1602 338 1636 li
361 1605 408 1636 uet

229 1646 261 1676 T
272 1654 290 1675 F.
301 1655 313 1673 s
325 1616 377 1675 'rqA
390 1628 444 1674 '1311
453 1652 476 1673 R
497 1641 577 1682 quod
593 1641 741 1680 praedic'tus
752 1640 874 1681 Jacobus
887 1643 946 1671 Rex
962 1640 996 1673 &
1011 1641 1187 1682 Commiffizrii
1202 1638 1253 1681 fie-

190 1684 310 1723 pradic‘ii
318 1706 329 1722 ,
347 1685 376 1712 in
390 1683 451 1713 vim
466 1680 614 1712 Potestatis
626 1691 730 1712 eorum
745 1679 954 1719 suprascriptae,
971 1680 1258 1718 Inierunt,Concor-

196 1723 297 1752 darunt
311 1744 320 1758 ,
344 1722 376 1752 &
402 1719 627 1757 Concluserunt,
644 1719 758 1758 Ineunt,
783 1718 991 1758 Concordant,
1009 1721 1042 1751 ὃς
1069 1719 1258 1750 Concludunt

196 1763 300 1796 bonas,
316 1759 422 1797 firmas,
440 1759 584 1796 indubias,
603 1759 636 1789 ὅ(
652 1758 823 1791 inviolabiles
830 1758 956 1796 Treugas
971 1757 1186 1789 &Guerrarum
1196 1758 1258 1788 Ab·

197 1799 335 1829 stinentias
354 1797 400 1828 seu
417 1797 616 1834 Sufferentias,
634 1807 682 1835 per
704 1797 823 1827 Terram
847 1797 880 1827 &
904 1806 954 1834 per
980 1796 1080 1835 Mare,
1098 1807 1150 1836 pro
1173 1797 1256 1827 dictis

194 1837 322 1876 Regibus
335 1845 492 1874 eorumque
512 1835 698 1873 Haeredibus,
716 1837 750 1867 &
765 1835 998 1874 Successoribus,
1015 1845 1048 1866 ac
1063 1845 1164 1866 eorum
1179 1835 1259 1874 Reg-

194 1877 254 1913 nis,
271 1875 382 1911 Terris,
402 1874 564 1911 Dominiis,
584 1883 698 1904 necnon
720 1873 863 1911 Vassallis,
885 1873 988 1912 Ligus,
1007 1874 1041 1904 &
1061 1874 1186 1904 Subditis
1208 1883 1258 1904 eo-

195 1924 259 1945 rum
272 1913 516 1952 quibuscumque,
535 1912 692 1949 duraturas,
710 1913 745 1942 ab
765 1911 841 1943 Ortu
862 1911 935 1942 Solis
956 1911 1045 1942 Primi
1068 1912 1135 1943 Diei
1153 1911 1260 1942 Mentis

195 1953 269 1983 Maii
293 1952 426 1989 proximo
448 1952 552 1988 futuri,
570 1961 620 1989 per
641 1950 827 1988 Septennium
849 1959 954 1981 extunc
974 1951 1110 1988 proxime>
1130 1951 1258 1981 futurum

196 1990 349 2028 (videlicet)
370 1990 454 2027 usque
469 1989 502 2019 ad
515 1988 660 2020 Occasum
679 1990 750 2020 Solis
763 1989 836 2019 dicti
851 1987 939 2018 Primi
955 1988 1024 2019 Diei
1039 1989 1162 2028 ejusdem
1172 1989 1261 2019 Men-

195 2030 226 2061 sis
251 2029 342 2098 {¹³5²
361 2029 450 2060 Anno
473 2027 597 2059 Domini
618 2027 790 2066 Millcsimo,
818 2027 1121 2066 Qadringentelimo,
1138 2027 1262 2059 Tricesi-

196 2078 246 2100 mo
287 2076 360 2098 rimo

232 2107 347 2176 Cffibus
364 2092 481 2145 quidem
492 2105 633 2145 Treugis,
651 2104 825 2136 Guerrarum
842 2104 1027 2136 Abstinentiis
1039 2104 1260 2145 Sufferentiisve,

196 2146 234 2177 fic
273 2145 430 2183 urantibus,
448 2144 667 2175 Concordatum
679 2143 736 2181 est,
754 2144 821 2174 hinc
836 2144 869 2175 &
886 2143 969 2182 inde,
986 2144 1067 2182 quod
1083 2153 1200 2184 uterque
1216 2145 1261 2175 di-

195 2184 313 2216 &orum
330 2182 450 2221 Regum
464 2183 569 2214 ceffare
584 2183 670 2214 faciet
689 2193 738 2221 per
755 2182 810 2220 Se,
827 2181 982 2220 Vaffallos,
998 2183 1097 2223 Ligios
1130 2184 1164 2215 δε
1186 2183 1262 2214 Sub-

195 2224 269 2254 ditos
294 2222 356 2253 suos
381 2221 594 2261 quoscumque,
621 2231 724 2252 omnes
749 2220 847 2251 Priiias
871 2219 1076 2260 Personarum,
1093 2206 1260 2261 fionorum,

193 2260 332 2293 Villarum
354 2259 544 2299 firmatarum,
562 2259 795 2298 Fortalitiorum,
812 2259 845 2290 &
867 2259 987 2290 aliorum
1011 2260 1178 2299 Locorum,
1195 2271 1262 2292 om-

195 2311 245 2331 nes
261 2299 389 2338 Pilerias,
407 2298 566 2338 Roberias,
577 2298 729 2337 incendia,
740 2297 954 2328 Demolitiones
969 2298 1180 2332 Domorum&
1190 2299 1262 2331 Mu-

194 2349 313 2377 rorum,
330 2337 537 2370 Prostrationes
559 2337 725 2375 Arborum,
743 2337 802 2368 tam
864 2337 995 2368 rtantium
1013 2337 1152 2377 Frustus,
1175 2340 1262 2379 quarn

197 2379 314 2410 aliarum
340 2386 606 2417 quarumcumque,
663 2387 676 2406 r
697 2376 797 2407 omnia
849 2384 935 2415 egna‚
959 2376 1079 2415 Terras,
1104 2376 1264 2417 Dominia,

198 2417 244 2448 seu
271 2416 353 2447 Loca
376 2425 581 2455 quaecumque,
607 2425 621 2445 a
634 2415 685 2445 teri
706 2413 874 2446 eorumdem
896 2414 1032 2454 Subdita,
1054 2415 1200 2455 Subjeffl,
1218 2416 1263 2448 (eu

199 2456 411 2494 quoquomodo
432 2453 620 2492 Pertinentia,
638 2463 671 2486 ac
689 2454 789 2484 omnia
802 2453 851 2484 alia
868 2452 891 2483 F
893 2452 956 2484 aeta
975 2453 1115 2493 Guerrae,
1136 2455 1196 2486 tarn
1213 2465 1264 2494 per

201 2493 324 2525 Terram
334 2516 344 2531 ,
360 2494 447 2534 quam
460 2503 509 2531 per
526 2492 620 2524 Mare.

237 2531 282 2561 I·r
292 2542 310 2562 E
320 2540 347 2562 M
357 2556 366 2570 ,
382 2532 461 2572 quod
477 2532 566 2562 nullus
579 2531 726 2563 dierorum
746 2531 880 2572 Regum,
896 2531 1056 2569 supradietis
1068 2532 1191 2572 Treugis
1211 2534 1263 2564 dti—

202 2570 341 2613 rantibus,
364 2570 506 2609 Portabit,
533 2570 645 2609 Faciet,
670 2570 792 2610 Inferet,
811 2580 865 2601 nec
887 2581 903 2601 a
925 2570 1064 2608 Varianis,
1091 2571 1192 2611 Ligiis,
1218 2574 1263 2604 seu

203 2608 328 2639 Subditis
342 2609 392 2638 suis
405 2610 630 2648 quibuicumque
643 2608 751 2640 Portari
771 2617 818 2640 aut
838 2608 938 2639 Inferri
960 2611 1101 2647 permittet
1121 2612 1198 2641 alteri
1213 2621 1264 2642 eo-

202 2646 334 2677 rumdem
359 2646 491 2684 Regum,
509 2648 536 2676 in
552 2646 684 2685 Regnis,
700 2647 816 2685 Terris,
836 2647 1001 2686 Dominus,
1026 2648 1072 2679 seu
1095 2648 1183 2680 Locis
1203 2651 1265 2688 qui-

204 2684 396 2722 buscumque,
414 2685 463 2724 ipsi
474 2685 552 2715 alteri
566 2685 638 2724 Regi
649 2686 788 2724 Subditis,
806 2686 965 2724 Subjectis,
981 2689 1026 2716 ieu
1039 2697 1158 2726 quoquo
1176 2688 1266 2719 modo

204 2722 426 2759 Pertinentibus,
444 2723 489 2752 vel
509 2723 572 2753 alias
584 2745 592 2761 ,
610 2732 658 2762 per
680 2724 820 2762 Terram,
839 2725 895 2754 sive
917 2735 966 2762 per
987 2724 1088 2764 Mare,
1105 2726 1266 2765 Guerram,

204 2761 394 2800 Dampnum,
414 2760 595 2799 Molestiam,
615 2761 670 2791 sive
686 2761 860 2792 Gravamen.

241 2800 370 2838 ITEM,
396 2800 496 2838 qnbd,
521 2800 556 2837 si,
578 2800 738 2829 durantibus
758 2799 838 2829 dictis
859 2800 981 2838 Treugis
996 2823 1006 2839 ,
1024 2800 1069 2831 seu
1090 2800 1265 2832 Guerrarum

204 2839 406 2874 Abstinentiis,
423 2839 570 2875 contingat
584 2838 689 2877 aliquos
705 2838 893 2875 Mercatores,
903 2839 1069 2875 Peregrinos
1082 2849 1128 2870 aut
1143 2841 1266 2872 Piscato-

203 2888 263 2916 τετε,
281 2878 363 2908 unius
383 2876 469 2907 Partis
486 2877 529 2906 vel
544 2876 666 2914 alterius,
684 2878 844 2915 navigando
862 2886 897 2906 ex
915 2878 993 2907 causa
1011 2877 1248 2910 Mercandizandi
1259 2902 1268 2917 ‚

204 2915 421 2956 Peregrinandi,
439 2915 482 2946 seu
507 2914 651 2952 piscandi,
668 2917 695 2944 vi
714 2915 906 2952 Tempestatis
922 2924 968 2946 aut
986 2915 1146 2947 Ventorum
1167 2919 1270 2955 impel-

208 2954 343 2995 pellente,
364 2954 513 2998 Applicare
529 2955 556 2983 in
579 2956 673 2991 aliquo
692 2953 828 2983 Portuum
849 2954 960 2985 alterius
975 2953 1079 2992 Partis,
1097 2965 1156 2985 non
1172 2957 1268 2987 licebit

61 3005 194 3043 ⁸X.230,
209 2994 285 3023 alteri
305 2992 380 3023 Parti
396 3002 441 3022 aut
455 2992 644 3029 ejusSubditis
659 2992 728 3031 ipsos
743 3002 788 3022 aut
802 3002 904 3022 eorum
918 2992 1016 3023 Naves
1030 2994 1073 3023 vel
1091 2996 1105 3010 ⁴*
1122 2993 1201 3025 Bona
1210 2994 1269 3025 Ca-

211 3042 292 3069 pere,
308 3032 346 3061 set
361 3031 457 3061 licebit
471 3030 572 3061 eisdem
591 3032 625 3061 iic
648 3030 791 3068 impulsis,
810 3032 842 3060 &
863 3032 985 3069 debent,
1004 3034 1059 3061 una
1081 3042 1149 3062 cum
1172 3043 1269 3064 earum

212 3071 347 3101 Navibus
365 3071 398 3100 &
420 3068 520 3106 Bonis,
537 3070 621 3098 libere
642 3070 677 3098 ab
697 3069 854 3106 hujusmodi
876 3069 979 3108 Portu,
997 3071 1164 3108 quamcitius
1186 3081 1271 3102 com-

211 3110 296 3139 niode
310 3110 449 3146 poterint,
470 3107 615 3137 Recedetc
629 3108 729 3145 absque
746 3107 957 3145 impedimento
970 3118 1152 3147 quocumque
1168 3120 1216 3149 per
1231 3111 1272 3142 al-

207 3156 296 3178 teram
310 3147 422 3177 Partem
439 3146 488 3175 sibi
503 3146 611 3175 dando:

249 3185 303 3222 Et,
323 3186 339 3215 si
356 3184 455 3221 aliquid
470 3184 579 3214 fac'tuni
589 3184 630 3214 vel
644 3193 839 3222 attemptatum
854 3184 952 3222 fuerit,
968 3186 996 3215 in
1012 3187 1184 3217 contrarium
1200 3197 1273 3225 prze-

210 3224 328 3254 sentium
350 3225 542 3261 Treugarum,
569 3222 635 3253 illud
651 3223 775 3261 legitime
794 3222 996 3261 Reparabitur,
1015 3225 1047 3254 ad
1071 3225 1218 3262 pristinum
1240 3228 1273 3257 &

214 3265 339 3292 debitum
354 3262 461 3292 Statum
472 3284 481 3298 ,
496 3271 544 3298 per
563 3260 675 3291 Partem
688 3262 781 3298 illam,
799 3271 832 3291 ex
846 3261 902 3300 quii.
920 3261 965 3291 seu
980 3272 1027 3299 per
1044 3264 1122 3305 cujus
1138 3264 1273 3294 Subditos

217 3302 252 3330 iic
269 3301 473 3338 Attemptatum
490 3300 589 3337 suerit,
603 3300 702 3338 abique
718 3300 942 3330 contradictione
963 3300 1007 3330 seu
1022 3301 1189 3332 difficultate
1207 3312 1276 3341 qua-

215 3348 281 3368 CUU]
303 3348 352 3367 [182

256 3348 308 3413 Εὲ,
327 3375 346 3405 si
358 3375 438 3413 aliqui
453 3376 487 3406 de
503 3386 555 3406 una
569 3375 651 3406 Parte
663 3375 770 3413 capiant
782 3376 894 3414 aliquod
902 3377 1080 3408 Fortalitium
1098 3377 1176 3416 supet·
1191 3379 1275 3409 aliam

220 3412 352 3452 Partem,
370 3413 428 3452 Ipie
438 3438 446 3450 ,
464 3416 542 3451 super
558 3414 725 3445 &adversus
738 3424 825 3451 quem
847 3415 1004 3453 hujusmodi
1019 3416 1195 3447 Fortalitium
1210 3427 1278 3456 cap-

222 3462 282 3483 tum
302 3452 402 3490 fuerit,
426 3454 526 3491 poterit
546 3453 611 3483 illud
634 3451 831 3496 Recuperare,
853 3463 901 3491 pei·
923 3455 998 3483 viam
1020 3454 1117 3492 Paeti,
1136 3455 1181 3485 vel
1202 3456 1277 3486 aliter

218 3501 336 3530 quoquo
352 3490 458 3527 modo,
477 3500 560 3528 prout
576 3491 676 3521 melitis
688 3500 808 3529 poterit,
824 3491 861 3521 Et
873 3493 957 3522 etiam
971 3494 1071 3528 poterit
1088 3493 1192 3524 Punire
1208 3493 1276 3525 Ma-

220 3529 364 3560 lefae‘tores
378 3530 407 3559 in
421 3539 452 3558 ea
469 3538 543 3566 parte
558 3528 711 3559 secundum
725 3531 891 3568 exigentiam
906 3529 1011 3560 Castis:

259 3568 296 3598 Et
310 3568 477 3598 tenebuntur
494 3566 709 3597 Conservatores
722 3567 809 3597 Partis
823 3569 909 3606 illius,
925 3570 1003 3607 cujus
1017 3568 1140 3600 Subditis
1156 3569 1274 3601 Fortali-

222 3608 293 3636 tium
309 3605 469 3644 hujulinodi
486 3607 607 3642 ceperit,
626 3606 795 3636 Succurrere
810 3606 956 3645 &juvare
969 3607 1075 3645 ipsum,
1094 3608 1172 3646 super
1186 3609 1277 3640 &ad-

221 3645 313 3676 versus
327 3654 411 3682 quern
425 3643 581 3679 huiusmodi
605 3643 780 3674 Fortalitium
809 3655 840 3675 ca
862 3655 921 3674 tum
944 3645 1041 3685 fuerit,
1057 3648 1226 3685 quamcitius
1243 3648 1277 3678 δε

223 3693 309 3721 quam
324 3682 482 3721 diligentius
498 3682 615 3719 poterit,
631 3682 712 3718 ipsius
730 3683 816 3712 Partis
831 3655 1012 3713 gffendeniis
1023 3686 1164 3723 expensis,
1182 3687 1224 3716 vel
1233 3692 1247 3723 ,²
1258 3686 1278 3716 ii

226 3724 314 3758 magis
327 3721 474 3761 placuerit,
493 3720 570 3758 Ipse,
585 3719 663 3756 super
683 3730 767 3758 quem
790 3720 949 3758 hujusmodi
970 3722 1145 3753 Fortalitium
1161 3733 1276 3762 captum

226 3760 325 3797 suerit,
346 3760 484 3796 requirere
498 3758 645 3796 poterit&
658 3757 795 3788 summare
816 3759 927 3797 Regem
950 3760 983 3791 δε
999 3760 1219 3792 Conservatores
1238 3763 1278 3792 al-

222 3800 305 3827 terius
322 3798 407 3827 Partis
421 3799 500 3834 quod
518 3797 567 3826 libi
582 3795 676 3826 Reddi
691 3796 790 3826 faciant
805 3796 837 3826 &
852 3796 974 3827 Restitui
985 3798 1096 3829 dictum
1111 3800 1191 3830 suum
1204 3800 1276 3830 For-

223 3836 356 3873 talitium,
372 3836 404 3866 ὃ(
415 3835 630 3872 Malefatstores,
648 3836 695 3873 qui
707 3834 879 3864 Fortalitium
888 3835 1049 3872 hujusmodi
1057 3839 1199 3876 ceperint,
1218 3838 1277 3868 Pu-

224 3874 354 3911 niendos,
373 3873 450 3912 quod
462 3874 527 3911 ipsi,
546 3883 598 3912 pro
611 3872 705 3911 poise,
728 3873 818 3903 facere
840 3874 873 3904 &
897 3872 1068 3913 Perimplere
1090 3878 1278 3916 tenebuntur,

222 3911 325 3947 absque
339 3913 450 3948 fraude,
468 3911 535 3941 dolo
545 3935 552 3948 ,
570 3911 615 3941 seu
630 3911 706 3941 malo
719 3912 833 3949 ingenio
846 3920 1037 3949 quocumque.

262 3948 388 3985 tvi-eii,
408 3950 625 3979 Concordatum
645 3949 687 3980 est
705 3950 801 3987 quod,
822 3949 840 3979 si
856 3950 941 3987 aliqui
954 3959 987 3979 ex
1011 3949 1150 3989 Vaffallis,
1168 3953 1277 3992 Ligi'is,

222 3994 267 4016 aut
282 3986 402 4016 Subditis
418 3989 497 4017 unius
514 3987 638 4018 Partium
661 3988 858 4025 praedi&amni
879 3987 1060 4025 Deliquerint
1075 3990 1103 4018 in
1117 3990 1277 4022 Territorio

222 4024 330 4058 alterius
344 4024 446 4062 Partis,
463 4026 544 4056 liceat
556 4026 647 4064 Parti,
667 4027 697 4056 in
711 4028 789 4065 cujus
796 4025 959 4057 Terrirorio
972 4026 1009 4057 sic
1019 4026 1215 4067 Deliquerint,
1233 4031 1276 4068 ip-

1316 287 1347 318 Si
1361 291 1432 319 vero
1450 289 1506 318 illic
1527 287 1685 329 Captinon
1698 290 1816 324 fueiint,
1835 297 1866 318 ut
1886 291 2082 328 praemittitur,
2103 291 2140 322 set
2164 290 2202 321 Se
2223 299 2341 323 retraxe-
2356 295 2420 319 Han.
2437 293 2465 319 6,

1280 326 1336 356 rint
1356 327 1385 356 in
1407 325 1584 357 Dominium
1599 328 1681 365 i'plius
1694 326 1783 366 Regis
1803 326 1882 364 cujus
1895 327 1958 358 sunt
1979 328 2107 365 Subditi,
2123 328 2344 362 Conservatores

1281 365 1352 395 illius
1368 364 1456 395 Partis
1469 365 1589 402 requisiti
1601 367 1771 398 tenebuntur
1789 366 1922 396 Liberare
1937 366 2070 398 Personas
2091 367 2252 406 hujusmodi
2273 367 2343 399 Ma-

1280 403 1448 433 lcfadtoium
1460 426 1469 440 ,
1488 402 1644 433 Puniendas
1658 412 1688 433 ut
1703 405 1861 442 praefertur,
1879 402 2131 436 Coniervatoribus
2149 407 2257 438 alterius
2272 406 2341 438 Par-

1283 442 1317 472 tis
1350 442 1408 472 hoc
1424 443 1607 479 requirentis,
1627 441 1776 478 Deputatis
1790 445 1818 478 in
1833 441 1965 474 Marchia
1981 444 2029 474 ubi
2043 443 2234 484 deliquerunt:

1320 464 1351 510 Si
1366 482 1435 510 vero
1449 480 1534 510 iidem
1553 479 1750 510 Malefaetores
1763 480 1789 511 se
1802 482 2026 520 occultaverint,
2042 482 2224 521 latitaverint,
2239 483 2286 514 seu
2299 483 2340 515 ef-

1284 517 1422 556 fugerint,
1444 519 1482 549 ita
1503 528 1534 549 ut
1554 519 1616 557 capi
1632 527 1692 548 non
1713 518 1834 558 possint,
1853 518 1933 558 Rex,
1952 521 2032 559 cujus
2053 520 2165 551 Subditi
2187 523 2344 561 extiterint,

1285 556 1368 587 debet
1385 567 1434 587 eos
1455 566 1541 594 mox,
1559 567 1611 596 pro
1627 566 1764 596 perpetuo
1787 556 1959 590 Forbannire
1977 560 2013 590 ab
2031 560 2165 590 omnibus
2183 559 2270 591 Locis
2285 559 2342 592 suae

1285 594 1399 626 Ditioni
1414 595 1560 637 subjectis,
1578 605 1650 633 quos
1663 604 1766 626 extunc
1775 618 1784 633 ,
1801 596 1879 627 nullo
1893 607 2018 637 unquam
2032 606 2178 636 tempore,
2191 598 2344 637 Restituet‚

1285 639 1378 671 neque
1393 635 1536 671 permittet
1549 633 1655 673 ingredi
1668 634 1715 664 vel
1731 634 1884 665 inhabitare
1897 635 1995 674 Loca,
2015 637 2071 667 suae
2083 645 2115 667 ut
2128 637 2274 674 praefertur
2286 637 2342 668 Di-

1286 672 1358 710 tioni
1374 672 1508 710 subjecta,
1527 673 1576 702 niti
1598 671 1795 704 Maiefaetoies
1818 673 1868 711 ipsi
1889 671 2023 706 subierint
2040 673 2183 713 justitiam
2206 676 2240 708 &
2259 676 2344 716 plene

1286 709 1464 741 satisfecerint
1483 711 1559 741 alteri
1581 709 1672 749 Parti,
1689 719 1788 743 contra
1808 721 1893 749 quam
1915 711 1953 742 fic
1972 715 2214 752 attemptaverint,
2231 713 2268 746 de
2289 714 2344 746 At-

1286 756 1425 787 temptato
1446 749 1605 789 hujusmodi
1624 749 1680 780 five
1700 749 1820 780 Delid‘to
1834 772 1844 788 ,
1867 760 1915 789 per
1935 750 2007 790 ipibs
2030 760 2061 782 ut
2078 752 2225 789 praefertur
2245 762 2345 794 perpe*

1286 795 1371 818 trato:
1688 812 1690 814 ,

1325 825 1377 865 Et,
1396 826 1461 857 licet
1473 826 1570 865 aliqui,-
1583 827 1642 858 talis
1659 826 1833 869 Malefae‘tor
1845 826 1880 858 sic
1896 825 2031 860 Bannitus
2051 827 2133 860 fuerit
2164 829 2225 868 seu,
2241 831 2343 871 absque

1287 863 1471 904 Bannitione,
1491 865 1528 896 sic
1538 889 1547 904 ,
1564 874 1594 896 ut
1607 863 1769 904 praefertur,
1784 865 1892 904 Captus
1906 868 2041 904 extiterit,
2056 851 2255 898 nichil'ominus
2268 877 2347 901 tene-

1286 904 1392 934 buntur
1404 903 1620 935 Conservatores
1636 905 1724 935 Partis
1735 905 1824 943 illius,
1839 907 1919 936 cu'us
1933 906 2010 936 idem
2029 904 2198 936 Malefactor
2211 906 2346 939 Subditus

1288 943 1423 980 extiterit,
1445 942 1586 980 Reparare
1611 943 1784 983 Attemptata
1805 944 1842 974 de
1864 915 1950 975 donis
1971 943 2130 983 hujusmodi
2149 943 2346 978 Malefaetoris

1288 989 1424 1020 quatenus
1436 983 1462 1011 se
1474 982 1586 1012 extendi
1604 990 1747 1020 poterunt:

1328 1019 1358 1050 Si
1372 1022 1443 1050 vero
1458 1020 1534 1051 idern
1549 1016 1739 1059 Malefacior,
1757 1020 1793 1051 sic
1802 1019 1878 1060 Capt
1917 1044 1927 1059 ,
1943 1021 1999 1052 sive
2007 1020 2220 1060 Deprehensus,
2232 1032 2292 1053 non
2301 1023 2352 1054 ha·-

1289 1056 1354 1089 beat
1371 1058 1400 1088 in
1415 1057 1500 1089 Bonis
1515 1059 1590 1100 unde
1603 1059 1766 1100 Satisfacere
1781 1030 1958 1098 valeatffiioc
1973 1059 2048 1091 Casu
2066 1070 2102 1090 eo
2123 1061 2235 1100 gravius
2247 1060 2353 1093 Punie-

1291 1102 1336 1127 tur
1351 1097 1384 1128 &
1396 1097 1463 1128 licet
1477 1097 1505 1127 in
1522 1096 1668 1134 Corpore:
2197 1133 2200 1134 ⁷

1300 1161 1302 1164 ,
1328 1134 1366 1166 Et
1386 1135 1799 1174 quicumquelMalefaCtorem
1818 1135 1980 1175 hujusmodi
1997 1136 2113 1168 scienter
2136 1135 2338 1177 Receptaverit

1293 1170 1452 1214 Celaverit,
1470 1183 1516 1205 aut
1531 1174 1692 1206 Consilium
1707 1177 1732 1205 ei
1747 1175 1870 1212 dederit,
1888 1174 2051 1214 Auxilium,
2069 1176 2114 1213 seu
2136 1176 2296 1216 Favorem,
2314 1188 2329 1208 a

1294 1213 1413 1243 eandem
1428 1236 1438 1252 ,
1465 1214 1494 1243 in
1516 1214 1667 1252 omnibus,
1695 1213 1919 1244 Satis-factionem
1938 1214 1972 1244 &
1994 1213 2118 1245 Poenam
2141 1216 2299 1254 tenebitur,
2315 1215 2352 1246 ad

1292 1260 1377 1290 quam
1393 1252 1549 1283 faciendam
1563 1252 1596 1283 ὅ(
1608 1253 1782 1284 subeundam
1797 1261 1938 1284 teneretur
1952 1252 2113 1292 hujusmodi
2127 1251 2317 1294 Malcfatfitor,
2333 1254 2354 1285 fi

1294 1290 1386 1327 poffet
1402 1290 1583 1330 apprehendi.
2329 1325 2332 1327 Α

1297 1363 1301 1367 ,
1332 1328 1459 1367 ITEM,
1477 1329 1557 1369 quod
1568 1353 1577 1369 ,
1596 1330 1615 1360 si
1635 1330 1724 1369 (quod
1739 1330 1818 1366 absit)
1836 1328 1949 1370 aliquod
1971 1330 2001 1360 in
2025 1330 2204 1362 contrarium
2222 1328 2359 1362 Praemis-

1295 1366 1406 1405 sortitn,
1424 1367 1468 1399 seu
1486 1368 1665 1408 praesentium
1685 1369 1880 1409 Treugarum,
1898 1378 1945 1400 aut
1965 1368 2080 1407 alicujus
2099 1369 2289 1408 eorumdem,
2325 1380 2356 1400 er

1294 1405 1433 1444 Terram,
1451 1407 1506 1438 sive
1521 1417 1568 1445 per
1585 1407 1686 1445 Mare,
1704 1407 1762 1438 fieri
1786 1408 1831 1438 vel
1849 1409 2008 1446 attemptari
2031 1409 2196 1447 contigerit,
2215 1417 2264 1447 per
2316 1418 2355 1440 oc

1294 1452 1390 1476 tamen
1405 1445 1556 1485 praesentes
1568 1444 1695 1483 Treugae
1710 1456 1770 1476 non
1787 1455 1887 1485 erunt,
1903 1446 2106 1485 censebuntur,
2124 1455 2171 1477 aut
2186 1448 2356 1485 reputabun-

1295 1488 1340 1514 tur
1356 1484 1479 1522 Ruptae,
1499 1484 1664 1521 infirmatae,
1683 1485 1726 1516 vel
1739 1485 1904 1523 adnullatae,
1921 1485 2174 1516 setnichilominus
2188 1486 2219 1515 in
2233 1485 2283 1516 suo
2291 1484 2358 1516 Ro—

1297 1522 1368 1553 bore
1384 1524 1589 1560 permanebunt
1604 1524 1635 1553 &
1653 1523 1782 1562 Vigore,
1798 1533 1852 1554 nec
1867 1523 1989 1555 Guerrae
2004 1534 2057 1562 pro
2069 1533 2106 1554 eo
2123 1522 2182 1555 fieri
2201 1523 2308 1555 debent
2320 1524 2358 1556 ab

1299 1569 1354 1591 una
1370 1560 1450 1592 Parte
1465 1561 1509 1591 vei
1522 1563 1556 1592 ab
1569 1562 1665 1599 altera,
1683 1572 1734 1593 nec
1748 1562 1844 1593 Prifiae
1865 1561 2068 1600 Personarum,
2086 1571 2140 1592 nec
2156 1561 2359 1594 Distriffionec

1299 1599 1356 1630 sive
1371 1599 1527 1637 Captiones
1547 1599 1694 1630 Bonorum
1706 1622 1716 1638 ,
1731 1610 1784 1631 nec
1808 1600 1981 1632 Obsidiones
2001 1600 2157 1638 villarum,
2175 1599 2362 1640 Castrorum,

1299 1647 1346 1669 aut
1365 1638 1594 1676 Fortalitiorum,
1613 1648 1666 1680 nec
1691 1638 1879 1677 Homicidia,
1896 1639 2034 1677 Murdra,
2049 1639 2135 1669 aliave
2151 1649 2361 1678 quaecumque,

1300 1678 1329 1706 in
1344 1679 1516 1709 contrarium
1532 1676 1759 1715 Praemissorum‚
1777 1688 1793 1707 a
1814 1686 1998 1715 quocumque
2016 1679 2184 1716 attemptarii
2204 1678 2261 1709 sive
2273 1688 2361 1709 com-

1303 1716 1398 1754 mitti,
1421 1716 1459 1746 set
1483 1715 1697 1758 Reparabuntur
1716 1717 1748 1746 &
1773 1714 2004 1746 Renoventurin
2025 1715 2135 1746 Statum
2158 1714 2306 1754 pristinum
2326 1717 2361 1747 δε

1301 1754 1429 1785 debitum
1451 1754 1610 1791 Malehcia,
1630 1753 1726 1784 Artem
1747 1762 1820 1791 tata,
1837 1752 2035 1792 &Interprifia
2043 1752 2203 1790 hujusmodi
2214 1764 2363 1793 quaecum-

1301 1803 1356 1835 que
1373 1803 1421 1831 per
1438 1792 1705 1834 Conservatores&
1771 1791 1939 1822 mmiffarios
1955 1791 2026 1821 illius
2038 1790 2143 1828 Partis,
2156 1792 2235 1828 cuius
2249 1792 2360 1823 Subditi

1301 1834 1339 1862 iic
1357 1841 1442 1862 artem
1464 1833 1598 1869 taverint,
1616 1830 1803 1868 ostenderint,
1823 1829 1868 1861 seu
1887 1830 2095 1868 malefecerint,
2114 1829 2160 1861 vel
2179 1830 2243 1861 alias
2264 1830 2364 1862 secun-

1302 1871 1432 1901 cundum
1450 1879 1459 1901 t
1488 1872 1578 1901 odum
1596 1870 1718 1910 superius
1735 1870 1896 1901 recitatum:

1343 1909 1404 1947 Qui
1419 1911 1491 1940 vero
1504 1910 1721 1947 contrafecerit,
1970 1940 1971 1945 ,

1342 1946 1504 1984 Videlicet,
1522 1946 1677 1979 Movendo
1693 1947 1850 1986 Guerram,
1870 1947 1916 1979 seu
1932 1945 2110 1985 Obfidendo,
2124 1946 2305 1985 invadendo,
2322 1952 2369 1978 aut

1302 1985 1452 2025 Capiendo
1464 1986 1548 2018 Villas
1563 1988 1608 2018 vel
1626 1986 1786 2026 Fortalitia,
1805 1996 1851 2018 aut
1870 1986 2014 2018 Faciendo
2027 1985 2193 2017 Homicidia
2209 1986 2265 2016 five
2283 1985 2370 2016 Mur-

1303 2025 1366 2063 dra,
1385 2034 1499 2066 propter
1513 2026 1627 2065 aliquod
1642 2025 1851 2064 Attemptatuin
1866 2035 1900 2056 ex
1910 2034 1987 2064 parte
2002 2023 2103 2063 altera,
2121 2034 2166 2055 aut
2179 2034 2232 2063 pro
2253 2033 2295 2055 ter
2308 2025 2372 2055 Au-

1302 2064 1462 2095 ctoritatem
1475 2066 1508 2096 &
1523 2063 1684 2095 Decretum
1699 2064 1941 2095 Conservatorum
1951 2087 1961 2102 ,
1981 2063 2112 2094 faciendo
2128 2061 2225 2094 Prilias
2258 2062 2366 2094 ersona-

1303 2108 1386 2140 rum,
1402 2112 1448 2134 aut
1466 2102 1673 2134 Didfflfflones
1689 2102 1735 2134 seu
1750 2102 1905 2142 captiones
1919 2101 2068 2132 Bonorum

1342 2142 1360 2162 ³¹⁵
1370 2141 1416 2173 Eo
1431 2142 1491 2180 ipso
1507 2142 1611 2174 recidet
1624 2153 1640 2173 a
1652 2142 1732 2172 causa
1747 2142 1808 2180 sua,
1826 2142 1859 2173 ὅ(
1871 2125 2216 2185 nichilominus'Punietur
2225 2140 2304 2179 juxta
2311 2139 2376 2172 De-
2384 2135 2444 2171 *X0
2454 2140 2516 2175 33¹}

1304 2180 1364 2211 licii
1377 2180 1416 2211 sui
1433 2182 1621 2220 exigentiam,
1639 2190 1672 2211 ac
1689 2179 1831 2211 Restituet
1845 2181 1879 2212 ὃς
1895 2180 2034 2219 reparabit
2046 2179 2122 2211 alteri
2137 2179 2215 2211 Parti
2228 2189 2318 2211 omne
2339 2181 2375 2211 il-

1304 2220 1352 2250 lud
1363 2243 1373 2258 ‚
1390 2220 1420 2250 in
1436 2230 1494 2258 quo
1508 2229 1572 2251 eam
1587 2219 1684 2250 laeserit
1699 2220 1732 2251 ὃς
1746 2229 1780 2249 ce
1800 2220 1851 2250 erit
1868 2219 1905 2249 ab
1920 2218 2030 2249 eadem.
2312 2225 2314 2227 ’

1341 2257 1387 2289 Ιτ
1397 2267 1416 2288 E
1426 2267 1453 2290 M
1461 2283 1471 2298 ,
1490 2259 1570 2298 quod
1577 2280 1588 2296 ,
1603 2259 1622 2290 fi
1634 2258 1729 2296 aliquis
1737 2257 1776 2288 Su
1799 2257 1923 2289 ditorum
1939 2258 2020 2288 unius
2032 2255 2152 2295 Regum
2165 2257 2370 2298 praedie’corum

1311 2295 1467 2329 Contrahat
1481 2297 1526 2328 vel
1541 2297 1615 2336 quasi
1626 2320 1635 2334 ,
1653 2297 1698 2327 seu
1709 2296 1796 2327 Delin
1817 2306 1863 2328 uat
1878 2296 1924 2328 vel
1939 2296 2030 2340 quasi,
2039 2297 2121 2340 'infra
2129 2295 2266 2337 Regnum
2275 2319 2286 2335 ‚
2300 2297 2376 2328 Ter·

1304 2346 1384 2405 ffi,
1402 2337 1458 2368 sive
1473 2336 1650 2405 Dcitmgnigdr?
1664 2336 1758 2405 imni&
1753 2345 1786 2366 ex
1831 2336 1929 2375 egibus
1944 2345 2023 2379 cuius
2037 2335 2113 2403 iddem
2129 2333 2315 2406 Csgntrahsen}
2324 2336 2372 2406 vg}

1307 2385 1595 2458 trahldiqggniiffugiati
1608 2415 1637 2444 in
1647 2373 2372 2458 aggeu—meztggrcqztptzzggraffugdjssiurgisseesugje·

1308 2453 1388 2483 &um
1404 2453 1481 2484 alteri
1496 2462 1531 2483 ex
1549 2452 1653 2483 eisdem
1669 2452 1814 2491 Regibus,
1831 2462 1911 2491 cujus
1926 2451 2075 2489 SubJeQus
2092 2462 2150 2482 non
2172 2460 2317 2490 extiterat,
2333 2452 2369 2483 &

1307 2492 1364 2522 illic
1380 2491 1509 2523 deveniat
1525 2491 1630 2522 Homo
1645 2491 1741 2531 Ligius
1754 2491 1826 2521 illius
1839 2490 1946 2531 Regis,
1961 2490 2162 2520 nichilominus
2173 2490 2372 2529 Compelletui·

1306 2531 1341 2561 ad
1357 2529 1617 2568 Respondendum‚
1634 2530 1668 2561 &
1692 2529 1941 2567 Satisfaciendum,
1958 2539 1992 2560 ac
2008 2528 2193 2560 Subeundum
2211 2528 2373 2571 Justitiam,

1306 2570 1342 2600 de
1369 2568 1480 2601 Debito
1503 2570 1548 2600 seu
1575 2568 1694 2600 DeliCto
1726 2568 1776 2599 suo
1802 2567 1978 2606 hujusmodi,
2004 2576 2101 2597 coram
2131 2566 2372 2598 conservatoribus

1307 2608 1486 2648 Treugarum
1509 2607 1600 2639 utrius
1614 2618 1648 2638 ue
1673 2607 1777 2645 Partis,
1801 2608 1883 2646 aeque
1904 2615 1936 2637 ut
1955 2605 2146 2636 Satisfaeturus
2165 2606 2199 2636 δε
2220 2604 2369 2636 Subiturus

1308 2647 1400 2678 fuisset
1418 2647 1436 2677 si
1448 2647 1585 2686 permansi
1610 2656 1638 2677 et
1652 2645 1702 2676 sub
1718 2645 1742 2676 F
1743 2646 1788 2676 ide
1803 2646 1836 2676 &
1848 2645 1988 2684 Ligiantia
2001 2643 2072 2674 illius
2081 2642 2189 2680 Regis,
2207 2645 2285 2681 cujus
2293 2643 2370 2675 Ter-

1308 2695 1367 2716 ram
1383 2686 1417 2716 &
1432 2685 1605 2716 Dominium
1619 2683 1736 2723 effugit:
2170 2721 2174 2726 -
2347 2721 2354 2727 .

1344 2724 1375 2754 Si
1391 2726 1462 2754 vero
1479 2725 1506 2753 in
1521 2723 1578 2754 sola
1591 2723 1615 2753 F
1617 2722 1670 2761 uga
1684 2721 1848 2762 perstiterit,
1865 2731 1920 2753 nec
1933 2730 2030 2752 tamen
2046 2720 2189 2752 devenerit
2202 2720 2307 2752 Homo
2318 2720 2370 2751 Li-

1307 2763 1368 2801 gius
1381 2762 1453 2792 illius
1471 2761 1560 2800 Regis
1577 2761 1607 2792 in
1624 2761 1703 2799 cujus
1714 2760 1837 2791 Terram
1858 2760 1896 2791 sic
1919 2759 2058 2798 Confugit
2092 2770 2128 2790 eo
2143 2757 2215 2790 Casu
2228 2758 2373 2791 Remitte-

1308 2809 1352 2831 tur
1367 2801 1400 2831 &
1417 2799 1594 2830 Restituetur
1617 2799 1657 2829 illi
1677 2798 1770 2842 Parti,
1783 2800 1861 2837 cujus
1884 2798 1920 2829 Li
1941 2800 1981 2842 itis
2003 2799 2037 2828 &
2052 2783 2185 2829 Subditus
2202 2798 2303 2837 fuerit,
2316 2809 2371 2837 pro

1305 2838 1415 2877 Justitia
1426 2861 1436 2877 ,
1450 2839 1486 2870 de
1504 2848 1557 2876 eo,
1576 2846 1659 2877 prout
1678 2837 1727 2867 sibi
1743 2837 1900 2875 Videbitur,
1945 2837 2053 2868 cienda.

1346 2876 1392 2907 Ιτ
1403 2886 1421 2907 E
1431 2886 1479 2915 M,
1498 2885 1528 2921 ut
1543 2876 1668 2916 Treugae
1681 2876 1824 2919 praedietae
1838 2885 1874 2920 eo
1896 2875 2006 2920 firmius
2023 2876 2056 2906 &
2072 2875 2174 2906 melitis
2187 2873 2371 2919 Conseryen-

1309 2911 2373 2996 {3531fisssssffissbgsstzssftfflifflffiissadffgfffiaffgffqezssgss

1311 2994 1409 3024 datum
1430 2992 1471 3023 est
1485 2993 1566 3032 quod
1582 3016 1591 3031 ,
1612 2992 1632 3022 fi
1647 2992 1758 3031 aliquis,
1776 3001 1811 3022 ex
1834 2990 1960 3022 Subditis
1979 2999 2058 3020 unius
2105 2997 2209 3033 artium
2225 2990 2374 3027 praedicta·

1313 3032 1483 3101 {²1¹5}ssssde
1502 3028 2375 3105 {531121315225‘32‘13353‘0‘12}s⁶303t¹ffldpf¹2323213¹21f12²iffi:

1314 3110 1394 3140 modi
1411 3109 1454 3139 seu
1470 3109 1696 3146 Attemptatuiri,
1713 3090 1846 3145 fugiendi>
1862 3089 2015 3148 revertatur
2029 3105 2057 3134 in
2075 3103 2217 3135 Marchias
2231 3105 2287 3137 sive
2299 3105 2376 3137 Ter-

1316 3158 1376 3179 ram
1388 3147 1457 3177 illius
1473 3147 1560 3178 Partis
1573 3147 1652 3184 cujus
1671 3144 1712 3175 est
1727 3143 1892 3182 subjectus,
1909 3144 2007 3174 licebit
2030 3142 2090 3181 illi,
2112 3151 2212 3174 contra
2227 3153 2315 3181 quem
2334 3145 2374 3176 fic

1314 3187 1519 3224 attemptaverit
1539 3187 1578 3220 (in
1598 3184 1719 3221 recenti,
1737 3182 1886 3221 videlicet,
1903 3182 1974 3212 infra
1992 3182 2037 3211 sex
2058 3181 2144 3218 Dies,
2162 3182 2375 3220 computandos

1315 3236 1330 3255 a
1347 3234 1476 3261 tempore
1489 3223 1600 3254 Delicti
1614 3222 1652 3252 fic
1669 3222 1826 3259 attemptari
1847 3221 1904 3252 five
1925 3220 2084 3255 commiffi)
2101 3219 2279 3251 Austoritate
2301 3231 2374 3259 praee

1319 3264 1400 3294 sentis
1415 3263 1607 3297 Concordiae,
1625 3259 1728 3298 absque
1741 3261 1797 3290 aliis
1811 3259 1924 3291 Litteris
1935 3260 1971 3290 de
1985 3259 2060 3289 salvo
2083 3256 2258 3296 Condue‘tu,
2274 3258 2378 3290 Prose-

1318 3303 1367 3340 qui
1380 3301 1457 3330 illurn
1472 3299 1709 3337 Maiefaetorem,
1725 3299 1776 3335 &,
1795 3297 1890 3337 Ipsum
1906 3298 1944 3328 fic
1966 3296 2185 3335 Prosequendo,
2200 3298 2303 3327 intrare
2325 3298 2375 3330 sal-

1319 3342 1359 3370 vo
1373 3340 1405 3369 ὅ(
1421 3338 1516 3369 secure
1530 3337 1690 3368 Marchiam
1701 3337 1758 3368 sive
1771 3336 1910 3374 Terram,
1925 3337 1954 3366 in
1967 3345 2053 3375 quam
2071 3335 2146 3378 idem
2162 3334 2333 3367 Malefaiiwr
2346 3336 2376 3367 se

1318 3377 1475 3446 &trag-rit,
1499 3376 1562 3444 vell,
1587 3376 1608 3406 fi
1628 3377 1726 3406 melius
1737 3376 1800 3443 dsibi
1821 3375 1978 3443 videbiturff
1996 3382 2121 3443 potitriiitfe
2129 3373 2376 3445 ιὲῐξῐεωρὲξάἓξςὲς

1318 3426 1404 3485 diliis
1420 3423 1737 3484 fiailffiaffissz‘ssi‘ffl
1748 3423 1898 3483 {535530‘2
1913 3423 1931 3451 Ρ
1934 3423 1953 3443 ⁰
1979 3423 2028 3451 ²²²
2106 3489 2112 3495 ‚
2152 3489 2158 3495 ‚
2175 3422 2194 3444 ‘¹
2286 3488 2293 3495 ‚

1355 3493 1392 3523 Et
1415 3491 1521 3522 idcirco
1544 3491 1763 3522 Concordatum
1783 3490 1824 3521 est
1844 3490 1924 3528 quod
1946 3490 2004 3520 tam
2022 3488 2160 3532 Gardiam
2178 3487 2372 3520 Marchiarum

1319 3530 1429 3570 Angliae
1445 3531 1537 3561 versus
1552 3529 1681 3561 Scotiam
1691 3552 1701 3568 ,
1718 3531 1804 3569 quarn
1820 3528 1956 3559 Gardiani
1976 3527 2170 3558 Marchiarum
2189 3526 2293 3558 Scotiae
2307 3536 2373 3557 ver-

1319 3570 1361 3600 sus
1375 3569 1524 3608 Angliam,
1542 3568 1606 3598 dare
1619 3577 1752 3608 poterunt
1768 3568 1856 3598 bonas
1873 3569 1906 3599 &
1919 3566 2087 3597 sufficientes
2098 3565 2228 3609 ,Litteras-
2247 3563 2373 3607 deflsalvo

1319 3607 1477 3638 Conduetu
1497 3605 1665 3644 (videlicet,<
1689 3606 1805 3646 quilibet
1826 3605 2037 3636 Gardianorum
2056 3613 2136 3634 unius
2153 3603 2240 3633 Partis
2259 3601 2379 3635 Litteras

1321 3646 1480 3685 hujusmodi
1496 3646 1532 3675 de
1546 3645 1621 3674 salvo
1635 3644 1792 3675 Condutftu
1804 3644 1932 3674 Subditis
1945 3643 2055 3673 alterius
2071 3641 2170 3674 Partis)
2186 3648 2239 3677 pro
2258 3642 2376 3674 venien-

1318 3686 1357 3715 do
1372 3685 1405 3715 ad
1421 3683 1647 3721 prosequendam
1658 3683 1800 3721 Justitiam
1818 3683 1912 3720 suam,
1930 3679 2058 3724 penesR
2094 3688 2140 3709 em
2154 3677 2201 3721 seu
2214 3677 2375 3712 Consilium

1318 3724 1398 3754 suurn
1408 3744 1417 3759 ,
1434 3732 1462 3752 ui
1478 3721 1699 3752 Conservatores
1715 3721 1788 3752 illius
1801 3722 1897 3759 partis,
1917 3729 1965 3757 per
1978 3728 2058 3757 CUJus
2073 3715 2226 3761 Subditum
2239 3717 2285 3748 seu
2299 3718 2376 3750 Sub.

1318 3762 1390 3791 ditos
1402 3761 1472 3790 dicit
1485 3759 1511 3789 se
1525 3759 1655 3797 Laesum,
1673 3759 1746 3790 faeta
1757 3759 1886 3798 primitiis
1902 3758 1956 3787 fide
1967 3766 2016 3796 per
2030 3763 2207 3797 eum-coram
2218 3755 2279 3792 ipso
2293 3757 2370 3788 Gar-

1318 3800 1403 3829 diano
1419 3798 1516 3836 quod,
1532 3799 1613 3828 omni
1627 3797 1714 3836 dolo,
1731 3796 1843 3835 fraude,
1861 3798 1894 3826 &
1918 3797 1994 3825 malo
2012 3795 2127 3831 ingenio
2142 3792 2324 3834 cessantibus,
2339 3796 2376 3827 ad

1318 3838 1376 3867 hoc
1393 3837 1483 3867 solum
1498 3837 1567 3876 petit
1587 3836 1705 3867 Litteras
1728 3834 1889 3874 hujusmodi
1907 3833 1943 3864 de
1963 3831 2045 3874 salvo.
2059 3830 2217 3874 Conduetu
2237 3841 2284 3871 ut,
2297 3835 2375 3872 juxta

1317 3875 1394 3914 quod
1409 3874 1574 3912 praeferrur,
1592 3875 1770 3913 prosequatur
1787 3873 1906 3903 Causam
1922 3872 1955 3901 &
1973 3868 2115 3907 justitiam
2132 3869 2228 3910 suam,
2246 3872 2374 3916 &quod

1317 3924 1362 3945 eas
1381 3912 1552 3951 efficaciter,
1571 3921 1706 3951 quantum
1722 3913 1752 3942 in
1767 3911 1794 3941 se
1806 3910 1863 3948 est,
1882 3908 2067 3946 Prosequetur
2084 3908 2117 3939 ὃς
2139 3909 2264 3949 prosequi
2283 3919 2375 3942 inten-

1317 3952 1411 4026 duEt,
1427 3989 1491 4028 quia
1515 3988 1602 4019 distae
1618 3989 1742 4027 Treugae
1763 3985 1898 4029 nondum·
1919 3984 2075 4022 Puplicatae
2097 3984 2160 4029 sunt
2177 3994 2222 4017 aut
2242 3986 2378 4026 Cognitae

1320 4028 1454 4068 plerisque
1469 4036 1503 4058 ex
1524 4027 1650 4060 Subditis
1665 4027 1804 4059 dictarum
1826 4023 1968 4061 Paruum,
1985 4025 2019 4055 &
2033 4022 2185 4063 praesertim
2207 4024 2381 4065 Naviganti-

2328 4064 2385 4095 bus
