2562 4274
799 165 920 207 ET
1001 163 1265 205 ACTA

48 255 177 290 Ann.D.

67 295 151 334 1418.

45 340 154 400 {st'f-Xf·
358 338 385 366 δὲ
410 339 458 371 De
474 336 700 382 Confirmatione
715 336 908 382 Treugarum
927 333 1088 368 FlandrIae.

45 410 132 478 3:178.6
198 424 313 485 REX
331 422 494 459 Omnibus,
510 422 544 452 ad
560 431 631 460 quos
661 420 721 452 &c.
740 419 876 463 Salutem.
1007 459 1012 464 1
1054 457 1059 463 .
1164 456 1169 462 ¹
1237 458 1240 463 .

73 459 98 475 '¹'
136 470 143 476 ·
291 463 334 494 IN
344 469 407 491 sen
417 469 520 491 xIMU
530 470 543 491 s
559 444 688 498 quasdam
711 458 833 496 LiteraS,
850 457 1061 497 Consanguinei
1082 456 1187 494 nostri,
1204 459 1255 486 Ri-

47 491 82 515 H.
103 495 130 521 5·
155 524 172 550 6
200 502 277 532 cardi
290 498 477 537 Beauchamp,
497 502 604 528 Comitis
615 500 776 535 Warwicae,
794 496 829 527 de
851 496 884 526 &
906 497 986 534 super
1001 496 1205 534 prorogatione
1218 496 1252 525 ὃς

47 529 136 552 Franc.
177 543 183 550 “
201 540 414 576 Relongatione
428 546 568 567 certarum
579 537 761 572 Treugarum
782 535 838 565 five
859 535 1100 565 Abstinentiarum
1117 533 1256 570 Guerrae,

48 567 86 610 ,H’
103 571 129 626 ξ
202 580 276 609 inter
288 579 347 607 Nos
360 577 394 608 ὃς
407 574 591 605 Carissimum
606 573 857 611 Consanguineum
873 573 1001 603 nostrum
1014 571 1173 611 Johannem
1194 573 1256 600 Du-

48 609 86 629 m·
125 620 132 628 ⁸
204 627 257 648 cem
272 615 438 654 Burgundiae
452 613 626 650 habitarum,
646 612 731 643 fastas
743 613 772 641 in
786 611 850 642 haec
865 612 949 643 verba
958 633 967 649 ,

242 693 270 724 A
289 699 370 724 toutz
389 689 470 721 ceulx
483 712 493 728 ,
510 689 559 728 qui
581 698 627 719 ces
651 688 761 718 Lettres
782 695 919 725 verront,
945 687 1068 717 Richard
1086 686 1259 723 Beauchamp

205 736 291 762 Count
306 731 339 760 de
354 731 480 759 Warrew
497 728 530 765 k,
549 728 581 758 δε
599 727 792 757 Counseilleur
805 725 1260 764 du,Tresexcellent,Tressiault,

204 773 240 802 δε
257 767 448 805 Trespuiffant
493 768 570 797 rince
583 789 592 803 ‚
608 767 642 797 &
662 775 734 795 mon
753 766 908 795 Soveraine
928 764 1065 803 Seigneur
1078 787 1087 801 ‚
1105 762 1129 792 le
1152 766 1208 803 Roy
1227 763 1259 791 de

212 812 313 838 France
323 804 569 842 &d'Engleterre,
588 805 621 835 &
633 803 769 840 Seigneur
785 801 989 840 d’Irland,&c.
999 808 1081 840 prout
1086 801 1172 841 fikpra
1185 804 1262 830 Don-

206 857 267 876 mes
279 856 298 875 a
313 847 420 874 Baieux
435 844 460 873 le
474 853 523 883 24.
533 844 595 882 jour
608 842 640 872 de
651 845 742 872 Mars.

243 921 313 952 Nos
326 929 437 959 autem,
459 920 564 951 Literas
578 918 722 957 praedictas
736 927 769 949 ac
782 919 881 949 omnia
892 917 927 948 &
952 916 1057 956 fingula
1079 917 1108 946 in
1131 918 1168 946 eis
1190 926 1263 947 con-

206 968 299 998 tenta,
318 960 392 991 Rata
412 960 545 990 habentes
565 959 598 989 &
620 956 708 987 Grata
723 979 733 994 ,
751 967 783 987 ea
797 979 807 994 ,
825 966 878 993 pro
899 955 998 986 Nobis
1010 979 1020 994 ,
1038 955 1071 986 &
1093 954 1264 986 Haeredibus

207 999 326 1037 nostris,
344 1005 481 1035 quantum
502 998 532 1026 in
551 995 651 1026 Nobis
671 995 712 1024 est
726 1017 735 1032 ,
751 995 958 1032 Acceptamus,
977 993 1195 1033 Approbamus,
1213 995 1265 1031 ὃς,

209 1037 327 1068 Tenore
342 1035 540 1073 Praesentium,
557 1033 754 1064 Concedimus
766 1034 800 1065 &
815 1032 1042 1071 Confirmamus,
1058 1041 1143 1073 prout
1159 1032 1264 1063 Literae

208 1075 354 1114 praedietae
367 1075 482 1112 exigunt
495 1074 529 1104 &
539 1073 690 1111 requirunt.

246 1114 280 1144 In
295 1114 390 1151 cujus,
408 1113 468 1142 &c.

243 1152 336 1184 Teste
350 1150 430 1189 Rege
441 1149 515 1190 apud
529 1148 737 1189 Castrumfiium
750 1149 783 1179 de
794 1149 911 1180 cadomo
924 1157 969 1180 xx.
982 1149 1027 1180 die
1042 1148 1153 1187 Aprilis.

888 1228 941 1256 Per
959 1226 1042 1266 ifficm
1059 1228 1164 1263 Regem.

377 1357 435 1388 Pro
453 1333 588 1400 Episc'opo
611 1353 745 1400 Sagiensi'
758 1349 879 1398 Jurato
895 1352 985 1397 Ltgeo
1007 1352 1106 1396 Regis.

63 1441 140 1473 Ann.
150 1440 191 1471 D.
216 1439 333 1495 REX
352 1439 513 1477 Omnibus,
528 1438 562 1468 ad
576 1447 662 1476 quos,
678 1438 739 1469 &c.
758 1436 894 1467 Salutem.

90 1481 176 1519 1418.
218 1513 243 1544 P
286 1517 292 1522 .
313 1478 362 1508 De
384 1478 483 1523 Gratia
505 1476 599 1523 nostra
617 1475 744 1520 speciali,
757 1474 1080 1543 flffisuppfiffthHf-mz
1098 1472 1274 1503 Venerabilis

60 1521 158 1593 fiske.
243 1515 1100 1590 aggricgffisslilff‘gsginisitibisilfiTeJmuggialisgsilian?ublsumque
1118 1549 1189 1580 infra
1209 1549 1275 1580 loca

64 1602 145 1624 &orm
167 1594 195 1622 6.
217 1593 300 1623 nobis
314 1591 432 1623 Subdita
448 1593 481 1623 &
493 1591 626 1629 Subjeeta
640 1590 780 1621 existentia
789 1612 799 1627 ,

60 1641 134 1667 115.
141 1641 194 1670 p.i.
256 1629 392 1661 Volentes
407 1629 488 1668 quod
501 1630 557 1669 ipse
576 1629 739 1668 Frufflbus,
759 1627 943 1666 Redditibus‚
963 1628 997 1659 ὃς
1016 1627 1221 1665 proventibus,
1239 1626 1276 1657 de

59 1682 96 1701 m.
119 1674 161 1708 36.
216 1668 439 1706 Temporalibus
458 1667 509 1698 illis
530 1668 759 1705 provenientibus
771 1691 781 1703 ,
806 1665 923 1705 gaudeat
941 1667 974 1697 δε
992 1675 1083 1697 utatur
1104 1665 1222 1703 pacifice
1241 1666 1275 1696 ὃς

240 1708 330 1745 uiete,
343 1707 446 1745 absque
462 1705 667 1737 Molestatione
687 1706 733 1736 vel
755 1704 931 1735 Gravamine
950 1703 1073 1742 Nostri,
1090 1705 1136 1734 vel
1154 1704 1278 1734 aliorum

250 1745 433 1776 fficiariorum
442 1746 504 1784 ,seu
515 1744 718 1775 Ministrorum
733 1743 897 1774 nostrorum
914 1752 1171 1782 quorumcumque.

294 1783 328 1814 In
343 1786 437 1822 quus,
455 1783 516 1815 &c.

255 1860 345 1892 Teste
358 1859 440 1900 Rege
454 1859 528 1898 apud
540 1858 661 1900 Castrum
673 1861 750 1898 Regis
763 1859 796 1889 de
811 1859 926 1889 cadomo
942 1860 1016 1890 xxiii.
1032 1858 1091 1890 Die
1106 1858 1219 1898 Aprilis.

894 1937 948 1965 Per
964 1934 1046 1973 ipss-im
1065 1938 1168 1973 Regem.

269 2078 329 2112 Ad
351 2082 484 2126 Regem,
507 2081 627 2113 Nuncii
649 2077 843 2120 cardinales,
861 2077 952 2124 fhper
977 2077 1125 2110 Traffam
1150 2078 1237 2109 Pacis

379 2133 519 2172 venturi,
546 2127 583 2161 de
599 2128 692 2161 Salvo
710 2125 862 2160 condutio
879 2131 919 2159 eis
935 2124 1132 2160 Concedendo.

77 2207 206 2278 Ainus?
229 2212 438 2277 ILIuftriffime
455 2215 596 2254 Princeps,
614 2212 652 2249 (ῤ’
671 2212 849 2253 Potentiffi'me
867 2216 999 2252 Domine,

74 2258 136 2316 ³²24-
147 2269 186 2313 6..
270 2290 343 2321 Post
361 2290 709 2330 Recommendationem,
729 2290 838 2322 Bellum
860 2290 889 2321 id
911 2290 1098 2328 Pestiferam,
1116 2288 1197 2328 quod
1217 2289 1291 2320 inter

73 2329 114 2353 Η·
132 2334 160 2360 5-
235 2329 441 2360 Florentiffima
457 2329 560 2370 Regna
574 2330 701 2361 Franciae
713 2330 746 2361 &
763 2329 890 2369 Angliae,
908 2338 953 2361 tot
962 2331 1021 2368 jam
1037 2329 1138 2359 Annos
1154 2327 1293 2358 miserabi-

74 2367 117 2392 Ἐκ
130 2362 196 2407 Βὶἶξῖ·
236 2368 299 2399 liter
320 2370 433 2407 viguit,
449 2378 510 2399 non
532 2369 636 2407 absque
657 2369 780 2399 maxima
801 2368 930 2399 molestia
943 2394 952 2406 ,
971 2368 1075 2400 cundha
1099 2365 1292 2397 Christianitas

76 2402 218 2446 C,0t·T1b²·
237 2407 316 2438 tulit:
338 2408 412 2446 Qis
423 2409 502 2438 enirn
521 2406 563 2439 est
582 2408 620 2439 ita
638 2408 674 2438 ab
692 2408 775 2438 omni
793 2406 961 2446 Religione,
980 2407 1067 2445 Fide,
1084 2405 1210 2443 Pietate,
1227 2404 1294 2434 Hu-

78 2449 133 2467 ΤΗΝ
149 2441 216 2467 Β·6·
235 2446 368 2476 manitate
385 2446 509 2484 denique
521 2447 640 2484 alienus,
660 2448 708 2484 qui
722 2447 803 2478 tantis
818 2455 931 2484 tamque
948 2446 1090 2477 atrocibus
1109 2443 1211 2481 Malis,
1229 2452 1294 2481 quae

72 2477 216 2515 f⁰l·57·!l·
233 2484 300 2514 inde
318 2486 498 2524 contigerunt
513 2509 523 2522 ,
546 2495 607 2516 non
624 2485 808 2516 vehementer
833 2485 926 2515 doleat
943 2484 954 2514 ?
988 2484 1093 2514 Nemo
1115 2483 1178 2513 sane
1201 2481 1294 2519 postet

232 2522 365 2560 Sparsum
383 2532 530 2561 propterea
548 2523 720 2563 Sanguinem
731 2523 898 2554 describere:
918 2522 1022 2554 Nemo
1036 2522 1213 2552 dinumerare
1224 2520 1292 2550 Ho-

231 2562 347 2592 minum
365 2563 505 2600 utriusque
513 2562 642 2594 Mortes:
659 2562 764 2593 Nemo
781 2561 915 2593 Incendia
931 2570 1016 2600 atque
1031 2561 1143 2591 Rerum
1155 2560 1288 2590 omnium

231 2598 344 2632 Ruinas
362 2602 516 2632 recensere,

272 2639 370 2678 Itaque
385 2663 393 2677 ,
421 2650 451 2670 ut
476 2649 551 2670 tanta
569 2639 658 2670 Pestis
679 2648 792 2679 tamque
811 2639 956 2678 Flagitiosa
973 2638 1122 2676 aliquando
1140 2636 1228 2667 finem
1244 2636 1293 2667 ha-

232 2677 314 2708 beret
329 2703 338 2717 ‚
369 2683 490 2709 Summus
517 2678 647 2718 Pontifex
675 2679 742 2716 (cui
768 2680 899 2709 omnium
927 2677 1035 2708 Christi
1071 2676 1211 2706 Fidelium
1236 2675 1293 2706 Pax

232 2716 361 2747 Summae
383 2717 471 2748 Curae
489 2717 548 2755 est)
575 2719 643 2748 Nos
659 2717 693 2748 ad
708 2721 805 2755 Regem
822 2720 983 2747 Francorum
1002 2724 1085 2752 atque
1102 2714 1137 2745 ad
1155 2713 1297 2753 Celfitua'i-

231 2766 294 2785 nem
319 2755 443 2794 vestram
470 2756 595 2793 Legatos
611 2756 707 2794 misit,
733 2764 764 2787 ut
781 2757 863 2787 omni
882 2755 980 2792 Operfi.
996 2779 1005 2793 ,
1031 2754 1132 2784 Studio
1150 2776 1159 2791 ,
1184 2755 1217 2785 &
1236 2753 1294 2783 Di-

233 2794 348 2832 ligentia
372 2794 468 2825 nostra
491 2795 575 2833 (Ipso
601 2804 697 2826 tamen
722 2795 790 2826 Deo
815 2794 978 2831 auxiliante)
1007 2792 1167 2831 hujusmodi
1187 2802 1294 2823 nocen-

232 2833 372 2864 tiffimum
389 2833 498 2866 Bellum
514 2835 543 2863 in
562 2834 702 2873 Qietem
721 2833 894 2864 Salutiferam
913 2840 1080 2863 convertere
1097 2832 1258 2861 niteremur.

269 2871 339 2902 Nos
363 2874 433 2903 vero
449 2895 459 2909 ,
482 2871 594 2910 hujusce
617 2872 698 2903 Pacis
723 2872 858 2902 faciendae
877 2870 1086 2908 studiosissimi,
1111 2879 1179 2900 cum
1197 2868 1297 2900 securo

233 2909 395 2942 Condudtu
421 2910 536 2941 Illustris
564 2909 688 2940 Domini
712 2913 794 2941 Ducis
816 2910 980 2949 Burgundiae
1003 2908 1146 2947 hucusque
1178 2908 1293 2939 tandem

235 2950 323 2980 ambo
342 2950 536 2988 pervenimus,

275 2986 384 3018 Verum
404 2990 468 3026 quia
487 2988 597 3027 expedit
610 3011 619 3027 ,
645 2989 685 3019 ob
704 2987 776 3019 hanc
795 2987 882 3026 ipsam
901 2986 1022 3017 Causam
1037 3009 1047 3024 ‚
1064 2993 1095 3017 ut
1115 2985 1180 3025 Ego
1198 2986 1296 3015 Cardi-

237 3024 311 3054 nalis
328 3026 360 3055 de
377 3027 479 3066 Urfinis
493 3028 528 3059 ad
547 3027 727 3058 Serenitatem
745 3026 868 3058 vestram
884 3049 894 3064 ,
920 3035 1004 3064 atque
1026 3026 1093 3055 item
1112 3024 1180 3062 Ego
1199 3025 1297 3054 Cardi-

238 3062 309 3107 nasis
326 3067 532 3100 Sanc‘Zi-Marci
548 3067 582 3097 ad
599 3064 815 3096 Illustriffitnum
837 3064 951 3103 Regem
978 3064 1001 3094 F
1004 3064 1104 3093 ranciae
1118 3086 1128 3101 ‚
1152 3063 1296 3101 separatim

238 3102 356 3138 quidem
377 3104 540 3135 accedamus
555 3130 564 3143 ,
590 3104 692 3135 deinde
717 3104 804 3134 ambo
823 3103 903 3133 simul
921 3103 955 3133 ad
975 3110 1126 3139 utrumque
1144 3101 1271 3132 vestrum
1286 3124 1297 3140 ,

236 3139 266 3169 id
296 3141 376 3179 quod
399 3141 434 3171 de
459 3142 597 3173 Mandato
623 3146 733 3173 Domini
760 3141 846 3182 nostri
867 3144 949 3180 Papae
968 3140 1022 3178 sit,
1048 3139 1094 3170 sed
1109 3139 1164 3170 Iter
1182 3140 1270 3177 ipsum
1286 3164 1297 3177 ,

236 3188 354 3216 propter
375 3180 533 3210 Armorum
552 3181 684 3219 Gentes„
696 3190 753 3212 tarn
768 3181 889 3219 vestras,
908 3185 923 3198 ’ἒ
941 3189 1027 3217 quam
1047 3178 1136 3217 Regis
1153 3178 1298 3216 Franciae,

238 3226 299 3247 non
319 3218 377 3249 satis
399 3226 491 3250 tutum
510 3218 618 3249 videtur
632 3242 642 3258 ,
659 3219 773 3250 Idcirco
794 3219 916 3250 vestram
939 3217 1118 3256 Majestatem
1139 3217 1298 3254 supplicitei·

236 3265 388 3294 precamur
401 3267 432 3288 ut
446 3256 561 3295 Nobis,
580 3267 648 3288 cum
662 3257 790 3288 Centum
805 3258 952 3296 Equitibus
961 3280 970 3294 ‚
988 3266 1072 3294 atque
1082 3256 1181 3286 Rebus
1195 3255 1297 3286 nostris

238 3294 366 3334 fingulis,
381 3295 511 3327 securum
524 3295 650 3327 vestrum
658 3295 849 3327 Conduffihim
863 3296 1020 3327 concedere
1033 3293 1297 3333 dignemini,quod

238 3333 374 3372 possimus
389 3334 423 3364 ad
438 3334 499 3365 Vos
514 3342 574 3364 tute
587 3335 700 3372 venire,
717 3344 801 3372 atque
812 3334 877 3365 inde
892 3335 991 3364 redire.

277 3372 371 3404 Pridie
391 3375 461 3405 vero
481 3373 605 3403 misimus
624 3372 757 3411 Pariiius,
775 3372 808 3403 ad
829 3372 1046 3403 illustrissimum
1067 3375 1162 3409 Regem
1175 3374 1297 3400 Franciae

238 3411 415 3450 impetraturi
429 3411 552 3443 similiter
565 3411 669 3442 fiilvum
684 3410 875 3442 Condue'tum
889 3411 987 3448 suum,
1007 3411 1047 3440 ob
1062 3420 1124 3440 eam
1140 3410 1297 3440 Rationem

237 3449 321 3488 quod
337 3451 419 3482 facile
430 3450 574 3488 possemus
589 3451 618 3480 in
632 3450 733 3488 aliquas
747 3459 781 3479 ex
795 3449 847 3479 suis
862 3448 1006 3479 Gentibus
1019 3448 1153 3478 incidere.

277 3488 387 3521 Verum
402 3489 488 3520 salvus
503 3488 675 3519 Conduetus
689 3487 781 3518 vester
795 3495 826 3518 ut
840 3488 1021 3524 extimamus,
1030 3486 1212 3524 duplicandus
1219 3486 1297 3525 esset,

240 3534 274 3558 ut
289 3528 421 3560 nostrum
436 3537 554 3565 uterque
568 3537 657 3557 unum
676 3536 760 3564 penes
773 3526 800 3556 se
815 3526 919 3556 habere
931 3525 1022 3564 poffit.

278 3566 375 3606 Atque
394 3577 486 3598 unum
510 3567 568 3597 hoc
590 3576 650 3596 non
672 3564 713 3595 est
728 3564 936 3603 omittendum,
956 3563 1037 3602 quod
1052 3571 1127 3594 tanta
1145 3562 1240 3594 nostra
1263 3563 1299 3594 de

241 3605 335 3637 vestra
347 3606 496 3645 Majestate
511 3605 589 3636 Fides
604 3604 664 3642 est,
679 3612 710 3634 ut
722 3603 800 3633 nullo
815 3602 905 3633 modo
919 3611 1065 3633 vereamur
1087 3601 1208 3632 vestram
1230 3600 1301 3632 Cel-

238 3642 388 3675 fitudinem
410 3644 502 3682 adire,
519 3643 566 3674 sed
588 3644 669 3682 quod
690 3652 750 3672 non
769 3642 904 3672 omnibus
924 3641 998 3672 forte
1020 3640 1115 3671 vestris
1135 3641 1244 3679 cogniti
1255 3641 1299 3670 su-

241 3691 323 3721 mus,
342 3684 391 3722 qui
407 3684 518 3722 possent
532 3682 691 3713 inconsulte
705 3679 802 3711 Nobis
814 3679 918 3717 aliquid
933 3681 964 3710 in
978 3678 1024 3712 viai
1037 3679 1145 3717 facere,
1164 3678 1300 3717 quodve-

241 3719 306 3751 strae
321 3724 406 3752 etiam
424 3722 568 3752 Serenitati
581 3721 744 3760 displiceret.

279 3758 393 3791 Idcirco
414 3760 615 3797 decrevimus,
648 3766 798 3796 antequam
820 3757 963 3787 veniamus
978 3779 987 3794 ,
1020 3754 1147 3786 vestrum
1168 3754 1299 3786 securum

241 3795 433 3829 Conductum
461 3800 500 3829 im
522 3808 634 3835 etrare:‚
660 3807 747 3835 quem
772 3795 907 3833 poffimus
923 3817 932 3832 ,
960 3795 979 3824 si
1002 3793 1144 3825 necessitas
1167 3802 1299 3832 urgeret,

241 3834 403 3873 ostendere,
424 3846 461 3867 ne
519 3838 582 3867 obis
600 3835 703 3875 aliquid
723 3835 829 3865 accidat
844 3834 921 3872 quod
936 3842 1036 3864 contra
1049 3832 1236 3863 Voluntatem
1250 3842 1300 3864 ve-

241 3872 327 3903 stram
347 3874 379 3904 &
390 3874 513 3905 Salutem
529 3874 654 3906 nostram
667 3874 744 3904 esset.

277 3910 376 3950 Itaque
395 3912 524 3943 securum
545 3913 672 3945 vestrum
688 3911 896 3948 Condustum,
914 3918 943 3941 ut
955 3909 1092 3947 diximus,
1110 3909 1302 3946 expe&amus;

239 3959 329 3988 quem
343 3959 412 3981 cum
427 3949 604 3982 habuerimus
613 3961 691 3990 ,tum
708 3950 860 3982 confestim
874 3948 965 3978 vei-sus
980 3949 1166 3979 Serenitatem
1178 3948 1301 3978 vestram

238 3989 297 4027 ipse
313 3987 467 4018 Cardinalis
481 3989 512 4018 de
526 3990 628 4058 Uzfim}
641 3990 756 4029 dirigam
772 3988 878 4027 gressus
894 3997 982 4017 meos.

278 4026 430 4064 Propterea
444 4026 510 4056 Nos
525 4027 554 4065 ip
564 4037 598 4058 os
611 4029 712 4060 vestrae
726 4027 908 4065 Celsitudini,
929 4032 1036 4064 quanto
1051 4033 1121 4056 cum
1137 4023 1231 4055 studio
1238 4034 1305 4062 pos-

242 4065 352 4103 sumus,
370 4064 617 4096 commendamus.

271 4107 347 4134 Tam.
366 4106 413 4134 IV.
431 4105 465 4133 P.
486 4105 543 4134 ΠΙ.
629 4104 631 4107 ’

89 3179 109 3200 *
128 3181 183 3208 IX.

90 3226 158 3254 579-

1298 557 1343 583 De
1363 553 1476 585 Urfinis
1497 552 1673 592 Episcopus,
1701 552 1739 588 όν
1763 553 1804 584 G.

1350 164 1382 203 P
1418 163 1462 204 U
1500 163 1533 202 B
1571 163 1604 202 L
1639 164 1658 203 I
1698 164 1736 204 C
1774 165 1830 205 A.

1330 247 1399 279 Dat.
1418 247 1522 278 Trechis
1540 247 1598 278 Die
1616 247 1762 280 Vicesimo
1780 249 1891 287 Quarto
1910 250 2020 289 Aprilis.

2308 179 2366 220 49

2365 249 2441 279 Ann.
2457 247 2498 279 D.

2393 287 2478 325 1413.

1329 323 1428 354 Salvus
1444 323 1616 354 Conductus
1630 334 1701 354 vero
1716 324 1800 355 debet
1816 325 1872 356 effe
1885 326 2063 364 hujusmodi,
2082 334 2112 357 ut
2129 324 2274 364 separatim
2284 351 2292 365 ‚
2307 335 2353 358 aut
2368 331 2430 354 Hm.
2451 335 2479 361 5.

1297 363 1477 400 conjunfflm
1486 385 1496 400 ,
1512 364 1624 405 venire,
1635 362 1722 401 stare,
1742 365 1861 401 morari,
1881 365 1914 394 &
1930 365 2020 395 redire
2040 375 2098 396 tute
2113 366 2146 396 ὃ(
2161 365 2255 396 secure
2270 365 2356 403 polsi-

1297 410 1361 431 mus
1374 402 1492 438 totiens,
1508 408 1637 438 quotiens
1652 401 1734 432 fuerit
1750 410 1948 441 oportunum,
1966 405 1999 435 ὃς
2015 403 2120 441 ubique
2135 403 2297 436 Locorum.

1334 480 1495 515 Senatores,

1370 593 1374 597 .
1422 593 1425 598 Ι
1540 593 1543 597 .
1847 557 1953 585 δαηέῖιει
1974 556 2101 585 Romanae
2116 555 2238 596 Ecclest'ae
2258 557 2355 586 Cardi-

1334 591 1429 622 Tituli
1449 592 1546 623 Sandti
1568 592 1663 623 Marci
1685 590 1806 632 Presby-
1848 593 1922 623 nales
1937 617 1947 631 ,
1973 593 2130 633 Apostolicae
2150 594 2223 625 Sedit
2243 597 2354 633 Legati,

1337 638 1388 661 ter.
1848 631 1908 666 &a

1466 762 1515 793 De
1533 759 1719 803 Restitutione
1734 762 1956 806 Temporalium
1972 759 2009 794 de
2024 764 2111 794 Saint
2129 763 2185 793 Lo.

1308 844 1424 914 RE}
1445 844 1606 914 Omnibusd,
1624 845 1658 876 ad
1671 856 1760 885 quos,
1778 846 1839 876 &c-
1859 845 1992 876 Salutem.

1428 893 1503 914 eiatis
1541 887 1580 914 uo

1345 921 1394 965 De
1410 922 1508 952 Gratia
1520 894 1617 953 siostrg
1631 922 1755 962 speciali,
1771 922 1804 952 &
1819 930 1849 952 ut
1861 921 1991 952 divinum
2007 921 2159 953 Servitium
2173 931 2205 952 ac
2227 921 2277 952 alia
2300 921 2365 952 Pie·
2380 913 2430 937 An.
2446 913 2474 937 ⁶·

1305 965 1366 990 tatis
1387 960 1501 999 Opera,
1516 971 1581 999 quae
1601 963 1629 991 in
1652 961 1779 990 Abbatia
1801 961 1833 990 de
1853 964 1933 990 Saint
1954 963 1997 990 Lo
2020 961 2080 990 fieri
2095 960 2233 997 debeant,
2250 960 2309 997 plus
2322 953 2416 990 ΓουἨ
2437 956 2454 983 5
2458 968 2465 974 ·

1307 996 1358 1029 lito
1370 1000 1545 1038 accrescant,
1561 1000 1594 1030 &
1609 999 1716 1030 ibidem
1731 998 1890 1030 laudabilius
1904 1007 2137 1030 manuteneantur
2160 999 2193 1030 &
2215 998 2365 1029 sustinean-
2381 991 2474 1060 22⁷³}
2482 988 2508 1050 ⁶¹

1308 1046 1354 1068 tur
2411 1047 2415 1051 .
2447 1046 2452 1050 .
2479 1046 2484 1051 .
2508 1044 2513 1051 .

1346 1061 1562 1114 Oonceffimus‚
1582 1076 1689 1107 dileffls
1709 1075 1808 1106 Nobis
1826 1076 1856 1106 in
1875 1075 2008 1114 Christo,
2027 1075 2138 1105 Abbati
2158 1073 2196 1110 όν
2213 1077 2366 1105 Conventui
2383 1073 2418 1090 '⁷³‘
2438 1071 2483 1099 37·

1309 1114 1442 1144 Abbatiae
1451 1115 1587 1152 praedic‘lae
1600 1116 1699 1145 omnia
1712 1114 1910 1152 Temporalia,
1927 1114 2020 1144 eidem
2040 1114 2170 1144 Abbatiae
2186 1113 2257 1143 infra
2272 1113 2371 1144 Duca-

1311 1161 1374 1221 tcsm
1393 1152 1525 1196 nostrum
1543 1153 1754 1191 Normanniae,
1771 1153 2012 1192 qualitercumque
2033 1153 2214 1191 pertinentia,
2233 1152 2289 1183 sive
2309 1152 2370 1190 spe⁴

1343 1200 1431 1229 antia,

1350 1228 1506 1266 Habenda,
1524 1229 1552 1259 in
1569 1228 1807 1260 sustentationem
1823 1229 1925 1260 Divini
1942 1229 2068 1268 Servitii,
2087 1230 2120 1260 &
2133 1228 2168 1259 ad
2185 1228 2370 1259 Exorandum

1311 1266 1464 1304 specialiter
1477 1276 1531 1306 pro
1546 1268 1626 1297 bono
1649 1267 1726 1298 Statu
1747 1267 1846 1298 nostro
1868 1268 1936 1298 dum
1954 1270 2122 1306 vixerimus,
2139 1268 2172 1298 &
2194 1276 2246 1304 pro
2270 1267 2373 1297 Anima

1315 1305 1410 1336 nostra
1430 1315 1499 1336 cum
1521 1306 1557 1335 ab
1578 1307 1630 1336 hac
1653 1306 1734 1336 Luce
1754 1306 1987 1344 migraverimus,
2006 1317 2038 1336 ac
2063 1307 2218 1336 Animabus
2235 1304 2373 1343 Progeni-

1314 1352 1410 1374 torum
1425 1345 1457 1376 &
1471 1344 1672 1374 Succefforum
1687 1343 1866 1381 nostrorum,
1887 1345 1920 1373 St
1940 1346 2074 1374 omnium
2097 1345 2237 1374 Fidelium
2259 1343 2375 1374 Defun-

1316 1383 1432 1413 &torum
1444 1405 1453 1421 ,
1472 1392 1586 1413 necnon
1601 1382 1634 1412 ad
1648 1382 1697 1412 alia
1713 1381 1811 1411 Onera
1826 1383 1859 1412 &
1872 1381 1984 1412 Pietatis
1998 1382 2094 1420 Opera
2109 1383 2178 1413 inibi
2199 1381 2373 1413 Faciendum

1317 1423 1351 1453 &
1366 1421 1614 1459 Supportandum,
1631 1420 1667 1452 de
1681 1419 1775 1450 Dono
1791 1420 1900 1450 nostro.

1356 1459 1389 1489 In
1407 1461 1503 1498 cujus,
1520 1461 1580 1491 &c.

1354 1497 1445 1529 Teste
1460 1498 1544 1538 Rege
1557 1497 1631 1537 apud
1644 1496 1767 1538 Castrum
1779 1500 1856 1536 Regis
1870 1496 1902 1527 de
1917 1496 2031 1536 cadomo
2045 1498 2119 1528 xxvi.
2135 1496 2180 1527 die
2194 1496 2304 1534 Aprilis.

2380 832 2455 863 Ann.
2466 831 2507 862 D.

2403 871 2491 910 1413.

1997 1576 2051 1603 Per
2071 1573 2153 1612 ipsizm
2169 1576 2273 1610 Regem.

1494 1653 1663 1685 Confimiles
1675 1652 1712 1683 de
1727 1651 1917 1683 Restitutione
1933 1651 2036 1682 Literae
2048 1649 2199 1681 concessae.

1358 1730 1418 1761 Pro
1432 1733 1518 1762 Domo
1532 1732 1626 1761 Sandii
1643 1729 1784 1768 Johannis
1796 1726 1954 1767 Jerusalem
1967 1727 1998 1756 de
2012 1725 2163 1756 Breteville
2179 1724 2320 1755 l'Arabel.
2399 1734 2461 1761 1521,

1356 1769 1416 1799 Pro
1434 1770 1563 1799 Abbatia
1583 1773 1678 1799 Beatae
1691 1771 1793 1797 Mariae
1806 1768 1838 1796 de
1851 1765 2008 1809 Belestoille.
2398 1783 2433 1799 m·
2452 1781 2494 1808 37·

1358 1807 1419 1838 Pro
1436 1808 1564 1838 Abbatia
1579 1811 1674 1837 Beatae
1690 1808 1791 1836 Mariae
1805 1804 2024 1844 Damnenesobes.
2398 1811 2463 1837 lm,

1357 1845 1448 1877 Teste
1468 1857 1497 1878 ut
1514 1848 1602 1885 supra.
2399 1858 2426 1876 m
2459 1859 2502 1885 39.

2332 1918 2381 1922 ,ἡ
2401 1887 2467 1914 ibat.

2402 1935 2439 1953 m.
2460 1926 2504 1961 36.

1460 1975 1509 2007 De
1529 1969 1668 2016 Custodia
1681 1970 1904 2017 Temporalinm
1922 1967 2079 2014 Commiffit
2098 1994 2109 2010 ,
2134 1966 2244 2013 Leffizy.

1328 2057 1446 2115 REX
1466 2057 1630 2105 Omnibus,
1648 2055 1683 2088 ad
1703 2065 1793 2095 quos²
1810 2055 1871 2087 ἂς.
1889 2054 2021 2086 Salutem.
2406 2059 2483 2090 Αῃῃ,
2495 2058 2536 2089 D,

1428 2097 1525 2128 Sciatis
1540 2096 1639 2135 quod,
2427 2099 2514 2137 1418.

1366 2136 1415 2167 De
1429 2135 1530 2167 Gratia
1542 2134 1637 2166 nostr&
1651 2133 1778 2172 speciali,
1793 2134 1826 2165 &
1841 2140 1872 2163 ut
1885 2131 2030 2162 Divinum
2047 2130 2196 2161 Servitium
2213 2139 2246 2159 ac
2260 2128 2311 2159 alia
2325 2128 2392 2160 Pie—
2405 2141 2460 2165 An.
2476 2140 2503 2166 6.

1329 2176 1390 2206 tatis
1410 2174 1507 2213 Opera
1522 2199 1532 2212 ,
1550 2184 1615 2212 quae
1637 2174 1666 2203 in
1688 2171 1816 2202 Abbatia
1836 2171 1945 2200 Sano‘i‘ae
1965 2172 2109 2199 Trinitatis
2128 2169 2160 2198 de
2178 2168 2197 2187 *¹
2216 2167 2314 2208 Leffizy
2332 2192 2342 2206 ‚
2360 2169 2390 2197 in
2406 2180 2442 2203 H.
2458 2185 2486 2211 5·

1330 2214 1467 2244 Dioecese
1480 2213 1516 2243 de
1531 2211 1726 2249 Constances,
1746 2209 1805 2240 sieri
1818 2209 1959 2246 debeant,
1978 2208 2144 2246 plussolito,
2161 2209 2338 2244 accrescant,
2356 2207 2390 2237 ὃς
2408 2219 2498 2242 Nomi.
2511 2217 2538 2242 6.

1330 2251 1438 2282 ibidem
1451 2250 1610 2282 laudabilius
1624 2255 1857 2280 manuteneantur
1868 2249 1903 2278 &
1915 2246 2115 2285 sustineantur,
2408 2257 2444 2281 Η,
2454 2262 2480 2288 ς,
2487 2260 2511 2290 Ρ,
2517 2262 2526 2279 1
2533 2274 2541 2279 ,

1370 2289 1547 2328 Commifimus
1574 2287 1708 2326 Religio-fis
1728 2289 1804 2316 Viris
1823 2285 1958 2315 Abbatiae
1972 2285 2110 2323 praedidae
2131 2283 2302 2314 Custodiam
2318 2283 2392 2313 'orn-
2406 2301 2443 2320 m,
2466 2300 2512 2327 35,

1335 2330 1417 2360 nium
1440 2327 1680 2367 Temporalium,
1704 2325 1797 2356 eidem
1818 2324 1949 2354 Abbatiae
1964 2346 1973 2361 ,
1995 2323 2066 2354 infra
2087 2322 2235 2353 Ducatum
2259 2321 2391 2352 nostrum
2406 2329 2425 2348 ἡ*
2448 2331 2501 2357 ιχ,

1334 2367 1543 2404 Normanniae,
1559 2365 1801 2404 qualitercumque
1835 2363 2015 2393 ertinentium
2031 2362 2086 2392 five
2099 2361 2299 2398 spectantium,
2390 2364 2392 2367 '
2407 2368 2474 2405 580,

1371 2405 1404 2437 H
1413 2416 1433 2436 A
1443 2416 1462 2436 B
1473 2414 1491 2435 Ε
1503 2413 1524 2434 N
1536 2414 1557 2434 D
1567 2411 1623 2434 ΑΜ
1642 2402 1775 2440 quamdiu
1827 2402 1889 2431 obis
1904 2401 2057 2438 placuerit,
2076 2398 2263 2437 Percipiendo
2277 2399 2313 2430 de
2327 2397 2397 2429 Exi.
2470 2401 2474 2404 ’

1334 2446 1410 2477 tibus
1429 2446 1462 2475 ἃ
1485 2442 1624 2474 Proficuis
1645 2440 1868 2478 Temporalium
1890 2439 2094 2477 praemistorum
2116 2447 2243 2476 tantum,
2258 2445 2398 2476 quantum

1335 2494 1389 2523 pro
1404 2481 1558 2514 rationabili
1573 2480 1780 2511 Sustentatione
1794 2479 1839 2508 sua
1852 2477 2036 2508 necessarium
2053 2477 2135 2507 fuerit
2151 2478 2183 2507 ὃς
2202 2485 2398 2516 oportunum;

1374 2522 1415 2552 Ita
1430 2522 1536 2559 semper
1552 2519 1632 2557 quod
1645 2519 1681 2548 de
1696 2517 1872 2555 Surplusagio
1891 2515 2027 2546 Exituum
2049 2516 2080 2546 ὃς
2103 2514 2304 2545 Proficuorum
2324 2523 2397 2552 prae-

1338 2561 1498 2597 dictorum,
1517 2558 1586 2589 ultra
1597 2556 1834 2588 Sustentationem
1848 2554 1923 2585 suam
1939 2554 2103 2594 praedidtam
2112 2576 2122 2591 ,
2141 2553 2239 2583 Nobis
2254 2576 2262 2591 ,
2279 2553 2315 2583 ad
2338 2551 2397 2582 Ca-

1338 2609 1446 2630 meram
1470 2597 1595 2628 nostram
1624 2596 1844 2633 Compotorum
1858 2617 1867 2631 ,
1901 2593 2011 2630 lingulis
2032 2593 2142 2629 Annis,
2173 2591 2370 2629 respondeatur
2387 2615 2397 2628 ,

1337 2637 1472 2678 quamdiu
1486 2635 1572 2704 iideg
1589 2634 1722 2674 Religioii
1735 2631 1906 2663 Custodiam
1923 2632 2070 2662 habuerint
2085 2630 2278 2668 supradictam.

1475 2685 1504 2704 us
1595 2697 1601 2703 .

1375 2676 1601 2752 Infgjstekegce
1613 2710 1688 2750 apud
1703 2708 1824 2751 Castrum
1835 2712 1912 2748 Regis
1927 2708 1961 2739 de
1975 2708 2090 2739 Cadomo
2103 2707 2167 2739 xxvi
2182 2705 2226 2737 die
2242 2705 2354 2744 Aprilis.

2017 2788 2071 2815 Per
2089 2783 2169 2823 ipſsml
2186 2786 2292 2822 Regem.

1340 2917 1398 2952 Ad
1425 2915 1577 2961 Custodem
1601 2914 1717 2961 Angliae
1745 2915 1855 2993 LitliraZ
1883 2914 1978 2993 {ucis
2003 2912 2139 2943 Bavariae
2160 2919 2215 2956 pro
2247 2907 2398 2951 Succurfic

1817 2974 1835 2993 a
1858 2973 1891 2993 en
1914 2973 1940 2992 O.

1341 3054 1511 3088 Excellenti
1527 3064 1563 3085 ac
1582 3053 1697 3085 Potenti
1715 3051 1847 3094 Principi
1861 3050 1897 3086 ὅ]
1923 3048 2073 3089 Domino,
2099 3048 2230 3080 Domino
2262 3040 2400 3089 Johanni

1387 3102 1478 3136 Duci
1506 3099 1687 3135 Bedfordiae
1701 3125 1718 3147 1,
1751 3100 1860 3129 comiti
1885 3093 2098 3128 Richemondiae
2123 3098 2159 3133 ὠ
2183 3093 2218 3125 de
2247 3090 2399 3132 Kendale‚

1386 3152 1502 3198 Angliae
1525 3147 1745 3192 Constabulario
1758 3172 1767 3187 ‚
1793 3157 1900 3177 necnon
1927 3147 2055 3177 Domino
2075 3143 2249 3188 Infitlarnm
2266 3139 2301 3171 de
2319 3139 2399 3184 ’Jer-

1378 3201 1422 3243 ste
1438 3203 1474 3238 φ’*
1494 3198 1651 3247 Gernefty,
1676 3197 1804 3228 Domino
1821 3205 1857 3226 ac
1873 3193 2090 3239 consanguineo
2117 3189 2209 3232 nostro
2235 3186 2401 3231 Cariffimo.

1341 3288 1493 3354 ILlustris
1507 3291 1648 3326 Princeps,
1666 3287 1799 3323 Domine,
1813 3294 1845 3313 ac
1861 3281 2056 3323 Conssanguinee
2069 3279 2205 3320 cariffime
2214 3301 2224 3317 >
2414 3297 2489 3328 Ann,
2503 3295 2547 3328 D,·

1378 3365 1496 3398 Sincera
1516 3362 1833 3404 RecommendatiOiie,
1851 3369 1920 3392 cum
1942 3360 2000 3389 mei
2022 3357 2153 3389 continui
2175 3354 2400 3396 promptitudine
2413 3336 2521 3402 qu‘ffigs

1341 3405 1501 3437 Famulatsis
1514 3414 1566 3450 pro
1580 3403 1674 3434 Salute
1687 3401 1841 3440 praemissa,
2054 3435 2060 3440 ⁶
2178 3433 2184 3439 ·
2413 3418 2447 3440 H.
2467 3422 2495 3448 ἴ.

1377 3444 1487 3475 Vestrae
1503 3442 1684 3473 Excelleiitiae
1699 3441 1728 3470 in
1743 3439 1826 3469 Parte
1839 3438 1901 3469 fore
1917 3446 1977 3466 non
1993 3435 2095 3466 dubito
2108 3432 2315 3474 manifestatum
2332 3439 2402 3474 qua?
2416 3455 2453 3478 Ex
2460 3450 2518 3478 Bibl

1340 3483 1421 3519 liter,
1438 3482 1503 3522 post
1519 3482 1661 3518 Obitum,
1680 3477 1849 3509 dileetiffimi
1863 3476 2009 3514 quondam
2025 3474 2146 3504 Domini
2169 3482 2202 3502 ac
2226 3471 2323 3500 Fratris
2343 3478 2398 3498 mei
2412 3494 2470 3516 Cot.
2485 3471 2531 3516 1⁶12

1342 3521 1486 3553 Willielmi‘
1506 3523 1613 3550 Comitis
1635 3519 1811 3554 Hanmniae,
1829 3513 1987 3545 Hollandiae
2001 3536 2011 3551 ,
2029 3509 2068 3546 &
2089 3511 2221 3555 Selandiae
2235 3534 2243 3547 ,
2262 3508 2294 3551 ad
2317 3505 2399 3545 fitam
2413 3527 2496 3555 herim
2518 3531 2548 3555 Β.

1341 3560 1459 3598 Filiam,
1477 3561 1593 3597 Neptem
1607 3568 1708 3593 meam,
1726 3554 1886 3586 vehementi
1900 3550 2163 3582 solicitudinehabui
2177 3545 2400 3591 hucusqueinul-
2412 3566 2482 3604 &fol
2502 3574 2549 3600 57-

1341 3607 1397 3636 tas,
1415 3598 1549 3634 diversas,
1567 3606 1601 3626 ac
1621 3596 1725 3632 varias,
1744 3591 1939 3631 gratiosissime
1959 3599 2053 3621 tamen
2072 3598 2105 3618 ac
2126 3595 2280 3618 caritativas
2303 3585 2401 3620 (prout
2416 3609 2444 3632 B.
2486 3589 2491 3594 ·

1342 3637 1412 3667 Deo
1436 3635 1555 3671 Testor)
1578 3634 1792 3664 Prosecutiones
1809 3641 1814 3660 :
1834 3629 1953 3661 eandem
1976 3628 2108 3670 Neptem
2123 3634 2222 3672 *meam
2238 3646 2248 3661 ,
2274 3631 2332 3666 tam
2352 3631 2401 3659 per

1343 3675 1500 3713 meipsum,
1516 3683 1602 3712 quam
1617 3683 1664 3710 pet
1680 3672 1747 3701 alios
1764 3679 1844 3700 meos
1862 3669 2000 3705 Amicos,
2018 3674 2136 3708 gratiose
2151 3661 2337 3707 quampluries
2353 3660 2402 3703 'di-

1342 3713 1502 3744 versimode
1524 3713 1711 3750 requirentes,
1731 3709 1856 3747 quatinus
1879 3706 1954 3744 Ipsa,
1971 3715 2001 3735 ut
2023 3713 2089 3734 meis
2106 3702 2220 3740 Juribus
2241 3697 2402 3742 Haeredita7

1343 3754 1389 3782 riis
1403 3777 1411 3790 ,
1439 3751 1584 3788 michique
1604 3760 1653 3787 per
1672 3746 1904 3779 Patrimonialem
1926 3741 2138 3782 Succeffionem
2161 3736 2316 3769 confiscatis
2331 3759 2341 3774 ,
2360 3745 2402 3767 uti

1344 3792 1438 3828 quiete
1452 3790 1591 3826 valerem,
1607 3789 1687 3818 saum
1701 3787 1850 3817 attribuere
1864 3784 2022 3822 dignaretur
2045 3778 2193 3821 Assensum
2217 3777 2249 3806 &
2270 3774 2388 3819 Conseri

1344 3831 1403 3859 sum
1428 3828 1536 3859 realiter
1558 3837 1626 3857 curn
1647 3825 1786 3862 liffeim,
1821 3823 1940 3852 Attento
1963 3818 2049 3856 (salvo
2073 3816 2157 3859 pluri)
2181 3813 2261 3853 quod
2281 3816 2401 3857 iplarum

1344 3867 1503 3897 Terrarum
1524 3865 1707 3902 Hannoniae,
1725 3861 1905 3897 Hollandiae,
1923 3858 1957 3888 ὅτ.
1980 3855 2144 3886 Zeelandiae
2164 3863 2224 3883 non
2245 3852 2287 3883 est
2308 3861 2404 3889 proxi-

1347 3907 1421 3936 mior
1437 3904 1491 3935 Me
1507 3903 1648 3934 Masculus
1662 3902 1772 3932 I-laeres.
2278 3929 2283 3935 ῃ
2327 3929 2332 3935 .

1385 3944 1459 3982 Quo
1479 3952 1574 3973 tamen
1599 3951 1658 3971 non
1681 3940 1828 3975 obstante,
1847 3934 1911 3973 post
1929 3932 2035 3963 multos
2056 3930 2208 3961 Tradimus
2229 3937 2406 3966 caritativOS,

1345 3984 1476 4019 tandem,
1492 3982 1562 4011 inter
1576 3989 1679 4010 caetera
1689 4003 1698 4016 ,
1718 3978 1767 4007 sibi
1784 3974 1873 4012 optuli
1889 3971 2058 4015 Meipsum,
2068 3970 2101 4001 &
2112 3969 2163 4013 jus
2177 3978 2292 4012 meum,
2312 3975 2406 4010 acto-

1347 4031 1404 4051 tarn
1421 4019 1540 4050 Causam
1556 4019 1693 4056 subjicere
1706 4017 1739 4046 &
1756 4013 1917 4044 submittere
1931 4010 2003 4040 velle
2018 4008 2205 4045 D1sp011t10m
2225 4008 2259 4038 &
2283 4005 2406 4035 Ordina-

1347 4059 1419 4090 tioni
1440 4056 1613 4089 Sereniffimi
1634 4065 1667 4086 ac
1691 4051 1868 4085 Inviolissimi
1889 4048 2031 4087 Principis
2055 4071 2064 4084 ,
2086 4045 2212 4077 Domini
2232 4048 2410 4109 Romazti'rnm

2352 4091 2410 4118 3¹5,
