2562 4274
55 1650 131 1682 Ann.
150 1648 190 1681 D.

76 1697 161 1728 1432.

53 1731 106 1758 Aa.
128 1737 169 1755 ir.

54 1770 88 1795 H.
103 1767 131 1793 6.

91 1802 158 1835 [bid.

54 2657 134 2690 Ann.
149 2657 193 2689 D.

77 2706 163 2737 1432.

55 2739 107 2765 An.
134 2746 173 2764 ii.

56 2779 90 2803 H.
107 2776 134 2803 6.

56 2813 121 2842 ibid.
134 2823 171 2843 m.

57 2996 189 3034 ⁰X.527.

195 114 275 152 186

236 274 426 314 Percipiendo
449 274 486 304 de
504 272 604 315 Nobis
619 295 628 310 ,
650 281 700 309 per
723 273 801 303 viam
828 270 969 310 Regardi,
996 253 1080 299 Misle
1102 269 1218 298 Marcus
1237 266 1266 295 in

199 312 311 344 Groffo
325 324 377 352 pro
393 313 481 355 Anno
496 311 669 349 supradicio,
869 349 874 354 Π
995 347 1000 352 ⁸

236 353 274 383 Et
285 352 364 389 quod
379 351 445 390 sibi,
459 359 537 388 Juxta
553 350 735 387 quantitatem
751 357 900 386 temporis,
937 357 976 378 uo
992 346 1054 389 ipse
1064 345 1133 375 ultra
1149 343 1267 388 Annum

200 390 372 430 praedietum
395 390 428 419 ad
446 392 516 418 idem
532 387 675 429 Gentilium
690 386 824 417 Gener-ale
841 397 890 426 per
940 396 974 416 os
990 385 1122 415 Reiidere
1137 383 1269 413 onerabi-

198 440 260 498 1tur,
277 430 312 460 de
328 428 443 497 ῗῖιοὺίε,
458 430 535 466 juxta
547 427 722 458 afferentiarn
737 425 819 456 Mille
837 427 999 456 Marcarnm
1013 433 1062 464 per
1077 431 1184 453 annum
1201 421 1270 452 side-

210 478 261 498 ΗΕΓ
300 477 327 497 Cr
340 477 359 497 Ο
371 476 461 497 vesus.

239 477 389 543 Inpcujus‚
407 506 470 535 &c.
1169 538 1173 543 .

274 543 365 576 Teste
378 543 465 582 Rege
482 541 554 581 apud
571 540 833 583 Westmonallerium
843 566 853 580 ,
871 542 934 580 xxvj
950 540 996 572 die
1010 538 1199 571 Novembris.

645 621 699 649 Per
716 622 810 651 Breve
825 619 858 650 de
878 619 996 649 Privato
1011 615 1112 655 sigillo.
1142 614 1146 617 ’

523 750 580 782 Pro
603 745 702 781 eodem
726 745 961 794 Archiepistopo.

51 840 130 871 Ann.
146 834 187 868 D.
214 833 338 890 REX
354 834 507 873 omnibus,
523 833 559 865 ad
573 843 660 873 quos,
677 834 738 866 &e
756 832 891 864 Salutem.

53 886 166 983 Λιιιῗιῗ..
209 911 316 950 nostri,
333 911 540 943 ordinavimus
557 912 591 943 δε
606 911 882 950 Αρρυῃξῒυεινὶωιιε,
897 909 1093 941 Venerabilem
1109 908 1138 937 in
1151 904 1273 936 Christo

53 962 88 985 H.
125 979 131 985 .

88 996 152 1026 lbid.

326 873 427 904 Sciatis
444 873 524 918 quod
547 872 632 911 Nos,
646 873 682 904 de
703 872 875 903 avisamento
889 872 922 903 &
935 869 1135 901 deliberatione
1151 865 1277 897 Concilii

209 947 343 990 Patrem,
363 951 594 1019 A7·chiep1fi‹}pum
613 951 749 988 Eborum,
768 950 881 989 Angliae
907 947 1076 992 Primatem,
1094 946 1128 975 ad
1150 944 1274 974 Transe—

208 989 318 1021 undum
369 991 397 1020 in
416 990 520 1020 Ambai
535 997 587 1020 iata
610 988 722 1027 nostra,
739 996 823 1028 penes
843 986 1056 1018 Sanetiffimum
1080 983 1195 1015 Patrem
1220 992 1273 1013 no-

206 1025 296 1059 strum
313 1012 450 1066 P'APAM,
468 1030 501 1060 &
517 1028 552 1059 ad
570 1027 775 1059 Concinitur
796 1026 1009 1062 GENERALE,

245 1066 500 1105 Conceffirnusque
513 1068 593 1106 quod
631 1076 684 1107 pro
696 1072 826 1105 tempore
839 1075 899 1104 quo
913 1064 968 1103 ipse
983 1071 1057 1094 extra
1068 1062 1205 1101 Regnum
1218 1070 1274 1091 no·-

207 1104 296 1136 strum
310 1106 421 1144 Angliae
435 1105 535 1137 existet
571 1089 612 1137 us,
623 1116 658 1136 ue
672 1105 813 1136 Reditum
827 1104 907 1135 suum
923 1104 952 1133 in
970 1103 1045 1133 idem
1061 1100 1202 1146 Regnum
1220 1110 1273 1130 no-

207 1144 313 1188 strum,
329 1144 405 1175 nulla
425 1144 509 1176 Secta
528 1145 574 1176 seu
598 1116 746 1176 {recessus
767 1143 857 1174 versus
874 1142 966 1187 ipsum
986 1141 1032 1172 fiat
1046 1141 1093 1172 seu
1106 1147 1274 1179 incipiatur,

207 1192 261 1213 nec
277 1182 368 1220 aliqua
384 1181 544 1222 Imperitio,
563 1185 592 1213 in
604 1183 742 1222 aliquibus
756 1183 806 1213 sibi
821 1181 1040 1221 pertinentibus,
1058 1188 1187 1219 tempore
1201 1184 1274 1218 prae-

207 1221 289 1254 dieto
311 1222 444 1261 durante,
461 1233 510 1262 per
533 1233 604 1260 nos,
622 1221 779 1261 Haeredes,
795 1219 979 1260 Officiarioe,
993 1219 1040 1250 seu
1057 1217 1206 1250 Ministros
1220 1225 1273 1248 no-

207 1258 280 1290 stros
296 1261 492 1300 quoscumque
505 1261 555 1293 fibi
571 1260 627 1292 fiat.

245 1297 281 1329 In
297 1300 389 1338 cujus,
406 1299 468 1331 &c.

280 1336 371 1369 Teste
388 1348 418 1371 ut
435 1339 521 1380 supra.

650 1418 704 1447 Per
723 1418 816 1446 Breve
833 1414 865 1445 de
882 1415 1000 1445 Privato
1017 1412 1115 1453 Sigillo.

515 1556 573 1588 Pro
600 1551 699 1586 eodem
724 1550 962 1599 Archiepifiopo.

210 1640 332 1698 REX
351 1640 513 1677 Omnibus,
531 1639 566 1670 ad
583 1649 671 1679 quos,
688 1639 749 1671 &c-
766 1638 900 1670 Salutem.

322 1680 419 1710 Sciatis
436 1679 517 1718 quod
536 1678 605 1709 Nos
637 1678 673 1708 de
692 1678 861 1708 avisamento
880 1676 914 1708 &
930 1676 1129 1707 deliberatione
1147 1674 1277 1705 Concilii

207 1718 312 1757 nostri,
332 1718 535 1749 Ordinavimus
550 1718 583 1748 &
602 1701 880 1756 Appunetuavimus,
895 1714 1140 1759 Venerabilem'in
1153 1713 1273 1744 Christo

207 1757 337 1795 Patrem,
351 1756 511 1796 Johannem
527 1755 632 1786 Archie
648 1756 757 1795 iscopum
776 1755 913 1792 Eborum,
932 1754 1044 1794 Angliae
1060 1753 1226 1790 Primatem,
1239 1752 1274 1783 ad

205 1796 422 1827 Transeundum
433 1817 443 1834 ,
457 1796 487 1825 in
508 1764 680 1826 Ambassfata
700 1793 811 1831 nostra,
832 1803 915 1830 penes
930 1791 1144 1824 Sanetiffimum
1159 1791 1274 1823 Patrem

203 1834 335 1867 nostium
352 1834 541 1872 Plumae
556 1833 590 1864 ad
605 1832 803 1864 GENERALE
822 1830 1042 1871 Concinitur,
1090 1857 1095 1866 ,

237 1873 494 1912 Conceffimusque
515 1872 599 1903 eidem
612 1871 716 1902 Archie
732 1871 782 1912 ι’]ἲο
800 1882 833 1910 o,
853 1870 932 1910 quod
948 1870 968 1901 si
983 1871 1058 1910 ipse,
1078 1869 1150 1901 infra
1162 1877 1275 1910 tempus

201 1912 386 1945 Ambassiatae
402 1912 507 1943 nostrae
521 1911 683 1951 predictae,
721 1921 736 1941 e
807 1910 894 1940 ndato
910 1909 1024 1948 nostro,
1041 1909 1086 1941 vel
1103 1909 1174 1941 dicti
1187 1908 1272 1939 Con-

201 1952 258 1984 cilii
275 1952 384 1990 nostri,
401 1951 429 1982 se
442 1953 584 1982 transferat
597 1950 645 1981 seu
696 1951 782 1988 uitet,
798 1950 826 1979 in
841 1948 1021 1989 Obsequium
1035 1947 1182 1986 nostrum,
1196 1947 1230 1978 ad
1245 1957 1275 1978 a-

202 1992 311 2031 liquem
324 1992 411 2022 alium
428 1990 541 2021 Locum
550 2013 560 2029 ,
576 1991 664 2029 quam
679 1990 686 2018 i
700 1989 758 2019 lum
772 1989 822 2028 qui
837 1988 871 2019 ad
873 1989 1000 2058 ffisens
1015 1997 1132 2032 per'nos
1142 1986 1178 2031 de
1190 1985 1274 2031 avisa-

203 2039 304 2061 mento
328 2030 467 2070 praedidio
488 2030 538 2060 sibi
562 2029 707 2074 ordinatus
728 2029 762 2060 &
777 2037 871 2067 appun
938 2037 980 2058 tus
993 2026 1087 2058 existit
1106 2025 1272 2072 (videlicet)

201 2067 702 2151 {3232255ffl32ss2222233l3353
716 2065 1274 2150 {ssg‘ffffnssssffifiuZ'ug'flssafr'ss'asfflaffissss

201 2147 282 2185 stro,
302 2147 345 2176 vel
371 2144 498 2177 Concilii
521 2144 628 2183 nostri,
645 2145 683 2176 sic
698 2144 726 2175 se
740 2144 884 2175 transferet
900 2145 945 2175 seu
957 2144 1111 2182 equitabit,
1128 2142 1164 2174 de
1181 2143 1219 2173 hu
1232 2143 1274 2173 us-

201 2185 283 2216 modi
305 2185 400 2216 Vadiis
420 2186 543 2224 diurnis,
563 2192 647 2222 prout
667 2184 713 2214 alii
730 2182 963 2222 Archiepiscopi‚
981 2184 1011 2213 in
1026 2181 1197 2213 Ambaffiata
1244 2192 1275 2212 e—

200 2225 267 2262 gia,
285 2224 320 2255 de
332 2225 433 2255 inclitis
449 2223 681 2263 Progenitoribus
694 2221 812 2260 nostris,
831 2231 897 2253 ante
912 2223 975 2252 haec
990 2230 1135 2261 tempora,
1152 2220 1271 2253 destina-

200 2263 462 2334 ti‚1nhabuerunt&&
482 2270 685 2303 perceperunt,
701 2260 807 2294 satisfiat
822 2260 856 2293 &
873 2269 1061 2293 contentetur.

291 2312 388 2340 cujus,
441 2312 468 2333 c.

275 2340 365 2373 Teste
383 2350 414 2374 ut
431 2341 520 2380 supra.

594 2420 649 2449 Per
667 2421 759 2449 Breve
775 2417 808 2449 de
826 2420 945 2450 Privato
961 2416 1063 2457 Sigillo.

526 2554 619 2602 Super
645 2551 728 2587 dista
751 2549 952 2597 Ambaffiata.

209 2638 327 2696 REX
347 2639 508 2677 Omnibus,
525 2639 560 2670 ad
575 2649 663 2679 quos,
680 2639 741 2671 &c.
757 2639 893 2670 Salutem.

320 2678 417 2708 Sciatis
436 2678 534 2716 quod,
551 2677 587 2709 de
635 2678 687 2708 atiz‘t
705 2677 802 2709 nostra
816 2677 940 2715 speciali,
957 2687 989 2709 ac
1007 2678 1043 2708 de
1055 2678 1226 2711 avisamento
1240 2681 1273 2712 &

209 2715 313 2748 assensu
327 2715 453 2752 Concilii
469 2716 574 2753 nostri,
621 2716 793 2747 onceffirnus
806 2717 840 2746 &
858 2717 1018 2748 Licentiam
1032 2717 1189 2756 Dedimus,
1204 2718 1273 2749 dile—

209 2754 260 2786 ἂο
276 2757 308 2787 &
324 2754 398 2786 fideli
413 2753 503 2784 Militi
523 2753 638 2791 nostro,
655 2752 784 2792 Johanm·
802 2754 929 2794 Colvyle,

244 2794 307 2833 Qii
328 2794 357 2824 in
378 2791 550 2824 Ambaffiata
563 2791 674 2829 nostra,
692 2792 784 2823 versus
796 2792 939 2822 Concilium
952 2793 1085 2824 Generale
1103 2793 1177 2831 apud
1190 2793 1275 2824 Bafile

206 2831 240 2862 ad
260 2833 376 2870 praesens
396 2831 533 2870 existens,
546 2840 606 2876 *pro
626 2829 710 2862 Bono
729 2831 849 2875 publico
874 2830 987 2862 Sanctae
1005 2832 1107 2864 Matris
1121 2832 1276 2871 Ecclesiae,

205 2881 239 2902 ac
255 2871 442 2911 Regnorum,
460 2869 669 2901 Dotniniorum
680 2893 690 2908 ,
705 2870 739 2901 &
753 2869 931 2901 subditorum
945 2869 1121 2909 nostrorum,
1136 2871 1171 2902 de
1187 2871 1274 2902 Man·

205 2909 271 2940 dato
290 2909 389 2940 nostro
401 2909 578 2948 profecturus
594 2906 654 2946 est,

243 2948 336 2987 Quod
361 2948 415 2985 ipse
428 2948 532 2978 ‘secum
548 2947 654 2978 ducere
677 2945 711 2977 &
733 2946 836 2978 cariare
851 2946 954 2986 poffit,
971 2955 1046 2980 extra
1062 2947 1200 2988 Regnum
1220 2959 1274 2980 no-

207 2986 296 3017 strum
309 2986 425 3025 Angliae
434 2987 480 3025 ,in
496 2985 619 3017 Moneta
627 3008 636 3023 ,
644 2984 779 3024 Plata,&
787 2985 953 3025 Jocalibus,
961 2986 1047 3026 usque
1057 2989 1071 3003 ¹*
1080 2987 1116 3018 ad
1124 2987 1276 3019 Summam

207 3025 428 3066 Qingentarum
441 3024 601 3063 Librarum,
619 3024 721 3063 absque
734 3025 944 3065 perturbatione
956 3026 1000 3057 vel
1015 3027 1196 3064 impetitione
1225 3038 1274 3060 ua-

207 3074 275 3135 ‘1²13'ss
277 3062 887 3134 ςέἒεῙέῗὲῗέιῑέῗεᾞῗέιῗὲῐέἷίιᾞοςὲᾙ
897 3063 1198 3136 innfss'ssussffiazssiqw
1203 3037 1277 3098 ξω·

551 3124 561 3140 a
895 3125 906 3141 2
1130 3129 1136 3135 -

247 3140 280 3173 In
299 3141 378 3172 cu‘us
415 3141 475 3172 διε.

283 3151 374 3212 Telke
386 3164 470 3220 kege
481 3179 555 3218 apud
572 3177 846 3221 Wstmonasterium,
862 3180 928 3219 xxvj
944 3179 1002 3212 Die
1019 3180 1209 3214 Novembris.

607 3257 660 3286 Per
680 3258 772 3286 Breve
790 3256 822 3287 de
841 3258 963 3288 Privato
978 3256 1079 3295 sigillo.

250 3395 300 3428 De
326 3390 540 3438 Requestubus,
561 3403 616 3439 pro
644 3392 826 3436 Transituris
850 3392 894 3425 ad
910 3394 1052 3426 Generale
1069 3395 1245 3430 Concilium.

66 3491 142 3521 Am·
155 3490 197 3522 D·
221 3478 307 3534 RE
316 3477 348 3510 X
366 3477 500 3510 universis
512 3477 546 3508 δε
561 3477 669 3516 lingulis
681 3476 1191 3518 Regibus‚Principibus,Ducibus,
1201 3480 1281 3512 Mar-

94 3539 178 3568 1432.

66 3572 118 3596 An.
136 3577 148 3596 1
157 3578 180 3596 ι.

67 3610 103 3633 Η.
119 3607 147 3633 6.

67 3648 167 3672 franca
177 3654 199 3674 ι,

68 3685 103 3709 H.
120 3684 146 3711 6,

65 3729 104 3750 m.
126 3729 169 3756 ¹5·

300 3517 470 3554 chionibus‚
489 3514 672 3553 Comitibus,
689 3515 847 3547 Nobilibus
883 3516 1047 3555 Batonibus,
1065 3517 1210 3558 Dominis,
1230 3520 1281 3550 Vi-

238 3594 242 3598 ·
838 3540 1079 3593 Constabulariis,
1098 3556 1283 3589 Gubernato-

222 3594 296 3624 ribus
319 3593 459 3624 Vicorum
496 3592 700 3624 Fortalitiorum
711 3615 721 3631 ,
740 3592 918 3631 Civitatum‚
937 3593 1123 3633 Castrorum,
1141 3597 1175 3628 &
1187 3599 1283 3628 omni-

221 3633 273 3663 bus
290 3632 400 3663 Amicis
414 3634 447 3664 ὃ(
463 3619 606 3663 ssenivolis
621 3631 740 3669 nostris,
757 3642 790 3663 ac
808 3631 940 3670 Populis,
960 3633 1164 3672 cujuscumque
1179 3635 1274 3667 Status

222 3669 353 3710 Gradus,
380 3671 548 3710 Dignitatis,
571 3669 811 3709 Praeeminentiae,
836 3670 881 3701 seu
903 3670 1087 3703 Conditioriis
1111 3674 1233 3713 fuerint,
1250 3659 1285 3706 ad

218 3719 289 3749 quos
314 3711 457 3748 praesentes
481 3708 586 3741 Literae
606 3709 810 3749 pervenerint,
836 3708 963 3740 Salutem
987 3711 1017 3740 in
1037 3713 1171 3743 omnium
1192 3713 1286 3745 Salva-

220 3756 292 3778 tore.

261 3785 357 3824 Cam,
374 3785 546 3817 Venerabilis
567 3784 669 3824 Pater,
694 3784 810 3815 Thomas
834 3788 878 3816 W
884 3785 1027 3856 gornierffs
1052 3788 1211 3830 Epfiopus‚
1232 3801 1286 3831 pro

223 3822 306 3854 Bono
323 3824 438 3863 publico
454 3823 601 3855 Militantis
617 3822 772 3863 Ecclesiae,
791 3833 825 3856 ac
875 3823 960 3862 ostri,
1011 3835 1161 3866 egnorum,
1177 3829 1285 3860 Domi-

222 3864 336 3894 niorum
346 3886 356 3902 ,
370 3863 404 3894 &
421 3862 605 3894 Subditorum
625 3861 803 3902 nostrorum,
824 3864 853 3893 in
869 3862 1036 3895 Ambaffiata
1049 3865 1152 3904 nostra,
1168 3868 1203 3898 ad
1218 3867 1287 3899 Giz-

225 3907 365 3943 κειιᾼιε
382 3899 603 3939 Commium,
621 3901 695 3939 apud
719 3899 875 3933 Civitatem
894 3900 1068 3934 Basiliensem
1080 3905 1140 3942 jam
1153 3905 1287 3946 existens,

223 3947 258 3968 ac
279 3938 339 3968 alias
353 3948 442 3977 partes
458 3938 565 3970 Mundi
580 3939 784 3979 Longinquas‚
796 3949 836 3971 ex
850 3940 1039 3973 Ordinatione
1053 3942 1086 3973 &
1101 3943 1288 3983 AppunCtua-

224 3985 324 4005 mento
340 3976 455 4016 nostris,
473 3978 500 4008 se
514 3977 682 4010 Transferre
699 3979 800 4009 habeat
814 3980 843 4009 in
859 3978 986 4017 praesenti

258 4012 477 4046 Univerfitatem
498 4015 618 4048 vestram
639 4017 833 4056 multipliciter
851 4002 1068 4059 honorabilem,
1086 4019 1120 4051 &
1135 4021 1291 4059 quemlibet

221 3556 426 3593 cecornitibus,
444 3555 620 3593 Capitaneis,
639 3553 820 3593 Castellanis,

685 99 1487 150 CONVENTIONES‚

37 200 115 232 Arm.
131 195 172 226 D.
194 207 243 235 per
264 205 355 227 unum
374 196 495 227 Annum
512 195 653 235 integrum
673 202 867 232 moraturum,
894 193 915 224 si
933 192 1041 223 IDEM
1059 189 1265 221 concitum
1305 185 1436 218 vestrum
1450 197 1500 228 per
1515 189 1552 226 se,
1572 187 1705 221 attentius
1719 187 1753 219 &
1766 187 1911 221 efficacius
1929 196 1989 227 quo
2003 187 2149 230 possumus
2162 186 2284 220 Tenore
2298 176 2377 218 Prie-⁷
2398 178 2475 211 Ann-
2489 177 2546 212 ΟΠ

63 245 148 303 ¹43}
196 235 268 266 infra
281 237 404 266 eundern
420 236 539 265 Annum
555 234 673 264 minime
688 232 800 264 finiatur
813 243 867 263 nec
881 239 1047 270 prorogetur

40 283 106 308 Hen.
145 294 152 302 .

1303 226 1423 257 sentium
1430 249 1442 265 ,
1458 229 1626 265 requirimus
1635 229 1669 259 &
1688 227 1837 266 Rogamus
1854 229 1984 267 quatinus
1993 249 2004 265 ,

1552 98 1942 154 L1TERAE,

2420 227 2506 258 1432.
2535 238 2541 242 ·

1325 264 1468 309 *Eundem
1487 265 1662 334 Effiifippum,
1682 266 1752 297 curn
1776 267 1834 305 ipse
1857 277 1906 305 per
1931 266 2050 335 Reffna,
2068 265 2226 304 Dor-ninia,
2244 263 2380 296 Territo-
2396 263 2460 288 Hm.
2478 264 2508 289 ⁶-

1309 312 1367 347 ria,
1384 302 1465 334 Loca
1475 327 1484 342 ,
1534 304 1567 334 ist
1591 306 1671 344 etus,
1685 305 1918 344 jurisdictiones,
1933 305 1967 336 &
1991 305 2134 337 'otestat‘es
2146 304 2248 344 vestra,
2265 303 2312 335 seu
2328 305 2379 335 ali-

1309 352 1389 380 cujus
1409 342 1539 373 vestrsim
1551 366 1561 382 ‚
1578 353 1628 388 per
1645 345 1785 382 Terram,
1803 344 1849 376 vel
1866 354 1917 384 per
1931 344 2065 382 Aquam,
2084 345 2194 377 transire
2210 344 2381 384 contigerit,

1310 381 1416 425 nostrae
1436 380 1604 420 Magestatis
1625 383 1748 421 intuitu,
1767 384 1800 415 &
1823 384 1925 414 harum
1947 381 2071 414 Precutn
2095 383 2257 416 nostrarum
2269 383 2386 424 speciali

1311 428 1492 459 interventu,
1507 430 1559 459 pro
1580 421 1668 452 ensisis
1686 422 1953 454 recommendatum
1965 421 2118 461 habentes,

1354 457 1479 489 Eundem
1490 431 1663 500 Epiy'pcbpum,
1683 467 1750 491 cum
1770 461 1978 500 Familiaribus,
1994 460 2100 501 Equis,
2116 461 2212 502 Bonis,
2228 459 2384 504 Hernesiis‚

1315 496 1350 527 ὃς
1376 496 1475 528 Rebus
1495 498 1548 529 suis
1574 499 1741 538 quibuscum
1764 509 1799 530 ue
1822 501 1977 539 recipiatis,
1995 501 2028 532 &
2050 502 2120 532 inibi
2136 502 2256 540 morari,
2273 503 2318 535 seu
2333 513 2384 547 per

1312 535 1413 580 eadem
1433 536 1552 576 Regna,
1571 538 1730 577 Dominia,
1785 539 1930 578 erritoria,
1955 539 2063 579 Loca„
2078 538 2250 578 Distrffius,
2266 539 2384 580 Juriidi-

1316 574 1442 619 ἃιορεε,
1462 576 1496 607 ὅτ
1520 575 1693 616 Potestates,
1711 586 1778 608 curn
1802 576 1854 608 fibi
1874 577 2023 617 placuerit,
2041 578 2148 617 libere,
2163 579 2197 610 &
2211 579 2316 619 absque
2330 581 2384 611 im-

1327 614 1484 660 =edin-rento
1519 616 1565 646 seu
1582 617 1791 654 perturbatione
1809 626 2008 655 quacumque,
2025 617 2115 649 redire
2128 619 2309 658 permittatis,
2326 620 2384 652 sine

1336 652 1463 683 olutione
1520 655 1591 693 acii,
1609 654 1723 694 Pedagii
1760 654 1894 693 Gabelli,
1911 663 1957 686 aut
1979 655 2070 694 aliqua
2093 658 2258 696 Aperitione
2273 658 2384 690 Manti-

1315 701 1431 730 carum,
1451 692 1610 724 Literarum
1621 716 1631 732 ,
1648 694 1694 724 seu
1747 694 1933 733 ernefiorum,
1950 701 2066 725 necnon
2084 696 2189 727 filvum
2203 693 2237 728 δε
2254 696 2384 730 securum

1322 728 1517 762 Conduelum
1542 741 1575 764 ac
1597 732 1729 764 Scortam
1752 732 1821 772 fibi,
1839 733 1859 764 si
1882 732 1993 765 necess'e
2008 733 2112 773 fuerit,
2129 735 2182 766 suis
2196 735 2384 778 Sumptibus,

1314 769 1419 801 habere
1438 770 1559 810 faciatis,
2226 796 2228 798 >

1354 807 1432 839 Non
1457 810 1606 842 inferentes
1621 811 1678 849 eis,
1695 820 1751 842 nec
1774 809 1995 850 quomodolibet
2016 809 2113 842 inferri
2147 813 2336 853 ermittentes,
2354 817 2384 846 in

1318 846 1499 886 Corporibus
1521 849 1566 880 seu
1587 849 1674 880 Bonis
1699 849 1869 881 eorumdem
1896 848 2070 888 Dampnum
2085 874 2095 890 ,
2137 852 2384 893 mpedimentum‚

1316 883 1489 918 Violentiam
1500 911 1510 926 ,
1528 888 1678 927 Iniuriam,
1694 888 1880 927 Molestiam,
1896 897 1944 919 aut
1957 887 2141 929 Gravamen,
2159 892 2229 929 quin
2243 893 2348 931 potius,
2365 895 2385 925 fi

1317 934 1432 970 egeant,
1449 928 1506 966 eis,
1527 929 1557 958 in
1571 937 1673 958 eorum
1688 927 1832 966 Agendis,
1850 926 2005 958 ministrare
2021 928 2181 966 dignemini
2199 926 2386 972 Concilium,

1315 964 1463 996 Auxilium
1473 988 1482 1004 ,
1501 966 1535 997 &
1551 965 1691 997 Favorem
1704 990 1715 1006 ,
1726 977 1759 998 ac
1774 966 1908 998 Scortam
1921 966 2086 1006 salvumque
2102 971 2136 1001 &
2151 968 2282 1002 securum
2300 970 2385 1003 Con·-

1315 1003 1438 1034 ductum
1458 1013 1507 1045 per
1532 1003 1647 1044 Passus,
1663 1005 1762 1043 Loca,
1780 1005 1813 1036 &
1834 1003 1975 1036 Dominia
1989 1006 2098 1047 vestra,
2117 1009 2150 1039 &
2164 1009 2313 1048 cujussibet
2326 1011 2386 1043 Ve-

1318 1041 1408 1073 strfim
1415 1065 1425 1081 ,
1441 1043 1654 1075 rationabilibus
1666 1043 1832 1083 Sumptibus
1846 1044 1880 1074 &
1892 1041 1934 1073 Ex
1955 1044 2024 1075 ensis
2035 1068 2045 1083 ,

1352 1080 1408 1121 Et,
1426 1080 1446 1111 si
1461 1082 1528 1122 quid
1545 1084 1583 1114 eis
1620 1084 1649 1112 in
1663 1081 1808 1122 Personis,
1826 1083 1871 1113 vel
1884 1081 1931 1113 Re
1955 1093 1996 1123 us,
2014 1082 2180 1122 Iniuriarum
2195 1083 2277 1118 fuerit
2305 1090 2384 1127 quod

1316 1119 1471 1158 nollemus)
1487 1121 1523 1156 fd
1545 1106 1660 1153 indilate
1680 1120 1844 1153 Reformari
1870 1120 1984 1152 Curetis
2011 1123 2115 1155 nostris
2134 1123 2269 1157 Precibus
2289 1088 2322 1159 gt
2340 1129 2384 1160 A·

1315 1169 1411 1199 more,

1354 1198 1423 1229 Nos
1442 1199 1577 1239 siquidem
1596 1198 1719 1232 Subditis
1738 1199 1855 1239 vestris,
1879 1200 1913 1232 &
1930 1200 2078 1240 cujussibet
2095 1201 2222 1234 vestrum
2233 1227 2243 1243 ,
2260 1205 2329 1236 etim
2348 1207 2384 1238 ad

1317 1237 1420 1284 Regna
1435 1237 1480 1270 {eu
1494 1238 1529 1270 ad
1553 1237 1692 1270 Dominia
1702 1239 1798 1270 nostra
1813 1239 1922 1278 aliquos
1937 1249 1971 1270 ex
1984 1238 2047 1279 ipsis
2059 1241 2198 1273 declinare
2213 1245 2383 1284 contigerit,

1320 1277 1460 1308 Pavorem
1472 1277 1666 1316 confimilem,
1683 1279 1718 1310 ὃ(
1731 1280 1869 1317 majorem
1882 1278 1902 1309 si
1917 1280 2103 1319 indiguerint,
2120 1290 2202 1318 grato
2217 1284 2315 1314 animo
2327 1285 2384 1315 iin—

1319 1316 1441 1354 pendere
1450 1317 1651 1361 ‘promittimus
1659 1341 1669 1355 ,
1683 1318 1716 1350 &
1731 1317 1768 1348 de
1778 1318 1856 1348 faeio
1868 1319 2005 1349 veraciter
2019 1320 2226 1359 impendemus.

1358 1354 1392 1386 In
1407 1365 1488 1394 cujus
1505 1365 1545 1386 rei
1560 1355 1755 1387 testimonium
1770 1357 1818 1387 has
1834 1356 1940 1388 Literas
1954 1358 2060 1389 nostras
2078 1358 2134 1390 fieri
2145 1359 2266 1392 fecimus
2282 1361 2385 1393 Paten-

1318 1402 1376 1432 tes,
1391 1395 1478 1433 usque
1492 1394 1634 1427 Reditum
1647 1396 1776 1436 praediffl
1787 1395 1925 1435 Episcopi
1938 1398 1967 1427 in
1986 1398 2119 1437 Angliam
2133 1399 2282 1431 duraturas.

1357 1433 1425 1478 Dat.
1439 1433 1489 1478 sub
1507 1433 1610 1474 Magni
1624 1433 1716 1472 Sigilli
1733 1433 1824 1466 nostri
1838 1433 2001 1467 testimonio
2015 1436 2164 1469 lnPalatio
2176 1439 2263 1479 nqstro
2277 1438 2384 1479 Westm.

1317 1474 1404 1504 xxviii
1419 1474 1465 1505 die
1481 1473 1674 1506 Novembris.

1320 1603 1380 1635 Pro
1396 1599 1534 1646 EpIftopo
1551 1596 1681 1642 Roffenfi
1686 1621 1722 1680 31*
1718 1596 1870 1680 Ξῖξέηὲσι
1872 1598 2016 1697 έῖξὲἱΐ
2026 1601 2157 1645 aMilite,
2172 1605 2210 1642 (ῥ’
2230 1601 2385 1652 Magistro

1322 1731 1409 1789 RE
1419 1731 1451 1765 Χ
1438 1755 1468 1802 ὀ
1486 1731 1547 1768 &ss
1563 1738 1595 1762 ut
1606 1732 1692 1773 sipra
1705 1731 1831 1773 uffiueibi
1841 1755 1850 1770 ‚
1869 1731 2028 1771 Salvatore,
2045 1733 2084 1768 &
2098 1741 2161 1766 tunc
2168 1736 2224 1777 fic,
2435 1744 2503 1773 Ibis.

1319 1807 1338 1838 h
1471 1772 1540 1810 um,
1559 1771 1735 1816 Venerabilis
1751 1770 1852 1816 Pater,
1867 1769 2012 1811 Johannes
2028 1772 2169 1813 Eptfiopus
2179 1775 2387 1844 Rffnffl'gg.

1339 1819 1423 1841 annes
1436 1808 1679 1856 FalstolfenMiles,
1693 1809 1727 1841 &
1740 1808 1881 1848 Magister
1893 1809 2007 1841 Thomas
2018 1811 2177 1852 Bekyngton
2194 1813 2218 1844 L
2256 1822 2304 1844 um

1318 1849 1400 1889 Ctor,
1420 1849 1581 1881 Consiliaru
1602 1849 1708 1887 nostri,
1725 1849 1754 1879 in
1769 1847 1940 1880 Ambaffiata
1956 1848 2068 1889 nostra,
2085 1860 2138 1891 pro
2151 1853 2234 1882 certis
2287 1854 2386 1892 egotiis

1317 1888 1516 1927 expediendis,
1536 1889 1571 1920 ad
1586 1888 1770 1928 Longinquas
1786 1887 1894 1919 Mundi
1907 1897 1997 1926 partes
2010 1888 2131 1922 habeant
2149 1890 2176 1921 se
2183 1890 2350 1924 Transferre

1359 1928 1612 1960 ³¹*Universitatem
1622 1950 1632 1966 ,
1650 1926 1710 1969 &a
1726 1934 1758 1957 ut
1784 1935 1852 1965 upra
1865 1927 1947 1968 afflue
1962 1928 2015 1966 ihi,
2032 1927 2193 1969 Rogamus,
2210 1929 2249 1965 ό·
2264 1915 2385 1972 tranasse,
2400 1924 2420 1945 ²*
2430 1924 2535 1962 x.528‚

1319 1968 1448 2006 quatinus
1461 1967 1574 1999 eosdem
1588 1968 1644 2006 Epi
1657 1974 1755 2006 copam,
1790 1965 1922 1997 ohannem
1939 1967 1971 1998 &
1981 1966 2161 2007 Thermum&
2171 1978 2273 2002 eorum
2286 1979 2390 2010 quem-

1319 2007 1405 2045 libet,
1422 2007 1492 2038 cum
1505 2006 1556 2046 ipsi
1572 2016 1621 2045 per
1663 2014 1753 2045 egna,
1770 2003 1833 2041 &a
1847 2005 1990 2045 utsupra,
2009 2011 2125 2038 mutatis
2139 2009 2293 2048 mutandis,
2305 2010 2386 2051 usque

1317 2046 1373 2084 ibi,
1392 2045 1565 2084 inferentes,
1582 2044 1620 2081 &
1642 2043 1768 2086 tuncfic,
1785 2045 1823 2074 eis
1837 2052 1884 2075 aut
1901 2053 2003 2076 eorum
2017 2045 2102 2077 alicui
2117 2046 2210 2079 inferri
2221 2049 2388 2089 permitten-

1318 2093 1359 2116 tes
1392 2084 1455 2120 &c.
1472 2090 1503 2115 ut
1512 2084 1600 2125 fhpra
1612 2084 1692 2125 affine
1707 2083 1763 2121 ibi,
1781 2083 1815 2114 ὅ(
1834 2083 1985 2122 Expensis,
2001 2083 2040 2120 &
2055 2092 2121 2116 tunc
2127 2085 2185 2128 fic,

1356 2107 1394 2155 fit
1415 2124 1435 2154 si
1457 2125 1526 2164 quid
1550 2124 1588 2154 eis
1609 2133 1656 2154 aut
1671 2132 1772 2154 eorum
1788 2123 1870 2153 alicui
1886 2124 1915 2154 in
1931 2122 2074 2163 Personis,
2091 2123 2151 2160 &c.
2166 2132 2198 2156 ut
2205 2125 2292 2166 supra
2305 2127 2386 2168 usque

1316 2161 1356 2193 ibi·
1389 2162 1536 2202 Parentes,
1551 2162 1590 2199 ὠ·
1605 2170 1669 2193 tunc
1675 2161 1728 2232 (c,
2122 2191 2127 2192 r

1356 2186 1424 2233 bat.
1441 2202 1491 2233 sub
1505 2202 1608 2242 Magni
1623 2201 1681 2246 Sigi
1693 2202 1710 2232 li
1722 2200 1810 2232 nostri
1824 2199 2066 2242 Testimoni0,in
2083 2201 2194 2234 Palatio
2206 2205 2283 2243 Regis
2299 2204 2385 2245 Well-

1317 2241 1486 2282 monasterii,
1501 2249 1597 2280 primo
1611 2240 1658 2272 die
1673 2238 1855 2272 Decembris.

1531 2370 1591 2403 Pro
1608 2367 1746 2416 Ept'fiopo
1765 2368 1900 2418 thgorn.
1918 2365 1955 2400 de
1971 2368 2163 2415 exportando.

1319 2455 1400 2513 RE
1407 2455 1591 2541 {cssffsnsssss
1610 2454 1857 2538 ,ῗέεᾳὲνῗῗέςηῗτῗέο
1875 2493 1910 2525 &
1924 2492 2170 2540 affierisutconciiii
2184 2493 2284 2534 nostri,
2301 2494 2385 2526 Con-
2400 2443 2536 2524 Affif'

1318 2533 1450 2567 cessimus
1463 2535 1497 2566 &
1513 2533 1674 2580 Licentiarn
1689 2531 1851 2570 Dedimus,
1861 2528 2021 2564 Venerabili
2034 2544 2064 2564 in
2079 2532 2196 2565 Christo
2209 2533 2383 2574 Pati-iabou
2401 2526 2453 2550 ‘¹⁷³‘
2472 2533 2516 2552 ¹¹·

1316 2585 1367 2605 m
1382 2573 1508 2613 Epifiopo
1523 2570 1720 2612 ngrmenfi,
2398 2565 2438 2606 ⁸2
2449 2562 2489 2599 *⁶-

1349 2612 1472 2658 Qun,
1489 2614 1532 2657 in.
1567 2610 1695 2656 mbassita
1709 2609 1813 2654 nostra,
1830 2609 1924 2679 νεᾶζυε
1937 2610 2069 2641 Generale
2085 2610 2228 2642 Concilium
2241 2610 2316 2650 apud
2329 2609 2383 2642 132-
2400 2600 2466 2675 Ῑιθὲλ.
2478 2609 2518 2629 ιι.

1316 2650 1631 2735 fihffidiimisss'elstlggg}
1639 2649 2152 2728 ,msslgrffgegitllidifaffffatsg’Argentea
2174 2686 2235 2727 sua,
2251 2687 2338 2728 usque
2351 2689 2387 2733 ad

1320 2728 1457 2760 Valorem
1480 2727 1562 2759 Mille
1581 2727 1749 2771 Lthrarum,
1765 2726 1861 2758 secum
1884 2734 1961 2756 extra
1976 2724 2114 2770 Regnum
2127 2725 2258 2772 nostrum
2273 2727 2388 2766 Angliaz

1317 2768 1424 2798 ‘'⁰⁶²¹‘’
1440 2766 1571 2836 Wrff‘stff‘i
1584 2763 1769 2834 “zssr‘iiss‘sses
1783 2764 2385 2836 Sssnpss‘gffiffiffi'eifivfifflffi“Ziieu‘s'ff'

1317 2815 1780 2881 {ffissgefiveoordimtionffius'
1805 2843 1835 2873 in
1854 2843 2026 2873 contrarium
2042 2842 2124 2874 raetis
2137 2866 2148 2882 ,
2171 2828 2232 2874 nod
2248 2844 2289 2875 ob
2352 2816 2386 2849 με

1316 2884 1387 2953 buln
1407 2923 1501 2962 cujus,
1522 2922 1584 2953 δίε·
1775 2898 1784 2908 .
2258 2952 2260 2955 ,

1313 2960 1462 3034 νεωῖξίἓε
1482 2961 1565 3001 Rege
1585 2958 1659 2998 apud
1673 2957 1946 3001 Wstmonasterfum,
1964 2958 2101 2991 vicefimo
2113 2958 2222 3003 octavo
2237 2957 2299 2991 Die
2313 2958 2384 2992 No-

2350 2854 2386 2876 u-

1751 3038 1805 3068 Per
1826 3039 1918 3067 Breve
1937 3036 1968 3066 de
1985 3037 2104 3067 Privato
2122 3035 2223 3076 sigillo.

1671 3165 1731 3196 Pro
1756 3160 1855 3195 codem
1876 3161 2025 3208 Epissopo.

1321 3248 1405 3308 RE
1414 3250 1462 3290 X,
1482 3249 1542 3285 &c.
1565 3256 1597 3279 ut
1617 3247 1699 3287 si'apra
1723 3257 1801 3287 uque
1820 3246 1878 3286 ibi,
1895 3248 1952 3285 jam
1971 3246 2108 3286 existens,
2130 3246 2170 3283 ὀ·
2192 3254 2256 3278 tunc
2269 3248 2328 3288 fic,
2346 3247 2382 3280 ad
2403 3260 2469 3291 Am,
2488 3260 2520 3291 1)

1398 3290 1551 3321 Servitium
1569 3287 1668 3319 Nobis
1686 3287 1727 3318 ibi
1747 3295 1795 3317 em
1810 3285 2059 3327 Irnpendendum,
2077 3288 2107 3318 in
2118 3286 2247 3327 praesenti
2260 3286 2383 3320 destina·
2423 3284 2509 3338 143'2·
2522 3285 2530 3291 ‘

1318 3338 1390 3359 mus·
2398 3342 2450 3367 An.
2470 3349 2479 3365 ι
2490 3349 2512 3367 ι.

1358 3366 1454 3406 Qiod
1478 3367 1509 3397 in
1530 3363 1613 3403 casu,
1628 3374 1687 3402 quo
1704 3364 1778 3402 ipse,
1796 3364 1827 3394 in
1848 3362 2022 3394 Ambaffiata
2035 3364 2132 3396 nostra
2144 3363 2298 3404 praedieta,
2315 3364 2386 3397 ultra
2398 3382 2426 3406 H
2446 3378 2474 3404 6.

1320 3415 1410 3438 unum
1420 3406 1539 3436 Annum
1555 3411 1693 3442 moretur,
1710 3404 1755 3442 &‚
1772 3403 1875 3433 eodem
1892 3402 1982 3434 Anno
1998 3401 2091 3443 finito,
2106 3403 2156 3434 sibi
2170 3403 2207 3433 de
2218 3403 2385 3448 ¹Quingenti}
2425 3400 2497 3443 'thim

1322 3448 1445 3483 Marcis,
1463 3453 1516 3483 pro
1531 3441 1663 3480 Expensis
1676 3442 1748 3481 suis,
1766 3451 1819 3483 pro
1833 3441 1961 3472 secundo
1975 3441 2080 3480 Anno,
2097 3450 2144 3473 aut
2158 3441 2234 3474 aliter
2258 3451 2324 3473 uxta
2340 3452 2383 3473 ra-

1321 3493 1380 3516 tam
1394 3482 1530 3521 temporis
1541 3491 1590 3520 per
1607 3481 1685 3519 quod
1700 3480 1812 3511 dictum
1829 3479 1997 3512 Concilium
2010 3480 2139 3517 durabit,
2157 3489 2206 3520 per

1324 3525 1373 3554 me
1392 3521 1589 3560 provideatur,
1609 3520 1690 3558 quod
1712 3528 1746 3550 ex
1762 3528 1832 3550 tunc
1848 3519 1909 3557 Ipse
1923 3529 1938 3549 a
1954 3519 2092 3559 praedieto
2108 3518 2248 3551 Concilio
2259 3519 2386 3560 legitime

1323 3561 1454 3593 recedere
1480 3558 1580 3598 poffit,
1599 3559 1632 3590 &
1653 3568 1748 3589 meare
1768 3558 1803 3588 ad
1821 3558 1975 3598 Apostolos
1997 3557 2166 3590 visitandum
2199 3557 2303 3596 absque
2322 3567 2385 3595 per-

1323 3601 1482 3633 turbatione
1496 3598 1552 3629 sive
1564 3598 1744 3636 impetitione
1755 3607 1939 3637 quacumque
1951 3595 2072 3637 Nostri,
2091 3596 2136 3628 vel
2153 3581 2314 3628 Haeredum
2326 3606 2385 3627 no-

1323 3639 1444 3671 strorum
1460 3638 1489 3667 in
1506 3636 1651 3675 futurum,

1360 3677 1398 3708 Et
1418 3675 1499 3717 quod
1524 3675 1581 3714 ipse
1605 3675 1686 3706 simili
1707 3674 1799 3705 modo
1811 3675 1847 3705 ab
1863 3674 1967 3706 eodem
1981 3673 2096 3705 Concilio
2112 3671 2237 3716 Generafi·
2252 3672 2385 3706 recedere

1324 3715 1427 3755 posiit,
1445 3714 1466 3745 fi
1478 3713 1529 3744 fibi
1543 3724 1593 3752 per
1608 3724 1661 3744 nos
1672 3714 1708 3744 de
1756 3716 1890 3750 uingenris
1902 3716 2026 3751 Marcis,
2034 3722 2088 3751 pro
2100 3711 2234 3751 Expeniis
2247 3710 2299 3742 suis
2308 3734 2318 3751 ,
2329 3721 2384 3752 pro

1323 3755 1430 3787 Tertio
1446 3752 1574 3791 Anno,si
1584 3751 1698 3783 dietum
1733 3754 1738 3761 “
1759 3752 1878 3783 ncilium
1893 3760 1943 3790 per
1957 3759 2067 3784 tantum
2082 3754 2190 3789 tempus
2204 3748 2302 3782 durare
2311 3760 2383 3783 con·

1325 3796 1365 3826 tin
1402 3801 1431 3831 t,
1451 3801 1512 3822 non
1526 3791 1715 3831 provideatur.

1362 3801 1624 3909 &eriere

2255 3490 2288 3511 os
2302 3479 2385 3511 mini-

1802 3907 1858 3937 Per
1872 3906 1965 3936 Breve
1978 3900 2011 3933 de
2026 3902 2146 3935 Privato
2162 3902 2262 3945 Sigillo.
