2562 4274
146 155 193 196 32

665 136 1468 187 CONVENTIONE83

1544 135 1947 189 LITERAE,

26 223 124 256 nn.D.
143 234 216 271 ceis,
234 233 337 273 Equis,
354 234 388 264 &
409 231 565 262 Armaturis
583 230 742 269 praedietis,
757 230 844 268 usque
865 229 900 260 ad
924 229 1092 262 Numerum
1114 227 1217 267 praedi-
1258 226 1484 260 emmanitatis,
1510 232 1581 254 cum
1601 222 1728 261 ipsorum
1748 221 1917 261 Comitiva,
1935 219 1999 257 &n
2018 229 2050 253 ut
2066 222 2153 269 firpra
2175 222 2255 264 usae
2274 224 2331 264 ibi,
2345 223 2476 256 Ann.D.

16 272 102 304 1421.

0 306 65 333 Hm.
81 312 109 339 5.

31 990 101 1024 ibid.

30 1454 97 1486 lbid.

0 1838 10 1852 ¹·
21 1831 124 1861 X.128.

14 1907 81 1937 lbid.

23 2283 90 2316 lbid.

112 2834 118 2840 .
137 2806 281 2862 REX,
299 2807 431 2839 universis
448 2808 481 2839 &
496 2808 605 2840 fmoulis

144 272 224 303 &um
262 273 306 302 vel
322 273 412 308 infra,
429 281 478 310 per
492 270 607 307 Aquam
619 270 750 306 tantum,
772 268 932 306 redeundo,
1161 306 1169 313 ,

180 297 300 340 Pro⁷viso
323 311 432 348 semper
475 309 536 339 uod
552 307 698 346 praea'iaus
719 306 885 337 Alexander
905 307 979 338 bene
1000 306 1035 337 &
1057 304 1176 337 honeste
1189 304 1216 335 se

140 348 240 380 habeat
255 350 288 379 &
303 358 379 386 gerat
390 319 582 386 ergaqssegem
597 347 629 377 &
646 345 790 388 Populum
804 347 903 383 suurn,
1048 383 1053 388 Ι
1100 383 1105 388 .

179 386 216 417 Et
226 388 394 426 quicquam,
413 386 491 424 quod
507 386 534 415 in
552 384 638 424 Regis
655 385 851 422 praejudicium
863 407 872 422 ,
889 392 937 415 aut
952 382 1056 421 Populi
1067 382 1107 413 sui
1122 382 1217 413 Dam-

140 434 232 464 pnum
248 448 259 462 ,
282 425 382 455 cedere
405 423 492 454 valeat
506 447 516 461 ,
538 433 598 453 non
620 431 785 463 attemptet,
807 431 855 454 aut
875 423 967 453 facere
988 421 1034 453 vel
1054 429 1216 460 attemptare

143 463 307 502 praesumat,
327 463 428 501 quovis
442 463 553 500 modo,

182 501 333 541 Quodque
354 501 409 540 ipse
431 501 578 538 praesentes
593 500 701 531 Literas
716 499 804 539 Regis
817 500 852 531 de
865 500 940 531 salvo
955 498 1132 537 Conductu,
1151 506 1217 528 ante

143 540 299 570 Introitum
316 539 397 570 suum
418 539 566 576 cujussibet
585 539 764 577 Civitatum,
788 539 927 570 Villarum
949 537 1141 575 firmatarum,
1159 536 1215 568 Ca-

144 577 285 614 strorum,
305 579 339 608 &
361 577 479 607 aliorum
501 578 709 608 Fortalitiorum
730 577 825 607 Reoni
840 576 933 613 Regis
949 585 1218 614 quorumcumque,

144 616 322 654 Majoribus,
348 614 475 653 BalliviS,
501 616 740 654 Constabulariis,
765 603 812 647 sen
844 614 1021 647 Custodibus
1048 614 1216 647 eorumdem

142 655 278 695 primitus
293 655 477 685 demonstret.

182 692 271 725 Teste
288 692 370 732 Rege
384 694 459 732 apud
474 695 643 723 Dovorriam
654 718 663 732 ,
679 694 706 723 ix
721 692 767 724 die
777 693 867 732 Junii.

743 772 797 801 Per
809 769 891 809 ipsiaem
905 772 1011 808 Regem.

279 901 339 932 Pro
361 897 542 932 Alexandro
565 897 704 947 Kenedy,
728 900 765 936 ὠ
783 897 929 945 [Ferguſso
956 894 1085 942 Kenedy.

145 981 234 1039 RE
243 983 275 1015 X
284 1007 294 1023 ‚
312 983 373 1019 &c.
390 991 421 1013 ut
428 984 516 1022 firpra
530 982 610 1024 ufiue
624 983 671 1022 ibi,
685 983 824 1023 speciales,
840 980 878 1017 ὀ·
892 990 956 1012 tunc
963 979 1218 1025 fic,Aleandrum

226 1024 354 1061 Kenedy,
372 1023 405 1052 &
428 1022 578 1063 Fergufium
592 1022 720 1060 Kenedy,
739 1031 808 1053 cum
827 1020 959 1061 Triginta
974 1022 1095 1065 Eancers
1107 1029 1138 1049 in
1152 1018 1217 1049 Co-

138 1060 244 1091 ‘mitiva
257 1061 301 1092 sua
315 1060 537 1098 (cujuscumque
555 1058 669 1091 Gradus
684 1059 821 1097 existant)
842 1069 913 1090 cum
927 1059 1014 1097 Equis
1030 1059 1064 1090 &
1080 1057 1215 1102 Armatu-

145 1098 182 1127 ris
203 1099 305 1129 eisdem
328 1099 496 1128 Alexandro
517 1100 550 1130 &
570 1098 688 1139 Fergufio
709 1099 742 1130 &
758 1099 878 1129 Lanceis
892 1098 1034 1138 praedietis
1045 1097 1141 1141 debite
1155 1096 1216 1134 spe-

147 1136 305 1175 etanribus,
324 1138 409 1176 usque
428 1137 462 1168 ad
484 1137 650 1168 Numerum
671 1137 820 1177 Sexaginta
841 1138 869 1168 in
888 1146 970 1176 toto,
987 1137 1033 1169 vel
1049 1136 1135 1173 infra,
1153 1137 1215 1172 &a

144 1181 177 1203 nt
184 1175 401 1214 fiaeprafflutatis
413 1177 559 1206 mutandis.

180 1213 270 1245 Teste
285 1225 315 1246 ut
333 1215 419 1253 supra.

771 1256 826 1284 Per
838 1253 920 1294 ipfiam
934 1256 1038 1292 Regem.

484 1384 539 1413 Pro
556 1379 737 1413 Alexandro
753 1378 878 1413 Forbas.

143 1464 232 1537 RE
244 1465 273 1496 X
283 1489 292 1504 ,
311 1465 372 1501 ὸς.
395 1473 426 1495 ut
441 1464 528 1505 fhpra
548 1465 627 1507 ustae
642 1466 697 1503 ibi,
712 1465 857 1504 speciales,
880 1465 917 1501 (ἐν
932 1472 995 1496 tunc
1003 1464 1042 1506 fic
1053 1487 1062 1503 ,
1079 1462 1213 1508 Alexqrg-

225 1505 303 1534 drum
326 1505 425 1534 Forbax
449 1505 594 1542 Militem,
613 1515 681 1535 cum
696 1504 890 1544 Quadraginta
904 1505 1026 1537 Lanceis
1039 1505 1068 1534 in
1083 1502 1211 1546 Comiti-

141 1550 178 1570 va
196 1542 242 1574 sua
259 1544 482 1582 (cujuscumque
503 1542 618 1573 Gradus
641 1542 777 1578 existant)
800 1553 870 1573 cum
891 1543 980 1582 Equis
1002 1544 1035 1574 ὃς
1055 1542 1213 1572 Armaturis

143 1579 241 1611 eidem
264 1581 429 1612 Alexandro
450 1583 483 1612 ὃ(
506 1582 628 1611 Lanceis
642 1581 781 1620 praedicstis
796 1581 891 1612 debite
906 1581 1112 1621 spectantibus,
1127 1580 1212 1619 usque

144 1618 180 1649 ad
197 1619 364 1650 Numerum
378 1620 509 1651 Centum
528 1621 557 1650 in
572 1628 634 1651 toto

182 1657 272 1690 Teste
289 1667 320 1690 ut
337 1659 425 1699 supra.

643 1643 652 1659 ,
676 1631 719 1649 mc.
736 1627 766 1649 ut
773 1618 878 1659 stapra,
898 1624 1012 1651 mutatis
1026 1619 1175 1650 mutandis.

782 1699 836 1727 Per
850 1696 931 1737 ipfimz
946 1699 1051 1735 Regem.

151 1775 299 1782 ‘—

427 1820 454 1847 ²¹‘
480 1826 537 1856 Pro
556 1822 701 1870 Johanne
716 1826 799 1857 Seint
817 1823 919 1858 Clare.

140 1907 284 1964 REX,
303 1906 364 1943 &a
378 1915 409 1938 ut
417 1907 503 1948 [ipra
517 1909 596 1951 usque
609 1910 664 1949 ibi,
683 1909 830 1948 speciales,
849 1908 888 1945 ὠ·
905 1916 970 1939 tunc
977 1909 1034 1954 fic,
1051 1909 1209 1948 Johannem

216 1951 293 1977 Seint
313 1947 392 1977 clare
416 1949 616 1988 Armigeium,
631 1959 700 1980 cum
724 1948 858 1988 Triginta
882 1948 1001 1979 Lanceis
1016 1949 1045 1979 in
1056 1947 1208 1981 Comitiva

135 1984 182 2015 sua
201 1986 425 2024 (cujuscumque
452 1986 569 2018 Gradus
585 1987 721 2023 existant)
739 1997 808 2018 cum
831 1986 921 2025 Equis
938 1988 972 2018 &
995 1988 1152 2019 Armaturis
1167 1990 1208 2018 ei-

137 2022 206 2053 dem
226 2024 357 2063 Johanni
374 2027 408 2056 &
430 2024 551 2056 Lanceis
574 2026 716 2065 praedistis
737 2026 833 2056 debite
847 2025 1050 2064 spectantibus,
1071 2027 1158 2067 usque
1172 2025 1207 2058 ad

137 2061 308 2095 Numerum
323 2063 471 2104 Sexaginta
485 2066 514 2095 in
527 2073 600 2104 roto,
626 2065 688 2101 &c.
701 2071 732 2094 ut
739 2065 842 2103 supra,
857 2069 972 2095 mutatis
984 2066 1131 2096 mutandis.

467 2192 526 2224 Pro
546 2188 669 2224 Abbate
690 2189 728 2224 de
744 2191 866 2236 Pasteto.

133 2276 254 2332 REX
268 2300 277 2314 ‚
295 2286 345 2316 per
365 2276 469 2308 Literas
489 2277 545 2309 suas
565 2277 712 2314 Parentes,
731 2287 781 2318 per
803 2286 896 2309 unum
914 2277 1052 2310 Mensem
1068 2279 1205 2317 proximo

206 2316 335 2347 futurum
355 2315 521 2354 duraturas,
545 2315 663 2354 suscepit
689 2316 717 2346 in
740 2316 844 2347 salvum
867 2319 901 2348 ὃς
926 2319 1058 2348 securum
1083 2317 1205 2350 Condu-

133 2351 231 2390 ‹sturm
254 2354 351 2392 suum,
371 2365 405 2385 ac
428 2356 457 2385 in
478 2353 714 2393 protectionem,
732 2354 923 2393 Tuitionem,
942 2358 975 2388 &
998 2356 1205 2388 Defenfionem

134 2389 191 2421 suas
212 2392 358 2430 speciales,
376 2391 520 2423 Abbatem
542 2394 575 2423 de
601 2394 708 2433 Pafleto
728 2394 758 2423 in
778 2394 892 2432 Scotia,
911 2396 941 2425 in
963 2394 1070 2434 Regno
1091 2396 1205 2434 Angliae

135 2430 191 2466 iam
211 2430 396 2469 existentem,
417 2432 509 2463 versus
533 2432 679 2471 Scotiam,
703 2442 771 2463 curn
795 2432 928 2472 Qatuor
951 2433 1075 2466 Famulis
1100 2435 1153 2466 suis
1175 2436 1205 2466 in

136 2466 287 2499 Comitiva
298 2469 342 2500 sua
351 2492 360 2508 ,
380 2470 566 2509 transeundo,

171 2505 289 2537 Proviso
297 2531 306 2545 ,
314 2506 375 2542 &a
390 2516 421 2538 ut
425 2510 511 2549 Jirpra
520 2513 651 2549 ,mutatis
664 2510 815 2541 mutandis.

173 2542 263 2575 Teste
276 2555 307 2577 ut
320 2546 408 2585 supra.

825 2588 878 2617 Per
893 2586 975 2627 ipſsan
994 2591 1098 2627 Regem.

420 2725 478 2756 Pro
505 2722 774 2767 Ambaffiatoribus
795 2723 919 2770 Januae.

620 2808 796 2848 Admirallis,
815 2808 995 2851 Capitaneis,
1014 2810 1204 2853 castellanis,

217 2846 278 2877 &c.
291 2847 325 2877 ad
341 2847 513 2889 quos,·&c.
529 2835 664 2879 salutem.

175 2880 273 2915 Sciatis
293 2886 369 2924 quod
389 2885 566 2925 Sulcepimus
589 2888 617 2916 in
630 2887 736 2917 salvum
752 2886 785 2917 ὃς
799 2886 926 2918 securum
942 2887 1131 2921 Conduetum
1147 2901 1202 2921 no-

136 2920 243 2960 strum,
260 2924 339 2954 acin
362 2923 596 2963 Protestionem,
623 2926 790 2964 tuitionem,
815 2926 849 2956 &
872 2925 1076 2959 Defenfionem
1096 2929 1204 2960 nostras

72 2988 77 2993 ,
135 2960 285 3000 speciales,
310 2962 471 3000 Raphaelem
495 2967 513 2992 S
529 2963 622 3000 inula,
648 2965 682 2995 &
704 2963 868 3002 Stephanum
890 2965 1045 3006 Lomelum,
1071 2967 1202 2999 Sindicos

101 3027 106 3033 ,
139 3000 173 3028 ὅτ
193 3000 409 3032 Ambaffiatores
426 3000 499 3031 Nobi
511 3006 534 3030 is
554 3005 640 3032 Ducis
661 3004 694 3034 &
710 3006 915 3033 Communitatis
928 3004 1054 3044 Januae,
1073 3017 1105 3036 ac
1118 3006 1203 3046 quos-

88 3062 96 3071 ,
137 3047 262 3082 cumque
276 3039 343 3069 alios
357 3039 487 3070 Sindicos
501 3041 545 3071 seu
559 3040 776 3072 Ambaffiatores
787 3043 971 3082 eorumdem,
989 3053 1058 3074 cum
1075 3045 1200 3083 ipsorum

137 3074 287 3108 Comitiva
303 3079 334 3109 &
353 3078 511 3116 Societate,
530 3078 634 3118 Equis,
649 3079 779 3118 Valesiis,
798 3079 948 3120 Pecuniis,
966 3081 1082 3122 Rebus,
1097 3085 1129 3114 ὅ(
1143 3083 1201 3114 Bo-

135 3115 179 3144 nis
193 3115 243 3145 suis
257 3118 365 3147 caeteris
376 3117 616 3156 quibuscumque,

171 3153 215 3184 Ac
238 3156 323 3185 etiam
340 3155 533 3194 quoscumque
544 3156 694 3194 Januenses
709 3155 897 3195 Subditosque
909 3158 1092 3190 distrieluales
1105 3159 1201 3191 Com-

135 3193 227 3222 munis
240 3193 340 3230 januae
353 3217 362 3231 ,
382 3193 574 3232 Mercatores,
593 3193 748 3233 Patronos,
765 3195 811 3226 seu
827 3196 980 3235 Magistros
993 3208 1201 3236 quorumcum-

133 3239 189 3267 que
210 3231 405 3271 Navigiorum
421 3231 623 3270 januensium,
641 3233 805 3273 Officiales,
829 3234 1013 3275 Marinarios,
1032 3236 1201 3278 Servitores,

135 3270 171 3300 &
187 3267 335 3300 Ministros
347 3272 515 3301 eorumdem
531 3271 742 3311 quoscumque,

135 3346 154 3377 s
168 3307 377 3375 *CumbBsoniQ
403 3309 518 3348 Rebus,
546 3309 710 3348 Mercibus,
732 3310 881 3350 Navibus,
900 3311 1050 3352 Navigiis,
1068 3313 1103 3344 &
1123 3313 1202 3345 Vafis

148 3356 188 3376 uis
222 3356 249 3375 ui
273 3356 365 3376 ucum
389 3357 422 3377 ue

175 3355 220 3414 Inq
230 3383 259 3414 R
277 3357 518 3415 vnumqno’strum
542 3385 670 3426 Angliae,
689 3386 722 3417 δε
736 3386 771 3418 ad
787 3387 940 3427 Civitates,
957 3388 1062 3428 Villas,
1079 3389 1202 3429 Terras,

139 3422 256 3461 Portus,
298 3432 395 3459 orites,
420 3424 453 3454 δε
474 3423 598 3463 Passagia
618 3425 718 3455 Nobis
739 3425 890 3464 Subiecta,
905 3428 966 3457 tam
988 3438 1038 3465 pei·
1059 3429 1200 3467 Terram,

136 3463 224 3499 quam
238 3471 287 3499 per
302 3461 395 3499 Aquas
409 3461 442 3491 &
458 3461 557 3500 Mare,
577 3462 738 3500 veniendo,
753 3464 786 3494 &
800 3464 904 3495 ibidem
919 3466 1078 3505 morando,
1091 3466 1203 3505 stando,

140 3501 175 3531 &
190 3499 397 3538 permanendo,
416 3500 449 3530 &
463 3501 580 3540 exinde,
598 3511 650 3539 pro
664 3511 764 3532 eorum
779 3503 860 3533 libito
873 3503 1041 3543 voluntatis,
1059 3514 1126 3535 cum
1143 3505 1202 3535 Bo-

140 3540 202 3576 nis,
224 3538 388 3575 Mercibus,
406 3537 505 3568 Rebus
520 3540 553 3570 ὃς
574 3539 732 3576 Hemefiis,
749 3539 852 3579 Equis,
877 3540 1030 3581 Navibus,
1052 3542 1202 3583 Navigiis,

139 3576 336 3614 Officialibus,
362 3575 534 3615 MarinariiS,
552 3577 788 3619 Famulatoribus,
812 3579 845 3610 &
868 3579 1072 3620 Servitoribus,
1091 3582 1125 3613 &
1142 3582 1203 3614 Mi-

141 3615 232 3645 nistris
245 3614 299 3645 suis
311 3614 549 3655 quibuscumque,

177 3652 308 3690 Exceptis
325 3663 421 3686 tamen
437 3652 600 3691 Mercibus,
620 3664 684 3693 quae
698 3664 747 3692 per
759 3654 907 3692 specialem
922 3656 1088 3688 consuetam
1101 3658 1203 3689 Prohi-

143 3691 284 3722 bitionem
310 3702 325 3722 a
346 3691 452 3732 Regno
471 3691 569 3722 nostro
590 3692 702 3731 Angliae
723 3694 828 3724 extrahi
847 3693 893 3725 seu
913 3695 1017 3727 abduci
1037 3706 1097 3727 non
1116 3697 1202 3730 debe-

144 3738 206 3760 rent

183 3753 285 3798 Li’bere
298 3768 430 3799 abeundo
444 3769 476 3799 &
493 3768 653 3807 redeundo,

180 3805 326 3844 Aliquibus
345 3807 477 3845 Guerris,
497 3806 689 3844 Criminibus,
707 3806 843 3845 Deliffls,
862 3807 1020 3848 Incendiis,
1039 3810 1202 3851 Dampnis,

142 3841 327 3881 Vulneribus,
344 3845 517 3876 Homicidiis
536 3845 740 3883 Personarum,
758 3845 906 3876 Bonorum
928 3848 972 3877 vel
993 3848 1127 3880 Navium
1143 3850 1202 3881 Ca-

142 3880 284 3918 ptionibus
306 3883 361 3913 five
382 3884 665 3922 Depraedationibus,
683 3882 810 3922 Marquis
832 3884 877 3914 seu
904 3883 1065 3923 Reprisaliis
1086 3888 1202 3925 quibus-

144 3927 281 3957 cumque,
296 3922 353 3950 tam
377 3921 516 3960 Publicis,
541 3925 629 3961 quam
649 3921 784 3961 Privatis,
805 3930 869 3952 ante
888 3922 999 3954 Datum
1019 3925 1199 3964 praesentium

143 3959 317 3995 perpetratu,
335 3959 451 3998 habitis,
468 3961 525 3991 five
538 3960 693 3999 conceffis,
710 3970 771 3991 non
784 3960 976 3999 obstantibus,

182 3993 219 4024 Et
238 3995 303 4025 ideo
325 3997 408 4027 vobis
424 3998 594 4029 Maudamus
605 3999 685 4036 quod
697 3999 844 4038 praefatos,
861 3998 1025 4038 Raphaelem
1037 4001 1071 4032 &
1085 4001 1199 4040 Stepha-

141 4043 216 4071 num,
241 4043 357 4065 necnon
376 4035 443 4066 alios
461 4036 589 4068 Sindicoe
607 4038 652 4069 seu
673 4037 892 4071 Ambaffiatores
909 4036 1056 4070 dictorum
1066 4041 1151 4072 Ducis
1162 4042 1197 4074 &

1256 272 1317 292 non
1338 261 1528 300 obstantibus,
1539 260 1577 297 ώ-
1590 268 1655 292 tunc
1665 261 1711 302 fic,
1731 262 1951 300 manuteneatis,
1965 260 2136 302 Protegaus‚
2150 263 2184 295 &
2218 264 2334 296 efenda-
2370 273 2456 303 ¹421-

1254 308 1367 382 tlsl’xlon
1380 338 1529 383 inferentes
1538 361 1548 377 ,

1288 377 1328 408 Et
1343 379 1361 407 li
1383 377 1469 416 quid,
1487 377 1550 407 &c.

1288 415 1408 446 Proviso
1419 413 1530 453 semper
1543 414 1624 454 quod
1640 415 1826 456 iidemRapha
1836 417 1864 447 el
1876 418 1910 449 &
1927 416 2096 456 Stephanus,
2113 427 2146 450 ac
2161 420 2206 451 alii
2221 419 2329 452 Sindici

1252 454 1297 485 seu
1318 453 1553 493 Ambaffiatores,
1574 463 1691 485 necnon
1711 455 1866 494 Januenses
1889 456 2021 495 praediffl
2043 458 2235 498 quicumque,
2253 460 2329 490 bene

1253 492 1462 524 &thonestese
1475 493 1596 522 habeant
1610 493 1644 523 &
1661 501 1759 532 gerant
1773 503 1838 533 erga
1851 494 1922 525 Nos
1942 496 1975 526 &
1994 494 2137 534 Populum
2153 497 2300 536 nostrum,

1293 530 1434 569 Dietique
1459 530 1638 562 Mercatores
1660 533 1694 563 &
1724 532 1771 562 alii
1791 533 1941 570 supradieti
1956 533 2055 574 legales
2068 543 2235 567 excerceant
2250 536 2333 567 Mer-

1253 570 1392 607 candisas,
1409 579 1443 600 ac
1466 568 1636 608 Custumas,
1655 569 1800 608 Subsidia,
1817 572 1850 603 &
1863 573 1914 603 alia
1932 572 2076 612 Deveria,
2095 574 2178 604 nobis
2197 583 2251 613 pro
2270 575 2331 606 Re-

1253 609 1322 645 bus,
1341 607 1506 646 Mercibus,
1535 608 1568 639 &
1596 609 1704 639 caeteris
1718 608 1881 646 supradietis
1899 611 2012 650 debita,
2027 620 2162 651 prompte
2176 613 2302 650 solvant,

1295 646 1445 685 Qodque
1468 646 1518 685 ipsi
1537 647 1629 684 aliqua
1652 646 1731 678 Bona
1745 649 1794 678 seu
1808 647 2000 682 Mercandisas
2010 652 2175 689 aliquorum
2190 650 2331 682 Inimico-

1256 694 1322 716 rum
1338 684 1501 715 nostrorum
1511 710 1520 723 ,
1539 686 1638 716 colore
1651 685 1799 717 Bonorum
1814 687 1849 718 ὃς
1864 686 2107 720 Mercandisarum
2121 689 2254 727 suorum,
2270 699 2331 720 non

1256 724 1406 793 colosent,
1425 733 1478 754 nec
1497 734 1530 754 ea
1555 723 1719 756 Venditioni
1737 732 1897 765 exponant,
1911 725 1961 756 sub
1974 725 2068 758 Poena
2079 728 2266 759 forisfaeturae
2279 738 2331 759 eo-

1256 772 1319 793 rum
1341 773 1399 793 em.

1291 799 1326 831 In
1349 802 1445 840 cujus,
1464 802 1527 833 &c.
1548 802 1634 842 usque
1655 801 1772 834 Festum
1791 802 1938 834 Omnium
1953 801 2124 835 Sanctorum
2136 806 2269 842 proximo
2283 805 2327 837 fu-

1254 846 1349 871 turum
1368 840 1520 871 duraturas.
1661 872 1663 874 .

1291 877 1381 909 Teste
1399 879 1481 919 Rege
1496 879 1569 919 apud
1584 882 1770 920 Dovorriam,
1788 881 1816 911 ix
1831 880 1876 911 die
1887 880 1975 920 Junii.

2348 307 2411 332 Her».
2430 313 2457 339 5.
2472 305 2478 327 J

1430 1005 1458 1033 *ἕ
1480 1007 1529 1040 De
1545 1005 1718 1054 Recipiena'o
1734 1008 1892 1053 Homagia
1910 1010 1942 1039 in
1957 1008 2142 1054 Aquitania.
2344 1022 2473 1062 *KH-93

1255 1089 1398 1144 REX,
1413 1091 1563 1124 Universis
1578 1094 1612 1125 &
1629 1092 1756 1133 singulis,
1769 1092 1915 1132 praesentes
1928 1093 2037 1124 Literas
2052 1092 2232 1133 inspecturis,
2244 1092 2323 1125 Salu-
2340 1096 2418 1129 Ann.
2430 1097 2474 1130 D.

1333 1138 1402 1160 tem.
2369 1146 2382 1166 1
2448 1160 2458 1167 .

1290 1167 1421 1200 Noverit
1436 1169 1615 1202 Universitas
1627 1169 1719 1201 vestra
1733 1170 1813 1209 quod
1834 1170 1922 1208 Nos,
2301 1210 2307 1216 .
2339 1147 2444 1212 Αηξῗ

1297 1206 1347 1237 De
1366 1207 1535 1247 Prudentia,
1554 1209 1718 1247 Fidelitate,
1744 1208 2030 1248 Circumspeffione,
2056 1209 2090 1240 &
2108 1209 2265 1248 Industria,
2277 1209 2324 1241 di-
2339 1218 2375 1244 Η.
2392 1224 2422 1251 5.

1252 1243 1318 1275 ledii
1341 1246 1375 1277 &
1393 1246 1480 1278 fidelis
1503 1247 1604 1279 Militis
1616 1247 1718 1290 nostri,
1735 1246 1878 1286 Johannis
1892 1246 2013 1286 Tiptoft,
2029 1246 2176 1280 senescalli
2191 1248 2322 1281 Ducatus
2342 1254 2407 1290 Vasc.
2429 1259 2458 1289 95

1251 1283 1342 1314 nostri
1358 1285 1554 1325 Aquitanniae,
1571 1287 1679 1326 plenius
1693 1286 1885 1325 confidentes,
2340 1296 2375 1320 Η.
2397 1301 2426 1327 5.

1289 1321 1502 1363 Affignavimus
1520 1326 1631 1356 eundem
1651 1324 1815 1364 Johannem
1833 1325 1868 1356 ad
1888 1324 2047 1356 Petendurn
2088 1325 2324 1366 Requirendum,
2341 1340 2376 1359 m.
2394 1339 2419 1360 2.

1251 1359 1285 1390 δεῖ
1300 1360 1534 1404 ¹Recipiendum,
1552 1374 1605 1402 pro
1626 1365 1710 1395 nobis
1729 1365 1763 1396 ὅ(
1775 1363 1915 1407 Nomine¹
1925 1363 2041 1402 nostro,
2056 1349 2257 1409 homagium,
2274 1365 2324 1395 Fi-

1251 1398 1394 1431 delitatem
1429 1402 1463 1433 &
1483 1402 1666 1441 Juramenta‚
1684 1403 1715 1433 in
1735 1412 1767 1433 ea
1779 1411 1856 1443 parte
1867 1402 1945 1434 solita
1960 1404 1994 1435 &
2008 1403 2159 1442 consueta,
2179 1414 2195 1434 a
2208 1403 2322 1442 quibus-

1252 1446 1379 1476 cumque
1393 1424 1518 1471 §ubditis
1532 1440 1666 1472 Ducatus
1676 1440 1766 1471 nostri
1782 1441 1965 1480 Aquitanniae
1977 1441 2125 1479 supradieti
2140 1442 2323 1480 (cujuscum-

1251 1478 1437 1547 quesStatgs,
1464 1477 1597 1549 ἓξέἀιῖ,
1622 1489 1670 1527 aut
1692 1478 1854 1549 Dlffi'tatlixsl
1869 1480 2029 1549 egritleiint)
2053 1481 2119 1549 ιίῑυῐίῃ,
2136 1480 2177 1551 «ξε
2187 1481 2281 1551 {neritia-li
2274 1489 2323 1513 aut

1251 1525 1309 1584 {⁰13
1317 1527 1816 1601 Ϊῖέᾐῧὲιῃέηέε,εὲἓῖῒὲἓὲώῇ
1857 1528 1878 1549 ⁰
1900 1528 1931 1557 ¹⁸·
1968 1527 2055 1558 ΜΞ
2066 1530 2083 1550 “
2110 1541 2129 1602 ᾗ
2215 1531 2225 1550 ¹
2283 1528 2324 1555 ‘²‘

1289 1593 1422 1625 Necnon
1441 1594 1476 1625 ad
1499 1595 1689 1633 Faciendum,
1705 1595 1925 1634 Exercendum,
1950 1596 1984 1628 &
2006 1595 2223 1634 Expediendum
2242 1596 2321 1628 Prae-

1251 1632 1333 1662 missa
1345 1643 1379 1663 ac
1391 1633 1492 1663 omnia
1504 1633 1553 1663 alia
1568 1634 1601 1664 &
1615 1633 1717 1673 singula
1734 1634 1764 1664 in
1776 1633 1829 1664 hac
1845 1643 1922 1671 parte
1936 1635 2086 1665 neceffaria
2098 1636 2132 1667 &
2147 1644 2307 1673 oportuna,

1288 1670 1392 1702 Eidem
1407 1671 1536 1710 Johanm'
1553 1672 1716 1702 Licentiam
1731 1672 1894 1711 specialem,
1910 1672 2137 1712 Aueloritatem,
2156 1675 2191 1705 &
2205 1674 2322 1704 liberam

1252 1706 1428 1740 Potestatem
1452 1709 1562 1740 Damus
1581 1711 1615 1741 &
1637 1709 1836 1740 Concedimus
1853 1720 1903 1747 per
1927 1710 2093 1750 Praesentes,
2113 1711 2199 1751 usque
2218 1713 2252 1743 ad
2268 1712 2322 1742 Fe-

1251 1746 1327 1777 stum
1349 1748 1558 1789 Affumptionis
1577 1748 1667 1779 beatae
1689 1747 1793 1780 Mariae
1808 1749 1931 1788 Virginis
1945 1751 2080 1788 proximo
2094 1749 2223 1783 futurum
2238 1750 2321 1783 dura-

1251 1794 1333 1817 turas.

1287 1824 1321 1856 In
1340 1826 1437 1865 cujus,
1455 1827 1515 1857 &c.

1323 1863 1413 1896 Teste
1427 1864 1510 1906 Rege
1523 1864 1597 1904 apud
1609 1868 1795 1905 Dovorriam,
1809 1865 1908 1898 Nono
1919 1865 1966 1897 die
1976 1865 2066 1904 Junii.

1907 1946 1962 1975 Per
1975 1941 2060 1983 ipfiem
2081 1945 2185 1982 Regem.⁴

1581 2075 1641 2107 Pro
1664 2070 1814 2118 Comitiffa
1832 2072 1988 2105 Hanom'ae.

1249 2154 1394 2210 REX,
1409 2156 1615 2197 Constabulario
1636 2159 1731 2189 Turris
1752 2157 1810 2189 suae
1827 2156 2010 2195 Londoniae,
2026 2155 2073 2189 vel
2087 2155 2143 2195 ejus
2156 2153 2317 2187 Locumtess
2335 2150 2414 2184 Arm.
2427 2149 2472 2190 DJ

1327 2196 1407 2226 nenti
1423 2196 1551 2235 ibidem,
1571 2197 1706 2228 Salutem.
2198 2234 2203 2240 ³
2275 2233 2281 2239 Π
2294 2233 2300 2239 ¹
2357 2200 2444 2232 1421.

1283 2231 1458 2266 Mandamus
1476 2233 1570 2267 Vobis
1608 2236 1670 2267 uod
1690 2234 1853 2276 Johannem
1874 2232 2022 2265 Bloundell
2032 2233 2069 2264 de
2082 2232 2221 2264 Hanonia
2235 2232 2317 2264 Mih·
2337 2234 2391 2259 An.
2403 2240 2432 2267 9-

1247 2276 1324 2310 tem,
1339 2272 1528 2305 prisonarium
1549 2245 1697 2313 noarum,
1714 2274 1764 2305 sub
1779 2273 1920 2304 Custodia
1933 2272 2024 2304 vestra
2040 2274 2069 2303 in
2082 2271 2170 2303 Turri
2185 2271 2319 2318 praedicta
2338 2273 2374 2298 H·
2389 2278 2418 2306 5.

1247 2310 1434 2352 existentem,
1479 2313 1568 2343 acobae
1579 2314 1611 2344 de
1624 2316 1776 2352 Bavaria,
1794 2311 1936 2351 Comitiffie
1950 2314 2104 2350 Hananiae,
2119 2310 2265 2342 Halandrae
2281 2309 2320 2347 ὁ·
2339 2308 2427 2346 Claus-

1247 2348 1396 2390 Selandiae,
1416 2361 1452 2383 ve
1478 2354 1536 2390 ejus
1548 2352 1712 2391 Deputatis,
2136 2389 2162 2395 Η
2340 2356 2369 2383 9·
2389 2351 2425 2376 11.
2439 2353 2470 2385 5⁴}

1286 2387 1342 2419 Per
1359 2388 1462 2421 Iuni:
1473 2399 1497 2421 N
1507 2399 1563 2422 τυ
1572 2400 1597 2422 R
1606 2401 1627 2422 A
1637 2401 1650 2423 s
1684 2392 1756 2422 inter
1777 2400 1829 2423 vos
1848 2390 1882 2422 &
1895 2390 2039 2430 praefatam
2052 2388 2253 2434 Comitiffam,
2271 2387 2319 2420 seu
2338 2395 2377 2416 m.
2388 2395 2434 2425 ιι,

1248 2424 1408 2473 Deputatos
1419 2429 1591 2469 praedietos,
1609 2431 1639 2460 in
1653 2414 1706 2474 fiac
1721 2438 1814 2475 parte,
1830 2429 1927 2460 debite
1941 2427 2153 2468 conficiendas,
2167 2427 2258 2461 Diem
2269 2427 2320 2466 def

1248 2466 1420 2498 liberationis
1433 2467 1582 2500 Prisonarii
1596 2469 1727 2507 praedieh
1742 2468 1940 2508 testificantes,

1288 2505 1426 2538 Liberetis
1441 2506 1486 2538 seu
1505 2507 1612 2538 liberari
1630 2509 1735 2540 faciatis
1749 2508 1878 2545 indilate,

1287 2543 1427 2575 Volumus
1447 2546 1525 2576 enim
1545 2556 1597 2577 vos
1617 2546 1653 2577 de
1673 2546 1813 2578 Custodia
1839 2545 1985 2577 Prisonarii
2007 2546 2136 2587 praedic‘ti
2182 2553 2232 2585 per
2254 2544 2317 2589 {rf-

1250 2591 1478 2628 DeNTuRAs
1504 2584 1680 2624 hujusmodi,
1700 2586 1735 2617 &
1761 2586 1820 2616 hoc
1843 2584 2003 2624 anvs,
2029 2593 2093 2625 erga
2117 2568 2186 2615 N³os
2203 2589 2316 2621 penitus

1249 2630 1401 2652 exonerari.

1285 2659 1375 2692 Teste
1390 2659 1473 2701 Rege
1483 2661 1558 2700 apud
1570 2665 1756 2701 Dovorriam,
1775 2661 1904 2692 Decimo
1916 2660 1963 2691 die
1970 2660 2059 2699 Junii.

1917 2739 1973 2768 Per
1989 2734 2074 2777 ipstm
2090 2739 2196 2775 Regem.

1517 2865 1567 2898 De
1594 2863 1714 2909 Custode
1733 2864 1851 2911 Angliae
1869 2861 2040 2908 Constituto.

1428 2959 1488 2980 mni
1509 2961 1540 2981 us
1575 2961 1589 2982 a
1644 2962 1661 2982 u
1710 2973 1720 2989 ‚
1772 2959 1800 2981 c.
1858 2956 1945 2981 utem.

1309 2949 1446 2995 EXQ¹
1481 2951 1558 3020 'bbg
1591 2950 1701 2992 dqod
1737 2950 1771 2982 &
1811 2949 1856 2981 Sal

1282 3028 1341 3060 Pro
1363 2990 1513 3059 Ξὲωῃιῗὸῗὶυ
1522 3012 1588 3059 Νόε
1603 3051 1613 3067 ,
1640 3028 1670 3057 in
1693 3026 1818 3071 Propria,
1830 3024 1951 3056 Persona
1972 3023 2088 3070 nostra,
2111 3026 2204 3057 versus
2224 3035 2314 3066 partes
2329 3045 2382 3070 An.
2401 3051 2431 3077 9·

1245 3068 1391 3106 Franciae,
1443 3077 1479 3098 eo
1494 3066 1600 3106 Duce,
1615 3067 1644 3097 in
1656 3074 1791 3104 proximo
1801 3063 1894 3095 sumus
1906 3062 2079 3107 profecturi,
2329 3084 2363 3108 1-1.
2406 3101 2413 3108 ·

1281 3106 1386 3137 Infidet
1410 3106 1513 3137 intime
1535 3105 1615 3136 cordi
1628 3103 1726 3134 nostro
1738 3103 1818 3142 quod
1835 3101 1891 3132 Pax
1907 3101 2002 3146 nostra
2015 3103 2085 3133 infra
2101 3101 2247 3149 Regnum·
2255 3114 2311 3148 no-
2326 3089 2404 3147 Pas.)-
2419 3139 2428 3146 ι

1245 3144 1334 3176 strum
1358 3145 1471 3184 Angliae
1487 3168 1497 3183 ,
1521 3143 1673 3181 praesertim
1694 3141 1776 3184 dum·
1788 3140 1914 3184 absentes
1932 3141 2068 3186 fuerimus
2081 3165 2091 3179 ,
2114 3142 2311 3187 inviolabiliter
2326 3161 2362 3184 H,
2377 3128 2443 3194 ,fp-
2495 3179 2500 3182 1

1245 3185 1410 3215 observetur
1445 3183 1479 3214 &
1501 3182 1581 3219 quod
1606 3179 1727 3217 Agenda
1748 3179 1818 3209 ἀιέὶι
1841 3178 1871 3208 R
1909 3189 1939 3210 m
1953 3179 2043 3210 nostri
2056 3179 2176 3220 provrde
2189 3180 2312 3220 dirigan-
2333 3205 2358 3224 ι.
2377 3204 2415 3224 m·
2451 3214 2459 3224 ,

1245 3231 1308 3261 tur,
1322 3231 1356 3253 ac
1371 3206 1488 3258 finz'gulis
1519 3219 1619 3263 ustitiae
1632 3218 1762 3263 debitum
1779 3219 1885 3286 impe?3
1898 3226 1976 3262 atur,
1993 3257 1998 3262 ι
2097 3257 2103 3263 ὓ
2173 3256 2198 3288 st
2214 3257 2220 3264 .
2430 3203 2449 3230 9

1245 3257 1618 3336 hafflffffsssscssefflssiflss‘zffi
1632 3255 2000 3340 ῑῗῖῑὲἓὲιὲῗὲὲὲεηὲἔξῖῦῗι
2014 3256 2118 3341 F‘afffl
2130 3267 2178 3340 ¹¹⁰,
2199 3267 2237 3296 ‘¹’
2254 3257 2313 3298 J*

1284 3335 1492 3367 Constituimus
1506 3334 1588 3374 ipficm
1601 3338 1704 3365 Ducem
1718 3333 1881 3365 Custodem
1893 3333 1965 3364 disti
1979 3332 2075 3381 Regni
2090 3333 2236 3378 nostri,ac
2250 3333 2313 3365 Lo-

1245 3384 1317 3406 cum
1339 3373 1469 3404 nostrum
1492 3382 1639 3404 tenentem
1660 3375 1690 3404 in
1710 3373 1815 3404 eodem
1838 3372 1868 3402 R
1925 3381 1945 3402 o
1958 3394 1968 3410 ,
1986 3372 2057 3403 dum
2070 3371 2310 3416 exrraidemRe-

1244 3422 1333 3457 gnum
1347 3412 1478 3443 nostrum
1493 3411 1613 3443 Moram
1626 3412 1795 3450 fecerimus,
1811 3410 1858 3443 vel
1894 3420 1969 3442 onec
1981 3410 2055 3442 aliud
2068 3411 2135 3442 inde
2149 3410 2312 3442 duxerimus

1244 3451 1511 3534 orqgaagggrgdtem
1529 3488 1661 3533 universis
1683 3489 1715 3519 &
1738 3488 1848 3528 singulis
1867 3488 2097 3533 Archiepiscopis
2111 3509 2123 3531 ,
2146 3485 2309 3529 Episcopi-5,

1247 3529 1420 3567 Abbatibus,
1446 3528 1607 3565 Prioribus,
1633 3527 1794 3572 Ducibus,
1809 3527 1990 3572 Comitibus,
2014 3525 2186 3569 Batonibus,
2204 3522 2310 3567 M¹¹¹t¹.‘

1245 3569 1296 3598 bus
1327 3566 1604 3603 Communitatibus,
1623 3565 1866 3603 Vicecomitibus,
1883 3565 1993 3596 Liberis
2013 3563 2209 3598 Hominibus,
2226 3560 2309 3605 Balli-

1246 3591 1473 3645 vis,’Ministris,
1490 3606 1524 3636 δε
1544 3605 1680 3635 omnibus
1698 3604 1826 3635 fidelibus
1847 3603 1966 3641 nostn‘s,
1983 3603 2101 3633 Tenere
2133 3599 2307 3645 raesentium,

1244 3645 1362 3675 firmiter
1383 3645 1412 3674 in
1434 3643 1576 3674 Mandatis
1593 3642 1674 3683 quod
1695 3642 1816 3681 prefato
1836 3646 1925 3686 Duci,
1942 3649 2073 3685 tanquam
2125 3636 2218 3681 ustodi
2234 3638 2306 3670 diffl

1245 3683 1342 3722 Regni
1361 3681 1451 3712 nostri
1474 3682 1506 3711 &
1528 3681 1643 3713 Locum
1664 3681 1795 3712 nostrum
1816 3688 1924 3711 tenenti
1945 3689 1974 3722 in
1987 3678 2114 3722 eodem,
2128 3675 2306 3708 intendentes

1245 3722 1316 3759 sint,
1334 3719 1567 3760 Respondentes,
1585 3730 1617 3750 ac
1630 3719 1831 3763 Consulenteq,
1848 3719 1882 3749 &
1897 3716 2076 3747 Auxiliantes.
2227 3754 2233 3759 ⁹

1284 3759 1317 3789 In
1338 3761 1425 3803 euius¹
1436 3759 1476 3802 rei
1498 3757 1694 3827 {stimonium
1714 3758 1762 3826 1]αὲ
1781 3757 1887 3801 Literas
1896 3752 2162 3823 diiffistrnagripatentes
2175 3752 2252 3793 fieri,
2268 3753 2303 3787 δε

1245 3796 1351 3866 Μῖἱῖῗ
1365 3796 1935 3875 {sesamfflissssffingiiissffir
1957 3801 1978 3829 Β
2001 3871 2006 3875 .

1923 3869 1977 3898 Per
1995 3867 2078 3907 tpfiem
2090 3871 2195 3908 Regem.

2328 2962 2404 2994 Ann.
2421 2962 2464 2998 D.

2355 3011 2442 3042 ¹421·
