2562 4274
53 249 133 282 'Ann.
147 246 190 279 D.

77 296 165 327 1414.

55 330 119 355 Hen.
134 335 164 362 5.

68 1189 89 1208 Ἄ*
109 1189 162 1218 IX.

73 1237 134 1256 120.

64 2724 141 2755 Ann.
155 2720 198 2752 D.

90 2770 180 2802 1414.

66 2805 118 2830 An.
136 2811 162 2828 2.

67 2882 156 2907 Franc.

68 2926 95 2943 2.
114 2919 198 2954 HJ.-

68 2963 106 2981 m.
122 2956 168 2982 26.

72 3459 151 3490 Ann.
159 3457 201 3489 D.

91 3506 179 3537 1414.

70 3540 122 3564 An.
143 3546 168 3566 2.

99 3595 173 3642 ahia.

822 173 934 215 ΕΤ
989 167 1249 216 AsscTA

208 255 431 326 ίῙὶλρηιίηοηιῐη,
450 262 508 288 tam
527 256 737 296 spiritualium,
754 258 838 297 quam
858 258 1097 299 Temporaliurn,
1115 260 1214 299 Regni
1229 270 1284 293 no-

234 307 256 327 ri

245 319 304 364 P'ro
325 343 361 364 eo
384 332 526 371 quodeis
548 342 609 363 non
630 333 767 365 affenfiim
789 334 822 365 δε
839 334 982 374 favorem,
1002 336 1041 367 set
1056 337 1172 368 obicem
1208 339 1280 369 osui-

209 380 274 403 mus
291 372 325 402 &
347 371 498 410 repulsam,
515 379 600 410 prout
615 371 800 403 Catholicum
816 372 912 404 decuit
926 373 1109 413 Principem,
1127 377 1160 407 &
1175 347 1279 407 fgimus

210 411 242 440 in
260 409 434 448 susceptione
457 408 586 440 Coronae
604 409 710 441 nostrae
724 433 733 449 ,
758 411 828 442 sicut
849 414 950 443 caeteri·
968 413 1059 444 incliti
1079 413 1279 454 Progenitores

208 447 318 485 nostri,
334 447 368 477 ad
386 447 443 478 hoc
456 447 565 479 astricti
576 449 695 479 vinculo
707 449 878 488 juramenti,

245 485 391 524 Nequiter
404 486 620 529 imaginaverint
633 488 666 518 ὅ(
681 488 918 528 conspiraverint,
933 497 1018 528 prout
1029 489 1130 521 diversi
1143 490 1257 522 illorum
1267 512 1277 531 ,

208 524 313 593 ¹eirflliac
327 523 410 555 causa
420 534 479 563 jam
495 526 582 556 morti
597 525 702 556 addieti
717 525 750 556 &
765 526 933 566 adjudicati,
951 530 1068 560 notorie
1081 529 1193 561 fuerunt
1206 540 1279 561 con-

223 572 238 593 e
263 574 290 601 i,

246 601 318 633 Nos
1066 619 1068 621 ·

246 625 512 678 Jam’attendentes
534 641 648 679 qualiter
670 641 820 680 nonnulli,
838 641 952 673 forfitan
975 643 1033 675 {atis
1049 643 1159 675 Fideles
1172 644 1277 682 nostri,

212 677 250 708 de
264 677 434 717 Praemiffis,
453 689 487 709 ex
501 679 571 710 odio
586 681 619 711 &
635 680 740 711 malitis
751 703 760 718 ,
776 681 821 711 vel
838 682 1039 713 informatione
1054 682 1162 713 sinistra
1175 684 1208 713 &
1223 684 1278 713 mi-

213 716 270 747 nus
291 716 375 755 vera,
392 717 422 746 in
443 715 573 748 futurum
593 718 629 748 de
651 719 724 749 facili
741 718 844 757 Imperi
858 720 891 750 &
907 720 1055 759 Accusari,
1071 721 1278 759 multipliciter,

213 762 272 785 tam
287 756 316 785 in
329 754 525 794 Corporibus,
540 756 627 796 quarn
642 756 748 796 Bonis,
768 758 845 796 quod
859 758 1016 797 nollemus,
1032 759 1216 790 verisimiliter
1231 759 1279 789 lae-

213 793 243 824 di
257 801 393 830 poterunt
407 794 441 824 &
456 796 566 834 vexari,
984 795 992 801 “

252 831 292 862 Et
307 832 435 863 volentes
448 834 586 873 proinde,

253 869 307 900 Ob
320 870 392 902 illius
406 874 608 911 reverentiam,
627 873 675 914 qui
689 873 773 904 nobis
787 873 823 904 de
838 872 960 910 pluribus
974 872 1163 904 Inimicorum
1177 873 1279 911 praedi—

216 907 332 939 &orum
354 911 470 948 repente
491 909 628 942 Tutelam
648 911 785 942 conceffit
809 911 842 941 &
856 911 1029 950 Vkstorffim,
1047 913 1124 943 acin
1138 912 1189 941 suo
1201 912 1280 942 sacro

217 954 351 986 tempore
373 949 407 979 δε
427 948 534 979 idoneo
547 949 677 986 cunetis,
693 949 744 979 sibi
759 948 1016 989 Delinquentibus,
1033 952 1070 980 ne
1082 960 1131 981 eos
1145 959 1215 981 cum
1228 950 1280 980 suis

215 986 316 1054 perdat
336 985 533 1026 Iniquitatibus
552 988 585 1019 &
609 987 733 1018 DeliCtis
745 1008 756 1025 ,
780 986 987 1025 indulgentiam
1009 988 1138 1026 praestare
1157 988 1224 1020 velit
1246 991 1280 1021 ὃ(

244 1035 326 1056 acem

213 1059 219 1073 ³
258 1063 318 1094 Pro
335 1047 548 1103 ’tranquillitatffi
566 1062 728 1101 securitate,
744 1064 779 1095 &
797 1065 890 1104 quiete
912 1064 1055 1097 dietorum
1069 1065 1225 1105 Lige'orum
1246 1067 1279 1097 ὃς

216 1101 405 1133 Subditorum
418 1102 582 1132 nostrorum
591 1124 601 1140 ‚

253 1140 372 1172 Nullius
393 1140 582 1180 Supplicantis
601 1140 735 1178 impuffn,
753 1140 793 1172 set
810 1151 843 1173 ex
864 1141 968 1172 nostrae
987 1141 1088 1181 Regiae
1109 1141 1281 1173 Clementiae

216 1189 299 1211 mero
320 1186 421 1218 motu,
441 1181 457 1196 ³*
471 1188 524 1219 pro
544 1188 580 1208 eo
594 1179 674 1217 quod
690 1180 729 1210 eis
740 1179 774 1210 &
789 1182 945 1211 errantibus
958 1181 1054 1219 potius
1068 1181 1188 1211 misereri
1203 1181 1281 1220 eligi-

217 1227 282 1248 mus
302 1218 337 1249 &
349 1227 463 1256 parcere
475 1218 562 1258 quam
577 1215 644 1247 Pios
660 1227 713 1257 pro
726 1217 841 1257 Impiis,
860 1219 893 1250 ὃς
907 1218 1080 1250 Innocentes
1092 1229 1144 1257 pro
1155 1219 1282 1250 Nocen-

218 1256 292 1288 tibus
305 1255 423 1294 perdere
434 1257 468 1288 &
483 1256 598 1296 punire,

256 1294 436 1326 Remedium
455 1304 597 1334 apponere
617 1304 670 1332 pro
682 1294 788 1325 viribus
797 1293 926 1332 salutare,

256 1332 307 1363 De
327 1333 428 1364 Gratia
446 1333 543 1364 nostr&
560 1332 669 1372 speciali
695 1332 1038 1364 PARDoNAvIMns
1058 1334 1092 1364 ὃς
1110 1333 1282 1364 REMISI-

216 1379 302 1402 Mus
321 1371 453 1403 univerfis
470 1373 504 1403 &
523 1370 634 1408 singulis
653 1371 747 1410 Ligeis
766 1372 800 1402 &
818 1371 942 1404 Subditis
960 1372 1061 1402 nostris
1079 1373 1282 1411 cujuscumque

214 1410 310 1442 Statsis
326 1410 448 1449 fuerint,
463 1409 510 1442 vel
523 1409 726 1448 Conditionis‚
1206 1444 1208 1446 Ι

255 1448 388 1487 Exceptis
403 1447 537 1486 Johanne
554 1446 703 1487 Oldcastell
716 1447 866 1485 Chivaler,
888 1447 991 1478 Thomb
1013 1448 1112 1479 Talbot
1130 1448 1280 1488 Chivaler,

215 1488 333 1518 Ricardo
353 1486 467 1526 Coffmc,
486 1484 635 1517 Willielmo
657 1485 872 1525 Parchamyner,
903 1487 1019 1517 Roberto
1039 1487 1124 1517 Shene
1146 1486 1280 1526 Clerico,

214 1525 319 1557 Thomd
339 1529 467 1562 Drayton
488 1524 618 1555 Redime
630 1523 765 1555 Ecclesiae
779 1526 814 1555 de
828 1523 960 1564 Drayton
975 1525 1154 1564 Beauchamp
1169 1527 1197 1555 in
1215 1525 1279 1557 Co-

215 1565 317 1595 mitatu
329 1563 490 1594 Lincolniae
498 1586 508 1602 ,
516 1562 649 1602 Johanne
665 1565 754 1601 Hoper
764 1585 774 1601 ,
784 1562 887 1593 Thema
904 1563 1009 1603 Sernes
1035 1588 1044 1602 ‚
1062 1563 1164 1594 Thomd
1175 1564 1278 1604 Cheyne

209 1602 331 1642 Juniore
348 1601 421 1632 Filio
435 1604 531 1639 Rogeri
548 1600 668 1639 cheyne,
685 1611 763 1631 nunc
785 1601 858 1631 infra
879 1601 1140 1638 Turrimnostram
1157 1603 1278 1634 Londo-

210 1639 482 1678 niaeAeiiistentibus,
498 1638 607 1670 Thomd
622 1639 708 1677 Eston
725 1639 862 1670 Mercero
878 1640 1056 1678 Londoniae,
1074 1642 1108 1672 ὃς
1180 1642 1247 1678 Elys
1265 1653 1275 1671 .-

210 1687 246 1710 ac
260 1679 312 1713 illis
325 1679 374 1718 qui
388 1678 423 1710 ad
438 1679 499 1709 loca
512 1677 702 1716 Privilegiata,
716 1687 751 1708 ex
764 1678 850 1708 causis
861 1678 1020 1718 praemiffis,
1033 1680 1177 1718 fugerunt:
1193 1681 1277 1711 Nec-

210 1727 273 1748 non
292 1717 361 1756 illis,
377 1716 425 1758 qui
447 1719 503 1757 jam
523 1717 553 1747 in
573 1715 703 1754 Prisona,
719 1725 754 1746 ex
777 1717 862 1748 causis
884 1718 1045 1756 praemiffis,
1070 1718 1211 1749 existunt:
1240 1729 1274 1750 ac

211 1757 297 1787 etiam
306 1756 364 1787 'illis
376 1756 444 1797 qui,
482 1765 514 1785 ro
525 1754 627 1798 eisdem
641 1754 728 1785 caulis
741 1754 868 1794 arestati,
885 1758 919 1788 &
930 1757 961 1786 in
975 1756 1095 1787 Prisonis
1109 1756 1210 1789 nostris
1224 1757 1274 1788 de-

212 1796 284 1826 tenti
306 1795 435 1834 fuerunt,
453 1765 488 1826 gc
509 1795 545 1824 ab
557 1793 660 1824 eisdem
675 1792 800 1824 Prisonis
812 1803 861 1832 per
873 1794 1129 1834 Manucaptionem
1142 1796 1197 1828 five
1212 1795 1274 1826 Bal-

208 1832 280 1864 liam
293 1833 439 1865 deliberati
452 1831 592 1870 existunt,
609 1833 726 1862 necnon
740 1832 793 1862 illis
806 1833 854 1870 qui
871 1834 900 1864 in
914 1832 1035 1865 Prisonis
1049 1843 1083 1866 ex
1094 1834 1181 1865 causis
1200 1843 1273 1874 prae-

211 1872 299 1902 millis
314 1872 421 1903 detenti
434 1872 547 1902 fuerunt
564 1872 600 1901 ab
615 1869 718 1901 eisdem
734 1870 894 1910 evaserunt,

246 1911 417 1941 SsscTAM
446 1909 566 1940 PActs
584 1908 708 1947 nostrae,
725 1918 790 1946 quae
811 1909 845 1940 ad
866 1910 937 1941 Nos
956 1913 1090 1950 pertinet,
1110 1921 1164 1949 pro
1179 1913 1276 1942 omni-

212 1948 308 1979 modis
328 1948 544 1979 Proditionibus
560 1956 610 1990 per
627 1946 778 1990 ipsoszseu
789 1957 889 1979 eorum
901 1950 1039 1988 aliquem,
1058 1959 1123 1989 erga
1137 1950 1223 1989 Nos,
1241 1951 1276 1982 &

211 1986 391 2026 Ligeantiam
406 1987 500 2024 suam,
516 1984 562 2016 seu
576 1985 640 2016 alias
656 1984 895 2028 qualitercumque
909 1988 940 2018 in
957 1988 1010 2019 hac
1025 1998 1118 2026 parte,
1132 1997 1196 2019 ante
1211 1991 1275 2020 liaec

211 2033 358 2095 tempoga,
374 2025 454 2056 faecis
474 2026 509 2057 &
521 2025 699 2064 perpetratis,
718 2025 757 2069 ὃς
767 2024 878 2065 firmam
892 2025 1000 2058 Pacem
1017 2026 1143 2059 nostram
1156 2028 1196 2058 eis
1209 2027 1276 2059 inde

211 2072 306 2097 conce
326 2074 399 2095 imus
418 2073 424 2093 ε
719 2084 722 2088 -
751 2084 754 2088 1
859 2081 861 2084 -
1107 2076 1110 2079 ·

248 2102 289 2134 Ita
309 2111 404 2134 tamen
425 2101 506 2140 quod
520 2100 617 2136 Cartas
629 2100 753 2141 nostras,
772 2101 839 2133 inde
853 2102 954 2142 fafitas,
974 2105 1042 2136 citra
1055 2102 1173 2135 Festum
1188 2104 1277 2136 Nati.

209 2142 302 2182 vitatis
317 2140 559 2181 SanfflJohannis
574 2139 723 2179 Baptistae,
741 2143 874 2180 proxime
889 2142 1013 2174 futurum
1023 2168 1034 2184 ‚
1049 2143 1197 2183 separatim
1209 2153 1277 2182 pro-

212 2181 380 2250 stcsslsnittllgo'
399 2218 483 2250 vobis
501 2217 688 2256 Praecipimus
705 2218 786 2258 quod
800 2219 874 2250 circa
887 2218 1041 2251 Praemiffia
1057 2220 1085 2249 in
1099 2219 1186 2259 locis,
1203 2221 1277 2252 infra

214 2256 371 2288 Civitatem
390 2257 574 2295 praedie’tam,
596 2257 630 2287 &
654 2257 794 2288 Suburbia
816 2257 936 2301 eisdem,
961 2259 1010 2289 ubi
1031 2259 1122 2295 magis
1146 2260 1276 2299 expedire

214 2296 338 2340 videritis
352 2318 362 2334 ‚
386 2305 421 2326 ex
442 2303 520 2334 parte
541 2294 639 2326 nostra
653 2318 663 2334 ‚
687 2295 828 2330 notificari
849 2296 955 2328 faciatis
975 2298 1008 2329 &
1029 2297 1147 2335 publice
1168 2298 1279 2335 procla-

215 2343 296 2365 mari.
935 2343 938 2345 ·
1003 2341 1006 2345 ’

251 2372 341 2404 Teste
357 2371 441 2412 Rege
454 2371 529 2413 apud
545 2371 822 2413 Westmonasterium,
837 2373 977 2406 vicesimo
990 2373 1097 2406 oetavo
1110 2374 1156 2406 die
1170 2373 1279 2408 Martii.

253 2448 405 2489 Confimilia
423 2452 531 2480 Brew‘a
550 2450 703 2488 diriguntur
714 2448 826 2490 fingulis
843 2451 1040 2481 Vicecomitibus
1058 2459 1110 2490 per
1128 2450 1281 2491 Angliam,

214 2499 247 2518 ac
262 2487 430 2518 cancellario
445 2491 474 2518 in
492 2491 630 2519 comitatu
645 2487 777 2521 Palatino
792 2489 971 2530 Lancastriae.

493 2633 552 2664 Pro
577 2629 848 2675 Ambaffiatorihus
873 2629 998 2678 Jannae.

220 2716 304 2773 RE
314 2716 364 2755 X,
382 2726 430 2755 per
444 2715 552 2748 Literas
565 2716 625 2747 suas
636 2715 783 2755 Patentes,
802 2726 853 2754 per
868 2716 1000 2755 Qatuor
1015 2715 1131 2750 Menses
1145 2717 1278 2755 proximo

296 2757 405 2789 futuros
424 2755 580 2794 duraturas,
596 2754 713 2794 suscepit
731 2757 761 2786 in
776 2755 881 2786 ffilvum
898 2756 932 2785 ὃς
945 2755 1072 2787 securum
1089 2755 1279 2787 Conductum

216 2794 316 2833 suurn,
333 2804 366 2824 ac
386 2794 417 2824 in
430 2793 644 2825 Protectionem
653 2817 663 2832 ,
680 2794 860 2832 Tuitionem,
878 2794 912 2826 &
927 2793 1135 2825 Defensionem
1151 2795 1208 2825 suas
1221 2793 1282 2833 spe-

217 2835 299 2865 ciales
313 2858 323 2871 ‚
349 2831 550 2863 Venerabilem
572 2831 705 2870 Patrem,
730 2833 907 2863 Benedierum
928 2835 1085 2870 Bucanigra
1107 2832 1282 2873 Episcopum

218 2872 301 2904 Villae
315 2869 594 2907 Vihintimiliarium,
612 2870 646 2901 &
661 2871 759 2901 Adam
772 2873 957 2901 otramarinis
986 2870 1204 2903 Ambaffiatores
1218 2874 1280 2901 Du-

219 2915 255 2942 cis
277 2909 315 2945 &⁶
336 2911 545 2940 Communitatis
564 2909 596 2938 de
615 2907 733 2947 Janua,
750 2910 781 2939 in
794 2908 932 2948 Regnum
948 2894 1034 2949 Regis
1050 2909 1178 2949 Angfiae,
1196 2920 1280 2948 penes

216 2949 368 2980 Personam
383 2947 489 2986 Regis,
506 2956 575 2978 cum
590 2946 808 2985 Qiinquaginta
819 2947 946 2978 Personis
958 2949 987 2978 in
1002 2947 1151 2983 Comitiva
1167 2948 1231 2987 sua,
1250 2949 1280 2978 in

217 2987 372 3018 Nuncium
391 2987 515 3026 ipsorum
529 2985 622 3015 Ducis
634 2985 668 3016 δι’.
685 2985 908 3017 Communitatis
922 2987 1078 3024 veniendo,
1094 2987 1201 3018 ibidem
1215 2997 1280 3017 mo-

218 3025 324 3062 raudo,
339 3026 372 3056 &
394 3023 495 3058 exinde
508 3023 545 3055 ad
559 3024 672 3063 propria
685 3020 831 3055 redeundo
840 3047 850 3062 ,
868 3034 984 3055 necnon
996 3024 1114 3064 Equos,
1130 3025 1227 3065 Bona,
1246 3025 1293 3058 &'

221 3062 357 3095 Hernefia
368 3063 414 3092 sua
426 3071 631 3101 quaecumque,

256 3101 341 3131 Dum
353 3108 463 3138 tamen,
479 3099 580 3135 &aut
593 3105 623 3131 in
630 3099 763 3140 fimiIibus
775 3101 808 3130 de
822 3101 961 3131 Conduetu
976 3104 1091 3132 Literis.

255 3138 342 3171 Teste
366 3137 447 3178 Rege
459 3138 532 3191 apud
554 3138 830 3180 Wstmonasterium‚
849 3140 954 3172 Tertio
973 3140 1019 3171 die
1035 3140 1148 3179 Aprilis.

901 3219 954 3248 Per
970 3216 1054 3258 iincm
1072 3220 1176 3256 Regem.

486 3361 545 3393 Pro
571 3334 693 3392 Nuncio¹
709 3361 807 3393 Ducis
823 3360 1009 3408 Burgundiae.

224 3446 309 3504 RE
317 3446 362 3484 X,
378 3455 428 3485 per
443 3444 550 3476 Literas
564 3443 622 3474 suas
640 3443 767 3475 Patentes
778 3468 788 3481 ‚
805 3444 891 3484 usque
907 3445 1022 3477 Festum
1035 3446 1199 3480 Nativitatis
1210 3449 1278 3481 San-

302 3486 343 3517 cti
357 3484 495 3522 Johannis
509 3481 657 3520 Baptistae,
675 3484 813 3520 proximo
834 3485 960 3515 futurum
975 3485 1133 3525 duraturas,
1146 3487 1281 3527 suscepit,

224 3523 284 3559 &ia
305 3530 337 3554 ut
366 3524 433 3562 apra
450 3521 530 3563 usque
546 3520 598 3560 ibi,
616 3521 761 3560 speciales,
778 3520 816 3556 (79.
837 3529 901 3553 tunc
911 3522 969 3564 fic,
986 3523 1138 3555 Rolandum
1155 3525 1187 3555 de
1205 3529 1281 3557 Hut-

222 3560 302 3593 kerke
316 3560 346 3592 C
367 3562 451 3592 ivaler
465 3563 493 3591 in
510 3560 647 3599 Regnum
661 3558 750 3598 Regis
763 3559 892 3599 Angliae,
912 3572 996 3599 penes
1007 3560 1159 3593 Personam
1173 3563 1280 3604 Regis,

221 3611 289 3632 cum
311 3599 427 3630 Decem
445 3599 480 3630 ὃς
498 3598 621 3629 Novem
643 3597 765 3628 Famulis
787 3600 816 3629 in
828 3598 986 3642 ,Comitiva
999 3599 1061 3640 sua,
1079 3602 1109 3632 in
1123 3601 1279 3635 Nuncium

219 3642 305 3670 Ducis
321 3638 486 3676 Burgundiae
503 3635 646 3669 veniendo
679 3635 739 3671 &c.
754 3642 785 3666 ut
800 3637 835 3676 su
852 3648 894 3668 ra.

256 3676 345 3710 Teste
357 3676 440 3718 Rege
453 3675 527 3717 apud
542 3659 724 3717 Teukesssury,
739 3645 862 3708 secuncso
875 3676 922 3707 die
936 3676 1049 3717 Aprilis.

739 3745 742 3752 i

870 3754 926 3784 Per
943 3754 1024 3793 spfiem
1042 3757 1143 3794 Regem.

249 4051 321 4083 Tam.
349 4053 399 4084 1V.
417 4053 450 4082 P.
468 4055 510 4083 ΙΙ.

1329 175 1807 223 PUBLICA.

1894 308 1999 320 †--

1526 347 1553 374 ’ἦ
1569 352 1626 382 Pro
1652 353 1750 384 Lucia
1777 354 1857 387 Filia
1881 356 1975 387 Ducis
1998 354 2183 390 Mediolani.

1319 435 1368 467 As
1395 434 1636 482 trcshomtrables
1656 440 1692 475 (ᾖ
1717 439 1849 485 treffsi'ages
1863 443 2019 487 Seigneurs
2034 442 2074 474 les
2089 445 2245 490 Setgnmrs
2260 445 2377 491 Espiri-

1450 486 1525 518 tuels
1546 488 1582 523 (ῤ’
1606 488 1770 531 Jcmporels
1795 487 1830 519 de
1860 487 1913 531 cest
1929 490 2044 535 present
2066 493 2245 525 Parlement.

1375 568 1485 609 Riont,

1419 608 1539 638 Thomas
1556 609 1622 639 Duk
1641 608 1672 638 de
1691 607 1836 647 clarence,

1355 644 1456 685 Efi'mm
1472 651 1559 676 Count
1578 649 1610 677 de
1626 647 1761 685 Marche,

1357 684 1476 714 Thomas
1493 689 1580 715 Count
1590 686 1622 715 de
1640 685 1779 725 Salesbury
1788 709 1798 724 ,

1357 723 1452 762 Henry
1470 722 1501 751 le’
1522 727 1597 761 Scrop
1615 727 1740 761 Seigneur
1758 726 1789 753 de
1809 723 1954 763 Mafham,

1356 759 1437 796 John
1455 761 1547 790 Nevil
1564 762 1628 791 Fitz
1649 764 1681 792 ὅτ
1703 762 1774 792 Heir
1792 763 1873 800 Raus
1884 767 1971 792 Count
1989 763 2021 792 de
2039 764 2246 807 W’stmerlaud,

1356 797 1399 874 ἓ
1414 801 1498 828 Lucie
1514 801 1592 828 Feme
1609 812 1627 829 a
1644 800 1769 839 Efinond
1780 801 1931 838 n'adgaires
1948 807 2037 831 count
2054 802 2085 832 de
2102 806 2195 842 Kent,

1395 846 1444 873 ue,

1358 873 1456 905 Gome
1473 874 1554 913 John
1572 877 1636 906 Duk
1651 876 1683 905 de
1700 875 1797 905 Melan
1814 876 1846 906 &
1865 875 1894 906 la
1910 877 2076 908 comunaltie
2093 879 2124 909 de
2143 883 2216 909 Citee
2231 881 2263 912 de
2281 884 2378 915 Melan

1320 912 1471 950 n’adgaires
1493 924 1540 952 par
1560 915 1622 944 lour
1639 914 1767 952 Escriptz
1782 914 1964 951 Obligatioiis
1981 916 2127 955 Severalx,
2147 928 2198 954 pur
2216 918 2378 952 Matrimoi-

1319 960 1376 989 gne
1391 960 1470 982 entre
1483 954 1509 981 E
1505 952 1609 992 fitzond
1613 977 1623 991 ,
1638 953 1788 990 n’adgaires
1804 956 1890 982 Count
1904 954 1936 983 de
1949 957 2025 984 Kent
2034 977 2043 993 ,
2062 956 2094 986 &
2113 958 2196 986 Lucie
2211 957 2279 986 Fille
2290 971 2308 988 a
2321 963 2380 991 Sire

2341 194 2391 241 73

2401 267 2480 299 Ann.
2491 267 2534 299 D.

2420 315 2506 345 14¹4·

2400 349 2464 372 Hen.
2485 354 2512 379 ς,

2404 377 2422 395 ”
2442 383 2495 411 ix.

2405 429 2465 448 121.

2397 582 2449 609 Aa.
2467 588 2493 607 2.

2399 622 2434 646 H.
2450 627 2478 653 5.

2399 659 2440 682 Ex
2462 660 2532 683 Bun-

2401 694 2452 721 ‹lelo
2465 695 2531 720 Peti-

2399 733 2499 759 tionum

2399 768 2468 806 infra

2400 808 2507 835 Turrim

2400 855 2427 874 2.
2444 849 2479 876 H.
2486 854 2516 881 5.

1322 990 1472 1026 Barnabo,
1491 991 1639 1022 n'adoaires
1661 992 1727 1021 Duk
1749 991 1781 1020 de
1802 991 1918 1030 Melan,
1938 1003 1954 1023 a
1975 992 2135 1024 Contrahei·
2152 996 2186 1024 ὃς
2202 995 2309 1035 afaire,
2329 1006 2382 1029 eux
2409 992 2415 998 ⁸

1323 1028 1481 1067 obligerent
1494 1030 1530 1060 de
1543 1015 1632 1060 doner
1646 1030 1679 1060 ὃς
1697 1039 1780 1069 payer
1793 1039 1826 1060 au
1841 1032 1881 1060 dit
1895 1032 2046 1068 n'adgaires
2060 1036 2164 1070 count,
2175 1043 2213 1063 ou
2228 1044 2243 1064 a
2258 1035 2295 1064 ses
2310 1035 2382 1067 Hei-

1322 1076 1381 1104 res,
1399 1077 1437 1099 ou
1460 1078 1476 1098 a
1496 1068 1545 1098 son
1568 1069 1752 1100 Procurators
1770 1069 1825 1098 lxx.
1847 1068 1931 1100 Mille
1951 1069 2067 1101 Florens
2082 1081 2110 1101 as
2127 1073 2244 1103 certeins
2251 1074 2318 1111 jour
2332 1084 2382 1106 ore

1321 1106 1431 1144 paffez,
1449 1107 1482 1136 &
1497 1106 1565 1136 souz
1579 1108 1683 1138 certein
1702 1107 1813 1137 fourme
1825 1117 1860 1137 en
1876 1107 1912 1138 les
1929 1108 1989 1139 ditz
2003 1108 2133 1149 Escriptz
2148 1118 2312 1151 contenuz,
2330 1123 2381 1144 co-

1323 1153 1371 1173 me
1380 1144 1479 1182 ycelles
1491 1145 1561 1183 pluis
1574 1157 1609 1176 au
1625 1146 1699 1183 plein
1715 1155 1796 1183 purra
1809 1147 1951 1185 apparoir,

1359 1181 1418 1219 Et,
1436 1183 1572 1213 combien
1594 1193 1649 1221 que
1674 1183 1880 1222 Mati‘imoigne
1901 1194 1980 1215 entre
2003 1184 2042 1215 les
2058 1185 2117 1216 ditz
2132 1187 2279 1226 n'adgaires
2293 1192 2382 1220 count

1322 1219 1357 1249 &
1384 1222 1466 1249 Lucie
1484 1220 1567 1251 estoit
1591 1222 1739 1259 celebrez,
1757 1231 1842 1251 come
1865 1224 2057 1254 notoirement
2077 1224 2117 1255 est
2140 1235 2254 1263 conuz,
2272 1227 2383 1259 Nient-

1321 1258 1413 1289 meins
1435 1258 1473 1289 du
1496 1259 1539 1290 dit
1561 1259 1682 1289 Somrne
1704 1261 1804 1290 ascune
1824 1262 1964 1298 paiement
1985 1261 2056 1291 n’est
2080 1273 2208 1301 unquore
2232 1266 2296 1303 fait,
2312 1276 2327 1296 a
2340 1276 2379 1305 gu

1493 1297 1529 1327 de
1546 1297 1650 1328 l'Alme
1671 1297 1709 1328 du
1732 1298 1771 1327 dit
1785 1297 1933 1337 n’adgaires
1947 1303 2051 1337 Count,
2068 1300 2210 1332 deficome
2225 1303 2244 1332 il
2259 1304 2382 1335 murrust

1320 1343 1356 1364 en
1372 1334 1494 1373 graunde
1509 1335 1615 1373 Dette,
1634 1336 1710 1367 nient
1723 1336 1759 1366 de
1773 1335 1834 1366 Son
1849 1346 1885 1366 en
1902 1338 2175 1377 Substance,oultre
2189 1341 2214 1371 la
2227 1341 2284 1372 dite
2297 1342 2384 1373 Som-

1321 1382 1387 1411 me,
1409 1375 1487 1413 apres
1509 1372 1534 1404 sa
1549 1374 1670 1405 moriant
1680 1397 1690 1413 ,
1708 1374 1791 1404 leffez
1807 1384 1858 1414 pur
1873 1384 1900 1404 as
1915 1375 2034 1406 diverses
2047 1377 2085 1407 ses
2097 1377 2293 1410 Creanceours
2306 1381 2382 1412 satis-

1321 1410 1369 1441 fier
1383 1421 1421 1442 ou
1435 1419 1582 1443 contenter
1591 1435 1601 1451 ,
2144 1428 2148 1437 ‘

1359 1450 1406 1491 Q
1424 1449 1514 1489 pleas?
1534 1462 1565 1480 as
1589 1461 1638 1480 vas
1659 1449 1792 1490 Treffiiger
1813 1450 1966 1489 difi'retians
1989 1453 2163 1485 rendrement
2186 1456 2344 1490 confideret·
2356 1458 2382 1490 le

1320 1487 1412 1519 haulte
1430 1488 1580 1520 dissoialtee
1591 1489 1639 1520 des
1652 1489 1714 1519 ditz
1728 1489 1793 1519 Duk
1808 1489 1840 1520 &
1857 1489 2014 1519 comunalte
2027 1501 2063 1521 en
2077 1493 2136 1522 cest
2151 1496 2251 1533 partie,

1357 1527 1414 1564 Et,

1359 1566 1406 1597 Au
1423 1566 1472 1605 fyn
1488 1575 1542 1604 que
1555 1566 1577 1596 la
1596 1565 1652 1597 dite
1665 1565 1774 1596 somme
1790 1566 1851 1603 puis
1863 1564 1889 1596 le
1904 1565 1972 1604 pluis
1987 1566 2043 1597 tost
2061 1567 2130 1598 estre
2145 1570 2240 1608 paiez,
2258 1580 2333 1604 taunt
2346 1584 2382 1605 en

1318 1603 1466 1643 descharge
1488 1605 1535 1635 del
1557 1605 1642 1636 Alme
1664 1604 1702 1634 du
1724 1604 1765 1635 dit
1787 1605 1936 1644 n’adgaiies
1950 1608 2037 1635 Count
2052 1608 2100 1644 qui
2116 1609 2236 1638 murrust
2252 1610 2382 1651 intestat‚

1318 1652 1403 1673 corne
1417 1653 1454 1673 en
1468 1643 1641 1673 relevement
1657 1642 1704 1672 des
1719 1642 1841 1673 Poveres
1854 1643 2112 1682 Creanceours,les
2127 1647 2221 1683 queles
2235 1649 2295 1678 sont
2313 1650 2380 1680 Lie-

1319 1691 1369 1718 ges
1382 1693 1397 1712 a
1414 1681 1481 1720 Roy
1496 1682 1590 1712 nosti-e
1605 1681 1741 1720 Seignour
1756 1680 1983 1720 Soveraigne,&
2000 1682 2038 1712 les
2053 1684 2144 1721 queles
2157 1685 2221 1715 sanz
2238 1685 2383 1720 Paienient

1317 1730 1350 1788 ²1²)
1355 1729 1411 1765 eux
1432 1719 1467 1751 de
1489 1720 1592 1789 landite
1613 1719 1732 1750 Somme
1752 1730 1768 1750 a
1783 1720 1848 1751 faire
1861 1721 1966 1752 serront
1980 1720 2083 1752 defaitz
2097 1732 2123 1753 as
2140 1731 2220 1754 toutz
2235 1725 2326 1765 ioum,
2345 1737 2380 1765 qe

1409 1768 1447 1788 ne
1501 1769 1508 1788 i

1353 1769 1402 1828 leDUe
1419 1769 1507 1837 mxii
1522 1769 1545 1828 ae
1552 1782 1649 1827 ’nostre
1664 1796 1704 1827 dit
1718 1799 1841 1835 Seigneur
1859 1796 1884 1826 le
1900 1800 1971 1836 Roy,

1351 1835 1508 1867 Desicorne
1521 1836 1598 1875 nully
1613 1836 1647 1866 ad
1662 1836 1732 1866 volu
1749 1837 1791 1866 sur
1805 1836 2234 1886 luyprendrel’Administration
2242 1840 2289 1871 des
2297 1840 2380 1873 Biens

1316 1874 1351 1905 &
1375 1874 1521 1912 Chateux,
1539 1885 1594 1913 que
1613 1874 1706 1905 furent
1727 1885 1742 1904 a
1758 1875 1799 1905 dit
1815 1885 1833 1903 n
1843 1875 1964 1921 adgaires
1979 1879 2066 1906 Count
2077 1901 2087 1914 ,
2106 1887 2158 1917 pur
2174 1878 2200 1908 le
2213 1881 2283 1918 petit
2298 1881 2379 1911 valae

1317 1913 1454 1951 d’icelles,
1471 1915 1505 1945 &
1526 1913 1669 1944 desicome
1685 1914 1746 1943 auxi
1764 1913 1789 1943 la
1804 1913 1860 1944 dite
1874 1914 1996 1946 ,bomine
2012 1925 2048 1945 ne
2060 1924 2142 1952 puira
2156 1916 2227 1948 estre
2239 1917 2380 1956 Recoveff

1317 1960 1366 1983 rez
1381 1962 1428 1991 par
1443 1952 1469 1982 la
1482 1951 1619 1982 Comune
1631 1952 1675 1993 ley
1687 1950 1896 1990 d’Engleteri-e,

1357 1991 1426 2030 Que
1445 1991 1492 2030 luy
1510 1991 1598 2029 please
1606 1998 1622 2029 ,⁴
1633 1990 1669 2021 de
1690 1990 1716 2021 sa
1737 1989 1899 2021 habundant
1923 1990 2035 2030 Grace,
2056 2001 2104 2031 par
2122 1993 2259 2024 auetorite
2279 1994 2378 2026 d'icest

1318 2030 1425 2068 present
1443 2028 1618 2067 Parlement,
1637 2030 1781 2061 Graunter
1805 2038 1820 2059 a
1844 2027 2032 2071 l'Ercevesque
2048 2031 2080 2060 de
2096 2032 2244 2062 Cantebriz
2258 2034 2306 2071 qui
2320 2034 2380 2073 est,

1318 2077 1358 2098 ou
1381 2068 1429 2107 qui
1450 2077 1501 2107 pur
1517 2068 1542 2099 le
1553 2076 1643 2106 temps
1656 2068 1742 2105 serra,
1760 2077 1800 2098 ou
1815 2077 1830 2097 a
1843 2067 1872 2111 le
1883 2068 2011 2099 Gardein
2024 2068 2060 2099 de
2073 2069 2110 2099 les
2125 2069 2327 2110 Espiritueltees
2343 2073 2380 2104 de

1318 2106 1424 2138 mesme
1443 2106 1665 2139 l’Ercheveschie
1685 2106 1722 2136 de
1738 2105 1910 2144 Cantebriz,
1929 2115 2014 2145 qaunt
2027 2107 2054 2137 le
2069 2107 2123 2138 See
2137 2108 2173 2139 de
2186 2110 2291 2140 mesme
2306 2110 2380 2148 l’Er-¹

1318 2144 1486 2177 cheveschie
1498 2155 1552 2176 ceo
1566 2146 1699 2184 voidera,
1716 2144 1754 2175 ses
1768 2144 1877 2176 Lettres
1889 2147 1925 2175 de
1942 2144 2028 2176 Merk
2044 2146 2077 2177 δε
2092 2146 2128 2176 de
2143 2146 2303 2188 Repriiaill‚

1346 2183 1535 2223 'Grauntant,
1550 2185 1583 2216 &
1606 2184 1730 2215 Licence
1752 2183 1885 2222 especiale
1905 2183 2030 2222 donant,
2045 2194 2096 2222 pur
2120 2185 2202 2225 Luy,
2219 2188 2252 2218 &
2272 2197 2324 2226 pur
2337 2188 2378 2219 ses

1319 2223 1438 2261 Heires,
1455 2234 1482 2254 as
1496 2223 1556 2254 ditz
1569 2222 1766 2262 Erchevesque
1781 2232 1820 2253 ou
1833 2221 1960 2266 Gardein
1969 2245 1978 2260 ,
1992 2233 2040 2261 par
2055 2223 2172 2255 mesmes
2186 2225 2223 2255 les
2238 2225 2298 2256 ditz
2313 2226 2380 2258 Let··

1320 2260 1908 2331 {tinisaiffiafflzssfissffee²231.ssssss
1919 2263 2031 2337 {eligi}
2040 2262 2228 2331 iffa-‘3³35
2234 2263 2328 2341 &2133
2342 2266 2379 2335 {⁸}

1321 2338 1500 2369 Distrietuels
1532 2348 1618 2369 come
1640 2347 1712 2368 ceux
1728 2322 1766 2375 {qe
1779 2337 1873 2367 furent
1889 2337 1928 2367 du
1941 2337 1998 2368 dite
2013 2336 2113 2376 Citee,
2132 2339 2156 2369 le
2168 2340 2234 2377 jour
2245 2341 2282 2371 de
2297 2314 2380 2372 Coln-

1322 2378 1418 2408 fecion
1432 2377 1479 2408 des
1494 2362 1554 2407 ciitz
1572 2376 1716 2420 Escriptz‚
1732 2376 1798 2419 auxi·
1808 2374 2003 2412 Distrietueis,
2019 2376 2052 2406 &
2066 2377 2128 2407 lour
2142 2387 2195 2409 ont
2208 2379 2384 2419 transportez.

1321 2415 1418 2455 Depar
1440 2416 1465 2446 la
1480 2424 1496 2444 a
1509 2414 1574 2446 Ven
1594 2426 1620 2454 s,
1637 2414 1752 2453 illoeqes
1764 2413 1876 2444 faisantz
1895 2413 1959 2444 lour
1975 2413 2118 2453 Demoer,
2137 2415 2328 2449 lour.Fesours
2344 2421 2380 2450 ὃς

1320 2454 1364 2486 les
1378 2454 1502 2485 Aetours
1519 2454 1556 2484 de
1575 2425 1626 2484 lou

1320 2501 1405 2532 ront,
1423 2493 1509 2523 sibien
1521 2502 1568 2532 par
1583 2492 1667 2523 decea
1682 2492 1707 2522 la
1760 2500 1821 2529 eer,
1836 2500 1922 2521 come
1933 2500 1982 2534 par
1992 2490 2052 2522 dela
2065 2492 2089 2523 la
2106 2492 2206 2532 Meer,
2225 2504 2274 2532 par
2287 2495 2382 2527 Terre

1321 2533 1356 2564 &
1369 2541 1418 2570 par
1432 2530 1536 2570 Meet,
1552 2530 1772 2561 ensemblement
1784 2539 1841 2560 ove
1855 2528 1917 2560 lour
1930 2529 2034 2568 Nrefs,
2050 2530 2180 2570 Affeant,
2198 2532 2380 2572 Biens,Det-

1324 2578 1382 2609 tes,
1397 2570 1592 2608 Obligations,
1610 2570 1644 2601 δε
1666 2576 1754 2599 autres
1773 2567 1898 2599 Seurtees
1920 2577 2105 2608 queonques,
2127 2579 2144 2601 a
2162 2580 2216 2601 eux
2236 2571 2319 2611 faitz,
2344 2574 2379 2605 δε

1322 2609 1385 2639 lour
1399 2608 1608 2639 Marchandises
1622 2616 1784 2646 queconqes
1799 2607 1955 2644 prendrez‚

1360 2647 1398 2678 Et
1412 2647 1465 2684 les,
1478 2656 1506 2677 as
1520 2656 1589 2684 oeps
1602 2646 1650 2677 des
1663 2646 1724 2676 ditz
1738 2645 1871 2683 Priantz,
1883 2653 1984 2683 tanque
1999 2645 2074 2683 plein
2086 2647 2119 2678 ὃς
2133 2648 2220 2678 entier
2234 2647 2383 2682 Paiement

1321 2695 1421 2755 fflllx'
1428 2686 1522 2754 ἒβὶεη
1535 2685 1573 2716 du
1586 2684 1644 2754 dile
1656 2683 1991 2753 Spgffifficgegzfflige
2008 2684 2278 2757 {slorffiis’eccglessde
2293 2687 2382 2758 Cpik

1321 2735 1431 2795 erilcgst
1444 2734 1706 2801 pgrsstrieezpsoritofgit,
1723 2731 1948 2800 avoirf'ga’rder,
1973 2731 2008 2792 ἓ
2025 2746 2117 2805 tenir,
2147 2735 2159 2754 S
2250 2735 2321 2764 xpen
2335 2738 2379 2768 es'

1357 2801 1395 2833 Et
1410 2802 1447 2832 les
1463 2801 1523 2832 ditz
1538 2801 1646 2832 Lettres
1659 2800 1695 2830 de
1709 2799 1797 2830 Meri<
1810 2800 1842 2831 &
1856 2798 1892 2829 de
1906 2799 2085 2843 Repriffiil,s1
2099 2803 2197 2832 iovent
2214 2812 2300 2834 come
2316 2804 2379 2837 lour

1321 2840 1455 2871 semblera
1470 2840 1575 2871 meultz
1584 2864 1593 2877 ‚
1603 2850 1639 2870 en
1654 2839 1811 2870 Execution
1830 2846 1931 2868 mettre
1945 2848 1983 2868 ou
1995 2837 2062 2868 faire
2076 2848 2177 2870 mettre
2189 2841 2307 2879 puissent
2327 2843 2379 2873 loi-

1302 2901 1309 2908 .
1320 2879 1484 2917 siblement‚
1502 2878 1535 2910 δε
1548 2878 1612 2908 sanz
1627 2887 1734 2916 peyne,
1752 2877 1785 2907 δε
1806 2878 1871 2907 sanz
1892 2875 2096 2907 destourbance
2112 2878 2149 2908 de
2160 2880 2253 2910 nostre
2266 2880 2307 2910 dit
2323 2885 2385 2911 Sei:

1337 2928 1403 2948 neur
1430 2917 1454 2948 le
1478 2920 1533 2958 Ray
1540 2939 1551 2958 ,
1569 2927 1608 2947 ou
1631 2917 1666 2947 de
1688 2916 1725 2946 ses
1746 2915 1865 2953 Heires,
1879 2924 1918 2944 ou
1939 2915 1975 2945 de
1995 2914 2034 2958 ses
2054 2915 2216 2956 Admiralx,
2234 2928 2273 2948 ou
2293 2919 2329 2949 de
2343 2921 2381 2951 ses

1356 2957 1441 2995 eires,
1457 2966 1499 2986 ou
1514 2956 1561 2986 des
1580 2955 1767 2986 Lieutenantz
1784 2952 1831 2983 des
1845 2953 1906 2983 ditz
1926 2952 2090 2992 Admiralx,
2109 2965 2147 2985 ou
2169 2955 2286 2987 d'autres
2301 2957 2380 2988 Offi-

1323 3005 1382 3025 cers
1401 3005 1439 3026 ou
1460 2994 1606 3026 Ministres
1619 2993 1714 3025 nostre
1730 2993 1771 3023 dit
1785 2994 1909 3029 Seigneur
1921 2990 1946 3021 le
1958 2995 2015 3031 Ray
2021 3014 2032 3030 ,
2048 3002 2088 3023 ou
2104 2993 2140 3024 de
2154 2993 2191 3025 ses
2205 2994 2264 3026 ditz
2279 2995 2382 3028 Heires

1343 3043 1435 3065 uecon
1458 3043 1505 3064 ues
2206 3059 2210 3062 .

1323 3044 1342 3072 q
1358 3044 1564 3103 Coniiliera'ntz
1585 3079 1641 3109 que
1663 3069 1751 3100 sibien
1773 3067 1930 3112 nostredit
1948 3071 2072 3107 Seigneur
2090 3069 2115 3100 le
2138 3073 2210 3110 Roy,
2229 3081 2314 3104 come
2328 3074 2378 3104 son

1323 3110 1502 3141 trelhonuree
1520 3110 1586 3140 Pier
1602 3109 1667 3147 (qui
1689 3107 1766 3138 Dieu
1789 3106 1961 3145 pardOigne)
1979 3116 2048 3147 ont,
2071 3119 2119 3147 par
2136 3111 2151 3126 ³*
2170 3111 2233 3140 lour
2250 3111 2379 3150 Lettres,

1321 3158 1370 3186 par
1387 3149 1492 3180 devant
1513 3158 1557 3179 ces
1579 3148 1676 3185 heurs,
1691 3145 1820 3183 Escriptz
1839 3155 1866 3176 as
1887 3147 1950 3176 ditz
1969 3147 2034 3175 Duk
2056 3147 2089 3177 δι
2113 3147 2268 3178 Comunalte
2281 3159 2333 3189 pur
2349 3151 2376 3182 le

1322 3185 1466 3218 Paiement
1483 3186 1531 3218 des
1548 3187 1607 3217 ditz
1623 3186 1677 3215 lxx.
1697 3183 1781 3214 Mille
1798 3183 1931 3223 Florens,
1945 3183 2026 3214 solon
2038 3184 2142 3216 l’effeet
2157 3186 2205 3216 des
2218 3186 2344 3220 Seurtees
2362 3200 2379 3222 a

1321 3225 1406 3264 faire,
1446 3236 1479 3256 ur
1493 3225 1585 3264 queles
1598 3224 1723 3256 Seurtees
1737 3223 1818 3266 n'orit
1830 3223 1860 3253 ils
1874 3223 2013 3266 rienlfait‚

1358 3264 1398 3295 Et
1412 3236 1601 3294 (gonsiderant
1614 3263 1677 3293 auxi
1695 3263 1792 3300 que,ii
1809 3261 1892 3292 ascun
1906 3261 1978 3300 Lige
1991 3272 2029 3292 ou
2046 3261 2147 3302 Subgit
2160 3261 2256 3293 nostre
2270 3263 2312 3295 dit
2326 3269 2383 3296 Sei-

1317 3307 1402 3340 gneur
1416 3302 1440 3332 le
1453 3305 1508 3341 Roy
1522 3302 1617 3332 serroit
1632 3299 1757 3340 Obligez
1769 3310 1785 3330 a
1799 3300 1840 3330 dit
1860 3300 1941 3337 Duk,
1961 3309 2000 3344 ou
2012 3310 2027 3330 a
2042 3300 2146 3340 ascuny
2163 3300 2212 3331 des
2228 3301 2334 3343 Soens,
2350 3306 2383 3336 ils

1321 3342 1384 3372 lour
1407 3343 1551 3372 vorroient
1573 3348 1620 3370 ent
1641 3339 1773 3376 purveoir
1795 3339 1854 3369 bon
1876 3339 1910 3368 &
1934 3338 2038 3368 hastive
2051 3337 2210 3378 Remedie,
2229 3340 2312 3373 saunz
2326 3353 2381 3374 ceo

1321 3380 1384 3448 q'iff
1402 3380 1549 3424 vorroient
1570 3378 1697 3410 tieltnent
1711 3376 1791 3416 ,estre
1813 3376 1920 3409 mokez
1931 3399 1941 3415 ‚
1958 3385 2046 3410 corne
2058 3377 2090 3409 ils
2103 3376 2192 3409 Nous
2206 3380 2329 3413 mokent
2343 3391 2380 3412 en

1322 3427 1358 3449 ce
1397 3426 1491 3457 partie.

1358 3495 1481 3572 Εῗέξΐῖ,
1490 3532 1541 3570 star
1558 3531 1584 3562 le
1598 3535 1626 3563 in
1636 3531 1742 3570 peist'ion
1756 3530 1789 3561 de
1807 3530 1844 3561 les
1863 3530 2032 3569 obligations
2049 3531 2088 3572 ὠ·
2105 3535 2225 3563 Seurtees
2231 3530 2313 3571 faitz
2327 3534 2381 3562 cel-¹

1768 3570 1776 3581 θ

1320 3572 1344 3602 le
1366 3575 1479 3610 Partie,
1494 3581 1580 3601 vorra
1617 3573 1674 3600 aire
1690 3580 1731 3599 ceo
1733 3581 1768 3637 dq
1776 3569 1800 3599 il
1805 3576 1869 3607 poet
1883 3569 1942 3600 bien
1957 3569 1995 3605 ὠ·
2014 3570 2223 3610 resbnablement
2231 3570 2309 3610 faire
2323 3580 2377 3609 pur

1320 3610 1345 3641 le
1361 3613 1512 3647 Re'coverer
1524 3609 1556 3639 de
1574 3608 1603 3639 la
1616 3612 1716 3638 Somme
1752 3619 1791 3638 ue.

1505 3744 1555 3776 De
1583 3741 1810 3787 Confirmatione
1836 3745 2026 3790 Treugarum
2053 3741 2187 3785 Castellae.

1320 3825 1445 3883 REX
1465 3826 1626 3865 Omnibus,
1640 3828 1675 3858 ad
1692 3837 1775 3872 quos,
1796 3828 1856 3859 &o
1876 3828 2009 3858 Salutem.

1433 3864 1479 3895 IN
1492 3875 1505 3896 s
1517 3874 1535 3895 P
1544 3874 1562 3896 E
1572 3875 1608 3896 XI
1616 3874 1642 3896 Μ
1651 3875 1675 3896 υ
1685 3875 1697 3896 s
1715 3866 1823 3897 Literas
1842 3866 1986 3903 Parentes,

1351 3901 1442 3939 Super
1457 3904 1578 3939 quadam
1592 3903 1771 3939 Concordia,

1628 2463 1641 2483 r
1660 2452 1714 2483 Ne
1732 2461 1816 2491 oceS,
1833 2451 1926 2490 queles
1940 2452 1973 2483 &
1985 2454 2123 2484 combien
2135 2455 2166 2484 ils
2179 2456 2297 2494 prendre
2311 2467 2385 2495 pur--

2397 3125 2414 3142 ⁴*
2436 3126 2490 3154 IX.

2399 3173 2462 3193 122.

2394 3834 2471 3866 Ann.
2482 3835 2529 3868 D:

2412 3883 2499 3913 1414.

2390 3917 2442 3940 Aa.
2461 3924 2486 3941 2.

1353 3938 1429 3971 Inter
1442 3942 1519 3980 Nos,
1536 3952 1590 3980 pto
1600 3942 1700 3973 Nobis
1713 3952 1746 3972 ac
1763 3941 1869 3980 Regno
1883 3940 1982 3984 nostro
1997 3939 2124 3984 4⁰35&
2135 3939 2259 3984 'Ducatu
2279 3942 2375 3981 Aqui-
2392 3955 2425 3978 H.
2443 3960 2469 3985 5.

1315 3979 1417 4016 taniae,
1435 3978 1548 4018 Terris,
1564 3980 1679 4018 Patriis,
1698 3980 1873 4016 Territoriis,
1893 3979 2054 4016 Dominus,
2072 3977 2260 4019 Civitatibus,
2279 3982 2368 4019 Villis,
2388 3992 2474 4017 franc.
2495 3998 2521 4016 2.

1316 4014 1439 4057 Castris,
1459 4017 1625 4057 Fortalitiis‚
1643 4018 1764 4059 Opidis,
1782 4018 1814 4049 ὃς
1829 4026 1930 4048 eorum
1943 4017 2106 4056 Suburbiis‚
2126 4018 2155 4048 in
2164 4018 2372 4057 Jurisdietioni-
2390 4030 2422 4054 H.
2440 4036 2465 4061 5.

1855 4054 1885 4085 K

2322 4059 2374 4088 bus
2388 4073 2423 4092 m.
2440 4064 2485 4091 28,
