2562 4274
69 191 150 224 'Ann.
166 190 208 221 D.

99 239 185 268 1412.

73 274 137 299 Hm·
156 279 185 305 4·
228 278 277 311 De
299 277 485 320 J’rocedendo
504 279 595 323 fizper
620 276 760 308 nullitate
780 275 940 322 ηιμ-[ἅλω
960 278 1111 309 Sententiae
1117 274 1208 320 fitper
1223 275 1291 306 Ho-

105 469 173 524 m

54 575 62 584 ·
75 544 113 564 m.
135 544 179 570 29.

77 887 207 929 *vnn

73 936 139 965 731·

220 121 272 148 10

483 326 685 372 stagiazmemo
713 328 837 358 Comitis
862 325 898 358 de
912 327 1025 357 Densa.

75 424 130 449 An.
147 429 192 457 13.
228 412 366 466 REX,
384 411 505 442 Dilee'tis
523 412 556 442 ὃς
577 386 719 441 Fidelibus
737 401 806 448 suis,
828 409 958 449 Jolmnni
977 412 1073 447 Tiptot
1094 406 1201 445 Militi,
1227 409 1291 436 Hu-

76 464 104 487 H

299 456 360 489 guni
386 449 509 480 Lam-ell
531 450 644 486 Militi,
672 447 817 478 Willielmo
839 453 947 486 Sturmy
969 447 1076 484 Nliliti‚
1101 449 1136 479 ὃς
1159 445 1290 485 Johanni

230 489 388 527 Wiltqsht're
420 488 536 527 Militi,
568 487 709 526 Magistro
726 490 843 517 Henrico
866 489 948 516 lVare
962 509 972 524 ,
1005 485 1145 523 Magistro
1167 483 1290 522 Philippo

230 533 367 567 Mor-gan,
387 528 527 567 Magistro
541 526 683 564 Radulpho
699 525 879 564 Grenehurst,
894 523 1034 562 Magistro
1046 523 1176 562 Johanni
1190 526 1290 562 Sprox-

227 576 294 607 ton,
313 568 429 597 Ricardo
451 566 619 597 Clia'erhowe
641 566 815 603 Armigero,
833 566 866 595 «Sc
881 565 923 592 W
923 562 1031 592 illielmo
1048 567 1192 601 Stourton,
1211 561 1291 592 Salu-

267 617 323 636 em.

223 610 499 676 1thMoni'traverunt
512 644 611 682 nobis,
632 641 794 671 Willielmus
807 644 861 670 Far
879 640 951 672 udan
963 639 1114 677 Chivaler,
1129 639 1162 670 δε
1176 638 1290 668 Thomas

225 685 317 714 stokes
333 684 468 722 Armiger
484 682 629 715 Executor
642 679 823 712 Testamenti
846 651 989 718 {ohannis
1000 677 1126 711 Schakell
1141 677 1289 715 defunffi,

251 723 309 753 uod

229 733 247 762 q
268 746 350 792 Cu'm
367 763 500 791 Henricus
520 762 618 798 Percy,
637 768 674 788 nu
696 767 725 788 er
744 760 832 787 Comes
855 755 1064 786 Northumbriae
1077 755 1111 786 ὃ(
1127 753 1289 785 Constaba-

227 799 309 831 larius
329 800 454 838 Angli-ce,
473 801 500 829 in
523 799 641 836 quadam
694 797 754 826 ausa
775 795 980 834 Occupationis
995 796 1028 826 δε
1044 795 1224 836 Detentionis
1239 804 1290 824 cu-

225 839 336 878 jusdam
354 833 465 878 Alfonfi
479 861 489 876 ,
521 836 656 873 Hostagii
677 845 729 872 pro
750 838 851 864 comite
872 835 904 863 de
929 837 1026 873 Denya
1042 856 1052 871 ,
1076 832 1233 863 Prilonario
1254 832 1288 862 &

231 879 250 898 *ὅ
265 877 390 916 Captivo
411 875 480 907 dieti
503 875 545 905 W
548 875 655 905 illielmi
673 873 840 912 Faryndon,
855 871 994 910 johannis
1013 871 1150 908 Schakel,
1162 872 1202 914 ’ὃς
1226 871 1292 900 Ro-

230 917 303 947 berti
324 917 430 954 Haule,
448 916 662 953 Armigerorum
683 911 899 942 Defunctorum
909 933 918 948 ,
933 921 966 940 ac
981 909 1128 940 Custodiae
1141 909 1211 940 dieti
1224 909 1290 939 Hou

230 956 324 996 stagii,
344 957 377 986 &
401 956 585 992 quarumdam
606 952 790 982 Summarum
810 948 946 991 Pecunite
963 958 1016 986 pro
1031 948 1054 978 F
1057 949 1166 979 inancia
1180 948 1214 978 ὃς
1229 946 1292 977 Re-

227 995 393 1033 demptione
411 992 479 1022 dic‘ii
502 990 626 1021 Comitis
640 1012 649 1027 a
681 988 831 1019 occarione
851 990 905 1017 luae
930 986 1107 1024 Captivitatis
1120 1009 1129 1024 ,
1152 995 1221 1016 cum
1240 986 1292 1017 suis

225 1033 276 1063 De
297 1032 432 1062 endentiis

267 1073 345 1110 Qae
368 1055 487 1106 Prirrio,
509 1069 539 1098 in
560 1066 647 1097 Curia
663 1064 758 1095 nostra
778 1063 896 1094 Militari
913 1063 1041 1103 Angliae,
1055 1065 1126 1095 inter
1143 1063 1288 1102 quendam

226 1108 385 1148 Johannem
424 1111 518 1137 Horon
567 1104 754 1135 ‘essionarium
784 1102 952 1142 praetensum
982 1103 1126 1142 cujusdam
1159 1102 1291 1133 Matildis

226 1147 320 1177 Haule
332 1170 341 1186 ,
366 1146 499 1177 Haeredis
517 1145 610 1175 unicae
623 1167 632 1182 ,
665 1151 694 1173 ut
715 1141 897 1180 praetcnditur
909 1165 919 1180 ,
946 1141 1015 1172 dieti
1036 1142 1160 1172 Roberti
1179 1140 1290 1179 Haule,

225 1185 340 1217 Partem
362 1186 526 1223 fictricem,
545 1193 579 1213 ex
592 1190 670 1221 parte
681 1191 752 1219 una,
770 1181 804 1212 δε
817 1180 964 1218 praefatum
975 1180 1139 1219 johannem
1151 1180 1289 1219 Schakel,

226 1223 342 1255 Partem
357 1224 584 1260 Defendentem,
604 1230 637 1250 ex
651 1221 730 1251 altera
740 1242 749 1258 ,

265 1263 303 1294 Et
316 1263 508 1301 subsequenter
527 1260 664 1299 (prfefato
672 1259 804 1297 johanne
819 1257 940 1288 Schakel
955 1258 990 1288 ab
1005 1258 1058 1289 hac
1075 1259 1153 1289 Luce
1169 1257 1288 1289 substra-

223 1302 293 1338 cto)
320 1303 392 1332 inter
419 1302 542 1332 eundem
559 1299 723 1338 johannem
746 1296 850 1327 Horon
871 1295 1080 1327 Ceffionarium
1102 1297 1288 1335 praetensum,

223 1340 339 1371 Partem
356 1340 507 1371 Aelrieem
524 1362 534 1375 ,
556 1347 590 1368 ex
607 1346 685 1375 parte
704 1346 756 1366 una
770 1359 780 1374 ,
806 1336 839 1367 &
857 1335 1006 1373 praefatum
1022 1336 1171 1367 Thomam
1188 1335 1288 1367 Stokes

223 1378 432 1417 Executorem,
450 1378 563 1409 Partem
583 1374 812 1413 Defendentcm,
828 1384 861 1404 ex
878 1374 977 1413 altera,

261 1418 446 1456 Aliquamdiu
465 1417 641 1453 vertebatur,

257 1456 411 1494 Perperhm
435 1457 468 1486 ὅτ,
491 1455 600 1486 nulliter
615 1453 791 1492 procedens,
807 1450 934 1490 Patrique
949 1451 1019 1482 dicti
1030 1451 1167 1490 Johannis
1181 1451 1286 1482 Horon

220 1495 282 1533 plus
299 1495 397 1525 debito
419 1494 529 1530 favens,
547 1493 723 1523 Sententiam
745 1500 796 1530 pro
820 1490 900 1521 Parte
921 1490 1044 1527 ejusdem
1081 1490 1224 1529 ohannis,
1249 1492 1283 1521 δε

221 1543 323 1564 contra
345 1534 491 1572 praefatam
512 1532 623 1562 Partem
645 1530 855 1560 Defendcnteni
877 1529 978 1560 tulili‘et
999 1528 1040 1558 Di
1076 1530 1209 1566 nitivam,
1232 1530 1286 1559 ini-

221 1582 325 1612 quam,
344 1572 512 1609 invalidam,
532 1572 565 1602 δε
589 1579 670 1600 mero
686 1569 756 1608 Jure
769 1568 892 1607 nullam,
909 1568 990 1599 dieto
1006 1568 1048 1598 W
1050 1568 1164 1599 illielmo
1179 1568 1284 1608 Faryn-

221 1621 281 1642 oon

259 1634 350 1687 Ciljus
363 1651 476 1680 notorie
489 1648 612 1679 interfuit
626 1647 658 1677 ὃς
673 1645 803 1683 interest,
822 1655 875 1683 pro
889 1644 1052 1677 defensione
1081 1646 1136 1676 uris
1148 1645 1284 1684 [αἱφα-

219 1696 296 1720 textu
319 1689 462 1719 Financiae
482 1686 642 1725 praedietae,
661 1685 712 1715 fibi
732 1684 856 1723 debitae,
873 1684 908 1714 ad
926 1684 1033 1715 dietam
1077 1685 1170 1716 ausam
1184 1686 1280 1716 vocari

219 1728 255 1759 δί
277 1728 430 1757 iraemuniri

255 1737 290 1796 lii
294 1766 427 1797 ullatenus
438 1751 556 1796 ³vocato
574 1773 627 1794 nec
646 1763 818 1803 praemunito
832 1784 842 1801 ,
866 1761 904 1793 set
921 1761 1034 1793 absente
1050 1772 1112 1793 non
1131 1772 1179 1800 per
1199 1761 1283 1792 Con-

217 1812 372 1837 tumacmm

254 1843 308 1874 Per
325 1828 411 1881 qua’m
429 1842 543 1882 quidem
562 1841 736 1872 Sententiam
754 1847 849 1871 totum
864 1839 916 1878 Jus
932 1838 1002 1870 dieti
1016 1839 1164 1871 Prisonarii
1179 1838 1284 1870 Comi-

215 1882 251 1913 tis
276 1883 311 1912 de
335 1882 459 1922 Denya,
482 1883 516 1912 ὃς
538 1881 622 1910 etiam
648 1880 730 1917 iplius
755 1878 1002 1917 Redemptionem
1027 1879 1083 1910 live
1101 1879 1283 1917 Financiam,

217 1930 290 1951 cum
313 1922 447 1951 omnibus
469 1919 522 1950 suis
545 1919 773 1956 Dependentiis,
814 1927 930 1948 necnon
956 1917 1104 1957 praefatum
1128 1917 1281 1948 Alfonsum

215 1957 391 1998 Hostagium
410 1960 444 1990 &
466 1956 638 1990 Custodiam
661 1957 798 1995 ejusdem,
816 1956 850 1985 ad
872 1955 978 1986 dietam
1000 1956 1111 1987 Partem
1133 1957 1282 1987 Aetncem

214 1998 396 2067 {frtinuissffi
410 1998 563 2039 pertinere,
584 1997 618 2028 &
637 1996 777 2033 pertinere
798 1994 920 2033 debere,
944 1993 1150 2026 Pronunciavit
1167 1995 1202 2026 &
1220 1995 1282 2026 De—

247 2045 332 2068 aravn

250 2060 429 2115 Distainque
454 2075 570 2107 Partem
596 2071 811 2104 Defendentem
839 2072 876 2103 de
894 2072 1118 2111 quibuscumque
1137 2071 1282 2111 Summis,

213 2122 264 2152 per
284 2115 402 2145 eandem
411 2138 420 2154 ,
438 2125 492 2153 pro
505 2113 580 2144 dieta
593 2112 743 2150 Financia,
761 2112 816 2142 sive
828 2111 1041 2151 Redemptione
1053 2106 1124 2143 dieti
1138 2109 1281 2149 Comitis,

212 2153 243 2183 in
263 2163 446 2192 quocumque
464 2161 594 2191 tempore
629 2152 663 2182 «sc
683 2161 732 2188 per
752 2160 964 2189 quamcumque
986 2151 1069 2182 Viam
1094 2151 1228 2188 receptis,
1244 2150 1279 2181 &

213 2191 369 2231 specialiter
388 2192 424 2223 de
444 2192 577 2231 Qatuor
600 2174 721 2220 lVlilibus
739 2189 773 2219 δε
795 2189 892 2229 Septin
913 2190 984 2220 entis
1003 2189 1112 2220 Marcis
1125 2199 1159 2220 ac
1172 2189 1279 2220 Sexde-

213 2230 276 2261 cim
295 2229 414 2261 Milibus
432 2230 624 2265 Francorum,
641 2229 758 2258 nomine
777 2228 810 2258 &
826 2237 861 2259 ex
926 2228 968 2259 usa
982 2227 1068 2258 dietae
1086 2227 1277 2266 Redemptio-

212 2270 257 2299 nis
274 2269 329 2299 five
348 2269 509 2306 Financiae,
535 2277 583 2307 per
602 2266 710 2297 dietam
726 2265 842 2297 Partem
859 2266 1092 2305 Defendentem,
1110 2275 1140 2297 ut
1156 2276 1277 2305 praeten-

210 2307 303 2346 ditur,
323 2308 430 2339 realiter
450 2308 571 2345 receptis
584 2329 594 2345 ,
617 2315 729 2336 necnon
747 2305 783 2336 de
801 2305 882 2336 diCto
899 2306 1019 2336 Alfonso
1035 2307 1070 2338 &
1088 2305 1228 2337 Custodia
1247 2316 1278 2335 e-

206 2346 335 2384 jusdem,
353 2357 386 2378 ac
403 2348 487 2378 etiam
506 2346 542 2377 de
557 2345 683 2384 pluribus
700 2344 909 2382 Munimentis,
928 2343 1040 2382 Carris,
1057 2343 1177 2383 Literis,
1193 2344 1278 2374 Obli-

209 2386 369 2424 gationibus
394 2386 641 2424 quibuscumque,
664 2383 769 2413 dietam
795 2382 1008 2423 Receptionem
1030 2383 1087 2414 sive
1113 2384 1278 2414 Financiam

211 2425 466 2462 concernentibus,
484 2423 686 2462 praefatamque
706 2421 818 2452 Partem
839 2421 1054 2453 Defendentem
1074 2422 1154 2453 fuisse
1170 2423 1203 2453 &
1221 2422 1279 2452 effe

208 2462 337 2492 illicitam
355 2461 552 2494 Detentricem
568 2464 601 2493 ὃς
616 2460 838 2498 Occupatricem
857 2461 1027 2491 eorumdem
1037 2484 1046 2498 ,
1065 2462 1098 2491 ac
1113 2462 1195 2492 etiam
1211 2471 1280 2492 ean-

210 2500 278 2531 dem
298 2501 411 2531 Partem
428 2500 656 2537 Defendeiitem,
674 2499 708 2530 ad
727 2498 887 2528 faciendum
912 2499 1125 2530 Liberationem
1141 2499 1276 2530 effeoua-

209 2538 268 2569 lem
285 2538 371 2568 dietae
389 2538 466 2569 Parti
485 2539 611 2575 Attrici,
627 2537 663 2568 de
681 2537 906 2576 quibuscumque
923 2538 1065 2576 Summis,
1083 2536 1172 2568 Causa
1190 2538 1277 2569 dietae

212 2576 358 2607 Financiae
378 2577 432 2608 sive
451 2576 668 2616 Redemptionis
686 2576 821 2614 receptiS,
836 2585 869 2606 ac
888 2575 922 2606 ad
941 2575 1134 2606 Reddendum
1149 2577 1182 2607 &
1195 2576 1278 2607 Dan-

209 2615 288 2686 {iDuml
307 2614 490 2660 Cornpotum
515 2615 600 2646 dietae
625 2615 703 2645 Parti
729 2614 839 2645 Aelrici
855 2636 866 2651 ,
891 2613 1095 2646 Pronunciavit
1118 2615 1228 2654 insuper
1243 2617 1276 2647 &

246 2664 278 2685 ec
290 2663 375 2686 arawt

246 2677 484 2724 Necnon’diffle
510 2692 586 2723 Parti
612 2690 786 2720 Defendenti
810 2699 899 2721 totam
927 2690 1171 2730 Redemptionem
1189 2691 1275 2723 dietae

208 2731 347 2801 {coelum-*ig
365 2732 427 2775 sore
445 2731 625 2762 Inrerdffliam
643 2729 848 2760 Pronunciavit
867 2729 900 2760 ὃ(
918 2728 1082 2761 Declaravit
1095 2754 1105 2768 ,
1131 2730 1276 2762 Interdixit

278 2780 294 2799 n
318 2780 324 2799 i
347 2778 386 2800 uit

251 2794 410 2848 Eidemqu'e
433 2807 507 2838 Parti
533 2806 706 2838 Defendenti
720 2830 729 2845 ,
754 2807 834 2844 super
861 2805 1062 2837 Molestatione
1085 2808 1119 2838 &
1139 2808 1276 2846 Inquieta-

211 2847 293 2878 tione
307 2847 393 2878 dieite
408 2846 495 2876 Partis
511 2845 651 2884 Adiricis,
667 2846 702 2876 dc
722 2845 847 2881 &super
862 2844 1075 2883 Redemptione
1091 2847 1123 2877 &
1137 2847 1275 2879 Financia

210 2885 391 2924 hujusmodi,
413 2894 481 2916 cum
502 2885 638 2914 omnibus
657 2884 846 2922 pertinentiis,
871 2883 1019 2914 Silentium
1042 2884 1103 2915 fore
1122 2886 1275 2925 imponen-

213 2924 303 2962 dum,
322 2926 354 2954 St
371 2924 523 2962 imposuit,

252 2962 427 3001 Dietamque
446 2961 558 2992 Partem
581 2961 791 2992 Defendentem
810 2959 846 2991 de
862 2960 996 2991 omnibus
1009 2960 1147 3000 Summis,
1168 2973 1218 3002 per
1230 2964 1273 3001 ip-

200 2999 268 3031 hm
291 3003 425 3040 receptis,
442 3002 476 3032 δε
497 3001 580 3031 etiam
601 3000 636 3030 de
654 3000 713 3031 aliis
736 3000 836 3030 Rebus
850 2999 883 3029 &
898 2998 1104 3037 Munimentis,
1122 3001 1159 3031 de
1173 3002 1275 3040 quibus

210 3039 333 3077 superius
346 3039 376 3070 fit
391 3038 556 3077 menti0,ad
569 3038 732 3069 faciendum
749 3037 973 3080 Restitutionem
987 3038 1075 3068 dietae
1089 3039 1163 3069 Parti
1179 3041 1275 3071 Aetn-

212 3078 242 3108 ci
262 3078 368 3108 realiter
380 3079 413 3109 ὃς
426 3087 494 3108 cum
507 3076 612 3107 esteeiu
622 3099 631 3113 ,
651 3078 683 3107 ὃς
698 3078 729 3106 in
742 3076 892 3113 Expenns,
911 3076 940 3105 in
953 3075 1028 3107 dieta
1040 3076 1128 3108 Causa
1143 3087 1192 3115 per
1207 3089 1275 3109 ean-

213 3117 281 3185 gem
302 3116 414 3161 Partem
439 3116 589 3147 Adlricem
612 3116 711 3154 factis,
735 3114 1020 3153 Condempnandum
1042 3115 1122 3155 fore,
1140 3118 1173 3148 &
1192 3116 1276 3148 Con-

235 3165 281 3185 ern
303 3163 379 3186 navit

251 3164 439 3231 Efceptio'nes
452 3194 485 3224 δε
497 3192 685 3223 Defensiones
700 3191 892 3230 quascumque
905 3191 992 3222 dietae
1005 3191 1094 3223 Partis
1107 3192 1277 3226 Defenden-

210 3231 261 3268 tis,
281 3232 311 3261 in
324 3232 400 3263 dieta
415 3231 504 3262 Causa
518 3231 682 3269 propofitas,
697 3231 826 3267 frivolas,
841 3231 1010 3268 illegitimas,
1024 3231 1057 3261 &
1073 3242 1131 3262 non
1146 3233 1274 3270 legitime

211 3270 342 3308 probatas
363 3271 496 3310 reputavit
514 3271 708 3301 sententialiter
729 3270 761 3300 δί
783 3268 952 3306 diffinitive,
969 3269 1079 3299 nulliter
1099 3271 1132 3302 ὃς
1154 3272 1274 3311 injuste,

210 3309 243 3338 in
256 3308 341 3337 dietae
357 3308 444 3339 Partis
459 3308 648 3339 Defendentis
661 3307 855 3346 praejudicium
867 3309 900 3339 &
918 3307 1100 3347 Gravamen,

252 3344 344 3376 Unde
358 3347 424 3377 Pars
437 3346 602 3377 Defendens
616 3346 766 3386 praedieta,
787 3347 903 3376 sentiens
915 3346 953 3376 Se
967 3355 1000 3376 ex
1015 3345 1184 3386 Prcemiffis,
1202 3349 1273 3380 Sen-

210 3385 299 3415 tentia
321 3386 452 3420 praetensa
468 3385 634 3422 diffinitiva,
656 3384 843 3422 Expenfiarum
864 3384 1152 3425 Condempnatione,
1169 3388 1203 3418 ὃς
1216 3398 1275 3418 cae-

212 3423 278 3453 teris
299 3421 519 3454 Gravaminibus
538 3423 695 3461 supradietis
710 3423 837 3453 indebite
851 3424 1031 3461 praegravari,
1049 3423 1147 3454 Nobis
1159 3425 1274 3456 humili-

213 3468 258 3491 ter
271 3461 319 3500 sup
339 3462 430 3492 licavit
445 3471 475 3492 ut
490 3471 583 3492 certos
598 3460 830 3499 Commiss'arios,
848 3462 882 3492 ad
895 3461 1137 3501 Cognoseendum
1152 3464 1185 3494 ὃ(
1201 3463 1274 3495 Pro-

213 3499 304 3530 ceden
328 3510 375 3530 um
395 3500 430 3530 de
446 3502 479 3531 ἓξ
492 3500 569 3539 super
582 3501 705 3531 nullitate
720 3500 875 3530 Sententia:
887 3500 1045 3538 praedietae,
1062 3501 1274 3542 hujusmodique

214 3537 363 3569 Nullitatis
379 3538 526 3569 Materiam
536 3562 544 3576 ,
558 3549 625 3569 cum
639 3538 690 3568 suis
702 3538 1273 3577 incidentibus,Dependentibus,Emer-

214 3579 360 3615 gentibus,
371 3579 403 3607 ἃ
418 3576 564 3607 Connexis
578 3579 819 3615 quibuscumque,
837 3577 907 3607 Fine
921 3577 1018 3607 debito
1032 3578 1274 3618 Terminandum,

214 3616 265 3645 libi
286 3616 350 3646 dere
372 3617 405 3647 δε
427 3615 575 3655 affignare,
593 3618 625 3646 ἃ
649 3617 675 3645 ei
688 3617 715 3644 in
728 3616 781 3645 hac
797 3624 871 3654 parte
883 3616 1023 3654 Justitiam
1037 3616 1129 3647 facere
1141 3618 1273 3655 dignare-

215 3662 281 3683 mur

252 3677 320 3723 Nix
339 3693 560 3733 (Supplicaticni
574 3691 718 3729 perdit-“ee
732 3690 900 3726 annuentes)
919 3693 1000 3722 vobis
1016 3692 1154 3732 Novem,
1175 3694 1274 3734 oeto,

215 3728 346 3768 Septem,
367 3733 440 3770 Sex,
459 3733 612 3771 Qinque,
633 3730 779 3769 Qiatuor,
799 3730 920 3766 Tribus,
939 3731 983 3760 vel
1002 3730 1126 3762 Duobus
1147 3732 1274 3764 vestrum

217 3767 361 3804 (quorum
386 3771 508 3809 aliquem
526 3768 655 3800 vestrum
671 3778 721 3798 vos
734 3792 743 3806 ,
768 3768 873 3805 pra-sati
889 3768 1016 3798 Henrice
1031 3793 1040 3806 ,
1069 3769 1139 3800 Phili
1163 3782 1213 3810 pe,
1239 3773 1273 3803 &

214 3804 382 3846 Radulphe,
401 3820 491 3840 unum
506 3809 563 3839 effe
577 3808 727 3843 volumus)
746 3807 782 3836 dc
796 3816 918 3845 quorum
936 3807 1079 3837 Fidelitate
1092 3809 1125 3839 &
1155 3809 1275 3841 ndustria

213 3841 347 3886 fiduciam
372 3850 494 3881 gerimus
516 3847 678 3884 specialem,
696 3846 904 3875 committimus
925 3844 1010 3874 Vices
1025 3846 1146 3884 nostrai,
1163 3848 1197 3878 ad
1213 3847 1275 3878 Co-

215 3884 417 3918 gnolcendum
447 3888 478 3915 ἃ
508 3884 728 3915 Procedendum
750 3884 786 3913 dc
800 3885 832 3912 ἃ
855 3883 933 3919 super
960 3883 1099 3915 Nullitute
1121 3886 1274 3917 Sententiae

215 3921 375 3958 praedielre,
393 3924 605 3961 hujulinodiqne
622 3923 766 3952 Nullitatis
780 3921 947 3959 Materiam,
966 3931 1035 3952 cum
1051 3923 1101 3953 suis
1117 3923 1274 3963 Emergen-

214 3959 303 3998 tibus,
323 3958 531 4002 incidentibus,
547 3961 798 4001 Dependentibus‚
819 3960 853 3992 «Sc
869 3958 1016 3993 Counexis
1032 3962 1273 4005 quibuscumque,

676 100 1471 151 CONVENTIONES,

1535 98 1923 155 LITEkAE,

1330 188 1488 220 secundum
1502 188 1578 228 Juris
1595 191 1612 208 ¹*
1627 191 1817 231 exigentiam,
1834 187 2055 222 Discutiendum
2077 189 2111 223 ὃ(
2125 189 2223 223 debito
2236 187 2308 220 Fine
2319 187 2396 220 Ter·
2414 184 2558 235 Anu-DJ,

1330 229 1499 259 minandum
1514 238 1583 259 cum
1599 231 1803 270 cujuscumque
1813 229 1889 269 Juris
1903 228 2076 260 cohertionis
2092 228 2250 267 Potestate,
2430 235 2520 264 1412.
2556 238 2558 243 ·

1368 266 1406 297 Et
1425 268 1493 297 ideo
1514 267 1597 297 vobis
1619 267 1792 300 Mandamus
1809 269 1907 306 quod,
1923 269 2031 299 vocatis
2043 277 2142 298 coram
2156 268 2238 298 vobis
2252 265 2394 303 Novem,
2406 268 2469 294 Hen.
2488 267 2543 300 4?

1306 330 1310 333 .
1330 304 1430 343 Oeto,
1450 305 1583 345 Septem,
1607 305 1675 344 Sex,
1702 308 1860 346 Qinque,
1882 307 2032 345 Qatuor,
2056 306 2181 344 Tribus,
2205 305 2251 336 vel
2272 303 2524 340 Duobus*V111,
2544 327 2547 330 .

1329 343 1456 374 vestrfim
1472 348 1482 377 (
1491 353 1614 382 quorum
1633 345 1755 383 aliquem
1771 346 1900 376 vestrum
1913 352 1983 383 vos,
1999 345 2108 384 praefati
2122 345 2267 382 Henrice,
2286 342 2393 380 Philip·
2411 350 2475 378 732·

1329 391 1384 420 pe,
1404 383 1438 413 ὃς
1454 381 1623 420 Radulphe,
1639 393 1728 413 unum
1745 384 1801 415 esse
1812 384 1963 418 volumus)
1982 383 2108 414 Partibus
2121 383 2262 421 praedicitis
2274 383 2307 413 δε
2321 381 2393 418 aliis,

1328 429 1400 458 quos
1414 421 1444 450 in
1458 420 1510 451 hac
1525 429 1603 458 parte
1616 421 1679 451 fore
1691 422 1814 453 videritis
1827 422 2007 460 evocandos,
2022 422 2174 460 auditisque
2186 422 2254 452 hinc
2268 419 2334 451 inde
2347 427 2393 451 ea-

1328 468 1394 488 rum
1409 458 1579 489 Rationibus
1592 459 1625 489 &
1640 459 1860 500 Allegationibus
1875 462 1948 491 circa
1964 459 2126 498 Praemissa,
2143 459 2289 498 diligenter
2301 460 2394 490 inten-

1329 497 1412 541 datiS,
1421 497 1454 528 &
1467 507 1500 528 ea
1513 497 1618 528 faciatis
1631 497 1665 528 &
1677 501 1854 538 exequamini
1869 508 1952 539 prout
1964 498 2072 538 justum
2085 498 2169 528 fuerit
2182 500 2216 530 &
2229 498 2392 529 consonum

1327 545 1446 574 rationi,

1368 573 1509 604 Volumus
1531 575 1614 605 etiam
1639 575 1736 614 quod,
1751 576 1772 606 si
1785 576 1870 614 aliqui
1885 577 1931 608 vel
1944 577 2041 616 aliquis
2052 575 2180 607 vestrum
2197 575 2392 607 inchoaverint

1329 613 1373 644 vel
1395 614 1571 644 inchoaverit
1590 613 1741 650 procedere
1762 615 1791 645 in
1810 615 1978 654 Praemiffis,
1997 616 2040 646 alii
2064 616 2110 645 vel
2128 615 2196 645 alius
2209 612 2341 645 vestrum
2356 614 2391 644 li-

1329 652 1395 683 bere
1414 652 1567 690 procedere
1581 651 1689 682 valeant
1703 653 1736 682 &
1752 653 1839 684 valeat
1856 654 1885 683 in
1899 655 2020 692 eisdem,
2038 654 2104 684 licet
2121 655 2283 690 ichoantes,
2302 652 2365 683 δίε.

1367 689 1479 721 Damus
1489 699 1586 720 autem
1602 691 1735 721 univerlis
1749 691 1783 721 ὃς
1798 691 1911 729 singulis
1925 692 2094 730 Officia‘riis,
2111 691 2268 730 Ministris‚
2288 689 2394 729 Ligeis,

1329 728 1469 767 Subditis,
1488 730 1521 760 ὃς
1547 728 1689 759 Fidelibus
1708 728 1826 767 nostris,
1844 740 1968 767 quorum
1989 731 2119 770 interest,
2137 730 2254 762 Tenore
2269 728 2394 760 Praesen-

1328 769 1416 806 tium,
1445 768 1560 798 firmiter
1580 768 1610 798 in
1633 767 1776 798 Mandatis
1796 769 1876 806 quod
1896 769 1979 799 vobis
2000 768 2142 807 Novem,
2168 770 2228 800 &c.
2247 777 2393 808 quorum,

1329 808 1390 838 &a
1409 808 1438 836 in
1454 805 1605 837 Praemiffis
1615 806 1750 836 faciendis
1762 807 1795 837 &
1810 806 1999 844 exequendis,
2017 815 2102 844 prout
2115 807 2151 838 ad
2167 808 2241 845 ipsos
2252 807 2392 846 pertinet,

1330 844 1509 914 IntIendentes
1523 845 1593 914 igr,
1610 844 1814 883 Consulentes,
1831 845 1864 876 &
1879 845 2068 883 Auxiliantes,
2083 854 2169 884 prout
2181 846 2272 877 decet.

1383 895 1400 914 n
1417 894 1452 914 cu
1467 895 1496 915 us
1566 893 1593 914 c.

1401 894 1494 992 Teii?1
1499 906 1592 966 ”Rege
1605 921 1679 962 apud
1697 921 1971 962 Wstmonasterium,
1989 921 2124 955 vicefimo
2142 921 2266 952 secundo
2284 921 2331 953 die
2350 921 2394 958 Α-ζ

1443 971 1475 998 pr
1497 970 1526 990 is.
2227 982 2232 986 .

1541 1089 1590 1121 De
1611 1090 1736 1137 Treugis
1761 1092 1920 1122 Britanniae
1943 1087 2184 1122 Proclamandis.

1332 1173 1417 1229 RE
1429 1173 1460 1205 X
1475 1197 1486 1212 ,
1509 1173 1618 1205 dile&0
1636 1173 1708 1212 fibi,
1734 1173 1864 1213 Johanm‘
1884 1173 2005 1204 Seweale
2020 1197 2031 1213 ,
2062 1174 2189 1206 Nuncio
2212 1174 2264 1206 suo
2277 1197 2287 1212 2
2314 1172 2394 1205 Salu-
2408 1186 2540 1225 “ann-D*

1407 1222 1478 1258 tem.
1881 1226 1885 1230 “
2426 1237 2516 1267 1412.
2552 1243 2553 1247 =

1364 1249 1462 1283 Sciatis
1476 1251 1573 1291 quod,
2409 1270 2463 1294 An.
2482 1277 2512 1305 ,3

1366 1287 1447 1320 Cum
1469 1299 1556 1320 certae
1577 1289 1703 1329 Treugae
1725 1291 1759 1322 &
1782 1289 1958 1322 Guerrarum
1982 1290 2162 1322 Sufferentiae
2176 1314 2186 1329 ,
2211 1292 2284 1322 inter
2303 1290 2391 1330 Nos,
2405 1309 2434 1332 H
2459 1315 2479 1341 4
2516 1289 2526 1298 ⁸

1328 1336 1384 1365 pro
1404 1328 1521 1367 Nobis,
1538 1328 1652 1367 Patriis,
1670 1328 1810 1368 Subditis,
1829 1331 1863 1361 &
1881 1329 2089 1360 Obedientibus
2104 1329 2220 1367 nostris,
2239 1330 2291 1368 δε,
2308 1330 2391 1359 caris·
2406 1327 2456 1371 Pk,
2482 1326 2504 1372 ἰ
2537 1348 2541 1356 ·

1328 1366 1433 1397 fimum
1456 1368 1557 1398 Filium
1577 1367 1707 1398 nostrum
1722 1393 1731 1407 ,
1758 1368 1917 1407 Johannem
1939 1371 2042 1398 Ducem
2062 1371 2239 1406 Britanniae,
2261 1376 2315 1405 pro
2335 1366 2391 1406 se,
2406 1385 2434 1409 H
2457 1366 2488 1418 4
2512 1353 2543 1383 3⁶³

1327 1403 1442 1445 Patriis,
1459 1406 1600 1445 Subditis,
1617 1408 1651 1438 &
1673 1407 1870 1438 obedientibus
1881 1407 1949 1446 suis,
1962 1417 1977 1437 a
1993 1408 2089 1445 primo
2104 1407 2151 1438 die
2162 1406 2306 1446 Januarii,
2324 1415 2392 1444 pro·
2405 1403 2479 1457 ps,-

1326 1444 1407 1512 {imo
1429 1446 1580 1516 p}aetcgct⁰ff;
1588 1470 1598 1484 ,
1623 1447 1652 1475 in
1676 1444 1790 1478 Decem
1809 1446 1927 1484 Annos,
1949 1454 2053 1477 extunc
2075 1446 2214 1485 proximo
2233 1444 2394 1484 sequentes,
2406 1468 2445 1486 m.
2460 1458 2508 1488 26,
2548 1458 2555 1467 ·

1358 1493 1371 1512 a
1394 1492 1430 1513 tae
1461 1493 1502 1515 int
1583 1492 1679 1515 rmatae
2504 1492 2508 1495 *

1367 1492 1436 1552 glos
1453 1522 1500 1560 (de
1516 1522 1539 1553 F
1541 1523 1662 1554 idelitate
1677 1509 1710 1555 ἐς
1725 1522 1994 1562 Circumspefflone
2006 1525 2059 1555 tuis
2073 1523 2182 1562 plenius
2193 1522 2392 1560 confidentes)
2405 1497 2469 1534 ἡνί’

1325 1559 1522 1599 affignavimus
1546 1570 1573 1593 te
1595 1563 1629 1593 ad
1645 1562 1731 1593 dietas
1749 1562 1879 1602 Treugas
1896 1563 1929 1594 &
1950 1562 2125 1593 Guerrarum
2143 1561 2341 1600 Sufferentias,
2358 1562 2391 1593 in

1325 1598 1435 1642 fingulis
1453 1599 1596 1631 Portubus
1614 1601 1648 1632 &
1667 1600 1755 1631 Locis
1770 1624 1780 1640 ,
1803 1602 1852 1632 ubi
1870 1601 2021 1640 indiguerit
2033 1625 2044 1639 ,
2065 1602 2102 1632 ab
2119 1600 2181 1631 Ore
2199 1601 2294 1639 Aquae
2311 1600 2392 1631 Tha-

1324 1638 1411 1668 mihae
1429 1639 1519 1669 versus
1536 1647 1624 1677 partes
1640 1639 1779 1670 Australes
1799 1640 1834 1671 &
1852 1638 2068 1679 Occidentales,
2095 1639 2338 1671 Proclamandum
2355 1640 2391 1672 δε

1324 1675 1499 1708 Proclamari
1514 1677 1695 1716 faciendum,

1362 1714 1400 1746 Et
1419 1725 1464 1746 eas
1498 1716 1536 1747 fic
1551 1717 1744 1757 proclamatas,
1761 1717 1838 1755 juxta
1849 1716 1938 1755 Vim,
1955 1716 2111 1755 Formam,
2128 1717 2162 1748 &
2175 1716 2323 1748 Effecitum
2338 1727 2391 1749 cu-

1319 1752 1430 1822 zusdam
1453 1738 1590 1794 dedulae,
1607 1755 1785 1796 praesentibus
1806 1765 1942 1794 annexae,
1961 1755 2100 1788 observari
2120 1757 2154 1787 &
2176 1757 2265 1787 teneri
2285 1756 2391 1788 facien-

1344 1802 1408 1822 um·

1361 1817 1411 1862 Et⁷
1420 1831 1488 1863 ideo
1511 1834 1564 1863 tibi
1586 1832 1772 1872 Prcecipimus
1789 1833 1871 1872 quod
1885 1833 1959 1864 circa
1974 1832 2120 1863 Praemissa
2133 1832 2282 1872 diligenter
2295 1833 2392 1870 interi-1

1323 1868 1388 1906 das,
1406 1880 1439 1901 ac
1455 1881 1486 1902 ea
1501 1871 1584 1902 facias
1597 1873 1630 1903 &
1647 1872 1787 1911 exequaris
1804 1873 1833 1902 in
1846 1871 1939 1902 forma
1976 1871 2106 1901 raedffla:

1361 1907 1474 1939 Damus
1495 1919 1587 1941 autem
1607 1911 1738 1941 universis
1759 1912 1792 1941 &
1813 1910 1924 1949 singulis
1975 1909 2192 1948 icecomitibus,
2210 1908 2390 1948 Majoribus,

1323 1945 1562 1987 Constabulariis,
1587 1948 1713 1987 Ballivis,
1733 1947 1889 1986 Ministris,
1911 1957 1945 1979 ac
1966 1948 2024 1978 aliis
2042 1947 2183 1978 Fidelibus
2205 1948 2239 1979 ὃς
2266 1947 2391 1980 Subditis

1323 1985 1440 2024 nostris,
1460 1988 1519 2018 tiim
1539 1988 1609 2018 infra
1633 1988 1806 2025 Libertates,
1823 1987 1911 2025 quam
1932 1994 2026 2023 extra,
2044 1985 2161 2017 Tenore
2186 1985 2389 2025 Praesentium,

1322 2023 1442 2056 firmiter
1454 2025 1482 2056 in
1500 2025 1642 2057 Mandatis
1656 2026 1736 2066 quod
1747 2025 1836 2063 Tibi,
1857 2026 1887 2055 in
1902 2024 2080 2056 Executione
2093 2024 2329 2065 Praerniss'orum,
2341 2035 2391 2065 pa-⁴

1323 2071 1419 2103 reant,
1437 2064 1471 2095 ὃς
1486 2065 1649 2104 intendant,
1664 2074 1751 2103 prout
1760 2064 1852 2095 decet.

1359 2101 1393 2132 ln
1410 2104 1506 2141 cu'uS,
1523 2105 1584 2135 ὅτε.

1389 2140 1437 2172 Te
1463 2141 1581 2211 esRege
1601 2142 1675 2183 apud
1697 2140 1955 2183 Wstmonasterium
1970 2164 1981 2180 ,
2012 2141 2148 2174 vicefimo
2171 2142 2256 2174 tertio
2277 2140 2325 2173 die
2343 2140 2387 2178 A÷

1431 2190 1474 2218 pri
1486 2190 1517 2211 is.

1319 2256 1644 2328 R

2011 2257 2152 2290 Servienti
2166 2257 2216 2290 suo
2228 2257 2264 2290 ad
2276 2257 2385 2297 Arma;

1353 2336 1429 2366 Scias
1450 2336 1548 2375 quod,
1566 2347 1652 2374 cum,
1668 2335 1729 2372 &c.
1755 2341 1788 2364 ut
1795 2334 1883 2375 fitpra
1898 2335 1976 2376 usqne
1988 2333 2044 2374 ibi,
2069 2334 2247 2374 Thamifiae,
2263 2334 2302 2371 ῤ’
2316 2341 2382 2365 tunc

1311 2373 1366 2415 fic,
1386 2375 1476 2405 versus
1487 2383 1579 2413 partes
1591 2375 1747 2412 Orientales
1761 2375 1794 2406 &
1807 2374 1952 2413 Boreales,
1968 2371 2029 2409 &a
2044 2379 2075 2404 ut
2086 2373 2175 2412 supra.
2193 2377 2199 2399 ἰ

1357 2412 1445 2444 Teste
1463 2422 1493 2444 ut
1508 2414 1597 2454 supra.

1569 2541 1665 2585 Super
1683 2536 1837 2570 ConduHu
1856 2533 2122 2579 Ambaffiatorum.

1318 2621 1404 2680 RE
1414 2622 1462 2661 X,
1480 2622 1623 2654 cariffimo
1636 2622 1858 2662 consanguineo
1871 2620 1938 2660 suo,
1955 2619 2070 2651 Ricardo
2083 2621 2155 2661 Grey
2167 2620 2205 2653 de
2219 2619 2379 2660 Codnore,
2395 2628 2473 2660 Am,
2484 2627 2528 2662 D‚·

1395 2659 1562 2691 Camerario
1575 2661 1691 2700 nostro,
1709 2661 1843 2691 Salutem.
2421 2677 2509 2707 1412.

1353 2698 1453 2729 Sciatis
1469 2699 1550 2739 quod
1568 2699 1654 2737 Nos,
2393 2711 2447 2736 An,
2468 2715 2497 2745 ¹3

1349 2736 1400 2767 De
1415 2736 1550 2768 Industria
1567 2738 1601 2768 &
1619 2736 1886 2776 circumspectione
1900 2735 2013 2774 vestris,
2030 2736 2136 2774 plenius
2150 2736 2342 2777 confidentes,
2397 2750 2433 2774 H.
2445 2754 2474 2780 4.

1354 2774 1496 2807 Dedimus
1521 2777 1602 2807 vobis
1625 2776 1755 2814 plenam,
1779 2775 1896 2806 Tenore
1924 2775 2126 2815 Praesentium,
2151 2775 2326 2807 Potestatem
2347 2775 2382 2807 δε
2417 2783 2484 2814 Jbid,

1314 2814 1521 2845 AuCtoritatem
1538 2824 1638 2845 omnes
1651 2816 1685 2846 ὃς
1704 2814 1822 2852 singulos
1838 2813 1948 2852 Ligeos
1965 2815 1999 2845 ὃ(
2017 2813 2152 2845 Subditos
2170 2813 2304 2852 ηοίὶτοε,ἓ
2476 2815 2485 2819 “

1351 2852 1414 2891 Qii
1429 2852 1579 2884 vobiscum
1599 2854 1627 2883 in
1644 2853 1793 2884 Comitiva
1812 2851 1901 2883 vestra
1919 2851 1999 2889 supra
2018 2851 2120 2891 Mare,
2134 2862 2187 2892 pro
2207 2851 2281 2882 salvo
2293 2850 2378 2883 Con-

1312 2890 1401 2921 duetu
1423 2900 1568 2922 certorum
1588 2891 1844 2927 Ambaffiatorum,
1869 2891 1905 2920 de
1927 2891 2051 2928 partibus
2071 2890 2275 2920 Transmarinis
2292 2900 2380 2928 penes

1313 2928 1469 2960 Personam
1480 2929 1621 2969 nostram,
1639 2930 1675 2960 de
1690 2931 1723 2962 ὃς
1738 2931 1816 2970 super
1826 2928 1968 2968 ,Negotiis
1981 2927 2133 2959 nobiscum
2145 2927 2379 2968 tractaturorum‚

1818 2971 1823 2977 ⁸

1350 3032 1530 3075 Ac'²eosdem
1549 3046 1653 3085 Ligeos
1671 3047 1704 3077 &
1724 3031 1858 3076 Siibditos
1874 3042 1986 3075 nostros
2000 3067 2010 3082 ,
2032 3043 2054 3074 fi
2074 3043 2257 3084 deliquerint,
2281 3043 2376 3076 Casti-

1312 3084 1395 3122 gandi
1408 3085 1441 3115 &
1456 3084 1596 3115 Puniendi
1610 3084 1764 3115 secundum
1780 3082 1859 3122 quod
1872 3081 1960 3113 Casus
1972 3083 2058 3120 exigit
2073 3084 2107 3114 ὃς
2122 3084 2255 3121 requirit:

1351 3121 1462 3153 Damus
1479 3131 1572 3153 autem
1592 3123 1724 3154 universis
1744 3123 1777 3153 &
1797 3121 1910 3160 singulis
1929 3120 2073 3160 Magistris
2086 3121 2120 3152 &
2135 3121 2297 3152 Marinariis
2307 3120 2376 3152 Na-

1314 3160 1411 3198 vium,
1429 3171 1462 3191 ac
1475 3161 1636 3191 *omnibus
1655 3161 1712 3191 aliis
1729 3159 1823 3198 Ligeis
1843 3161 1876 3190 δε
1893 3158 2019 3190 Subditis
2029 3158 2148 3199 nostris,
2167 3160 2286 3191 Tenore
2298 3159 2376 3190 Prae-
2393 3174 2505 3206 *Vns

1313 3199 1450 3237 sentium,
1468 3198 1582 3229 firmiter
1604 3201 1633 3229 in
1654 3199 1790 3229 mandatis
1802 3197 1883 3236 quod
1898 3198 1979 3227 vobis
1989 3221 1999 3236 ,
2014 3199 2044 3228 in
2058 3198 2235 3230 Executione
2247 3198 2377 3230 Praemis-
2392 3222 2443 3251 733
2498 3197 2505 3212 ’-

1312 3237 1427 3276 sorum,
1444 3237 1624 3268 Intendentes
1643 3238 1714 3276 sint,
1732 3236 1939 3275 Consulentes,
1961 3237 1995 3267 ὃ(
2014 3236 2207 3276 Auri-uiantes,
2222 3245 2307 3275 prout
2327 3236 2377 3267 de·
2449 3235 2458 3244 '

1312 3284 1366 3306 cet.

1347 3313 1382 3343 In
1401 3314 1495 3352 cujus,
1513 3315 1574 3345 &c.

1346 3351 1437 3383 Teste
1454 3352 1537 3392 Rege
1551 3352 1624 3392 apud
1640 3351 1916 3393 Wi’llmonasterium,
1933 3351 2072 3386 vicefimo
2086 3351 2162 3383 sexto
2175 3351 2222 3382 die
2236 3349 2351 3389 Aprilis,

1996 3431 2052 3460 Per
2065 3428 2148 3468 ipficm
2164 3429 2270 3465 Regem.

1581 3567 1676 3612 snper
1705 3569 1743 3601 V
1739 3570 1820 3614 iagio
1846 3569 1935 3614 Regis
1954 3564 2108 3612 faciendo.
2527 3585 2536 3599 x

1316 3647 1460 3704 REX,
1476 3649 1617 3681 cariffimo
1635 3650 1706 3680 Filio
1722 3650 1789 3690 suo,
1803 3654 1920 3682 Henrico
1932 3653 2051 3689 Principz'
2065 3649 2191 3688 Walliae‚
2207 3650 2373 3684 Constabu-
2388 3662 2457 3694 Am
2474 3662 2518 3694 D‚·

1396 3687 1466 3717 lario
1491 3687 1585 3718 Castri
1608 3689 1650 3719 sui
1673 3688 1851 3727 Dovorriae,
1874 3690 1908 3719 &
1929 3687 2052 3719 Custodi
2073 3688 2210 3727 Quinque
2230 3690 2373 3722 Portuum
2410 3687 2495 3741 14112-

1313 3723 1444 3764 suorum,
1463 3727 1508 3756 vel
1521 3729 1577 3765 ejus
1591 3727 1814 3759 Locumtenenti
1827 3727 1951 3764 ibidem,
1969 3726 2102 3757 Salutem.
2387 3745 2429 3769 A„
2463 3743 2508 3778 ¹34

1315 3801 1321 3807 ἠ
1352 3762 1433 3793 Cum
1456 3764 1576 3796 Batones
1590 3766 1678 3796 nostri
1693 3767 1830 3804 Quinque
1842 3766 1985 3796 Portuum
1998 3765 2218 3804 praedietorum,
2236 3766 2272 3797 de
2286 3767 2375 3800 Anno
2391 3763 2474 3814 3⁶4,

1313 3810 1343 3844 ιζ]
1365 3802 1483 3870 Angulm
1493 3827 1503 3840 ,
1519 3803 1639 3836 debeant
1660 3805 1742 3836 nobis
1755 3813 1829 3836 certa
1841 3803 1958 3835 Servitia
1970 3813 2021 3841 per
2036 3802 2138 3842 Mare,
2156 3805 2176 3835 fi
2189 3807 2302 3837 necefle
2314 3807 2376 3838 fue·
2390 3817 2478 3854 Claus-

1312 3848 1364 3877 nt,
1382 3851 1410 3870 Vl
1432 3851 1447 3870 e
1458 3851 1514 3872 icet
2412 3865 2424 3876 η
2518 3854 2526 3865 ¹

1336 3878 1489 3921 ‘Qinque
1514 3864 1617 3911 1³³0rtus
1659 3881 1768 3912 raedieti
1791 3891 1860 3911 cum
1888 3878 2032 3910 Membris
2054 3881 2199 3912 invenient
2223 3883 2375 3924 Qinqua-
2393 3866 2429 3923 ἔπ’.
2446 3859 2528 3921 ιὶὃίζῂ

1313 3925 1391 3952 ginta
1416 3918 1449 3948 <Sc
1474 3917 1590 3955 Septem
1617 3919 1717 3950 Ixaves
1737 3920 1815 3957 supra
1840 3918 1946 3956 Mare,
1967 3918 2001 3948 ad
2030 3918 2295 3952 Summonitionem
2320 3933 2378 3952 no-

1313 3954 1416 3994 stram,
1434 3955 1625 3997 Qadraginta
1639 3958 1782 3996 merum,
1800 3959 1834 3992 &
1851 3958 1881 3990 in
1900 3955 2022 3996 qualibet
2040 3957 2123 3992 Navi
2139 3958 2251 3999 Viginti
2264 3959 2374 3994 Homi-

2323 4008 2375 4030 noe
