2562 4274
212 94 288 131 192

62 167 143 200 'Ann.
158 166 199 198 D.
214 166 357 207 Angelum
372 167 530 204 nunciavit,
549 167 577 197 in
595 166 638 196 sua
648 165 871 196 Conversatione
885 163 1004 195 eandem
1019 163 1211 200 exemplariter
1219 162 1273 193 do-

94 214 180 245 1417.
213 208 291 244 cuit,
310 204 456 236 verbaliter
469 207 519 235 siis
533 206 646 242 indixit,
665 214 716 242 ac,
734 204 808 242 quasi
823 214 870 241 per
884 205 960 233 viam
977 203 1172 238 Testamenti,
1196 200 1272 231 Gre-

64 246 130 273 Ha.
145 255 174 280 5.
214 246 243 283 gi
263 249 313 275 luo
334 245 458 274 ultimate
480 244 615 280 reliquit,
640 243 733 280 sicque
757 243 789 272 δε
810 242 877 272 alios
891 242 1027 280 signanter
1044 240 1167 270 ostendit
1183 240 1272 276 quarn

214 284 324 313 bonurn
346 283 417 312 foret
437 283 469 311 δε
492 281 649 318 jocundum
675 282 703 311 in
734 280 814 310 Pacis
847 281 951 310 unitate
973 289 1086 310 manere
1103 301 1112 316 ,
1128 279 1271 316 quemque

213 321 284 389 fiinxJ
278 321 424 364 displicens
438 320 474 349 ab
491 319 591 350 eadem
604 319 706 358 injuste
722 318 863 349 recedere.

287 369 319 388 os
330 368 427 396 igitur,

248 399 266 416 ¹*
290 397 352 426 Hiis
367 397 400 427 ὃς
415 396 472 426 aliis
491 396 699 426 rationabilibus
714 394 749 425 de
762 395 846 425 causis
861 395 949 431 moti,
965 403 1031 424 cum
1043 392 1271 430 omnibus‚qua-

212 443 292 466 tenus
307 435 391 465 nobis
405 434 532 472 possibile
547 435 637 473 foret,
652 435 685 465 &
705 435 827 464 maxime
845 443 912 463 curn
936 432 1035 462 nostris
1049 430 1272 469 Consanguineis

211 473 435 509 quibuscumque
457 475 540 510 (inter
560 483 632 511 quos
649 495 658 511 ,
681 482 778 503 natura
798 481 945 509 maturans,
971 469 1026 508 ipse
1046 469 1126 500 Deus
1149 470 1269 499 naturale

211 511 319 541 Foedus
331 512 460 549 instituit)
477 511 582 542 Pacem
596 513 698 542 habere
715 510 858 547 volentes,

252 548 326 579 Non
348 550 438 579 solum
458 550 491 580 ad
514 550 605 588 ipsum
629 550 749 580 naturale
765 548 871 579 Foedus
885 549 957 578 inter
970 545 1039 577 Nos
1054 547 1087 577 &
1098 568 1107 583 ,
1124 544 1269 576 Sereniffi-

213 598 295 619 mum
319 588 483 625 Principem
499 611 509 626 ,
535 588 826 625 Praecarissimumque
846 585 1097 623 consanguineum
1120 584 1268 621 nostrum,

212 629 308 663 Regem
331 626 452 666 Castellae
472 625 510 662 ὠν
534 630 658 665 Legionis
669 650 679 664 ,
698 627 741 657 sed
759 627 843 656 etiam
859 626 893 655 ad
909 623 992 654 Pacis
1004 624 1036 654 &
1057 622 1089 653 U
1093 624 1180 653 nitatis
1196 622 1267 652 Alli-

213 667 318 703 gamus
333 688 342 702 ‚
369 668 440 696 inter
458 688 466 704 ,
481 666 642 696 recolendae
657 665 823 701 memoriae,
849 663 995 693 Henrictim
1012 662 1157 698 quondam
1172 663 1268 698 Regem

214 703 343 741 Angliae,
361 703 576 743 progenitorem
596 703 742 741 nostruin,
761 712 793 732 ex
810 702 882 739 una,
901 711 934 731 ac
950 698 1116 739 Alfimficm,
1132 709 1199 730 tunc
1214 703 1269 729 Re—

208 753 268 779 gem
283 742 403 782 Castellae
418 742 456 778 &v
471 746 612 780 Legionis,
630 752 706 780 parte
721 751 753 771 ex
765 740 849 771 altera
862 763 871 778 ,
890 750 943 777 pro
958 739 993 770 Se
1005 762 1014 777 ,
1029 742 1062 771 ὃς
1080 738 1268 776 Haeredibus,

214 779 321 818 Regnis
334 804 343 819 ,
369 781 466 811 Terris
481 805 491 819 ,
512 782 654 812 Dominiis
668 804 677 819 ,
699 779 838 816 Valiallis,
856 781 889 811 &
904 778 1025 809 Subditis
1041 777 1198 815 utriusque,
1216 778 1269 806 ini—

214 825 270 856 tas,
289 818 424 857 firmatas,
442 821 475 850 ὃς
494 821 594 857 juratas
608 844 617 858 ,
641 822 673 850 δε
689 841 698 856 ,
717 819 751 849 ad
768 827 927 855 perpetuam
946 816 985 845 rei
1005 815 1202 853 Memoriam,
1217 815 1269 845 suis

213 855 338 902 Magnis
355 859 443 898 sigillis
466 859 587 896 sigillatas
602 881 611 895 ,
639 863 743 888 noltrae.
757 856 948 886 Conscientiae
961 856 993 884 δε
1009 853 1137 884 naturalis
1151 853 1269 892 Sangui-

213 905 257 926 nis
269 905 402 927 intuitum
417 905 631 934 convertentes,

252 933 501 972 Deridetantesque
517 957 526 973 ,
549 936 577 964 in
597 942 734 964 eventum
759 941 818 970 quo
839 931 893 968 ipsa
908 929 988 960 Pacis
1000 928 1120 960 Foedera
1134 930 1205 959 inter
1218 938 1271 959 nos

214 972 249 1002 &
264 972 375 1002 dietum
395 973 523 1010 nostrum
538 972 709 1003 cariffimum
726 970 975 1011 Consanguineum
991 977 1069 1006 rupta
1084 967 1205 1005 fuerint,
1217 977 1271 997 no-

214 1009 300 1040 stram
316 1010 512 1041 innocentiam
528 1010 596 1040 Dco
612 1011 644 1041 ὃ(
659 1009 836 1040 Hominibus
851 1008 907 1037 elie
922 1015 1038 1044 notam,

256 1048 330 1085 Vos,
345 1049 503 1087 Johannem
538 1049 712 1087 Johannem,
732 1049 765 1078 ὃς
779 1046 938 1085 Johannem
954 1068 963 1083 ,
989 1045 1100 1075 nostros
1114 1043 1274 1075 Ambaffia-

215 1093 290 1118 tores
306 1088 338 1118 &
356 1087 490 1118 Nuncios
504 1073 696 1124 Drdinamus,
718 1086 866 1122 Facimus,
883 1086 915 1116 &
932 1084 1124 1122 Depummus,

255 1123 362 1156 Dantes
384 1127 417 1157 δε
442 1125 642 1156 Concedentes
664 1125 746 1156 vobis
769 1125 876 1155 Tribus
893 1145 902 1160 ,
925 1122 969 1152 seu
990 1122 1112 1152 Duobus
1127 1120 1271 1159 vestrum,

215 1162 388 1195 Potestatem
410 1165 570 1204 generalem
585 1187 594 1202 ‚
622 1165 655 1194 δε
676 1163 845 1194 Mandatum
862 1161 976 1199 speciale
988 1163 1017 1190 in
1035 1170 1123 1198 partes
1139 1160 1251 1198 ispaniae
1262 1183 1271 1197 ,

215 1202 250 1232 &
277 1202 311 1231 ad
330 1203 501 1240 praesentiam
525 1202 630 1240 praefati
647 1225 656 1240 ,
685 1201 815 1233 carissimi
838 1199 1050 1236 Consanguinei
1072 1199 1178 1237 nostri,
1196 1202 1273 1238 Regis

215 1240 339 1281 Castellae
353 1241 392 1276 ὠ·
406 1244 531 1279 Legionis
544 1241 674 1272 moderni
692 1251 744 1271 vos
762 1238 965 1277 transportandi
974 1262 984 1276 ,

254 1280 300 1310 Ac
313 1281 485 1310 voluntatem
499 1280 624 1310 nostram
633 1303 641 1318 ,
658 1279 693 1310 de
708 1280 741 1309 ὅ(
757 1279 834 1316 super
848 1277 1043 1309 observatione
1055 1276 1193 1307 diffitarum
1202 1275 1272 1306 Alli-

214 1319 372 1357 gantiarum
389 1342 398 1355 ,
423 1320 457 1350 ὃ(
471 1320 555 1349 etiam
571 1318 767 1357 Treugarum,
786 1320 857 1347 inter
872 1315 979 1353 ipsum,
998 1314 1129 1345 nostrum
1144 1315 1273 1345 Consan-

213 1357 352 1394 guineum
376 1361 471 1395 Regem
492 1357 613 1399 Castellae
632 1367 665 1387 ex
687 1365 763 1395 parte
785 1356 840 1386 unzi
853 1378 862 1392 ,
887 1364 920 1384 ac
937 1379 946 1391 ,
965 1352 1135 1384 carissimum
1151 1353 1273 1384 Fratrem

214 1395 365 1433 nostrum,
384 1399 478 1434 Regem
501 1395 662 1434 Portugaliae
684 1404 718 1426 ex
739 1394 806 1431 alia,
827 1403 877 1431 pro
891 1392 945 1430 Se,
963 1392 1088 1429 Regnis,
1106 1392 1223 1429 Terris,
1239 1392 1273 1422 &

215 1433 378 1470 Dominiis,
397 1433 524 1472 Valallis,
542 1434 683 1471 Subditis,
703 1434 812 1464 Amicis
824 1455 832 1466 ,
850 1432 883 1461 ὃ(
901 1429 1113 1460 Confoederatis
1125 1429 1177 1460 suis
1192 1431 1274 1461 inita-

216 1482 281 1503 rum
295 1474 327 1503 ὃ(
344 1473 532 1511 firmatarum,
547 1473 638 1503 eidem
652 1476 716 1509 Regi
731 1470 853 1510 Castellae
870 1468 908 1503 ό
928 1472 1052 1507 Legionis
1066 1468 1228 1506 intimandi,

254 1510 385 1542 Necnon
402 1512 480 1549 super
495 1512 615 1549 eisdem,
635 1512 667 1542 &
683 1511 739 1541 aliis
750 1508 974 1548 quibuscumque
988 1507 1067 1537 Pacis
1081 1506 1205 1550 Mediis,
1221 1518 1274 1545 pro

215 1548 316 1580 Nobis
340 1551 372 1581 &
395 1552 514 1580 nomine
535 1550 632 1580 nostro
648 1572 657 1587 ,
683 1559 751 1579 cum
776 1547 879 1577 eodem
894 1572 904 1585 ,
930 1546 976 1577 seu
989 1545 1195 1577 Commiffariis
1208 1547 1273 1584 suis,

215 1587 388 1626 mactandi,
407 1588 650 1619 Communicandi
661 1610 670 1625 ,
684 1589 716 1618 &
732 1587 847 1617 finaliter
863 1585 1084 1622 Concludendi,

255 1627 300 1658 Ac
322 1628 430 1658 easdem
453 1627 610 1666 Alligantias
634 1627 689 1656 live
710 1626 836 1663 Treugas
861 1623 892 1661 (li
915 1623 981 1654 Pars
1000 1622 1110 1654 adversa
1124 1623 1158 1653 ad
1174 1623 1232 1653 hoc
1249 1623 1275 1653 se

214 1665 316 1696 offerat
329 1689 339 1704 ,
366 1667 399 1696 &
419 1667 499 1696 vobis
522 1666 647 1696 videatur
669 1664 828 1701 expediens)
848 1673 899 1701 pro
916 1672 992 1700 parte
1008 1661 1102 1692 nostra
1117 1661 1275 1700 Firmandi,

215 1703 404 1743 Roborandi,
424 1705 629 1742 Approbandi‚
648 1705 681 1735 &
695 1702 886 1741 Emologandi
901 1723 910 1739 ‚
935 1701 979 1731 seu
999 1702 1084 1731 etiam
1098 1700 1206 1730 easdem
1225 1701 1275 1731 ΑΙ-

214 1742 357 1781 ligantias,
377 1743 394 1773 s1
410 1753 482 1781 opus
499 1743 596 1780 fuerit,
615 1743 647 1773 &
663 1742 744 1772 vobis
759 1741 886 1772 videatur
901 1739 1067 1777 expediens,
1084 1738 1275 1777 Renovandi,

255 1781 369 1819 Insuper
384 1783 433 1820 ὃς,
450 1782 598 1820 praefatum
613 1780 742 1811 nostrum
755 1779 1025 1816 Consanguineum‚
1045 1781 1139 1814 Regem
1153 1777 1275 1818 Castellae

214 1818 248 1850 ad
268 1820 466 1857 Firmandum,
489 1819 697 1850 Roborandum
708 1843 717 1857 ,
736 1818 977 1857 Approbandum,
992 1819 1024 1849 &
1041 1816 1275 1854 Emologandum

216 1858 325 1889 easzi'etn
346 1859 532 1896 Requirendi,

254 1897 416 1936 Omniaque
433 1898 481 1927 alia
497 1899 531 1929 &
547 1896 646 1934 singula
660 1895 793 1928 Faciendi
808 1918 817 1933 ,
835 1894 994 1925 Exercendi
1009 1917 1018 1932 ,
1039 1895 1071 1925 &
1086 1893 1276 1932 Expediendi,

217 1945 282 1974 quie
297 1938 325 1967 in
343 1936 508 1971 Prremiffis,
534 1938 564 1966 δε
586 1945 657 1965 circa
671 1945 717 1971 ea,
734 1944 802 1964 cum
819 1933 869 1963 suis
887 1934 1089 1970 incidentibus,
1108 1933 1277 1971 emergenti-

215 1975 267 2004 bus
282 1999 292 2012 ,
314 1974 536 2011 dependentibus
552 1997 561 2012 ‚
586 1975 619 2004 &
641 1975 775 2004 connexis
791 1995 801 2010 ‚
826 1972 974 2002 neceffaria
990 1971 1112 2009 fuerint,
1130 1970 1176 2001 seu
1192 1973 1277 2002 etiarn

217 2013 439 2050 quomodolibet
453 2022 610 2051 oportuna,

254 2050 472 2089 Promittentes,
488 2052 564 2081 bona
578 2050 648 2088 fide,
666 2051 699 2082 δε
716 2051 744 2079 111
758 2050 848 2079 verbo
863 2049 976 2088 Regio,
986 2047 1056 2078 Nos
1070 2046 1279 2085 Ratum,Gra-

217 2099 299 2127 tum,
317 2093 350 2122 &
370 2090 498 2120 Firmum
521 2099 574 2129 pro
590 2099 728 2128 perpetuo
743 2088 886 2118 habituros
901 2086 1036 2125 quicquid
1054 2095 1103 2123 per
1119 2096 1170 2116 vos
1187 2086 1278 2125 Tres,

215 2139 264 2159 aut
282 2129 365 2160 Duos
380 2127 506 2159 vestrum
522 2152 532 2166 ,
561 2128 684 2164 Acium,
705 2127 760 2157 sive
775 2126 899 2156 Gestum
913 2126 1012 2164 suerit,
1030 2126 1146 2156 nomine
1161 2125 1278 2164 nostro,

218 2169 247 2198 in
264 2166 415 2198 Praemiffis
426 2191 435 2204 ,
454 2167 487 2198 &
503 2167 632 2206 quolibet
646 2165 871 2197 Praemiil'orum.

255 2205 289 2237 In
301 2207 396 2245 cujus,
413 2206 475 2237 &c.

64 397 81 414 ⁸
104 398 156 424 ix.

63 445 132 471 432·

256 2282 324 2316 Dat.
345 2284 375 2314 in
389 2282 501 2315 Palam
515 2286 593 2323 Regis
609 2283 834 2325 Westmonasterii
846 2283 984 2317 vicesimo
995 2282 1072 2316 sexto
1089 2283 1136 2315 die
1146 2283 1279 2324 januarii.

904 2364 958 2392 Per
973 2361 1055 2401 ipficm
1072 2363 1176 2399 Regem.

586 2493 644 2523 Pro
663 2493 747 2523 Duce
764 2486 922 2521 Burboniae.

74 2577 207 2609 AnniD.

93 2615 175 2655 '1417
221 2574 310 2632 RE
320 2573 350 2605 X
359 2599 369 2612 ,
386 2575 489 2605 dilctsto
504 2574 552 2605 fibi
562 2598 571 2612 ,
585 2574 692 2605 Thomae
707 2573 840 2610 chancer,
859 2571 979 2609 Capitali
992 2570 1142 2602 Pincernae
1150 2572 1199 2602 suo
1210 2595 1218 2610 ,
1234 2572 1279 2602 vel

296 2614 353 2651 ejus
368 2614 592 2644 Locumtenenti
612 2615 640 2643 in
658 2613 744 2643 Portu
762 2612 891 2642 Civitatis
908 2609 1090 2647 Londontae,
1107 2610 1242 2641 Salutem.

73 2661 126 2684 An.
143 2667 173 2691 4.
261 2650 434 2682 Mandamus
456 2652 538 2682 vobis
564 2651 644 2689 quod
668 2650 797 2680 Centum
819 2650 919 2680 Tunas
943 2648 1034 2686 Vini,
1061 2648 1096 2678 ad
1113 2658 1185 2686 opus
1199 2651 1282 2678 Ducis

73 2700 110 2721 Η.
135 2703 162 2730 5.
222 2690 366 2719 Burboniae
383 2690 530 2720 Prisonarii
546 2689 654 2726 nostri,
670 2689 707 2719 de
727 2688 856 2718 Licentia
880 2687 975 2718 nostra
989 2710 999 2725 ,
1017 2689 1045 2716 in
1060 2686 1167 2726 Regno
1184 2687 1282 2717 nostro

72 2733 164 2770 Claus.
181 2742 210 2767 4.
225 2728 335 2767 Angli-se
349 2728 498 2766 adductas,
516 2728 549 2759 &
564 2729 592 2758 in
610 2727 700 2758 Portu
717 2726 853 2764 praedksto
868 2725 1007 2763 arestatas‚
1026 2724 1117 2755 eidem
1132 2728 1220 2762 Duci,
1237 2725 1281 2755 seu

74 2776 191 2806 H.5.m.
222 2767 281 2801 eius
304 2767 494 2798 Servientibus
510 2789 520 2804 ,
542 2775 590 2798 aut
607 2767 769 2802 attornatis,
794 2764 896 2802 absque
910 2765 999 2801 aliqua
1014 2763 1172 2800 Custuma,
1192 2763 1282 2801 Prisa,

223 2804 354 2835 Subfidio
368 2828 377 2843 ,
401 2805 447 2836 seu
474 2804 601 2836 Deverio
613 2828 623 2843 ,
649 2804 732 2834 nobis
754 2802 818 2833 inde
835 2803 974 2833 solvendis
988 2803 1032 2832 seu
1050 2802 1206 2840 capiendis,
1226 2802 1282 2832 fine

222 2843 355 2874 dilatione
371 2843 524 2881 Liberem,
545 2844 675 2875 volumus
691 2843 768 2872 enim
784 2851 836 2872 vos
851 2841 917 2871 inde
931 2850 994 2880 erga
1008 2839 1076 2870 Nos
1092 2842 1246 2871 exonerari.

79 2818 122 2839 10.

235 2959 250 2965 ..
260 2919 351 2951 Teste
371 2919 453 2959 Rege
473 2919 547 2958 apud
568 2917 823 2959 Wcstmonasterium
847 2917 987 2950 vicesimo
1003 2917 1109 2949 0613νο
1126 2917 1172 2948 die
1181 2917 1283 2956 Janua-

218 2969 260 2989 m.

509 3085 568 3115 Pro
587 3079 854 3124 Ambaffiatoribus
869 3083 1012 3114 francica.

82 3168 214 3247 Assius-‘D'
232 3165 530 3236 Rlffiffeffiuniverfis
545 3167 578 3198 &
595 3166 702 3206 singulis
720 3166 898 3203 Admirallis,
917 3167 978 3197 &c-
998 3165 1031 3196 ad
1049 3176 1139 3204 quos,
1155 3167 1216 3197 &c.
1236 3165 1284 3197 Sa-

81 3252 133 3277 An.
150 3258 179 3283 4.
270 3243 367 3274 Sciatis
382 3245 477 3281 quod,

81 3291 118 3315 H.
138 3295 165 3321 5.
271 3281 352 3312 Cum
370 3282 558 3321 Adverfiirius
580 3281 666 3321 noster
681 3284 802 3310 Franciae
820 3281 902 3310 nobis
922 3281 1043 3311 intimari
1062 3280 1160 3311 fecerit
1176 3302 1186 3318 ,
1205 3279 1286 3318 quod

82 3329 171 3352 Franc.
187 3332 216 3358 4.
232 3320 289 3359 ipse
303 3320 365 3350 suos
383 3319 517 3350 Nuncios
532 3321 566 3350 &
583 3319 818 3355 Ambaffiatores·„
834 3320 981 3354 videlicet,

83 3366 221 3397 H.5.m.7.
272 3361 291 3378 ⁸
309 3357 468 3397 Johannem
489 3360 585 3401 Piquct
607 3358 798 3394 Scutiferum,
819 3357 992 3395 Magistrum
1010 3355 1167 3394 Johannem
1186 3359 1284 3384 Cutart

101 3400 119 3417 ¹*
143 3401 195 3427 lx.
234 3396 386 3428 Decanum
403 3396 534 3427 Eccleliae
554 3398 642 3426 beatae
661 3394 760 3426 Mariae
779 3396 895 3427 Parilius
911 3419 920 3433 ,
944 3396 977 3425 &
996 3394 1168 3433 Magistrum
1185 3394 1286 3424 Rober-

85 3447 151 3475 433.
230 3444 289 3466 tum
306 3435 338 3465 de
355 3433 484 3473 Tuleriis,

230 3562 326 3606 Super
345 3561 420 3605 Rege
443 3560 643 3590 Romanorum
655 3585 664 3599 ,
693 3557 892 3598 Constantiam
921 3562 1070 3600 intrante,
1096 3560 1132 3596 ὠ·
1149 3555 1185 3589 de
1203 3553 1288 3588 rebus

446 3604 521 3639 inibi
535 3611 619 3639 novis
639 3605 767 3651 Epistola
785 3609 857 3653 Regi
879 3609 1078 3639 enarratoria.

86 3691 164 3724 Ann-
179 3691 221 3722 D·
318 3701 342 3728 Y
353 3700 491 3736 Saverayn
510 3697 583 3733 Lyge
602 3694 694 3732 Lord,
713 3695 772 3724 and
785 3693 847 3732 most
863 3693 1000 3732 Dowtyth
1025 3696 1109 3734 Pryns
1123 3692 1244 3734 Crystene
1259 3701 1288 3722 to

112 3739 197 3768 1417·
329 3748 369 3766 me
390 3748 424 3765 on
444 3733 534 3765 Erthe
549 3732 587 3772 ,I
608 3733 844 3763 Recommaunde
867 3742 913 3761 me
930 3741 1002 3762 onto
1025 3732 1123 3762 Zowz
1147 3732 1289 3771 l-ieyghe,

88 3772 142 3796 Λᾶ·
161 3780 189 3805 4·
235 3773 325 3814 Ryal,
342 3774 395 3805 and
418 3772 561 3812 Emperial
579 3770 712 3809 Mageste
732 3771 809 3809 wyth
829 3770 880 3801 alle
897 3779 993 3800 maner
1010 3769 1180 3808 Honoures,
1200 3770 1289 3800 Wot-

88 3810 122 3836 Η·
142 3816 159 3842 5
163 3827 174 3851 ’.
237 3814 367 3851 schypes‚
386 3812 497 3847 Grace,
513 3810 566 3840 and
583 3809 772 3840 Gochnesies.

89 3850 130 3872 Ex
145 3844 209 3872 Brbl.
275 3854 325 3889 My
344 3851 406 3890 most
415 3850 539 3880 Gloriam
553 3849 650 3885 Lord,

90 3886 146 3911 Cir.
169 3885 219 3911 Ca·
273 3889 383 3927 Lykysh
397 3899 464 3918 zow
479 3897 510 3918 to
526 3896 600 3926 wyte
614 3888 689 3926 that,
708 3886 755 3916 the
769 3883 933 3914 wodnesda
959 3907 969 3921 ,
987 3883 1034 3913 the
1047 3883 1163 3923 Thyrde
1177 3883 1241 3914 Our
1249 3882 1291 3914 ef-

89 3922 169 3957 l'gl‘la
185 3925 220 3948 D·
236 3935 277 3957 ter
293 3926 406 3964 Noon,
422 3936 488 3964 oyer
504 3936 552 3956 ner
566 3935 613 3963 yer
629 3927 684 3965 by,
704 3925 751 3954 the
765 3924 874 3953 Sevene
889 3892 952 3952 andV
963 3922 1088 3960 Twenty
1110 3923 1173 3961 Day
1192 3922 1228 3952 of
1243 3921 1291 3959 Ja-

92 3968 117 3995 7·
234 3975 321 4003 nuer,
338 3974 404 3996 zow
422 3964 545 4002 Broder,
564 3963 705 3996 Gracious
714 3963 823 4001 Pryns,
843 3961 977 4001 theKyng
990 3958 1115 4000 efRome
1129 3960 1292 4029 entridztbe

1254 4008 1291 4029 ite

668 75 1472 128 ooNvENTtoNEQ

1529 73 1917 127 LITERAE,

1349 161 1545 193 Sufficientem
1565 161 1738 192 Potestatem
1757 161 1890 192 habentes
1908 169 1942 190 ex
1960 166 2036 197 parte
2053 160 2116 198 sua,
2133 169 2186 197 pro
2201 162 2282 191 certis
2295 160 2372 193 Cau-
2388 168 2453 200 Ann
2472 170 2514 201 1)

1311 199 1343 230 fis
1362 202 1394 231 ὅ(
1417 200 1544 230 Materiis
1560 223 1569 238 ,
1588 201 1772 231 reverentiam
1790 199 1848 230 Dei
1869 201 1901 231 ὅ(
1918 198 2088 229 effusionem
2107 199 2254 236 Sanguinis
2273 201 2372 231 huma—
2405 194 2480 249 141‘7

1310 239 1339 268 ni
1357 239 1517 270 evitandam
1535 239 1650 269 notorie
1667 239 1907 270 concernentibus
1919 261 1929 276 ‚
1947 239 2059 268 mittere
2077 247 2216 276 proponat
2236 239 2268 269 &
2286 239 2370 270 desti·
2385 253 2447 277 Heu.
2465 233 2493 286 5⁵,

1309 286 1374 306 nare

1330 299 1432 358 ‚Nise
1448 313 1591 351 praemiffis
1610 316 1734 352 attentis,
1754 315 1801 353 qui
1819 314 1924 345 Pacem
1943 315 2014 345 inter
2029 313 2087 345 duo
2107 314 2218 355 Angliae
2235 316 2268 347 δε
2281 316 2369 348 Fran-

1309 361 1364 382 ciae
1380 351 1481 390 Regna
1495 352 1679 383 desideramus
1698 355 1731 384 ὃς
1748 362 1893 390 optamus,

1347 390 1483 421 Volentes
1507 400 1559 428 pro
1585 390 1739 420 Securitate
1764 394 1798 423 ὅ(
1825 391 1931 430 Quiete
1953 389 2097 421 diciorum
2120 390 2304 424 Nunciorum
2331 395 2364 426 &

1309 427 1552 459 Ambassiatorum
1571 430 1845 466 praenominatorum
1861 454 1870 467 ,
1890 429 1959 459 infra
1977 427 2079 466 Regna
2094 451 2104 467 ,
2126 429 2282 464 Potestates
2297 457 2307 472 ,
2330 435 2365 466 δε

1309 465 1446 497 Dominia
1464 466 1559 497 nostra
1574 489 1584 504 ,
1605 477 1638 498 ac
1655 467 1787 505 Triginta
1804 468 1988 498 Personarum
2004 491 2014 505 ,
2039 468 2085 498 vel
2102 469 2173 498 infra
2187 492 2197 508 ‚
2214 471 2245 500 in
2263 481 2364 503 eorum

1308 504 1474 544 Comitiva,
1492 504 1673 543 Equestrium
1690 507 1735 536 vel
1751 505 1944 544 Pedestrium,
1963 507 2019 537 una
2031 516 2098 537 cum
2121 506 2245 538 Duobus
2264 509 2366 541 Balen-

1326 545 1400 581 ariis⁷
1419 543 1464 574 seu
1480 544 1537 574 aliis
1555 543 1689 574 Navibus
1711 545 1832 574 Armatis
1848 568 1857 582 ,
1876 554 1943 575 cum
1966 545 2112 584 Sexaginta
2134 545 2262 577 personis
2275 572 2285 586 ,
2304 558 2365 579 tam

1333 583 1484 620 iarinariis,
1505 583 1591 619 quam
1608 581 1770 620 Balistariis‚
1784 583 1830 612 vel
1842 583 1905 620 aliis,
1913 582 2090 615 Hominibus
2098 582 2364 624 Guerrae,eorutn-

1308 631 1363 659 que
1382 620 1568 659 Apparatibus
1587 621 1620 651 &
1645 620 1744 651 Rebus
1765 621 2005 659 quibuscumque,
2019 622 2054 653 ad
2073 623 2305 656 transfretandum
2327 626 2362 656 δι’

1305 660 1470 690 vehendum
1483 658 1575 689 dictos
1591 658 1727 689 Nuncios
1740 660 1768 688 in
1793 658 1927 698 Regnum
1948 660 2078 691 nostrum
2101 661 2231 701 Angliae,
2246 664 2280 695 ὅ(
2297 664 2364 694 inde

1306 698 1498 729 reducendum
1512 698 1541 727 in
1558 697 1704 728 Franciam
1715 722 1724 734 ,
1745 697 1803 727 tarn
1819 707 1866 736 per
1881 696 2018 735 Terram,
2035 699 2122 736 quam
2137 710 2186 738 per
2209 701 2292 734 Mare
2317 712 2362 734 us·-

1307 747 1362 775 que
1378 736 1533 767 Civitatem
1548 736 1673 767 nostram
1687 735 1914 767 Cantuariensem
1929 737 2088 775 veniendo,
2106 740 2271 780 providere,
2367 733 2369 735 ¹

1344 776 1570 805 Praenominatos
1593 774 1674 812 ipfius
1696 772 1864 812 Adverfizrii
1877 772 1959 812 nostri
1974 773 2109 805 Nuncios
2126 777 2159 808 ὃς
2174 778 2365 811 Ambaffiato-

1308 824 1350 844 res
1388 815 1443 844 una
1461 823 1530 844 cum
1547 813 1600 844 Tri
1622 814 1676 844 inta
1698 813 1822 843 Personis
1843 814 1875 843 &
1894 812 1978 850 infra,
1995 823 2028 842 ac
2043 823 2143 844 eorum

1355 837 1372 859 λ
1485 854 1490 858 ,
2165 815 2266 856 Equis,
2284 818 2362 849 Her-

1308 856 1403 889 neliis,
1420 852 1521 889 Bonis,
1539 853 1571 883 &

1619 851 1702 882 atallis
1717 851 1955 890 quibuscumque,
1974 860 2089 882 necnon
2100 851 2182 883 dietis
2193 854 2364 896 Balingariis,

1309 892 1353 920 vel
1367 891 1425 921 aliis
1439 890 1569 921 Navibus
1585 891 1721 928 Armatis,
1742 900 1810 921 cum
1826 888 2002 920 Hominibus
2018 889 2138 928 superius
2153 891 2364 932 declaratis,in-

1308 929 1350 959 fra
1363 928 1462 967 Regna
1476 929 1587 966 nostra,
1606 928 1774 967 Potestates,
1792 927 1825 959 ὃς
1844 928 1983 959 Dominia
2002 928 2156 968 praedffika,
2172 931 2257 970 usque
2277 932 2363 964 Civi-

1309 975 1396 997 tatem
1420 967 1599 1004 praedistam,
1616 976 1649 997 ex
1670 967 1767 998 Causis
1787 966 1942 1005 praedietis,
1961 975 1993 997 ut
2013 969 2193 1005 praemittitur
2207 992 2217 1009 ,
2233 978 2294 1001 tam
2314 981 2364 1010 per

1309 1004 1410 1043 Mare,
1429 1007 1516 1043 quam
1525 1015 1574 1042 per
1582 1005 1723 1043 Terram,
1743 1005 1903 1044 veniendo,
1920 1005 2025 1036 ibidem
2043 1007 2200 1046 morando,
2219 1009 2251 1039 &
2266 1010 2365 1040 exinde

1308 1043 1343 1074 ad
1365 1052 1454 1082 partes
1470 1044 1526 1074 suas
1549 1043 1712 1081 redeundo,
1728 1045 1756 1073 in
1780 1044 1886 1073 salvum
1902 1044 1935 1074 &
1956 1043 2084 1075 securum
2107 1043 2296 1078 Conductum
2311 1058 2367 1079 no-

1310 1081 1400 1113 strum
1411 1105 1420 1120 ,
1436 1092 1469 1112 ac
1484 1083 1512 1112 in
1529 1081 1760 1119 Proteffionem,
1778 1081 1964 1119 Tuitionern‚
1983 1083 2016 1114 ὅ(
2036 1082 2243 1116 Defenfionem
2260 1086 2368 1118 nostras

1309 1121 1454 1190 speciales,
1469 1121 1637 1159 suscepimus
1649 1121 1681 1152 &
1697 1120 1853 1158 posuimus,
1863 1120 2022 1158 suscipimus
2039 1123 2072 1154 ὅτ
2085 1124 2220 1161 ponimus
2232 1135 2282 1164 per
2291 1125 2369 1156 Prae-

1321 1170 1413 1196 entes,

1347 1197 1384 1229 Et
1406 1198 1471 1229 ideo
1488 1198 1570 1228 vobis
1587 1198 1620 1228 &
1644 1197 1758 1229 cuilibet
1785 1196 1912 1228 vestrum
1923 1219 1932 1235 ,
1948 1205 2032 1235 prout
2053 1197 2088 1228 ad
2101 1208 2169 1230 eum
2189 1203 2370 1242 pertinuerit,

1310 1237 1496 1274 Praecipimus
1513 1238 1546 1268 &
1564 1236 1750 1274 Mandamus,
1767 1235 1916 1267 distrifflus
1940 1236 2131 1276 injungentes,
2150 1241 2277 1276 quatinus
2297 1241 2370 1279 ipsos

1312 1276 1449 1306 Nuncios
1465 1278 1497 1306 &
1514 1275 1749 1313 Ambaffiatores‚
1768 1276 1823 1305 una
1835 1285 1903 1305 curn
1920 1274 2053 1312 Navigiis
2071 1277 2106 1307 &
2126 1276 2251 1308 Perstmis
2267 1280 2370 1316 praedi-

1312 1314 1382 1352 6113,
1399 1315 1432 1345 &
1451 1323 1552 1345 eorum
1577 1313 1602 1344 E
1625 1315 1683 1352 uis,
1701 1313 1859 1350 Hernesiis,
1878 1312 1980 1352 Bonis,
1996 1315 2029 1345 &
2053 1312 2165 1345 Catallis
2188 1317 2370 1354 quibuscum-

1313 1363 1385 1390 que,
1400 1352 1471 1383 infra
1484 1324 1792 1391 Regna,qPotestates,
1811 1353 1844 1383 ὅ(
1859 1351 1998 1382 Dominia
2013 1352 2107 1383 nostra
2125 1354 2276 1393 praedic'ka,
2286 1357 2372 1395 usque

1312 1391 1466 1422 Civitatem
1482 1391 1663 1429 praeditfitam,
1679 1390 1814 1421 excaufis
1829 1390 1986 1429 praedietis,
2003 1391 2160 1430 veniendo,
2179 1395 2213 1424 &
2227 1395 2257 1424 in
2266 1394 2370 1426 Portu-

1313 1430 1365 1460 bus
1377 1429 1475 1460 nostris
1492 1429 1627 1467 Marinis,
1646 1430 1741 1468 ibique
1758 1429 1917 1467 morando,
1936 1430 1969 1461 δε
1984 1430 2085 1460 exinde
2099 1431 2191 1462 versus
2203 1442 2293 1470 partes
2313 1433 2371 1465 suas

1312 1469 1456 1499 redeundo
1466 1491 1476 1506 ,
1494 1470 1711 1506 manuteneatis,
1727 1469 1896 1507 protegatis,
1911 1468 1944 1499 ὃς
1958 1467 2126 1508 defendatis,

1350 1507 1426 1537 Non
1441 1507 1589 1537 inferentes
1603 1507 1705 1537 eisdem
1714 1530 1723 1544 ,
1740 1516 1786 1537 aut
1799 1517 1899 1537 corum
1913 1507 2080 1546 alicui‚seu,
2098 1517 2234 1547 quantum
2248 1511 2276 1540 in
2287 1511 2371 1542 vobis

1312 1546 1345 1576 &
1364 1545 1490 1583 quolibet
1504 1544 1630 1576 vestrum
1645 1545 1685 1575 est
1699 1546 1731 1576 &
1747 1546 1813 1583 erit,
1831 1545 1866 1575 ab
1881 1545 1939 1575 aliis
1955 1546 2050 1577 inferri
2071 1548 2278 1587 permittentes,
2293 1548 2371 1587 111111-

1314 1585 1400 1620 riam,
1420 1583 1586 1614 Molestiam
1602 1606 1611 1621 ,
1628 1583 1797 1622 Dampnum
1812 1608 1821 1621 ,
1846 1583 2018 1614 Violentiam
2030 1607 2040 1622 ‚
2058 1583 2301 1623 Impedimentum
2320 1587 2370 1618 ali-

1314 1622 1411 1665 quod,
1430 1623 1475 1654 seu
1500 1622 1683 1666 Grayamen,
1698 1624 1727 1652 in
1750 1622 1950 1667 Corporibus,
1967 1622 2118 1661 Navigiis,
2136 1624 2192 1654 five
2207 1624 2291 1656 Bonis
2306 1627 2371 1664 qui-

1315 1661 1488 1730 bmcufqu}
1502 1685 1511 1696 ,
1528 1669 1635 1691 ratione
1656 1660 1776 1690 Guerrae
1791 1683 1801 1698 ,
1817 1660 1978 1698 Reprisaliae
1993 1685 2004 1701 ,
2022 1661 2195 1694 lutercmsfis
2209 1686 2219 1702 ,
2238 1663 2287 1696 seu
2307 1665 2373 1696 alias

1314 1710 1392 1737 quov
1418 1709 1467 1729 mo
1488 1708 1524 1735 o,

1350 1737 1406 1776 Et,
1426 1738 1444 1768 si
1459 1737 1524 1775 quid
1542 1738 1581 1767 eis
1595 1736 1639 1766 vel
1655 1746 1756 1766 eorum
1770 1736 1849 1767 alicui
1867 1736 2056 1768 Forisfastum
2066 1738 2121 1770 sive
2134 1739 2298 1777 Iniuriatum
2307 1741 2369 1772 fue·-

1314 1777 1364 1814 rit,
1383 1778 1412 1807 in
1424 1777 1515 1807 Terra
1529 1776 1585 1806 live
1601 1776 1628 1805 in
1642 1774 1717 1806 Mari
1735 1775 1825 1812 (quod
1841 1775 1920 1812 abfit)
1942 1776 1968 1806 id
1980 1777 2018 1806 eis
2033 1777 2066 1807 &
2080 1786 2183 1808 eorum
2195 1779 2373 1811 cuilibetfine

1313 1815 1447 1846 dilatione
1456 1815 1552 1846 debite
1566 1815 1669 1853 corrigi
1705 1813 1824 1852 restitui,
1841 1815 1873 1844 ὃ(
1887 1814 2029 1844 emendari
2043 1814 2166 1855 faciatis;

1349 1853 1485 1892 Proviso,
1503 1852 1562 1888 &a
1577 1860 1608 1882 ut
1622 1856 1655 1894 jn
1671 1838 1820 1891 kujufitmdi
1832 1853 1864 1882 de
1873 1853 2010 1882 conduelu
2026 1855 2138 1884 Literis.

1351 1892 1385 1922 In
1400 1894 1495 1931 cujus,
1514 1892 1575 1923 &c.
1594 1895 1679 1929 ulque
1693 1894 1816 1931 primum
1828 1892 1904 1922 diem
1918 1891 2020 1929 Aprilis
2034 1894 2169 1930 proximo
2184 1891 2312 1925 futurum
2321 1893 2378 1926 du·

1314 1940 1424 1962 raturas.

1351 1969 1442 2002 Teste
1458 1968 1540 2009 Rege
1555 1968 1628 2008 apud
1646 1967 1903 2008 Wstmonasterium
1918 1968 2056 2000 vioefimo
2072 1969 2177 2001 octavo
2190 1969 2373 2009 dieJanuarii.

2005 2047 2058 2076 Per
2068 2044 2151 2086 ipficm
2164 2049 2270 2085 Regem.

1514 2175 1563 2207 De
1579 2173 1815 2207 Proclamatione
1828 2173 1919 2219 fitper
1936 2175 1972 2207 V
1971 2176 2050 2220 iagio
2071 2174 2168 2220 Regis.

1320 2259 1437 2317 REX
1456 2259 1684 2292 Vicecomitibus
1700 2258 1879 2296 Londoniae,
1899 2258 2032 2291 Salutem.

1416 2299 1498 2330 Cum
1513 2308 1616 2338 nuper,
1636 2309 1684 2336 per
1700 2298 1804 2329 Literas
1815 2298 1942 2336 nostras,
1959 2297 1996 2329 de
2012 2297 2128 2329 Privato
2147 2297 2243 2338 sigillo
2258 2297 2376 2337 nostro,
2393 2285 2521 2316 ΛΜΗ)

1319 2335 1550 2370 Mandaverimus
1565 2337 1678 2368 divertis
1699 2337 1854 2376 Dominis,
1874 2336 2033 2374 Militibus,
2050 2335 2226 2375 Armigeris,
2243 2337 2276 2368 &
2297 2337 2373 2376 aliis,
2412 2333 2498 2364 ¹4¹7·

1318 2377 1398 2414 quod
1412 2377 1478 2416 ipsi,
1497 2377 1526 2407 in
1541 2377 1658 2415 propriis
1667 2375 1795 2406 Personis
1808 2376 1877 2414 suis,
1892 2385 1938 2406 aut
1946 2385 1995 2413 per
2008 2376 2129 2413 aliquem
2139 2376 2224 2406 alium
2234 2375 2374 2406 sufficien-
2391 2367 2442 2391 ²¹⁸·
2457 2375 2487 2399 4·

1317 2423 1376 2445 tem
1387 2439 1396 2454 ,
1412 2425 1512 2446 eorum
1528 2416 1662 2452 nomine,
1681 2415 1730 2445 sub
1747 2414 1849 2452 Sigillis
1870 2414 1938 2451 suis,
1956 2422 2020 2444 ante
2042 2413 2259 2444 Duodecimum
2281 2413 2372 2444 Diem
2391 2407 2424 2428 H·
2441 2411 2470 2437 5·

1318 2454 1440 2523 &marii
1458 2455 1591 2492 proximo
1613 2454 1804 2491 praeteritum,
1821 2453 1902 2483 nobis
1924 2452 2108 2483 certificarent
2126 2453 2145 2482 11
2167 2452 2216 2490 ipsi
2237 2461 2306 2483 cum
2328 2452 2373 2482 tali
2387 2441 2476 2475 claus.
2496 2450 2524 2474 4·

1356 2503 1454 2523 umero
1468 2491 1633 2522 Hominum
1644 2491 1677 2523 ad
1691 2492 1781 2523 Arma
1799 2493 1831 2522 δε
1847 2492 2077 2530 Sagittariorum,
2095 2491 2124 2519 in
2143 2490 2247 2520 eisdem
2272 2491 2372 2521 Literis
2390 2483 2424 2506 H.
2443 2488 2470 2514 5·
2487 2487 2523 2505 η’·

1317 2531 1557 2569 specificarorum,
1577 2531 1659 2561 nobis
1672 2540 1741 2561 cum
1761 2530 1841 2567 (Deo
1858 2530 1979 2568 praevio)
2002 2537 2055 2568 pro
2076 2527 2305 2566 Recuperatione
2324 2528 2376 2568 Ju-
2391 2527 2408 2553 5
2413 2516 2489 2553 '‘³⁰⁷s·

1318 2571 1390 2599 rium
1405 2571 1437 2601 ὃς
1454 2569 1659 2600 Haereditatum
1676 2568 1856 2605 nostrorum,
1875 2577 1923 2605 per
1937 2566 2141 2605 Adversarium
2156 2567 2270 2607 nostrum
2288 2571 2378 2598 Fran-

1318 2611 1363 2637 ciae
1377 2608 1423 2638 diu
1441 2608 1638 2645 detentorum,
1656 2607 1688 2637 &
1703 2608 1834 2644 injuriose
1849 2614 2074 2643 occupatorum,
2092 2607 2121 2636 in
2139 2605 2240 2645 Viagio
2257 2606 2378 2645 nostro,

1319 2646 1410 2676 versus
1427 2656 1515 2684 partes
1530 2646 1654 2676 Franciae
1671 2645 1809 2683 proficisci
1826 2644 1948 2681 vellent,
1965 2643 2010 2674 seu
2024 2644 2105 2682 alias,
2122 2653 2191 2675 cum
2202 2654 2261 2681 quo
2276 2654 2378 2676 nume-

1321 2694 1354 2714 ro
1367 2684 1525 2719 huiusmodi
1539 2683 1704 2713 Hominum
1719 2683 1753 2712 ad
1774 2683 1864 2713 Arma
1876 2683 1909 2713 &
1926 2681 2140 2720 Sagittariorum
2163 2683 2262 2721 nobis,
2280 2685 2310 2714 in
2327 2693 2379 2715 eo-

1320 2723 1386 2753 dem
1401 2719 1522 2759 Viaoio,
1539 2721 1676 2752 deservire
1694 2721 1823 2759 possent,

1358 2761 1448 2791 Vobis
1456 2748 1644 2799 Praecipimus
1678 2758 1793 2802 firmiter
1801 2759 1997 2799 injungentes,
2016 2758 2096 2797 qubd
2109 2758 2217 2797 statim,
2232 2759 2294 2790 vifis
2302 2759 2380 2790 Prae-

1319 2799 1438 2830 ientibus
1447 2822 1457 2838 ,
1476 2801 1505 2829 in
1520 2798 1630 2837 singulis
1644 2782 1731 2828 [ocis
1744 2797 1872 2828 Civitatis
1886 2797 2047 2836 praedi&ae‚
2065 2799 2099 2830 &
2121 2798 2330 2829 Suburbiorum
2349 2807 2379 2828 e—

1316 2838 1424 2876 jusdem
1433 2861 1442 2875 ,
1461 2839 1507 2868 ubi
1522 2838 1610 2873 magis
1623 2837 1771 2875 expediens
1781 2836 1861 2867 fuerit
1874 2837 1906 2868 &
1916 2836 2027 2867 necefle
2036 2860 2046 2875 ,
2063 2837 2180 2876 publice
2193 2845 2228 2867 ex
2241 2843 2318 2874 parte
2324 2845 2378 2867 no-

1321 2877 1376 2907 stra
1392 2877 1558 2914 proclamari
1571 2875 1693 2913 faciatis,

1358 2915 1377 2935 *
1395 2915 1487 2953 Quod
1504 2924 1604 2945 ornnes
1624 2915 1657 2945 &
1678 2913 1774 2952 singuli
1799 2912 1939 2950 Domini,
1959 2911 2066 2944 Milites
2100 2911 2260 2951 Armigeri,
2279 2913 2313 2944 &
2334 2912 2379 2944 alii
2398 2913 2414 2929 ³
2433 2913 2488 2947 IX,

1321 2953 1447 2992 praedit‘ti
1457 2977 1465 2991 ,
1476 2953 1525 2983 sint
1535 2977 1544 2990 ,
1562 2954 1590 2982 in
1602 2953 1719 2990 propriis
1734 2951 1861 2981 Personis
1875 2952 1942 2988 suis,
1984 2958 2062 2981 uarto
2083 2951 2177 2981 ecimo
2191 2950 2249 2982 Die
2256 2951 2379 2982 Februa·
2395 2960 2462 2988 434-

1322 2994 1371 3030 rii‚
1389 2994 1520 3030 proximo
1534 2992 1647 3029 futuro,
1667 2990 1831 3021 Nobiscum
1839 3000 1870 3020 ac
1885 2998 1953 3019 cum
2021 2989 2106 3020 ncilio
2119 2989 2236 3027 nostro,
2254 2989 2381 3021 INDEN-

1324 3039 1438 3061 TURAS
1459 3030 1523 3060 inde
1539 3031 1610 3060 inter
1627 3029 1694 3060 Nos
1710 3029 1743 3059 &
1757 3028 1844 3065 ipsos,
1862 3037 1896 3057 ex
1912 3027 1989 3057 causa
2004 3027 2154 3066 praediCta,
2172 3027 2290 3068 fadiuri,
2309 3039 2379 3060 nec-

1323 3080 1382 3099 non
1397 3069 1483 3099 Vadia
1497 3068 1542 3098 sua
1556 3069 1627 3105 juxta
1634 3068 1756 3097 formam
1772 3066 1935 3097 earumdem
1953 3065 2267 3106 INDENTURARUM,
2282 3076 2379 3106 recep-

1323 3110 1378 3139 turi
1393 3108 1522 3143 indilat03

1361 3146 1399 3176 Et
1413 3146 1469 3175 hoc
1485 3143 1638 3174 nullatenus
1649 3143 1792 3173 omittatis.

1358 3183 1447 3215 Teste
1460 3183 1541 3222 Rege
1555 3182 1629 3220 apud
1644 3179 1898 3221 Wstmonasterium
1913 3182 2007 3220 primo
2022 3181 2068 3212 die
2080 3181 2232 3214 Februarii.

2012 3264 2065 3292 Per
2079 3261 2160 3301 ipsum
2169 3265 2273 3300 Regem.

1358 3349 1509 3392 consimilia
1522 3353 1628 3381 Brevia
1649 3351 1801 3389 diriguntur
1814 3349 1926 3390 singulis
1946 3353 1976 3381 V
1975 3350 2147 3381 icecomitibus
2158 3358 2210 3390 per
2225 3348 2376 3389 Angliam,

1395 3401 1427 3420 ac
1443 3390 1608 3420 cancellario
1621 3394 1650 3420 in
1665 3394 1802 3421 comitatu
1815 3390 1945 3419 Palatino
1959 3388 2138 3429 Lamassriae.

1725 3552 1846 3587 Eadem
1868 3552 1987 3587 Latine.

1327 3691 1499 3753 SUpreme
1515 3692 1556 3721 mi
1576 3691 1653 3727 Ligie
1671 3690 1822 3729 Domine,
1846 3691 1880 3722 &
1903 3688 1973 3720 mihi
1994 3686 2130 3725 Princeps
2145 3685 2381 3720 Christianiffime

1385 3728 1585 3767 metnendifflme
1594 3729 1678 3798 Ifieper
1695 3734 1806 3760 Terram
1823 3751 1833 3766 ,
1856 3725 2042 3757 Recommendo
2057 3736 2099 3754 me
2112 3724 2210 3764 vestre
2227 3725 2310 3766 Cegsb
2326 3730 2380 3757 Re-

1323 3767 1398 3807 gali,
1417 3769 1455 3804 &
1478 3772 1614 3806 Imperiai
1632 3768 1791 3809 Majestati,
1809 3765 1953 3796 omnimodo
1973 3775 2029 3794 cum
2048 3766 2175 3802 Honore,
2191 3763 2288 3805 Cultu,
2306 3768 2380 3797 Gra-

1326 3810 1369 3836 tia
1380 3829 1389 3843 ‚
1407 3806 1445 3842 ῤ’
1461 3806 1630 3836 Obedientia.

1365 3844 1574 3875 Glorioliffime
1589 3846 1629 3874 mi
1647 3844 1794 3881 Domine,

1368 3882 1479 3912 Placeat
1493 3883 1569 3912 vobis
1576 3882 1646 3922 fiire
1659 3883 1744 3923 quod,
1763 3885 1816 3911 Die
1825 3882 1973 3917 Mercurii,
1990 3878 2069 3909 Hora*
2077 3879 2171 3911 Tertia*
2183 3880 2381 3920 Pomeridiand,

1329 3921 1379 3952 vel
1387 3925 1490 3951 circiter
1507 3923 1576 3958 (vice
1587 3931 1638 3950 imo
1653 3924 1764 3960 septimo
1780 3920 1822 3949 die
1842 3917 1990 3956 Januarii)
2011 3920 2110 3947 Frater
2130 3919 2235 3958 vester,
2249 3918 2383 3958 gratiofiss

1328 3962 1468 3998 Princeps,
1485 3958 1550 3991 Rex
1595 3969 1690 3997 omae,
1702 3956 1830 3997 ingrqffns
1842 3956 1879 3996 ‘’st
1893 3959 2042 3988 Civiaeatem
2059 3957 2237 3998 constanciae,
2251 3969 2308 3989 cum
2329 3967 2380 3986 ve-

2323 3993 2383 4033 lbra
