2546 4279
52 3351 70 3369 ·
93 3351 182 3378 VIII.

79 3398 142 3427 217·

53 3476 133 3508 Ann.
147 3475 189 3506 D.

85 3524 170 3554 1401.

57 3557 111 3582 An.
131 3564 156 3580 2.

59 3597 94 3620 H.
112 3600 142 3629 4.

58 3635 99 3658 ,Ex
115 3634 139 3657 Α
147 3640 180 3657 ic-

58 3675 125 3705 togr.

141 630 147 636 ·
177 622 241 655 ciae,
257 618 289 647 &

173 125 220 153 12

348 301 445 344 Super
463 295 540 328 dist'o
559 294 768 328 Matrimonio
784 289 821 323 de
838 273 1070 323 Secur‘itatibus.

150 399 157 405 ·
182 384 373 439 RUpertus,
392 383 451 413 Dei
466 380 570 419 gratia,
587 381 769 409 Romanorum
784 380 844 407 Rex
854 399 864 415 ,
879 374 988 414 semper
1004 365 1249 412 Augustus,0m-

261 425 358 454 nibus.
379 422 412 452 ad
429 432 499 460 quos
514 418 656 457 praesentia
670 417 851 453 devenerint,
868 413 1000 444 Salutem.

217 463 336 494 Notum
349 462 485 491 omnibus
497 460 531 490 ὅ(
546 457 661 494 singulis
671 456 728 486 effe
743 455 874 484 volumus
887 452 981 490 quod,

218 503 313 541 Quia,
331 500 446 530 auctore
466 497 620 534 Domino,
639 506 687 533 per
708 494 776 524 Nos
794 494 827 524 δε
845 490 1029 521 Carilsimum
1051 489 1157 519 Filium
1179 485 1246 516 nos-

124 546 134 553 '
179 549 254 572 trum
270 540 448 569 Ladon-icum
467 537 487 556 *²
506 536 656 567 Comitem
666 533 826 564 Palatinum
836 530 912 560 Reni
928 529 961 559 &
979 528 1094 558 Ducem
1112 527 1251 562 Bavariae,

297 576 507 608 Serenissimum
527 575 694 611 Principem
709 573 858 601 Henricum
874 571 969 605 Regem
982 567 1095 604 Angliae
1110 564 1148 600 ἄν
1162 568 1251 594 Fran-

304 615 468 646 Dorninum
483 613 651 650 Hiberniae,
669 622 702 641 ac
717 609 883 640 Piaeciaram
902 608 935 637 &
952 604 1112 643 Ingenuam
1126 604 1185 642 ejus
1200 603 1252 633 Se-

179 658 288 687 nioi’em
303 655 463 691 legitimam
477 655 511 685 ὃς
527 650 678 683 naturalem
693 649 790 679 Filiam
805 644 970 676 Blanchiam
1003 643 1169 674 constitutos
1182 642 1251 671 hinc

179 695 247 725 inde
262 693 296 724 ad
316 694 373 724 hoc
394 692 614 728 Procuratores,
634 686 872 722 Cornmiffirios,
890 684 923 714 &
944 666 1082 713 N'uncios
1103 680 1253 719 speciales,

181 732 339 763 Contracta
353 732 414 763 sunt
431 730 589 769 Sponsalia,
610 730 638 758 in
653 728 712 758 vim
729 725 910 756 Matrimonii
924 721 959 751 de
975 722 1127 759 proximo,
1154 719 1252 749 Chris-

178 780 210 802 to
227 771 338 809 auspice
351 796 361 808 ,
388 770 556 801 subsecuturi
571 791 580 807 ,
598 766 694 798 vallata
710 764 832 803 pluribus
846 761 1100 798 Promiffionibus,
1117 758 1252 796 Punffis,

181 809 426 848 Conditionibus,
445 811 479 842 &
494 807 636 844 Cautelis,

217 849 303 888 NOS,
322 849 358 880 de
378 857 454 879 certa
477 847 574 878 nostra
596 855 629 876 ac
653 843 717 874 Filii
738 839 828 872 nostri
852 839 983 876 scientia,
1002 835 1182 875 praesentibus
1197 835 1254 873 ipsa

178 887 342 926 sponsalia,
359 887 406 926 spe
422 885 610 924 subsequentis
631 880 829 916 Matrimonii,
846 876 1038 908 continuanda
1053 876 1086 906 ὃ(
1100 874 1255 911 firmanda,

178 934 334 965 caeteraque
357 927 456 956 omnia
470 927 504 957 &
522 922 627 961 singula
642 944 652 960 ,
672 922 798 959 primum
813 919 843 947 in
860 916 1014 946 Londonia
1031 936 1041 952 ,
1058 912 1162 943 deinde
1179 913 1254 950 apud

179 964 364 996 Dordracum
379 964 567 1004 praedie’tum,
585 971 633 1000 per
650 959 850 990 Procuratores
863 956 940 985 circa
954 964 1004 991 ea,
1022 954 1056 983 &
1072 961 1121 990 per
1136 950 1205 981 Nos
1221 952 1254 982 ὃς

179 1005 250 1035 inter
269 1004 334 1035 Nos
355 1003 487 1035 servanda
507 1002 540 1033 &
560 998 739 1036 adimplenda
753 1020 763 1035 ,
782 994 872 1025 Dicta
887 1015 897 1031 ,
917 991 1002 1022 Facta
1018 1014 1028 1029 ,
1046 989 1188 1020 Promissa
1209 989 1256 1019 vel

183 1043 305 1080 Adicita
322 1043 366 1073 seu
384 1042 474 1073 Posita
490 1064 499 1080 ,
515 1039 665 1077 Scripturis
677 1035 800 1074 ipsorum
815 1032 1041 1063 procuratorum
1055 1029 1102 1059 seu
1115 1028 1256 1058 Literis&

179 1082 281 1121 sigillis
295 1082 410 1120 vallata,
430 1079 586 1111 Laudamus
602 1078 634 1108 &
650 1075 858 1113 Approbamus.

217 1121 339 1161 Nosque
361 1130 393 1150 ea
414 1129 465 1149 nos
486 1119 638 1149 servaturos
650 1117 683 1144 &
699 1110 899 1148 adimpleturos
922 1105 1104 1138 effeetualiter
1119 1103 1254 1136 Promisi-

181 1169 270 1230 }nuss,
294 1168 376 1198 atque
402 1157 479 1189 bona
505 1155 558 1186 fide
574 1154 624 1185 sub
642 1153 733 1184 verbo
752 1148 851 1181 nostro
871 1147 967 1186 Regio
987 1146 1188 1176 Promittimus
1204 1154 1254 1182 per

207 1210 245 1230 ra:
258 1206 344 1229 entes.

218 1237 417 1274 Potillimeque
439 1233 639 1265 Promittimus
659 1228 739 1271 quod
761 1227 840 1259 idern
863 1223 960 1255 noster
983 1223 1067 1254 Filius
1083 1221 1256 1265 Ludewicus

182 1276 268 1314 ipsam
284 1275 448 1306 Blanchiam
461 1274 493 1304 &
511 1283 570 1303 non
594 1271 676 1302 aliam
698 1270 783 1300 ducet
800 1268 829 1296 in
846 1263 982 1294 Uxorem
999 1286 1009 1302 ,
1028 1262 1084 1293 vita
1103 1261 1254 1303 utrobique

183 1316 308 1352 comite,
328 1314 372 1344 die
388 1314 422 1344 δε
438 1313 525 1350 loco,
542 1310 578 1342 ad
591 1311 650 1341 hoc
666 1332 676 1347 ,
693 1317 742 1346 per
759 1305 830 1345 ipsos
845 1301 961 1334 nostros
976 1302 1136 1334 comuniter
1151 1299 1198 1329 vel
1211 1298 1255 1329 di-

184 1353 264 1384 visim
280 1353 498 1388 Procuratores,
514 1348 632 1388 praefixis
646 1348 680 1380 ὃς
695 1345 852 1383 assignatis,
1190 1377 1195 1382 ¹

204 1392 368 1430 Specialiter
383 1393 466 1421 etiam
481 1389 681 1420 Promittimus
694 1385 774 1424 quod
787 1383 895 1415 diCtam
911 1381 1071 1413 Dominam
1079 1377 1256 1414 Blanchiam,

183 1431 266 1462 causa
281 1431 312 1462 &
329 1431 450 1461 nomine
464 1427 638 1460 Donationis
654 1433 768 1464 propter
783 1422 906 1460 Nuptias
921 1444 931 1460 ,
949 1427 1054 1451 certam
1070 1417 1206 1460 faciemus
1221 1417 1255 1447 &

183 1469 326 1507 securam,
342 1479 389 1508 per
410 1469 538 1499 Parentes
562 1467 668 1497 Literas
689 1462 796 1493 nostras
812 1464 846 1494 &
861 1460 934 1491 dieti
955 1459 1016 1490 filii
1042 1455 1133 1499 nostri
1155 1457 1184 1485 in
1201 1455 1255 1485 hac

184 1517 262 1546 parte
276 1517 446 1547 oportunas,
462 1507 540 1537 Parti
550 1505 635 1536 diere
651 1502 793 1534 Blanchiae
808 1498 1015 1535 deliberandas,
1034 1496 1067 1526 &
1084 1494 1148 1525 alias
1164 1493 1256 1524 modo

184 1558 244 1587 quo
259 1548 421 1578 noverimus
435 1547 470 1578 δε
483 1545 650 1575 debebimus
667 1542 780 1572 certiori
793 1563 803 1578 ,
821 1538 856 1570 ad
872 1536 1064 1577 quorumlibet
1077 1533 1257 1572 jurisperito-

185 1596 249 1616 rum
273 1586 370 1616 finum
393 1584 553 1615 Consilium
575 1583 609 1614 &
624 1581 837 1612 Avis-amentum
854 1601 863 1615 ,
881 1577 916 1608 de
939 1575 1025 1606 Bonis
1047 1572 1233 1603 inmobilibus
1247 1594 1258 1609 ,

186 1623 311 1664 Castris,
330 1624 465 1662 Praediis,
483 1622 601 1659 Terris,
621 1620 718 1656 Villis,
739 1618 899 1654 Dominiis,
918 1614 1030 1652 Curiis,
1050 1613 1083 1643 &
1104 1609 1259 1642 Poll‘ess'io-

184 1664 289 1702 nibus,
306 1665 381 1701 juxta
407 1662 542 1700 Renum,
561 1661 605 1691 vel
628 1660 657 1689 in
682 1658 796 1688 Ducatu
818 1655 939 1686 Bavariae
955 1676 965 1692 ,
984 1653 1083 1690 quibus
1102 1650 1137 1680 ad
1159 1650 1256 1681 Vitam

183 1706 260 1732 luam
276 1703 353 1733 dicta
368 1701 499 1731 Blanchia
514 1699 633 1738 pacifice
648 1697 768 1735 gaudere
784 1695 888 1733 poterit
902 1694 936 1724 &
951 1692 1066 1723 debebit
1081 1711 1091 1727 ‚
1108 1688 1143 1719 ad
1164 1689 1259 1718 minus

183 1740 268 1779 usque
282 1741 316 1772 ad
333 1741 484 1771 Summam
499 1740 532 1770 δε
548 1738 681 1770 Valorem
707 1735 847 1766 Annuum
870 1732 1002 1770 Qatuor
1020 1729 1140 1760 Milium
1155 1727 1256 1758 Nobi—

186 1780 274 1818 lium,
293 1779 389 1810 Cunei
405 1778 537 1817 Angli-ae,
552 1779 585 1810 &
601 1775 703 1807 valoris
717 1775 749 1805 &
766 1772 896 1811 ponderis
911 1770 1008 1801 usualis
1022 1770 1051 1798 in
1067 1767 1174 1806 Regno
1195 1766 1254 1796 An-

186 1819 272 1857 gliae,
291 1829 353 1857 quae
368 1819 520 1849 communi
536 1816 723 1847 aestimatione
739 1812 876 1842 hactenus
892 1809 1056 1840 continuata
1069 1809 1103 1838 &
1119 1804 1259 1836 verisimi-

185 1859 247 1888 liter
263 1858 453 1889 continuanda
468 1857 610 1887 annuatim
625 1853 651 1884 se
666 1851 845 1889 extenderat,

224 1896 261 1927 Et
276 1897 326 1927 alia
341 1897 479 1927 faciemus
494 1896 527 1926 &
542 1893 754 1925 observabimus
770 1888 874 1927 singula
888 1911 898 1927 ,
916 1897 982 1927 quae
996 1895 1045 1924 per
1060 1883 1130 1915 Nos
1150 1882 1259 1913 sacien-

185 1935 221 1966 da
244 1936 289 1969 seu
313 1934 484 1967 observanda
505 1932 655 1964 memorati
676 1930 876 1960 Procuratores
891 1949 901 1965 ‚
918 1927 949 1956 in
972 1934 1072 1957 eorum
1093 1922 1260 1960 Scripturis,

187 1975 292 2012 Sigillis
306 1985 405 2007 eorum
421 1974 526 2004 vanans
540 1995 550 2010 ‚
566 1970 712 2002 ediderunt
727 1969 760 2000 &
775 1967 994 2003 ordinaverunt,
1006 1963 1057 1994 sub
1071 1962 1164 1992 Poena
1180 1959 1261 1991 Cen-

187 2024 250 2046 tum
269 2015 404 2045 Minium
426 2012 588 2043 Nobilium
603 2009 696 2040 Cunei
711 2008 813 2038 valoris
831 2007 864 2037 &
883 2003 1021 2034 Ponderis
1035 2000 1259 2042 praedictorum,

187 2054 239 2094 ipsi
254 2054 384 2085 Henrico
398 2052 477 2089 Regi
503 2049 619 2087 Angli-x
640 2049 674 2079 ὅ(
694 2047 770 2077 Parti
784 2045 872 2076 didiae
887 2042 1047 2079 Blanchiae,
1066 2040 1085 2071 si
1099 2050 1130 2069 ea
1145 2039 1263 2077 omnia,

209 2102 253 2122 uae
262 2094 322 2131 jam
338 2092 536 2123 Promittimus
552 2113 562 2126 ,
581 2089 615 2120 &
639 2097 703 2124 quae
726 2095 774 2123 per
795 2084 996 2114 Procuratores
1019 2079 1128 2110 nostros
1143 2078 1178 2108 &
1191 2077 1262 2107 dieti

212 2132 251 2161 flii
269 2131 358 2162 nostri
374 2131 440 2161 alias
454 2125 596 2159 Promissa
611 2127 657 2157 vel
673 2125 762 2155 Dicta
775 2123 879 2154 fuerint
896 2122 926 2150 in
941 2121 995 2150 hac
1010 2127 1087 2159 parte
1102 2140 1112 2156 ,
1130 2126 1190 2147 non
1206 2117 1261 2146 ser-

188 2171 364 2208 vaverimus‚
382 2169 428 2199 vel
442 2166 661 2210 perfecerimu5‚
679 2164 712 2195 ὅτ
722 2170 775 2201 pro
790 2161 872 2192 Parte
887 2159 967 2200 ipsius
982 2157 1126 2189 Blanchiae
1141 2154 1262 2197 promis·

187 2210 214 2240 sa
230 2209 334 2239 servata
350 2209 451 2239 fuerint
461 2231 469 2244 ,
486 2204 706 2241 solvendorum,

226 2248 254 2279 A
268 2248 348 2286 cujus
362 2248 448 2278 etiam
462 2245 564 2275 Poenae
580 2243 743 2279 Solutione,
761 2250 810 2279 per
825 2238 950 2270 Poenam
966 2233 1160 2273 forsan,quod
1176 2233 1264 2272 absit,

186 2296 237 2333 per
257 2285 466 2316 Condebitores
481 2283 593 2314 nostros
608 2305 619 2321 ,
635 2289 682 2312 aut
695 2280 765 2311 alios
782 2275 970 2317 quovismodo
980 2298 989 2314 ,
1007 2275 1130 2305 nomine
1145 2272 1262 2311 nostro,

187 2337 217 2357 in
233 2326 286 2357 hac
302 2334 378 2366 parte
393 2322 562 2354 oblioandos
577 2344 587 2359 ‚
605 2319 850 2351 committendam
865 2340 875 2356 ,
892 2314 1075 2351 solvendam,
1093 2312 1139 2343 vel
1155 2312 1266 2342 deberi-

188 2365 274 2402 darn,
292 2365 401 2395 liberati
418 2350 567 2399 nolumus,
585 2369 638 2390 nec
654 2357 779 2395 absolvi,

230 2403 425 2440 Volumusque
441 2409 573 2442 praeterea
591 2397 688 2436 quod,
707 2395 742 2427 ad
757 2395 896 2432 majorem
905 2390 1114 2423 Certitudinem
1130 2389 1266 2420 omnium

188 2442 222 2473 &
232 2442 404 2479 singulorum
414 2443 487 2479 ,tam
501 2448 550 2479 pet
564 2435 742 2476 Nos,quam
758 2443 807 2471 per
822 2432 1019 2463 Procuratores
1034 2429 1148 2459 nostros
1166 2427 1200 2458 &
1210 2428 1267 2458 Lu-

190 2481 294 2513 dewici
303 2481 363 2511 Filii
373 2479 460 2510 nostri
468 2475 597 2518 praediffl
605 2472 820 2505 Promissorum
829 2494 839 2508 ,
846 2470 1016 2506 Dictorum,
1036 2467 1190 2498 Fastorum
1198 2467 1230 2496 &
1238 2467 1268 2497 in

192 2520 246 2551 hac
253 2530 326 2560 parre
335 2519 549 2554 Ordinatorum,
557 2514 652 2544 dilecti
661 2513 743 2543 nobis
769 2508 968 2549 speetabiles&
977 2505 1092 2536 illustres
1100 2529 1109 2544 ,
1118 2505 1268 2543 Stephanus

194 2563 264 2589 Dux
285 2561 424 2589 Bavariae
445 2555 554 2586 Comes
573 2552 716 2583 Palatinus
737 2533 813 2580 l3xeni
827 2547 958 2578 Patruelis
980 2543 1073 2575 noster
1087 2567 1096 2582 ,
1112 2545 1269 2574 Fredericus

194 2601 399 2636 Burggeravius
419 2590 645 2632 Nurenbergenfis
669 2590 817 2627 Swagerus
833 2586 928 2617 noster
943 2608 953 2623 ,
971 2582 1114 2621 Adolphus
1129 2582 1162 2611 de
1176 2581 1268 2612 clives

193 2636 232 2673 (ἐν
248 2638 281 2667 de
297 2637 404 2667 Marka
425 2638 513 2664 Comes
529 2631 627 2662 Gener
641 2629 737 2660 noster
750 2650 760 2665 ,
779 2625 956 2656 Elam-hardus
975 2626 1065 2652 Comes
1088 2622 1121 2650 de
1134 2623 1268 2650 Katzen-

190 2676 300 2715 lubogen
314 2698 324 2714 ,
343 2673 489 2712 Phillr'ppus
510 2674 599 2700 Comes
617 2668 649 2698 de
671 2665 804 2706 Naffawe
817 2664 995 2704 Saroponte,
1013 2660 1164 2690 Fredericus
1180 2663 1270 2689 Comes

193 2716 225 2745 de
242 2718 407 2755 Lymergen,
426 2710 538 2741 Enucho
553 2712 641 2738 Comes
660 2707 692 2737 de
707 2710 844 2746 Lymugen
859 2726 869 2742 ,
891 2702 1046 2731 fredericus
1062 2702 1152 2728 Comes
1166 2697 1198 2728 de
1215 2701 1268 2727 Va-

193 2754 285 2783 lentze
301 2777 310 2792 ,
330 2751 486 2782 Guntlserus
502 2754 591 2780 Comes
606 2747 636 2776 de
652 2743 856 2780 Strantzburg‚
874 2740 1020 2779 Joharmes
1036 2741 1126 2767 comes
1141 2737 1173 2766 de
1190 2739 1269 2767 Wr-

194 2792 299 2832 thenn,
318 2791 453 2829 Philippus
468 2789 499 2819 de
512 2784 681 2826 Falkc’nflein
718 2783 863 2814 Dominus
879 2783 907 2809 in
926 2776 1085 2814 Kungstein
1095 2799 1104 2814 ,
1120 2776 1153 2806 &
1167 2775 1269 2814 Engel-

196 2832 285 2861 bertus
300 2834 432 2860 Dominus
449 2832 477 2857 in
496 2825 638 2895 Vourgerg
653 2849 662 2862 ,
681 2807 790 2853 ΙΞϊάεῙεε
804 2821 843 2851 sui
859 2842 868 2857 ,
887 2819 941 2849 unii
956 2816 1126 2852 nobiscum,
1165 2825 1197 2845 ro
1216 2815 1267 2845 As-

196 2871 349 2908 signatione
372 2868 519 2899 Bonorum
535 2889 543 2904 ,
591 2864 729 2894 astrorum
743 2884 752 2900 ,
771 2858 946 2890 praediorum
961 2879 970 2894 ‚
989 2856 1023 2886 &
1039 2853 1134 2897 Possei
1148 2863 1268 2891 ionum,

196 2910 230 2939 ὃ(
246 2910 362 2939 aliorum
372 2931 382 2945 ,
400 2907 436 2937 de
456 2905 555 2944 quibus
590 2901 733 2939 raesertur‚
751 2909 798 2939 per
813 2907 914 2940 corum
930 2894 1057 2926 Patentes
1073 2892 1178 2922 Literas
1193 2915 1203 2930 ,
1218 2903 1270 2923 eo-

194 2958 260 2978 rum
275 2947 377 2982 Siaillis
392 2945 500 2976 vallatas
515 2967 525 2982 ,
543 2913 588 2973 arf
593 2941 805 2971 ordinationem
823 2938 856 2968 &
870 2934 1015 2965 dictamen
1029 2941 1089 2962 tam
1106 2930 1269 2961 nostrorum

196 2986 230 3016 &
246 2980 425 3023 Filisnostii,
443 2984 528 3023 quarn
542 2983 628 3012 etiarn
644 2979 865 3009 Procuratorum
882 2972 970 3012 Regis
986 2971 1100 3008 Angliae
1116 2969 1266 3009 praedicti,

197 3025 280 3055 certis
303 3024 409 3063 modis,
429 3023 539 3060 forma,
558 3030 592 3050 ac
613 3015 824 3049 conditionibus
856 3022 890 3043 ac
907 3011 956 3042 sub
978 3019 1053 3041 certa
1066 3008 1175 3045 Poena,
1194 3008 1269 3038 obli-

196 3072 262 3102 gent
277 3065 310 3095 &
325 3062 478 3099 astringant
493 3083 502 3098 ,
516 3060 615 3090 harum
634 3057 683 3087 sub
707 3054 811 3085 nostrae
827 3037 929 3089 hegiae
943 3048 1097 3088 Majestatis
1112 3047 1202 3086 Sigilli
1218 3057 1270 3087 ap-

200 3102 332 3140 pensione
346 3100 512 3132 testimonio
527 3098 696 3128 Literarurn.

238 3140 349 3171 Datum
371 3137 532 3174 Heidelberg
548 3160 557 3175 ‚
571 3134 663 3174 primi
685 3133 731 3163 die
754 3129 860 3161 Mensis
877 3126 1016 3164 Augusti,
1034 3124 1123 3156 Anno
1139 3123 1268 3154 Domini

202 3178 361 3248 Ῐὲᾶῇῖείῐῐηο
377 3201 387 3217 ,
407 3174 700 3216 Quadringentesimo
723 3170 842 3207 Primo,
860 3167 957 3207 Regni
975 3166 1045 3196 vero
1068 3162 1156 3194 nostri
1181 3162 1270 3193 Anno

231 3227 317 3248 rimo.

177 590 211 611 ac
228 590 278 617 per

203 3368 226 3392 *τ
239 3365 459 3414 Acquietantia
476 3361 601 3408 Ifhbellae
623 3361 733 3406 Regina
752 3355 868 3402 Angliae
880 3380 890 3396 ‚
910 3351 999 3397 fassa
1011 3350 1102 3396 ficper
1115 3345 1274 3391 restitutio-

380 3425 416 3445 ne
447 3423 506 3450 tm,
531 3421 567 3443 ac
578 3409 740 3454 frufiuum
756 3408 793 3444 ὠ
817 3402 959 3436 bonorum
968 3400 1107 3446 sitorum.

255 3500 380 3538 Sabella,
399 3498 458 3529 Dei
472 3495 572 3536 gratia,
591 3497 693 3531 Regina
707 3489 822 3528 Anglt'ae
837 3485 984 3520 Universis
999 3508 1009 3524 ,
1025 3483 1170 3525 praesentes
1186 3481 1277 3514 Litte-

258 3553 299 3573 ras
313 3537 494 3577 inspedmris,
511 3534 653 3570 Salutem,

250 3582 331 3612 Cum
343 3575 534 3617 jampridem,
573 3611 578 3616 ι

250 3620 308 3650 Pro
330 3618 410 3649 Bono
431 3621 605 3654 commum,
622 3608 699 3639 Pace

214 3668 276 3688 rum
287 3682 295 3696 ‚
314 3656 442 3687 Franciae
456 3653 488 3684 ὃς
505 3649 636 3686 Angliae,
654 3658 686 3678 :ic

212 3510 234 3562 Ι

744 3607 777 3638 &
795 3603 1007 3642 tranquillitate,
1026 3600 1131 3632 nedum
1153 3601 1279 3639 Regno-

701 3629 880 3682 fieipublicae
894 3641 1060 3672 eorumdem
1069 3663 1079 3678 ,
1092 3641 1280 3671 verumetiam

61 3711 192 3734 Pmescg-
212 3699 298 3740 torius
311 3691 585 3728 Christianitatis,ac
602 3686 682 3717 Fidei
698 3683 874 3720 Catholicae,
891 3681 924 3711 &
937 3679 1139 3711 Ecclesiasticae
1150 3678 1281 3710 Sciffurae

62 3754 115 3772 nur
119 3767 124 3772 .

209 3745 478 3803 unlfficitiimonium
500 3768 571 3797 inter
591 3763 681 3793 felicis
703 3759 907 3791 recordationis
928 3757 1073 3786 Ricardum
1093 3764 1162 3786 tunc
1184 3759 1281 3794 Regem

219 3811 331 3847 Angliae
355 3809 499 3848 quondam
522 3804 689 3835 Dominum
705 3800 738 3830 &
755 3798 893 3828 Maritum
910 3795 1057 3832 nostrum,
1076 3796 1109 3826 ὃς
1126 3794 1194 3824 Nos
1207 3805 1279 3825 con-

218 3852 338 3881 tras-{um
348 3871 357 3885 ,
373 3849 495 3884 juratum
509 3868 518 3882 ,
535 3845 568 3874 ὃ(
584 3843 612 3872 iii
626 3840 698 3870 facie
713 3836 849 3868 Ecclesiae
863 3834 1101 3872 solempnizatum
1116 3832 1223 3871 fuerit,
1238 3833 1281 3863 su-

218 3899 269 3927 per
287 3897 344 3927 quo
361 3894 443 3915 cert-:e
460 3886 590 3919 Litterae,
608 3880 732 3910 formam
746 3876 777 3906 &
800 3874 899 3917 omnia
911 3872 1023 3915 dicftum
1037 3871 1202 3901 Tractatum
1218 3881 1279 3901 tan-

219 3928 314 3965 gentia
330 3925 522 3959 continentes,
541 3921 622 3950 faetae
635 3917 760 3957 fuerint,
772 3913 804 3942 In
819 3913 935 3950 quibus,
954 3919 1024 3953 inter
1039 3918 1279 3945 caetera,cavetur

218 3964 340 4005 expresse
359 3961 437 3999 quod
448 3984 457 3998 ,
476 3960 494 3989 si
514 3960 693 3993 contingeret
715 3955 804 3993 iplum
819 3951 889 3980 olim
905 3949 1073 3993 Dominum
1088 3948 1121 3978 &
1139 3946 1277 3978 Maritum

218 4004 346 4036 nostrum
360 4024 370 4038 ,
385 4008 447 4030 ante
465 3998 534 4027 dieti
558 3994 737 4026 Matrimonii
754 3989 1043 4021 Consummationem
1060 4008 1069 4023 ,
1087 3985 1121 4014 ab
1141 3985 1193 4015 ha‘c
1207 3989 1281 4015 Lu<e

212 4039 359 4084 subtrahi,
376 4037 494 4068 Persona
516 4035 627 4071 nostra,
644 4034 729 4064 libera
749 4031 783 4062 &
804 4028 890 4059 soluta
909 4027 944 4058 ab
959 4025 1092 4056 omnibus
1106 4024 1280 4063 Ligatnentis

617 98 1429 151 CONVENTioNEffi

1489 97 1889 150 LITERAE,

1299 189 1334 220 ὃ(
1352 187 1565 226 impedimentis
1586 189 1785 227 Matrimonii,
1801 189 1837 220 δε
1857 187 1916 218 aliis
1935 186 2165 226 obligationibus
2190 188 2372 228 quibuscum*—

1298 237 1370 265 que,
1387 237 1457 272 curn
1479 229 1618 259 omnibus
1633 229 1796 270 jocalibus,
1816 226 1982 257 Mobilibus
2003 228 2038 257 &
2059 225 2146 259 Bonis
2165 228 2281 267 nostris,
2299 228 2367 260 Me-

1296 265 1479 297 tuendiffimo
1496 265 1631 297 Domino
1652 268 1685 298 &
1705 266 1780 298 Patri
1793 265 1893 296 nostro
1907 288 1917 303 ,
1935 264 2042 295 Karolo
2076 265 2135 298 Dei
2149 268 2240 305 gratia.
2274 271 2365 298 Fran.

1295 315 1386 349 corum
1401 307 1484 344 Regi,
1502 304 1548 336 seu
1563 305 1681 336 Haeredi
1695 305 1742 335 vel
1764 304 1925 335 Successori
1944 303 1993 334 suo
2005 287 2196 338 restitueretur.
2235 291 2282 338 Ᾰά
2300 317 2365 344 quae

1295 351 1382 387 etiam
1398 343 1532 382 tenenda,
1549 343 1740 382 complenda,
1759 342 1947 381 perficienda,
1963 342 2281 383 &observanda,1dem
2295 347 2367 375 olim

1296 380 1418 413 Maritus
1434 382 1530 414 noster
1542 383 1588 421 se,
1604 382 1666 414 suos
1682 381 1878 420 Succeffores,
1894 381 1927 412 ὃς
1942 380 2054 414 causam
2069 382 2217 422 habentes,
2233 385 2367 415 unacum

1295 429 1400 464 eorum·
1415 420 1498 453 Bonis
1521 422 1676 453 mobilibus
1696 422 1730 453 &
1752 419 1952 451 immobilibus
1966 443 1977 459 ,
1995 421 2029 452 ὃς
2051 420 2082 450 in
2102 424 2192 453 verbo
2209 422 2303 463 Regio
2320 432 2369 460 per

1294 457 1351 489 suas
1369 458 1482 491 Litteras
1495 460 1670 499 obligaverit.

1336 497 1408 542 Nec
1426 508 1486 529 non
1506 499 1742 536 Consanguineus
1760 497 1853 530 noster
1874 497 1992 536 Angliae
2011 501 2144 530 Henrt'cus
2163 506 2235 531 tunc
2255 498 2369 530 Comes

1297 534 1454 574 Derbeiae,
1472 547 1549 568 nunc
1564 539 1675 578 praefati
1689 537 1812 567 Domini
1833 537 1928 568 nostri
1939 537 2049 574 Mariti
2071 538 2222 569 Successor
2234 561 2244 577 ,
2262 540 2295 569 ὃς
2312 538 2369 576 Jo-

1297 574 1402 605 hannes
1423 575 1593 620 Lancastriee
1607 599 1617 614 ,
1643 577 1803 606 Edmondus
1829 576 1971 614 Eboraci,
1999 577 2032 608 &
2059 577 2175 607 Thomas
2198 576 2371 616 Glocestriae,

1298 623 1365 660 tunc
1384 615 1484 645 Duces
1499 616 1532 647 &
1549 614 1614 645 Filii
1635 615 1729 652 Regis
1745 637 1756 653 ,
1773 615 1934 645 Edwardus
1948 615 2140 656 Rutelandiae,
2158 617 2272 647 Thomas
2286 618 2372 645 Kan-

1298 660 1346 682 t1ae
1353 676 1362 692 ,
1381 653 1527 698 Johcznpes
1538 654 1743 698 Huntyftdoniae
1752 676 1762 691 ,
1770 654 1803 684 δί
1811 653 1926 684 Thomas
1940 654 2152 696 Notynghamiae
2159 679 2169 694 ,
2178 655 2310 686 Comites
2318 677 2327 693 ‚
2336 656 2371 686 &

1298 702 1399 723 eorum
1408 691 1597 732 quissibet,Se
1606 701 1692 723 etiam
1704 714 1715 730 ,
1732 692 1766 722 &
1774 691 1835 723 suos
1849 692 2046 732 Succeffores,
2056 695 2089 726 &
2099 695 2210 726 causam
2226 694 2370 732 habentes,

1299 741 1454 771 eorumque
1464 731 1541 762 Bona
1549 740 1616 763 tunc
1626 731 1813 769 praesentia‚&
1821 731 1981 761 infuturum
1990 733 2374 772 obventura,Obligaverint,

1298 779 1382 809 prout
1395 780 1445 815 per
1461 780 1562 815 eorum
1579 770 1712 815 Litteras,
1727 768 1833 813 sigillis
1847 769 1900 800 suis
1911 769 2064 809 sigillatas,
2081 773 2225 803 evidenter
2241 779 2371 810 apparet,

1339 808 1376 839 Et
1393 808 1453 847 ipso
1466 809 1540 839 olim
1556 807 1689 840 Domino
1705 807 1813 838 Marito
1827 807 1924 837 nostro
1932 817 1997 839 ante
2012 809 2171 847 hujusmodi
2189 810 2375 842 Matrimonii

1302 846 1561 878 Consumationem
1582 848 1673 886 (sicut
1688 846 1832 878 Altiffimo
1847 846 1969 885 placuit)
1997 848 2056 878 vita
2076 849 2178 880 funere

1338 885 1450 931 Nostra
1473 885 1594 917 Persona
1610 896 1668 917 cun
1690 886 1825 916 omnibus
1835 885 1982 924 jocalibus
1996 886 2030 916 ὃς
2049 885 2135 917 Bonis
2148 872 2250 920 no'stris
2269 888 2374 926 (Sum-

1301 924 1535 970 malDucenturri
1551 924 1640 956 Mille
1661 924 1835 955 Francorum
1852 947 1861 963 ,
1880 934 1944 962 qua:
1958 925 2061 962 vigore
2076 926 2226 958 Traeiatus
2238 927 2272 958 ὃ(
2288 926 2375 957 Obli-

1302 971 1424 1008 gationis
1440 962 1647 1008 praedifitorum
1658 965 1742 994 nobis
1755 963 1875 994 debetur
1884 963 2047 1001 ,dumtaxat
2061 965 2198 1006 excepta)
2218 967 2249 996 sit
2258 965 2377 1004 praefato

1301 1000 1438 1047 Domino
1460 1001 1672 1046 Patri-nostro,
1695 1002 1773 1040 juxta
1794 1002 1916 1032 formam
1938 1002 1972 1032 &
1989 1002 2130 1034 effed‘tum
2152 1003 2323 1036 Litterarum
2342 1004 2378 1036 δε

1301 1039 1454 1070 Traetatus
1465 1039 1670 1084 praed1&orum
1679 1063 1689 1078 ,
1728 1040 1791 1071 lene
1806 1040 1946 1079 restituta,

1341 1078 1458 1122 Notum
1480 1078 1601 1123 facimus
1617 1079 1695 1117 quod
1755 1088 1788 1109 os
1802 1080 1903 1109 virtute
1923 1079 2144 1111 auOEtorifiitionis
2158 1079 2228 1112 diffl
2248 1081 2376 1112 Domini

1301 1115 1390 1147 Patris
1406 1115 1494 1161 nostri
1531 1118 1614 1162 nobis
1631 1119 1710 1161 super
1732 1117 1784 1146 hiis
1798 1116 1930 1154 praestitae
1943 1118 1977 1148 δε
1993 1119 2153 1157 conceffae,
2170 1120 2320 1158 praedffios
2334 1122 2378 1162 51³⁴

1301 1154 1352 1185 sius
1373 1155 1446 1185 olim
1469 1140 1570 1186 Nsariti
1584 1155 1674 1186 nostri
1687 1154 1824 1199 Haeredes
1839 1177 1849 1193 ,
1868 1156 1903 1187 &
1917 1155 2094 1188 Succeffores
2106 1180 2117 1196 ,
2134 1159 2180 1190 seu
2202 1158 2312 1190 caulam
2327 1160 2378 1190 ha-

1301 1194 1398 1239 bentes
1413 1218 1423 1233 ,
1443 1193 1575 1225 Necnon
1600 1193 1854 1234 Consanguineum
1879 1192 2009 1224 nostrum
2035 1195 2172 1235 Angliae,
2190 1208 2224 1229 ac
2251 1198 2351 1230 Duces

1302 1231 1455 1272 ComiteS,
1474 1234 1508 1265 &
1527 1232 1663 1265 Proceres
1681 1232 1872 1274 supradictos,
1889 1232 1923 1263 ad
1942 1232 2000 1263 hoc
2019 1241 2048 1264 ut
2065 1238 2247 1270 praemittitur
2263 1221 2378 1275 obliga-²-

1301 1280 1364 1310 tOS,
1381 1282 1483 1317 eorum
1498 1272 1654 1316 Hzeredes‚
1673 1271 1912 1309 Success'ores,&
1928 1271 2038 1302 caulam
2052 1272 2186 1304 habentes
2197 1285 2230 1305 ac
2240 1274 2379 1315 Regnum·

1301 1311 1417 1356 Angliae
1433 1333 1442 1349 ,
1462 1310 1599 1342 Subditos
1613 1334 1624 1350 ,
1643 1310 1753 1342 Incolas
1764 1332 1776 1347 ,
1795 1310 1828 1341 δε
1845 1309 1953 1340 Fideles
1967 1310 2105 1349 ejusdem,
2123 1322 2176 1349 pro
2188 1313 2272 1344 nobis
2307 1314 2382 1344 l-lae-

1302 1349 1429 1395 redibus,
1449 1350 1482 1380 &
1502 1350 1716 1394 Succesi'oribus
1740 1348 1857 1388 nostris,
1874 1349 1911 1379 ab
1931 1350 2014 1379 omni
2029 1350 2142 1381 afflone
2159 1352 2242 1390 reali,
2265 1336 2299 1383 ἐξ
2317 1361 2383 1391 per-

1302 1387 1407 1427 sonali,
1426 1388 1609 1433 [inpetitione
1624 1388 1669 1419 seu
1685 1387 1843 1419 Exactione
1880 1387 2060 1427 uficumque,
2079 1389 2109 1419 in
2120 1389 2237 1428 Judicio
2273 1391 2382 1422 velex-

1302 1434 1362 1473 tra,
1380 1428 1480 1472 nobis,
1498 1428 1544 1472 seu
1559 1426 1636 1459 Patri
1652 1427 1750 1458 nostro
1766 1426 1853 1465 praedi
1885 1436 1921 1464 o,
1940 1428 2050 1457 ratione
2065 1427 2220 1460 Trastatsis
2232 1413 2278 1460 seu
2293 1429 2380 1460 Obli-'

1305 1476 1427 1513 gationis
1439 1466 1660 1505 praedictorum,
1680 1465 1925 1504 competentibus,
1944 1465 2132 1506 Liberamus,
2151 1467 2321 1507 Qiietamus
2345 1469 2380 1500 ὃς

1303 1514 1416 1544 penitus
1430 1505 1627 1537 Exoneramus
1636 1527 1646 1543 ,
2327 1491 2338 1508 ³

1341 1544 1488 1589 Nolentes
1508 1544 1590 1583 quod
1614 1545 1623 1574 i
1645 1544 1682 1583 fi,
1700 1543 1745 1575 seu
1767 1543 1866 1583 aliquis
1889 1542 2057 1574 eorumdem
2073 1566 2084 1582 ‚
2100 1541 2252 1576 occasione
2267 1545 2384 1585 alicujus

1303 1581 1503 1615 Promiffionis
1517 1606 1527 1622 ,
1546 1582 1591 1615 seu
1638 1581 1785 1614 ontraetsis
1798 1605 1808 1621 ,
1822 1583 1853 1612 in
1869 1581 1991 1620 praefatis
2010 1581 2124 1613 Litteris
2144 1584 2322 1622 obligatoriis
2336 1593 2384 1617 aut

1304 1621 1444 1666 Traeiatu
1460 1621 1690 1660 comprehensis,
1705 1621 1751 1652 seu
1773 1622 1879 1652 ratione
1901 1620 2016 1659 alicujus
2031 1620 2209 1660 Emergentis
2224 1645 2234 1660 ,
2253 1624 2384 1655 inciden-

1303 1669 1353 1698 tis,
1379 1669 1430 1704 aut.
1452 1660 1636 1698 dependentis
1658 1662 1693 1691 ab
1715 1659 1840 1698 eisdem,
1859 1660 2014 1697 (petitione
2033 1660 2236 1700 praedictorum
2261 1661 2384 1693 Ducen-

1304 1707 1366 1730 tum
1385 1698 1469 1730 Mille
1488 1700 1665 1744 Francorum
1682 1701 1817 1739 excepta]
1833 1697 2017 1729 molestentur
2030 1707 2076 1730 aut
2089 1700 2298 1739 inquietentur,
2317 1711 2382 1732 mo-

1305 1738 1417 1782 lestetur
1430 1747 1477 1769 aut
1492 1749 1522 1769 in
1544 1740 1663 1769 uietetur
1677 1740 1707 1768 iri
1721 1736 1869 1775 posterum
1880 1737 2088 1776 quovismodo,

1342 1777 1508 1822 Quinymo·
1551 1787 1600 1815 os,
1617 1777 1768 1814 Haeredes,
1789 1775 1967 1807 Successbres
1981 1776 2086 1815 nostri,
2104 1777 2257 1809 &causam
2272 1777 2379 1810 haben·-

1305 1824 1363 1855 tes,
1379 1816 1414 1863 ab
1427 1825 1510 1846 omni
1526 1815 1652 1860 Astione
1667 1816 1732 1846 reali
1747 1815 1780 1846 &
1796 1813 1929 1853 personali
1945 1837 1956 1853 ,
1973 1813 2155 1853 Imperitione
2170 1840 2181 1856 ‚
2197 1817 2231 1848 &
2247 1815 2382 1849 Exaffio·

1306 1864 1342 1885 ne
1356 1864 1539 1899 quacumque
1554 1865 1583 1884 in
1598 1855 1629 1885 ez'i
1644 1862 1719 1892 parte
1734 1853 1818 1883 simus
1832 1854 1860 1882 in
1873 1862 2040 1891 perpetuum
2057 1855 2160 1886 exclusi
2201 1851 2329 1887 Afflone
2343 1865 2384 1887 ta·

1307 1904 1375 1924 men
1388 1903 1448 1938 jam
1462 1893 1539 1924 dicia
1554 1892 1724 1924 Ducenium
1745 1891 1829 1922 Mille
1849 1891 2028 1924 Francorum
2041 1893 2124 1924 nobis
2137 1912 2148 1932 ,
2165 1878 2384 1926 §accessoribus

1306 1933 1425 1971 nostris,
1443 1932 1477 1964 &
1492 1932 1606 1963 causam
1621 1931 1789 1962 habentibus
1802 1930 1911 1968 semper
1925 1930 1998 1963 salva
2016 1941 2157 1963 manente.

1342 1971 1367 2001 P
1377 1980 1401 2002 n
1411 1981 1432 2002 o
1442 1980 1466 2001 M
1479 1981 1489 2001 i
1500 1979 1555 2016 'ij-r
1565 1980 1576 2001 1
1586 1979 1612 2000 M
1623 1979 1645 2001 υ
1657 1980 1670 2001 s
1688 1970 1815 2008 insuper,
1834 1968 1913 2000 bona
1925 1968 1981 2000 fide
1994 1980 2048 2008 pro
2062 1970 2180 2009 Nobis,
2197 1968 2369 2004 Haeredibus

1307 2011 1341 2042 ὃς
1362 2009 1589 2054 successoribus
1601 2009 1718 2048 nostris,
1735 2009 1769 2040 ὅ(
1791 2007 1903 2039 causam
1925 2008 2093 2040 habentibus
2108 2032 2118 2048 ,
2138 2009 2218 2048 quod
2231 2033 2242 2049 ‚
2259 2011 2331 2042 cum
2345 1990 2387 2043 ars

1308 2048 1437 2083 AEtatem
1455 2049 1625 2094 Duodecim
1648 2048 1802 2079 Annorum
1819 2047 1944 2085 plenarie
1960 2047 2192 2088 completorum,
2209 2049 2243 2080 &
2256 2050 2327 2081 curn
2345 2049 2382 2080 ad

1310 2088 1441 2132 plenam,
1459 2088 1633 2132 legitimam,
1643 2088 1676 2118 δε
1690 2087 1844 2125 perfectam
1861 2085 1992 2117 AEtatem
2006 2088 2278 2127 pervenerimus,ac
2294 2089 2383 2119 etiam

1307 2136 1395 2166 citra,
1415 2137 1485 2158 cum
1502 2130 1644 2172 fuerimus
1665 2127 1801 2167 requilitae
1815 2147 1825 2163 ,
1845 2125 2021 2157 Aii&oritate
2036 2149 2046 2165 ‚
2065 2125 2199 2157 Licentia
2214 2149 2224 2165 ‚
2249 2127 2283 2158 ὅ(
2300 2126 2384 2158 Con-

1308 2165 1403 2205 sensu,
1421 2165 1580 2210 praediClis,
1598 2166 1631 2196 δί
1646 2165 1768 2203 alterius,
1786 2164 1830 2196 seu
1846 2165 1966 2195 aliorum
1983 2174 2385 2205 quorumcunque,quorum,

1312 2210 1338 2250 *.
1347 2206 1394 2250 vel
1408 2214 1487 2243 cujus
1500 2204 1657 2236 Consensus
1671 2213 1742 2236 tunc
1757 2204 1826 2234 esset
1839 2203 1935 2234 debite
1953 2204 2297 2244 requirendus,faciemus
2310 2215 2382 2242 prae-

1309 2244 1394 2275 dietis
1412 2244 1583 2276 Haeredibus
1610 2246 1645 2276 &
1666 2243 1880 2274 Successoribus
1901 2243 1983 2280 ipsius
2005 2243 2078 2273 olim
2102 2242 2202 2275 Mariti
2225 2243 2331 2282 nostri,
2347 2244 2383 2275 ὅ(

1310 2284 1420 2315 causam
1441 2284 1620 2322 habentibus,
1641 2293 1676 2314 ac
1693 2283 1810 2319 praefato
1832 2280 2056 2320 Consanguineo
2076 2281 2176 2313 nostro
2195 2282 2308 2324 Angliae
2323 2305 2335 2321 ,
2351 2283 2385 2313 δε

1312 2326 1420 2368 caeteris
1434 2324 1648 2361 praenominatis
1663 2322 1733 2352 Obli
1754 2323 1819 2360 atis,
1836 2321 1909 2352 adeo
1927 2321 2016 2352 bonas
2032 2321 2065 2352 &
2080 2320 2248 2353 sufficientes
2262 2321 2386 2352 Renun-

1312 2371 1449 2393 ciationes
1464 2386 1473 2400 ,
1494 2361 1691 2406 Relarationeq
1704 2385 1713 2398 ,
1784 2360 1960 2400 Qittantias
1975 2382 1985 2398 ,
2006 2359 2208 2390 Promissiones
2218 2383 2231 2404 ρ
2250 2361 2284 2392 &
2303 2360 2387 2397 Jura-

1312 2410 1407 2445 menta
1421 2401 1457 2431 de
1472 2402 1505 2432 ὅς
1520 2401 1598 2438 super
1613 2401 1746 2430 ommbus
1762 2397 1931 2437 Praemiffis,
1942 2400 1976 2430 &
1993 2408 2025 2428 m
2041 2399 2279 2429 concernentibus
2285 2407 2388 2436 ,prout

1312 2438 1389 2508 ideim
1406 2439 1638 2508 ansanguineus
1653 2437 1764 2477 noster,
1781 2437 1989 2476 Haerede3,aut
2007 2436 2186 2468 Succeffores
2200 2435 2240 2466 sui
2257 2436 2388 2469 duxerint

1313 2488 1346 2509 or
1367 2489 1434 2510 inan
1456 2489 1523 2509 um·
1886 2487 1889 2490 ·

1350 2517 1405 2561 Et,
1427 2518 1446 2560 si
1461 2502 1611 2553 con'tingat
1627 2516 1768 2555 aliquem,
1787 2514 1831 2556 vel
1850 2512 1974 2552 aliqum,
1989 2521 2039 2550 per
2057 2511 2101 2551 se,
2118 2511 2162 2543 vel
2178 2511 2262 2553 alios,
2279 2513 2390 2545 direffie

1313 2555 1359 2585 vel
1374 2554 1636 2592 indire&e,aliquid
1652 2554 1682 2582 in
1697 2557 1870 2582 contrarium
1886 2551 2050 2588 praesumere
2066 2550 2110 2582 vel
2124 2553 2389 2591 attemptare(qu0d

1313 2593 1401 2636 absit)
1420 2593 1502 2624 simili
1518 2592 1609 2622 modo
1627 2591 1820 2630 promittimus
1843 2599 1896 2627 pro
1919 2588 2017 2619 Nobis
2030 2612 2041 2628 ,
2060 2588 2247 2629 Haeredibus,
2265 2592 2299 2622 &
2314 2591 2387 2623 Suc-

1313 2633 1469 2662 cessoribus
1486 2630 1609 2668 nostris,
1627 2628 1708 2669 quod
1723 2627 1828 2659 eisdem
1843 2628 2156 2667 Attemptantibus,vel
2170 2640 2269 2660 eorum
2285 2630 2367 2661 alicui

1313 2670 1442 2701 nostrum
1459 2671 1489 2700 in
1512 2680 1544 2700 ea
1565 2677 1643 2707 parte
1665 2667 1844 2706 Consilium,
1864 2666 2000 2698 auxilium
2015 2689 2026 2706 ,
2040 2667 2225 2707 consensum,
2244 2669 2289 2700 vel
2305 2653 2389 2701 favo3

1313 2719 1374 2740 rem
1389 2719 1446 2739 non
1463 2707 1660 2746 praestabimus
1675 2706 1733 2737 ullo
1749 2706 1855 2744 modO,
1871 2706 1916 2736 sed
1935 2705 2026 2744 ipsos,
2045 2707 2079 2738 &
2099 2717 2200 2737 eorum
2220 2708 2378 2746 quemlibet

1313 2748 1370 2778 hoc
1395 2746 1631 2793 attemptare-seu
1658 2744 1824 2783 praesumere
1850 2745 1900 2775 sata
1921 2754 1998 2775 entes
2013 2767 2024 2783 ,
2044 2755 2098 2783 pro
2119 2746 2225 2776 viribus
2247 2731 2390 2785 impedieff

1313 2797 1377 2817 mus
1395 2788 1428 2818 &
1447 2785 1577 2825 impediri
1596 2783 1896 2824 procurabimus,frau
1917 2794 1933 2814 e
1948 2784 1982 2815 &
2001 2784 2069 2814 dolo
2088 2784 2259 2816 cessantibus
2276 2786 2389 2824 quibus-

1315 2835 1460 2864 cumque,

1347 2863 1478 2908 juramus
1491 2862 1600 2900 insuper
1614 2861 1648 2893 ad
1665 2862 1728 2892 haec
1743 2860 1846 2892 Saucia
1859 2860 1917 2891 Dei
1930 2860 2087 2899 Evangelia
2101 2883 2110 2898 ,
2128 2871 2176 2899 per
2193 2860 2263 2892 Nos
2281 2871 2387 2900 corpo-

1312 2903 1402 2933 raliter
1421 2903 1493 2933 taCta
1508 2925 1518 2940 ,
1538 2901 1684 2931 Praerniffa
1702 2901 1800 2931 omnia
1819 2900 1853 2931 δε
1870 2900 1972 2939 singula
1989 2909 2041 2938 pro
2061 2899 2140 2937 posse
2157 2899 2258 2930 nostro
2273 2908 2368 2932 tenere

1313 2940 1464 2986 perficere,
1483 2941 1516 2971 &
1536 2939 1653 2985 fideliter
1675 2939 1822 2977 adimpleri
1841 2939 1953 2976 facere,
1968 2947 2022 2969 nec
2045 2940 2084 2968 eis
2106 2937 2151 2969 vel
2166 2947 2266 2968 eorum
2284 2923 2389 2978 alicui:

1313 2980 1421 3027 discsse
1440 2980 1485 3009 vel
1502 2978 1638 3009 indireCie
1654 3001 1664 3017 ,
1681 2987 1729 3015 per
1748 2987 1799 3008 nos
1818 2977 1861 3007 vel
1879 2977 1966 3007 aliurn
1983 2998 1993 3014 ,
2013 2985 2113 3007 contra
2131 2977 2279 3007 veniemus
2296 2978 2388 3015 publi-

1315 3029 1351 3050 ce
1375 3019 1419 3049 vel
1437 3016 1552 3048 occulte
1601 3016 1647 3047 sed
1670 3016 1828 3047 efficiemus
1846 3016 1879 3047 &
1897 3015 2057 3046 curabimus
2071 3038 2081 3054 ,
2108 3024 2138 3046 ut
2156 3015 2305 3046 Prtemiffa
2321 3025 2387 3046 om-

1315 3059 1361 3126 niis
1371 3058 1413 3127 έὸὶε
1432 3057 1538 3095 singula
1557 3041 1674 3087 fideliter
1694 3063 1854 3093 teneantur,
1871 3053 2061 3092 impleantur,
2080 3054 2114 3085 &
2130 3052 2307 3092 perficiantur
2320 3064 2390 3086 cum

1314 3107 1330 3127 e
1354 3107 1369 3127 e
1403 3107 1436 3134 u,

1355 3135 1392 3165 Et
1411 3134 1446 3165 ad
1464 3134 1522 3164 hoc
1543 3133 1573 3164 O
1584 3142 1632 3164 BL
1643 3142 1687 3163 ic,
1698 3142 1718 3162 A
1730 3140 1809 3162 MUS
1827 3130 1895 3162 Nos
1908 3153 1919 3169 ,
1936 3129 2074 3161 Haeredes
2089 3153 2100 3169 ,
2127 3129 2307 3161 Successores
2325 3130 2389 3163 nost

1316 3182 1374 3204 tros
1391 3196 1400 3211 ,
1425 3174 1458 3204 &
1478 3172 1588 3203 causam
1608 3171 1754 3202 Habentes
1773 3192 1783 3208 ,
1820 3179 1853 3200 ac
1872 3169 1972 3199 omnia
1997 3169 2091 3200 nostra
2109 3170 2143 3201 &
2161 3179 2262 3200 eorum
2281 3169 2360 3201 Bona
2372 3187 2385 3209 ‚·

1318 3213 1437 3243 mobilia
1449 3212 1482 3242 ὅ(
1499 3210 1664 3248 inmobilia,
1683 3207 1826 3246 praesentia
1841 3209 1874 3238 &
1888 3207 1989 3238 futura.

1357 3251 1388 3281 In
1407 3260 1531 3319 quSoruHi
1552 3248 1768 3279 Testimonium
1791 3246 1969 3285 praesentibus
1990 3245 2104 3276 Litteris
2119 3246 2254 3278 nostrum
2270 3245 2394 3277 fecimus

1318 3301 1334 3321 a
1376 3300 1426 3320 oni
1464 3299 1473 3318 i
1494 3300 1502 3318 1
1523 3297 1584 3319 um.

1335 3299 1464 3359 pssatum
1474 3298 1619 3364 {alonim
1637 3324 1736 3356 Prima
1751 3323 1798 3355 die
1814 3322 1956 3364 Augusti,
1977 3322 2065 3354 Anno
2078 3322 2200 3354 Domini
2216 3321 2391 3362 Millefimo,

1322 3365 1609 3406 Quadringentesimo
1624 3365 1739 3403 primo,

1535 3421 1537 3423 >
1931 3403 1966 3431 R.
1984 3401 2016 3431 de
2034 3398 2128 3430 Holin.

1360 3482 1416 3514 Sub
1428 3480 1518 3520 sigillo
1536 3483 1643 3520 Reginae
1661 3479 1775 3518 Angliae
1793 3479 1826 3510 de
1839 3477 1898 3508 cera
1914 3476 1999 3508 rubra*
2009 3499 2019 3516 ,
2032 3475 2167 3516 pendente
2180 3485 2198 3504 a
2212 3475 2307 3507 Gauda*
2323 3478 2391 3507 Per-

1391 3531 1526 3561 gamenae.

1326 3649 1552 3699 Juramentum
1575 3645 1702 3694 Istzbellae
1728 3649 1842 3693 chinae
1859 3643 1974 3690 Angliae
1992 3640 2084 3688 staper
2103 3643 2322 3689 Aequietantia
2335 3650 2390 3687 per

1507 3711 1574 3733 cam
1585 3698 1675 3742 fabia
1695 3723 1704 3739 ,
1730 3697 1816 3742 cujus
1834 3703 1916 3727 tenor
1933 3689 2018 3735 infra
2036 3694 2210 3725 continetur.

1405 3785 1487 3816 Dar
1508 3789 1696 3820 NOMINE,
1717 3781 1852 3812 AMEN‘.

2382 194 2457 227 Ann.
2472 186 2526 237 D)

2403 244 2487 274 1401.
2501 274 2505 278 .

2382 281 2444 307 Hen.
2461 288 2491 316 4·-
2504 279 2510 295 '¹

2415 2202 2435 2226 ὲ
2445 2199 2533 2237 vrit:

2433 2246 2499 2282 2¹3÷

2400 3781 2476 3813 Ann.
2492 3775 2536 3813 D&

1326 3790 1351 3844 I
1390 3825 1444 3855 Per
1456 3823 1573 3861 praesens
1587 3821 1738 3852 Publicum
1753 3818 1975 3849 instrumentum
1991 3814 2112 3845 Cunffls
2126 3819 2256 3851 appareat
2270 3812 2388 3843 eviden-
2430 3830 2515 3860 1401.

1325 3871 1384 3901 ter,
1402 3861 1481 3902 quod
1500 3861 1587 3891 Anno
1602 3859 1727 3890 Domini
1742 3855 1895 3887 Millesimo
1912 3852 2202 3891 Qadringentesimo
2216 3852 2326 3889 primo,
2340 3851 2387 3882 Ιη-
2398 3863 2452 3888 An·
2471 3869 2501 3886 2·

1324 3899 1451 3932 dictione
1466 3899 1579 3937 Nona,
1596 3894 1781 3928 Pontificati'is
1801 3892 1972 3925 Sanffi'tissimi
1986 3893 2015 3922 in
2030 3889 2146 3921 Christo
2165 3889 2254 3920 Patris
2268 3890 2301 3920 &
2322 3889 2387 3920 Do·
2404 3903 2502 3933 Hen.4.

1326 3942 1395 3971 mini
1414 3939 1526 3977 nostri,
1543 3939 1670 3970 Domini
1697 3933 1853 3974 Bonifacii,
1873 3930 1983 3961 Divina
2003 3929 2185 3959 Providentia
2205 3930 2288 3966 Papae
2310 3931 2389 3959 Noni
2403 3940 2443 3963 Ex
2457 3939 2515 3964 Aa-

1326 3979 1414 4010 Anno
1427 3977 1628 4014 Duodecimo,
1646 3974 1754 4005 Mensis
1768 3969 1885 4010 Augusti
1900 3969 1946 3999 die
1959 3967 2050 4007 prima
2066 3990 2076 4005 ,
2094 3966 2129 3997 In
2145 3966 2265 4011 quadam
2282 3965 2388 3997 Came-
2402 3982 2468 4012 ‘⁰3'-

1323 4018 1354 4050 ra
1374 4017 1445 4049 infra
1461 4014 1672 4048 Monasteriurn
1689 4012 1780 4044 Beatae
1804 4008 1909 4040 Mariae
1928 4006 2056 4038 Boioniae
2076 4005 2235 4037 Mormenfi
2256 4003 2390 4074 Dsioecese

2294 4050 2394 4080 ituata,
