2562 4274
11 193 101 226 ss'Ann.
113 194 155 226 D.

44 242 132 273 1414.

21 275 86 301 Hm.
103 282 132 308 5.

18 361 71 386 An.
88 369 112 387 r.

19 401 54 424 H.
74 406 101 431 5.

17 438 106 462 franc.
125 445 150 462 1.

18 478 54 500 H.
88 483 116 509 5.

18 521 57 542 m.
73 521 115 540 12.

17 1127 99 1160 Ὰηη.
109 1126 154 1158 D.

40 1175 129 1205 1414.

15 1209 69 1233 An.
90 1215 114 1232 1.

16 1287 57 1310 Ex
72 1284 132 1309 Au-

14 1328 80 1356 togr.

13 1358 90 1393 glx.
100 1367 148 1394 92.

16 2756 148 2796 ⁸1X.93.

187 117 239 155 62

222 284 271 315 De
288 285 434 331 szigiis
447 281 642 330 providendis
662 294 717 329 pro
735 282 897 330 fhpediHis
916 279 1196 326 Ambaffiatoribus.

238 367 300 398 EX
308 391 318 405 ‚
336 367 443 398 dileffis
457 367 525 406 fibi,
544 366 651 406 Majori
665 368 698 399 &
712 367 825 399 Ballivis
837 368 921 399 Villae
936 368 1087 400 Devorriae
1104 390 1114 406 ,
1132 377 1165 398 ac
1177 366 1243 398 Cu-

254 406 377 437 stodibus
393 405 509 444 Passagii
525 407 553 436 in
568 406 658 437 Portu
675 407 798 445 ejusdem
814 408 914 446 Vr'llae,
933 408 1068 438 Salutem.

205 445 307 476 Sciatis
323 444 404 483 quod
420 444 618 483 affignavimus
639 455 688 476 vos
716 445 750 476 ad
772 454 816 477 tot
835 447 960 485 Navigia
978 469 988 484 ‚
1013 447 1046 477 &
1074 444 1242 475 Marinarios

168 482 335 514 sufficientes
350 493 400 523 pro
414 483 516 514 eisdem
533 493 604 521 quot
616 494 669 521 pro
689 484 823 515 Tranlitu
847 486 881 516 &
901 485 1030 524 Panagio
1052 483 1242 514 Ambaffiato—

169 531 235 552 rum
250 521 420 561 Adversizrii
433 522 516 562 nostri
529 525 660 561 Franciae,
679 523 751 553 infra
765 523 902 562 Regnum
918 523 1047 553 nostrum
1064 522 1174 561 Angliae
1178 523 1240 560 jam

168 560 364 599 existentium,
383 570 415 590 ac
432 570 535 591 eorum
549 561 750 600 Servientum,
771 562 982 599 Familiarium,
998 561 1158 598 Bonorum,
1178 560 1238 591 Re-

166 609 251 638 rum,
269 600 302 629 &
318 599 542 638 Hernesiorum,
560 600 654 631 versus
669 609 758 638 partes
773 600 916 637 Franciae,
943 599 1087 631 necessarii
1107 600 1212 630 fuerint
1230 621 1241 638 ‚

167 639 199 668 in
212 638 301 668 Portu
316 638 470 676 praedicto,

207 676 240 707 In
256 677 319 708 casu
333 687 392 716 quo
406 677 490 707 iidem
511 675 729 707 Ambaffiatores
741 677 908 708 Transitum
923 677 956 708 &
978 676 1138 716 Passagium
1154 675 1239 708 suum

166 715 328 754 hujusmodi
343 715 449 746 ibidem
461 716 564 754 eligere
578 716 734 754 voluerint,

207 752 265 784 Pro
281 753 414 785 Denariis
429 754 546 793 nostris,
566 756 697 792 prompte
713 756 746 785 &
766 754 966 786 rationabiliter
987 753 1144 792 solvendis,
1170 752 1241 784 Are·
1270 779 1272 781 .

168 792 318 831 standum,
334 792 516 835 Capiendum
531 816 540 831 ,
559 796 592 823 ὅ(
616 792 849 831 providendum,
874 793 907 823 &
930 795 959 824 in
981 793 1161 835 Obsequium
1181 799 1235 822 no-

166 831 277 870 strum,
292 832 327 862 ad
341 831 553 862 delerviendum
567 831 669 861 eisdem
685 832 947 870 Ambaffiatoribus,
964 832 1042 870 super
1057 831 1189 862 Tranhtu
1205 832 1238 862 Sc

164 869 297 910 Paffagio
309 870 361 900 suis
377 870 551 909 hujusmodi,
570 869 747 901 Ponendum
757 894 767 909 ,

166 999 279 1032 ,Forma
301 999 493 1043 Treugarum
515 999 655 1039 Francius,
673 994 781 1042 quibus
800 998 872 1037 Lis,
899 994 935 1027 de
953 997 1072 1042 Lingua
1087 1008 1148 1042 qua
1167 1008 1233 1029 con-

311 1049 370 1091 cipi
386 1043 522 1078 deberent
538 1055 623 1087 orta,
648 1043 814 1077 intenditur
832 1046 869 1082 ρξ’
892 1048 1087 1089 componitur.

169 1133 221 1188 N
280 1153 462 1208 tiadhelmus,
485 1169 668 1202 Miseratione
691 1169 816 1208 Divina,
843 1167 1060 1208 Archiepifiopus
1087 1177 1101 1191 ⁸
1128 1173 1235 1199 Bituri-

167 1208 263 1250 cenfis,
282 1209 399 1239 Karalus
421 1212 551 1238 Dur-inus
573 1209 605 1239 de
626 1210 743 1240 Lebreto
770 1207 1019 1247 connestabularius
1042 1211 1181 1246 Franciae,
1200 1210 1233 1240 &

168 1249 300 1277 Gouterus
315 1247 396 1286 Colli,
417 1248 584 1278 Conciliarii
600 1250 633 1280 ὃς
651 1249 817 1279 Secretarius
830 1246 1002 1277 Sereniffimi
1019 1246 1158 1286 Principis
1172 1250 1234 1277 Ka-

170 1285 236 1325 roli,
255 1286 310 1316 Dei
324 1286 425 1325 grati-j,
443 1289 607 1316 Francorum
619 1291 709 1325 Regis,

206 1326 434 1363 Arnim-ratores,
455 1324 583 1363 Nuncii,
601 1327 635 1357 ὃς
649 1324 844 1356 Commiffixrii
857 1348 867 1363 ,
892 1324 928 1355 ab
945 1323 1004 1360 ipso
1027 1323 1162 1354 Domino
1183 1334 1235 1355 no-

166 1361 224 1393 stro
240 1364 322 1403 Rege
335 1364 487 1401 specialiter
500 1362 641 1404 deputari,
659 1365 692 1395 ad
703 1363 898 1395 Tractandum
908 1385 918 1401 ,
935 1362 1235 1400 Communicandum,

164 1402 199 1433 ὃς
214 1403 330 1433 finaliter
346 1401 605 1441 Concludendum,

203 1440 300 1479 Cum,
319 1440 486 1471 Reverendo
501 1442 529 1470 in
545 1440 662 1471 Christo
676 1440 776 1478 Patre,
794 1439 902 1470 Thoma'¹
918 1462 927 1478 ,
946 1438 1133 1470 Permiffione
1149 1439 1235 1470 Divi-

165 1478 219 1518 nfi,
239 1478 414 1519 Dunelmenfi
428 1480 568 1518 Episcopo,
583 1479 716 1509 Rfdmrdo
731 1483 832 1508 Comite
855 1481 987 1508 bliarwici
1002 1501 1012 1516 ,
1038 1479 1071 1508 &
1094 1478 1234 1517 Magistro

166 1520 282 1587 Hengico
303 1521 386 1549 Ware
407 1518 568 1548 Licentiato
589 1520 618 1548 in
641 1527 760 1556 utroque
778 1518 848 1555 Jure
869 1518 902 1548 &
925 1516 1078 1547 Canonico
1099 1516 1234 1548 Eccleiiae

165 1557 227 1587 Lan
250 1557 353 1587 avenlis

204 1595 251 1625 De
265 1597 299 1627 &
313 1581 392 1633 sup’er
408 1595 476 1633 hiis,
496 1605 558 1633 quae
575 1595 686 1625 Bonum
701 1593 870 1632 Punicum,
894 1594 927 1624 &
947 1594 1100 1633 specialiter
1119 1592 1228 1624 Pacem

162 1634 197 1664 ὅτ.
214 1633 411 1664 Concordiam
429 1639 566 1671 utnulque
588 1634 698 1672 Regni,
717 1633 919 1671 Subditorum,
936 1635 969 1665 &
983 1632 1145 1664 Incolarum
1168 1636 1228 1663 'am—
1262 1644 1316 1674 par
1329 1635 1438 1675 especial
1449 1635 1478 1665 la
1493 1639 1566 1666 Paix
1579 1635 1616 1670 &
1633 1636 1764 1665 Concorde
1778 1636 1810 1666 de
1823 1635 1893 1666 l’une

167 1673 267 1704 barum
284 1672 408 1702 Patrium
423 1682 598 1702 concernere
609 1672 733 1712 possiint,

201 1710 410 1742 Commiffiriis
423 1720 457 1741 ex
473 1721 549 1748 parte
563 1711 718 1743 Adversarii
731 1709 842 1750 Angliae
857 1709 1006 1748 specialiter
1019 1709 1184 1748 Deputatis‚

163 1781 185 1859 b*
203 1788 336 1830 Qarum
352 1788 465 1826 quidem
475 1787 723 1819 Commiffionum
740 1787 870 1819 Tenores
883 1787 1034 1827 sequuntur
1047 1789 1076 1818 in
1091 1787 1156 1818 haec
1169 1796 1232 1819 ver-

185 1838 210 1867 a>

216 1903 318 1934 Harles
332 1927 342 1944 ‚
360 1914 408 1944 par
424 1904 447 1935 la
462 1903 560 1936 Grace
572 1905 608 1936 de
625 1904 719 1944 Dieu,
736 1906 789 1943 Roy
804 1904 836 1934 de
849 1907 962 1943 France,
978 1914 994 1936 a
1011 1913 1073 1936 tous
1087 1903 1170 1935 ceulx
1184 1905 1232 1943 qui

234 1953 281 1973 ces
302 1945 438 1982 presentes
456 1944 564 1974 Lettres
579 1952 710 1982 verront,
729 1943 814 1974 Salut.

200 1982 301 2023 Savoir
318 1982 414 2013 faisons
430 1993 500 2022 que,
521 1982 580 2017 &a
599 1983 641 2013 ad
656 1981 787 2020 verbum,
807 1988 890 2020 prout
905 1980 993 2021 ficpra
1008 2005 1019 2022 ,
1035 1983 1069 2014 de
1091 1984 1163 2012 Dat.
1185 1990 1231 2012 11.

163 2021 245 2051 Nov.
261 2020 339 2061 usque
350 2020 406 2051 haec
425 2021 510 2051 verba
528 2021 626 2060 (viz.)

160 2098 353 2153 HEnricus,
372 2097 430 2129 Dei
443 2098 544 2137 oraria,
563 2102 622 2129 Rex
637 2098 751 2138 Angliae
764 2097 802 2134 &
818 2102 940 2129 Franciae
952 2121 961 2137 ‚
974 2097 1012 2133 &
1031 2101 1165 2129 Dominus
1179 2101 1234 2129 Hi-

238 2137 352 2175 berniae,
369 2123 518 2175 omnibus,
535 2137 569 2168 ad
583 2148 653 2177 quos
666 2138 812 2178 praesentes
827 2138 932 2169 Literae
946 2139 1132 2176 pervenerint
1152 2160 1164 2176 ,
1183 2137 1235 2168 Sa-

159 2177 250 2208 lutem
266 2177 292 2205 in
308 2175 442 2206 Domino
457 2176 660 2215 sempiternam.

201 2213 285 2245 Ctim
300 2224 387 2252 nuper
403 2215 506 2244 Adver
521 2219 596 2244 arius
610 2215 695 2255 noster
711 2218 850 2254 Franciae,
875 2213 935 2250 &a
959 2215 1001 2245 ad
1017 2214 1132 2246 verbum
1146 2221 1231 2253 prout

158 2252 258 2293 figora,
275 2253 307 2283 de
326 2256 398 2283 Dat.
419 2262 463 2283 10.
510 2265 556 2283 an.
574 2254 653 2294 usque
666 2253 723 2284 haec
735 2253 825 2284 verba
843 2253 943 2293 (vIz.)

164 2330 359 2390 OMnibus,
377 2331 411 2361 ad
427 2341 498 2369 quos
513 2331 657 2370 praesentes
675 2330 779 2363 Literae
795 2331 990 2369 pervenerint,
1008 2330 1136 2362 Salutem
1149 2330 1183 2362 ὃ(
1197 2331 1231 2361 fi-

240 2370 308 2399 dem
323 2370 501 2407 praescntibus
513 2370 655 2400 adhibere.
1028 2384 1029 2387 ¹

208 2407 252 2437 Ad
274 2408 469 2438 Univerlitatis
482 2408 582 2440 vestrae
595 2410 725 2439 notitiam
737 2408 840 2439 deduci
856 2409 990 2439 volumus
1001 2408 1081 2447 quod
1097 2407 1177 2446 Nos,
1197 2408 1233 2439 de

168 2443 308 2476 Mandato
324 2446 445 2476 Domini
460 2447 546 2476 nostri
564 2446 668 2486 Regis,
687 2457 754 2477 cum
771 2446 911 2485 praedietis
934 2448 1181 2479 Ambaxiatoribus
1199 2448 1233 2478 &

166 2482 203 2513 N
207 2486 292 2513 unciis
303 2484 370 2514 disti
387 2486 554 2524 Adversarii
573 2485 704 2523 Angliae,
725 2486 877 2515 nonnullos
897 2486 1048 2516 Traetarus
1067 2486 1230 2524 habuimus,

165 2520 409 2560 consultationes,
426 2524 458 2554 ὅ(
473 2523 759 2554 communicationes
773 2523 907 2562 diversas,
925 2525 960 2556 δε
981 2523 1016 2554 de
1036 2523 1115 2561 super
1137 2523 1231 2555 Mate-

164 2561 229 2629 riis&
247 2560 279 2590 N
282 2562 342 2629 ogis
356 2563 389 2592 &
403 2562 457 2600 eis,
475 2571 504 2592 ut
514 2563 683 2600 praedicitur,
698 2562 855 2592 commiffis
865 2584 874 2600 ,

230 2607 241 2628 t
254 2607 299 2629 tan
320 2609 366 2629 em
376 2622 385 2637 ‚

200 2637 247 2668 Ad
264 2637 418 2668 Honorem
433 2637 492 2668 Dei
505 2638 617 2676 ejusque
630 2638 765 2670 Ecclefiae
779 2637 988 2675 Sacrosanc‘he,
1007 2638 1040 2668 &
1058 2639 1093 2669 ad
1114 2638 1231 2670 Evitan-

162 2675 232 2706 dum
248 2676 394 2716 Sanguinis
409 2676 523 2706 humani
541 2677 724 2715 effusionem,
743 2677 820 2708 Mala
834 2679 918 2708 etiam
931 2678 964 2707 ὃς
979 2676 1114 2715 Dampna
1129 2679 1229 2716 irrepa-

164 2715 276 2750 rabilia,
291 2725 355 2753 quae
368 2716 518 2746 occaiione
532 2714 706 2746 Guerrarum
723 2724 892 2752 evenerunt,
912 2716 945 2746 δε
967 2715 1055 2746 indies
1078 2718 1229 2754 eveniunt,

164 2754 198 2784 &
214 2753 395 2784 verilimiliter
410 2756 483 2784 inter
504 2753 605 2793 Regna
630 2755 649 2773 ²¹²
675 2754 809 2794 predicta
829 2755 985 2791 evenient,
1015 2754 1034 2784 ii
1054 2753 1230 2785 Remedium

163 2801 322 2831 congruum
334 2802 392 2822 non
409 2801 571 2831 apponatur.

203 2831 246 2862 Ac
263 2840 292 2862 ut
308 2841 344 2861 eo
359 2831 488 2867 liberius,
507 2831 658 2868 maturius,
676 2831 710 2862 δε
723 2830 845 2862 securius
860 2828 894 2860 ad
911 2828 1033 2868 Pacem,
1061 2831 1134 2861 inter
1156 2830 1229 2862 Duo

165 2868 271 2908 Regna
284 2880 298 2899 a
315 2868 421 2899 Christi
436 2869 574 2900 Fidelibus
588 2869 636 2900 diu
651 2869 847 2907 deiideratam,
868 2869 1006 2906 perveniri
1023 2869 1117 2908 possit,

200 2946 357 2977 Videbatur
374 2947 470 2977 Nobis
487 2947 519 2976 δί
536 2947 572 2976 eis
585 2947 733 2984 expediens
747 2946 824 2982 fore,
839 2945 921 2982 utile,
943 2953 1025 2983 atque
1046 2946 1228 2977 necessarium

161 2986 242 3024 quod
259 2986 380 3024 Treugae
396 2986 551 3023 generales,
571 2985 614 3016 seu
630 2985 816 3016 Abstinentiae
834 2983 1010 3014 Guerrarum
1029 3008 1038 3017 ,
1056 2986 1127 3014 inter
1141 2993 1229 3022 partes

160 3024 327 3061 antedictas,
347 3033 398 3062 pro
422 3024 527 3060 Regnis
550 3024 676 3054 Franci-ae
696 3024 729 3054 &
751 3023 878 3061 Angliae,
901 3032 1001 3053 eorum
1025 3022 1138 3060 Terris,
1165 3023 1228 3053 Do-

162 3064 275 3100 miniis,
290 3062 428 3097 Subditiz,
449 3062 588 3100 Alligatis‚
607 3064 641 3093 δε
657 3061 884 3098 Confoederatis,
901 3062 970 3090 citra
991 3061 1024 3091 δε
1042 3062 1113 3092 ultra
1134 3062 1227 3100 Mare,

161 3102 324 3140 ubicunque
336 3099 507 3139 constitutis,
527 3109 700 3138 caperentur,
714 3102 840 3139 jurentur
849 3121 858 3137 ‚
873 3100 906 3130 ὃ(
919 3098 1036 3129 finaliter
1050 3100 1225 3131 concluden-

163 3148 220 3178 tur,

205 3215 318 3254 Qibus
333 3215 494 3246 durantibus
509 3214 600 3245 Amor
617 3223 745 3252 mutuus,
763 3215 796 3245 &
813 3213 963 3252 Amicitia,
986 3223 1069 3252 atque
1090 3213 1224 3246 Conver-

165 3254 233 3286 {atio
245 3263 317 3292 grata
332 3255 402 3284 inter
417 3263 503 3291 partes
514 3254 682 3290 antedicTtas,
700 3254 733 3284 δε
747 3262 848 3282 eorum
864 3253 995 3283 Subditos
1011 3253 1122 3291 haberi,
1140 3255 1229 3284 intro-

166 3292 249 3329 duci⁷
268 3293 381 3329 nutriri,
398 3293 431 3322 ὃς
446 3292 548 3322 firmari
566 3292 693 3329 poss'ent,
720 3301 752 3321 ac
775 3290 941 3321 Marcantiae
962 3291 1159 3329 Communes,
1182 3303 1230 3330 per

166 3330 308 3368 Terram,
326 3331 360 3360 &
373 3339 422 3369 per
438 3330 532 3368 Mare,
547 3331 658 3360 liberius
678 3331 711 3361 &
732 3329 850 3360 securius
873 3330 937 3361 vehi
960 3331 1083 3367 poterint
1103 3331 1136 3361 δε
1152 3340 1230 3362 exer—

164 3379 230 3401 ceri.

201 3406 235 3439 H
245 3415 312 3436 Ine
327 3405 368 3436 est
382 3406 461 3444 quod
474 3406 553 3444 Nos,

204 3445 370 3476 Guiltielmus
385 3444 604 3483 Archiepiflopus
616 3466 622 3481 ,
637 3444 757 3474 Karalus
772 3448 905 3475 Dominus
919 3443 952 3474 de
971 3444 1090 3476 Lebreto
1109 3444 1230 3477 Conne-

168 3484 331 3516 stabularius
345 3482 489 3521 Franciae,
507 3485 539 3514 ὅ(
555 3486 700 3522 Gouterus,

203 3560 421 3593 Ambaxiatores
435 3582 444 3596 ,
462 3558 594 3595 Nuncii,
612 3559 645 3589 &
658 3557 853 3589 Commiffirii
869 3559 994 3590 Franci-ae
1015 3559 1178 3599 supradicti,

207 3599 278 3630 Post
292 3599 369 3629 dieta
382 3596 685 3635 communicationes,
703 3597 940 3634 Consultationes,
957 3606 1064 3629 matura
1079 3599 1112 3629 &
1124 3599 1229 3629 delibe-

168 3647 225 3670 rata
239 3637 379 3674 Conlilia,
398 3637 425 3666 in
440 3635 508 3665 Vim
522 3635 666 3665 potestatis
688 3637 769 3665 nobis
790 3637 946 3672 attributae,
971 3635 1126 3674 Inivimus,
1146 3637 1230 3668 Feci-

170 3687 251 3713 mus,
273 3675 476 3711 Promilimus,
499 3675 533 3706 δε
556 3672 804 3715 Coticordavimus
817 3697 826 3709 ,
851 3684 902 3709 pro
921 3674 1001 3704 dieto
1020 3674 1155 3706 Domino
1174 3685 1230 3705 no—

168 3714 339 3782 strdoffiege,
359 3713 488 3752 Regnis,
503 3713 616 3750 Terris,
635 3710 795 3749 Dominus,
813 3711 952 3750 Subditis‚
971 3713 1003 3743 &
1019 3713 1142 3752 Alligatis
1162 3713 1233 3751 suis,

169 3764 198 3784 vr
219 3764 233 3783 e
255 3761 316 3790 cet,

204 3830 274 3863 Rege
291 3830 468 3857 Romanorum
478 3850 488 3866 ,

208 3868 275 3901 Rege
294 3866 414 3903 CastvHae
424 3889 432 3903 ‚
450 3868 484 3898 ὃς
499 3868 622 3904 Legionis
632 3888 641 3902 ,

207 3906 276 3939 Rege
296 3903 427 3933 Bolaemiae
438 3927 448 3941 ,

209 3944 277 3978 Rege
295 3944 403 3977 Scotiae,

202 3983 270 4015 Rege
289 3980 454 4017 Navarriae,

205 4021 273 4054 Rege
292 4019 451 4055 Aragoniae,

1157 4056 1231 4086 Duce

598 106 1439 156 CONVENTIONES,.

1470 105 1857 156 LITERAE,

1319 192 1358 225 Et
1372 193 1439 225 ideo
1455 193 1538 224 vobis
1553 192 1726 224 Mandamus
1739 193 1819 232 quod
1835 193 1910 226 circa
1930 192 2076 227 Praemiffix
2096 195 2243 237 diligenter
2258 195 2353 227 inten—
2368 196 2498 231 Ann.D.
2520 192 2522 194 ’

1281 232 1363 271 datis,
1381 233 1414 263 &
1428 242 1460 263 ea
1473 232 1576 262 faciatis
1591 233 1623 263 δε
1636 233 1812 271 exequamini
1827 234 1856 263 in
1871 232 1964 264 forma
1980 235 2126 274 praedidta:
2385 245 2472 278 1414.

1318 270 1432 301 Damus
1446 280 1541 301 autern
1563 271 1694 301 universis
1712 271 1745 301 ὃς
1767 271 1876 311 fingulis
1899 271 2040 304 Dominis
2062 275 2095 306 ὃ(
2121 273 2267 313 Magistris
2286 273 2352 304 Na·
2368 280 2431 305 Hen.
2449 285 2480 314 5.

1279 310 1362 340 vium
1377 319 1410 340 ac
1425 308 1586 339 Marinariis
1598 310 1628 340 in
1641 309 1744 339 eodem
1759 309 1866 349 Portu,
1884 320 1999 342 necnon
2011 312 2069 342 aliis
2085 312 2226 344 Fidelibus
2238 314 2269 344 ὅ(
2279 312 2355 343 Sub-
2478 312 2480 315 ’

1279 348 1343 378 ditis
1358 347 1460 377 nostris
1474 347 1582 378 ibidem
1597 370 1608 386 ‚
1632 346 1752 378 Tenore
1773 347 1958 379 Praesentium
1967 372 1978 388 ,
2012 350 2130 381 firmiter
2157 352 2187 381 in
2211 350 2352 382 Mandatis

1278 386 1359 425 quod
1373 386 1471 424 vobis,
1489 386 1519 416 in
1537 385 1714 416 Executione
1729 385 1957 427 Praemifforutn,
1971 388 2147 420 intendentes
2161 390 2214 422 fint
2230 390 2264 422 δε
2279 390 2352 425 οἱπε-Δ

1277 425 1402 462 dientes,
1420 432 1505 462 prout
1519 423 1610 454 decet.

1316 462 1351 493 In
1365 463 1442 501 cujus
1477 463 1538 494 &c.

1332 500 1423 532 Teste
1437 486 1524 539 stege
1539 499 1614 540 apud
1627 499 1885 541 Wstmonasterium
1895 503 2032 535 vicefimo
2044 505 2129 536 tertio
2142 504 2188 536 die
2197 505 2332 545 januarii.

1942 593 1997 621 Per
2013 591 2097 632 ipsum
2108 594 2213 631 Regem.

1316 667 1430 699 Eodem
1443 666 1534 698 modo
1549 665 1719 712 assignantur
1734 666 1832 712 Major
1850 669 1885 700 &
1897 670 1996 702 Ballivi
2011 671 2096 703 Villae
2111 673 2348 714 Suthamptoniae,

1274 717 1308 739 ac
1320 706 1462 739 Custodes
1476 705 1593 745 Parsagn
1609 716 1638 736 m
1655 705 1746 737 Portu
1759 706 1883 745 eJnsdem
1899 708 2001 748 Villae,
2015 711 2066 741 sub
2082 711 2183 743 eadem
2204 713 2289 745 Data.

1947 797 2001 825 Per
2012 774 2095 835 ipficm
2108 800 2212 837 Regem.

1275 994 1458 1031 Earundem
1473 997 1673 1043 Treugarum
1689 997 1802 1030 Forma
1825 995 1952 1030 Gallico
1979 997 2126 1031 Sermone
2148 996 2338 1045 conscripta.

1274 1134 1447 1201 ᾹῙΟΙὲς,

1423 1170 1554 1201 uillaume
1575 1192 1585 1206 ,
1610 1176 1663 1208 par
1684 1166 1713 1198 la
1734 1168 1888 1209 Permiffion
1918 1169 2026 1200 Divine
2053 1174 2064 1208 3
2102 1169 2280 1211 Arcevesque
2307 1169 2344 1203 de

1271 1207 1413 1248 Bourges,
1430 1208 1550 1240 Charles
1563 1208 1698 1246 Seigneur
1712 1207 1748 1238 de
1763 1207 1787 1237 le
1801 1207 1868 1239 Bret
1882 1207 2077 1238 Connestable
2097 1209 2132 1240 de
2155 1210 2279 1250 France,
2301 1209 2341 1247 &-

1271 1246 1396 1279 Goutier
1413 1247 1482 1286 Col,
1499 1245 1653 1286 Conseillers
1665 1244 1704 1281 ὠ·
1717 1249 1864 1277 Secretaire
1878 1246 1914 1276 du
1928 1249 1983 1288 Roy
1999 1245 2085 1286 nostre
2098 1250 2232 1288 Seigneur,

1309 1327 1355 1354 Ses
1368 1325 1581 1355 Ambaxadeurs
1593 1321 1631 1358 ἐν
1649 1322 1862 1362 Commiffizires,
1876 1322 1912 1363 es
1918 1322 2022 1354 eciaulx
2035 1327 2147 1354 Commis
2162 1322 2200 1359 ό
2215 1327 2343 1363 Deputez

1271 1362 1354 1402 depar
1369 1362 1424 1403 lui,
1441 1376 1460 1393 a
1477 1364 1627 1401 Traiffler,
1645 1366 1846 1404 Comnzuniquer
1856 1385 1866 1401 ,
1884 1332 1922 1398 (ξ
1929 1361 2111 1405 finablement
2129 1361 2287 1402 conclurre,

1311 1446 1396 1473 Avec
1411 1443 1557 1473 Reverend
1569 1445 1634 1473 Pere
1647 1454 1680 1472 en
1694 1445 1782 1480 Dieu,
1802 1442 1937 1475 Thomas
1947 1466 1956 1482 ,
1966 1451 2020 1482 par
2037 1443 2065 1473 la
2080 1420 2232 1483 Permiffion
2251 1446 2340 1474 Divi-

1272 1493 1324 1550 ἵῖἐ
1330 1482 1526 1551 ἕὲιῗῆῆῗῧέἑ
1534 1481 1706 1550 {52225‘222
1711 1481 1845 1556 1ῗίἳῖῗὲ
1852 1481 2180 1556 ῗῗῖἶηῖῗενῖῧὶἶῖάὲι
2194 1480 2343 1552 {iffi-¹25}

1272 1559 1304 1588 de
1316 1556 1427 1602 l'Egiifl‘
1441 1559 1473 1589 de
1486 1559 1656 1597 Landmoen,

1305 1599 1350 1627 De
1366 1608 1404 1632 <J
1413 1596 1462 1635 ficr
1478 1597 1514 1627 les
1529 1595 1639 1636 choses,
1662 1600 1709 1636 qui
1725 1603 1812 1635 puent
1833 1597 1968 1635 Regarder
1993 1597 2016 1627 le
2039 1600 2110 1628 Bien
2132 1595 2281 1639 Publique,
2299 1597 2340 1633 ό·

1909 1636 1947 1671 &
1960 1636 1993 1665 de
2010 1634 2111 1666 I'autre
2125 1638 2258 1676 Royaume
2275 1661 2285 1675 ,
2302 1637 2335 1668 de

1267 1678 1291 1704 F
1291 1685 1371 1704 rance
1384 1673 1422 1709 ὠ·
1437 1674 1630 1712 d'Angleterre
1639 1696 1649 1712 ‚
1666 1672 1704 1708 ὠ
1717 1674 1762 1704 des
1775 1674 1890 1712 Subgiez
1904 1672 1942 1709 ὀ·
1956 1674 2100 1718 Habitum
2110 1673 2235 1712 siceulx,

1306 1716 1418 1743 Commis
1431 1711 1470 1748 (ῤ’
1486 1716 1614 1752 Depsttez
1627 1711 1810 1752 especialment
1825 1714 1907 1751 depar
1921 1711 2118 1753 I'Adverlaire
2131 1712 2337 1753 d’Angleterre,

1308 1792 1365 1820 Des
1376 1788 1474 1830 quelles
1488 1788 1665 1828 Commiffions
1678 1788 1715 1819 les
1729 1791 1845 1820 Teneurs
1857 1787 2016 1829 s'enfhient,

1335 1904 1454 1944 Harles,
1465 1913 1519 1944 par
1534 1904 1562 1935 la
1581 1907 1669 1936 Grace
1681 1906 1714 1936 de
1728 1908 1818 1944 Dieu,
1834 1903 1906 1942 Roy
1923 1902 1958 1936 de
1981 1903 2109 1944 France,
2124 1917 2143 1935 a
2166 1912 2225 1938 tous
2247 1906 2342 1947 ceulxg

1351 1949 1396 1986 qui
1412 1955 1449 1974 ces
1458 1943 1593 1987 presentes
1608 1947 1721 1974 Lettres
1735 1951 1867 1982 verrant,
1885 1943 1973 1974 Salut-
2321 1984 2331 1990 .

1270 1982 1750 2060 Νὲῖιῖιῖῗςζέῌέζεὲᾳῦιέὧξεᾶἰῗί)
1759 1983 1895 2021 verbum,
1918 1990 2004 2023 prout
2022 1982 2104 2022 supra
2118 2005 2130 2022 ‚
2151 1983 2188 2015 de
2210 1983 2278 2015 Dat.
2300 1989 2341 2021 xrs·

1331 2099 1470 2137 linricus,
1489 2101 1546 2128 Dei
1555 2097 1668 2138 gratid,
1686 2098 1752 2130 Rex
1774 2098 1884 2138 Angliae
1905 2098 1939 2130 &
1963 2098 2090 2129 Franciae
2109 2121 2120 2137 ,
2145 2100 2179 2132 &
2197 2098 2344 2135 Dominus

1271 2143 1273 2146 '
1348 2138 1496 2168 Hiberniae
1504 2160 1514 2176 ‚
1532 2137 1679 2176 Omnibus,
1699 2138 1738 2168 ad
1747 2148 1811 2178 quos
1818 2135 1963 2177 praestntes
1976 2140 2083 2168 Literae
2093 2143 2284 2178 pervenerint,
2291 2143 2343 2170 Sa-

1271 2175 1353 2207 lutem
1367 2180 1397 2207 in
1412 2179 1528 2206 Domino
1535 2175 1595 2216 sem
1616 2180 1736 2207 'ternam

1310 2216 1378 2246 Ciam
1394 2227 1429 2245 nu
1446 2225 1475 2244 er
1487 2214 1583 2246 Adver
1594 2216 1664 2246 arius
1676 2214 1772 2246 noster
1787 2215 1931 2255 Franciae,
1958 2215 2020 2248 ὅτε.
2045 2214 2080 2246 ad
2101 2215 2240 2255 verbum,
2257 2223 2344 2257 prout

1268 2254 1365 2294 supra,
1381 2254 1417 2285 de
1465 2263 1502 2285 at.
1519 2263 1565 2285 10.
1574 2253 1640 2294 Jan.
1654 2253 1740 2294 usqu'e
1753 2254 1818 2285 haec
1832 2254 1918 2286 verba
1934 2251 2028 2292 (viz.)

1269 2333 1326 2388 A
1339 2334 1408 2363 Tous
1423 2329 1515 2370 ceulx,
1534 2334 1580 2372 qui
1594 2343 1634 2362 ces
1646 2331 1784 2372 Presbntes
1798 2334 1910 2362 Lettres
1923 2338 2056 2371 verrant,
2074 2331 2156 2363 Salut
2169 2331 2208 2368 ᾤ’
2221 2331 2334 2371 ΡΙαίνιεέ

1361 2383 1389 2401 re
1402 2375 1454 2412 Foy
1469 2371 1602 2410 adjouster
1614 2383 1633 2401 a
1650 2381 1689 2401 ces
1706 2369 1858 2410 Presentes.

1305 2410 1406 2440 Savoir
1421 2420 1490 2440 vous
1504 2409 1606 2449 faifims
1621 2420 1690 2449 que,
1704 2418 1757 2448 par
1779 2407 1803 2438 le
1823 2409 2060 2440 Comrnandement
2083 2410 2116 2440 de
2131 2407 2217 2450 nostre
2233 2408 2338 2449 Refre-

1269 2446 1365 2478 doubte
1380 2452 1504 2486 Seigneur
1519 2447 1544 2478 le
1558 2451 1614 2488 Roy
1627 2449 1659 2478 de
1671 2451 1789 2486 France,
1807 2459 1888 2486 nous,
1906 2453 1974 2478 ave'c
1986 2447 2023 2477 les
2036 2446 2169 2488 deffiefidiz
2189 2447 2339 2476 Ambaxa-

1269 2493 1343 2516 teurs
1359 2487 1398 2522 (ἐν
1414 2486 1554 2526 Meffiziges
1572 2487 1604 2517 de
1617 2487 1800 2518 l’Adversaire
1811 2485 2019 2525 d'Angleterre,
2045 2496 2132 2516 avons
2151 2496 2204 2515 euz
2237 2484 2266 2514 lu
2280 2494 2340 2514 eurs

1269 2527 1426 2565 Traie‘t'iez,
1445 2525 1661 2564 Consultations,
1679 2524 1716 2560 &¹
1730 2523 1851 2564 diverfi’s
1869 2527 2126 2562 Communications,
2144 2523 2177 2553 de
2191 2493 2237 2558 &p
2254 2534 2286 2553 ur
2298 2521 2337 2554 les

1268 2566 1419 2630 Mgtieres,
1435 2575 1453 2592 a
1469 2566 1548 2630 Ιῗοιις
1561 2563 1599 2599 (θ’
1613 2576 1631 2593 a
1647 2562 1725 2594 Eulx
1739 2561 1894 2602 Commfis,
1911 2573 1979 2592 come
1991 2561 2034 2591 dit
2045 2561 2093 2602 est,

1333 2609 1344 2630 t
1363 2613 1396 2631 en
1410 2606 1476 2632 conc
1489 2613 1506 2631 u
1517 2613 1560 2632 ton

1304 2641 1376 2669 Pour
1390 2602 1529 2669 Honneu‘s·
1537 2625 1574 2674 ὅ
1589 2643 1742 2670 Reverente
1755 2640 1787 2669 de
1800 2642 1872 2669 Dieu
1888 2636 1926 2673 ῤ’
1942 2638 1974 2667 de
1987 2636 2075 2677 nostre
2088 2640 2166 2667 Mere
2181 2641 2276 2668 sainte
2289 2640 2334 2668 E-

1264 2675 1348 2716 glise,
1366 2677 1404 2712 &⁴
1415 2687 1484 2716 pour
1498 2677 1618 2717 Esthuer
1633 2677 1761 2717 I'efflfion
1772 2678 1808 2706 du
1823 2681 1897 2714 Sang
1909 2678 2052 2713 Humum,
2071 2674 2109 2710 ό»
2123 2676 2160 2706 les
2172 2677 2276 2707 MauLx
2293 2675 2333 2712 &-

1267 2717 1438 2753 Dommaiges
1453 2715 1647 2754 irreparables,
1683 2719 1712 2744 ui
1724 2723 1792 2753 pour
1820 2714 1945 2755 Occafion
1958 2715 2002 2744 des
2026 2718 2141 2744 Guerres
2155 2714 2222 2754 sont
2247 2716 2334 2746 adve-

1268 2764 1350 2792 nues‚
1367 2754 1405 2788 &
1417 2754 1588 2784 adviennent
1600 2753 1650 2783 cha
1666 2765 1714 2783 cun
1727 2753 1819 2792 Jour,
1835 2752 1873 2788 ἔφ’
1880 2753 1948 2792 fiant
1960 2764 1993 2783 en
2014 2756 2075 2783 Vote
2089 2753 2220 2784 d’avenir
2240 2764 2266 2783 es
2287 2753 2338 2784 diz

1267 2794 1412 2831 Royaumes
1439 2793 1470 2830 se
1485 2795 1652 2822 Convenient
1666 2792 1778 2822 Remede
1791 2792 1833 2832 n'y
1845 2791 1881 2831 ell
1895 2795 1957 2830 mis,

1304 2832 1346 2859 Et
1358 2815 1432 2872 auffy
1445 2843 1463 2860 a
1477 2834 1529 2860 Fin
1541 2842 1591 2872 que
1603 2830 1661 2869 plus
1678 2829 1847 2860 liberalment
1861 2853 1871 2867 .,
1883 2829 1947 2868 plus
1958 2837 2136 2869 meurement,
2153 2828 2192 2865 ό
2203 2829 2266 2868 plus
2271 2830 2332 2869 seu·

1266 2876 1369 2898 rement
1384 2881 1417 2899 on
1425 2868 1508 2908 puiffe
1522 2873 1601 2899 venir
1613 2881 1632 2898 a
1650 2868 1679 2898 la
1695 2871 1788 2908 Paix,
1812 2868 1907 2909 defiree
1918 2877 1972 2907 par
1995 2876 2054 2899 tous
2075 2869 2139 2899 bons
2159 2867 2305 2908 Christiens
2321 2891 2332 2907 ,

1266 2914 1344 2936 entre
1360 2906 1395 2936 les
1413 2908 1462 2938 diz
1477 2908 1546 2937 deux
1560 2911 1723 2947 Royaumes‚

1305 2947 1381 2974 Nous
1395 2958 1413 2976 a
1419 2944 1520 2984 semble
1535 2945 1574 2981 ὠ
1589 2958 1606 2974 a
1621 2945 1683 2976 eulx
1697 2944 1770 2985 auff}
1786 2943 1992 2985 Trefi’xpedient
2006 2967 2016 2983 ,
2034 2943 2208 2983 Prouffi‘table
2224 2943 2307 2984 Chofi’
2316 2970 2327 2984 ‚

1267 2982 1305 3017 &
1321 2984 1459 3022 neceffisire
1471 2995 1521 3024 que
1539 2988 1635 3014 Treues
1649 2983 1813 3020 Generales,
1830 2994 1862 3013 ou
1878 2982 2040 3022 Abstinence
2061 2983 2092 3012 de
2115 2986 2234 3022 Guerre,
2253 2989 2331 3014 entre

1266 3021 1302 3051 les
1316 3024 1425 3052 Parnes
1439 3023 1470 3053 de
1495 3033 1526 3052 us
1537 3024 1637 3060 dioles,
1651 3031 1717 3061 pour
1733 3022 1770 3052 les
1781 3023 1829 3051 diz
1844 3024 1990 3060 Royaumes
2004 3021 2036 3051 de
2048 3024 2151 3051 France
2172 3020 2210 3056 ὠ
2233 3023 2334 3053 d'An-
2350 3022 2353 3025 ”

1262 3059 1395 3099 gleterre,
1411 3059 1448 3096 (ξφ
1476 3072 1535 3090 eurs
1548 3064 1655 3098 Torres,
1673 3062 1833 3097 Seignories,
1850 3057 1888 3092 ὠ·
1903 3059 2027 3097 Subgiez,
2047 3057 2084 3094 ό·
2100 3058 2171 3099 auſjj
2182 3068 2248 3099 pour
2261 3060 2332 3091 leurs

1264 3098 1364 3129 Alliez
1377 3098 1416 3134 ὠ·
1430 3099 1612 3137 Consederez,
1629 3101 1691 3128 deca
1706 3098 1744 3133 ό,
1759 3099 1791 3127 de
1809 3097 1838 3128 la
1854 3097 1883 3126 la
1908 3100 1974 3127 Mer
1987 3122 1996 3135 ,
2023 3109 2056 3128 en
2079 3099 2237 3140 quelconque
2258 3102 2330 3129 Lieu

1262 3137 1346 3204 qlu'ilz
1352 3136 1442 3176 soient
1456 3138 1561 3177 Prifes,
1580 3139 1819 3174 Enconvenances,
1835 3135 1873 3171 ὠ
1879 3134 2061 3177 finablement
2076 3141 2195 3167 Fermees
2208 3136 2246 3173 (ῤ’
2259 3142 2330 3169 Con·

1261 3187 1274 3204 c
1286 3186 1414 3244 ugbrfflu
1429 3213 1466 3244 les
1480 3213 1577 3255 quelles
1590 3216 1684 3243 Treues
1718 3215 1826 3243 Amour
1839 3212 1981 3252 mutuelle,
1997 3212 2036 3249 ᾤ’
2053 3217 2135 3244 vraie
2149 3217 2272 3253 Amitie‚
2291 3213 2331 3250 &-

1264 3251 1398 3290 gratieuse
1411 3251 1607 3292 Converfhtion
1617 3255 1665 3290 pui
1687 3260 1733 3281 ent
1748 3251 1813 3291 estre
1826 3252 2000 3282 introa'uittes
2009 3275 2017 3290 ,
2036 3254 2168 3283 Nourries
2179 3276 2188 3291 ‚
2208 3251 2246 3288 &⁵
2261 3257 2328 3283 Fer-

1268 3301 1334 3319 mees
1351 3298 1426 3319 entre
1442 3289 1479 3320 les
1495 3293 1604 3320 Parties
1614 3292 1646 3320 de
1667 3301 1698 3319 us
1712 3291 1811 3327 distes,
1829 3289 1867 3326 &
1881 3289 1949 3320 leurs
1970 3291 2086 3330 Subges‚·
2112 3289 2150 3325 &
2176 3291 2331 3322 Marchan-

1269 3327 1335 3367 dzfis
1348 3332 1491 3367 Comunes,
1504 3337 1558 3367 par
1571 3332 1635 3358 Mer
1654 3327 1693 3364 (ἔγ
1704 3336 1758 3367 par
1772 3332 1868 3368 Terre,
1882 3327 1999 3369 puiffint
2013 3329 2078 3370 estre
2090 3327 2243 3369 fturement
2263 3332 2333 3360 Por-

1269 3373 1325 3396 tees
1339 3364 1377 3400 &
1394 3369 1530 3397 Exercees.

1307 3403 1389 3434 Pou
1402 3414 1423 3435 R
1443 3414 1485 3436 σε
1502 3405 1539 3445 est
1553 3405 1644 3446 Ilque
1657 3405 1792 3445 Nous,

1306 3441 1486 3482 Guilleaum,
1500 3453 1554 3482 par
1568 3443 1597 3473 la
1618 3444 1771 3483 Permiffion
1794 3448 1901 3475 Divine
1914 3467 1925 3483 ,
1950 3443 2124 3483 Arceveffiue
2143 3443 2176 3472 de
2195 3446 2330 3482 Bourges,

1266 3480 1388 3558 ghzy‘l-‹lels⁴
1397 3484 1522 3519 Seigneur
1535 3483 1567 3512 de
1580 3481 1605 3511 le
1622 3484 1691 3511 Bret
1707 3482 1879 3524 Connestable
1891 3484 1924 3513 de
1935 3485 2051 3520 France,
2071 3481 2110 3516 ὠ·
2125 3481 2247 3512 Goutier
2260 3481 2330 3521 Col,

1288 3530 1320 3548 on
1334 3531 1356 3548 ei
1378 3529 1430 3548 iers

1303 3542 1534 3596 Ambaxa’deurs,
1553 3557 1712 3597 Meffaiges,
1730 3557 1768 3593 ό·
1784 3557 1978 3597 Commiffaires
1991 3555 2076 3596 deffias
2089 3558 2233 3596 Nommez,

1304 3599 1396 3634 Apres
1412 3595 1448 3626 les
1461 3597 1543 3625 diaes
1561 3600 1820 3636 Communications,
1839 3596 2038 3634 Consultations
2063 3593 2101 3629 ὀ·
2128 3592 2169 3625 Ἰω-
2191 3596 2326 3635 Confizulx

1266 3645 1352 3664 meurs
1365 3632 1403 3668 &
1420 3634 1569 3672 delibera,
1580 3634 1632 3673 ficr
1645 3634 1683 3664 les
1700 3639 1833 3665 Matieres
1844 3633 1929 3674 deffias
1943 3633 2038 3670 distes,
2052 3641 2108 3671 par
2124 3636 2206 3663 Vertu
2224 3636 2260 3665 du
2274 3638 2328 3665 Po-

1268 3676 1331 3702 voir
1347 3684 1365 3701 a
1381 3674 1458 3702 Nous
1470 3674 1591 3702 attribue
1607 3672 1690 3712 deffics
1703 3672 1871 3712 Tranfiript,
1890 3675 1996 3701 Avons
2008 3672 2242 3711 Enconvenancie,
2251 3677 2328 3713 Fait,

1269 3713 1373 3740 Promis
1390 3709 1428 3744 &
1447 3711 1584 3749 Accorde‚
1598 3720 1664 3749 pour
1676 3711 1701 3741 le
1722 3714 1776 3750 Ray
1789 3721 1823 3742 no
1846 3720 1875 3739 re
1893 3709 1935 3739 dit
1955 3712 2079 3746 Seigneur
2092 3734 2102 3746 ‚
2111 3709 2158 3749 ses
2175 3713 2326 3753 Royaume,

1268 3751 1377 3787 Terres,
1389 3752 1566 3788 Seigneuries,
1584 3749 1714 3788 Subgioz,
1727 3747 1766 3784 ό·
1781 3753 1815 3779 A
1826 3747 1896 3785 liez3
1915 3745 2132 3788 C'qstwffbvoir,

1305 3823 1349 3854 Le
1367 3823 1435 3863 Roy
1452 3824 1498 3854 des
1516 3824 1702 3864 Rommains‚

1306 3862 1351 3893 Le
1369 3862 1435 3901 Roy
1451 3862 1488 3892 de
1506 3862 1625 3894 Castelle
1639 3865 1673 3896 &
1689 3863 1725 3894 de
1737 3861 1840 3901 Leon,

1307 3901 1352 3931 Le
1367 3900 1434 3938 Roy
1450 3900 1485 3930 de
1504 3901 1666 3940 Bohayme,

1303 3938 1348 3970 Le
1366 3937 1434 3977 Roy
1448 3937 1603 3977 d’Escoce,

1309 3976 1354 4008 Le
1373 3975 1440 4016 Roy
1457 3976 1493 4006 de
1508 3975 1653 4015 Navarre,

1308 4013 1354 4046 Le
1371 4013 1441 4054 Roy
1458 4014 1634 4055 d'Arragon,
2289 4054 2318 4090 L
