2562 4274
731 143 838 183 ET
923 141 1191 182 ACTA

20 226 151 260 Ann-D.
189 228 281 258 iorum
296 226 329 258 &
345 224 495 256 Fidelitatis
508 224 756 257 Sacramentorum
771 226 950 265 hujusmodi,
968 228 983 257 a
997 227 1126 258 Personis
1140 228 1231 266 supra-

46 266 129 305 1418.
190 267 252 297 iffis
265 264 448 303 corporaliter
462 264 659 295 faciendorum
674 266 707 295 &
722 265 955 303 praestandorum.

20 309 84 334 Heu.
100 312 128 340 5.
246 303 280 334 In
296 304 390 341 cujus,
407 303 467 333 &c.

209 341 298 372 Teste
312 341 409 379 Rege,
427 341 455 370 in
472 340 603 371 Exercitu
626 341 692 379 suo,
710 349 775 371 ante
796 339 949 373 Civitatem
975 342 1164 379 Rothomagen.
1188 342 1232 371 vi-

173 380 280 413 cefimO
293 379 377 411 tertio
390 380 434 410 die
448 378 630 410 Decembris.

823 459 876 486 Per
890 457 974 496 ipsam
989 461 1092 495 Regem.

456 582 504 613 De
522 579 711 623 Restitutione
725 583 956 628 Dmporalinm.

23 671 101 703 Αῃῃ,
115 669 157 702 Ι),
176 665 289 724 REX
303 665 463 703 Omnibus,
479 665 514 695 ad
528 675 617 704 qum,
636 667 695 698 &c.
717 666 850 724 Salutem.

45 709 130 749 1418.
266 705 364 734 Sciatis
378 704 457 740 quod
467 726 477 741 ,
1154 739 1157 741 μ

27 753 80 778 Aa.
94 750 120 775 6.
211 742 260 772 De
275 742 371 772 Gratia
384 741 479 772 nostra
492 742 617 781 speciali,
638 744 671 774 &
686 752 717 774 ut
730 744 874 775 Divinum
890 745 1040 776 Servitium
1053 754 1086 775 ac
1102 743 1151 774 alia
1165 743 1230 773 Pie-

25 792 61 814 Η.
79 795 104 820 5·
174 782 235 811 tatis
250 781 346 818 Opera
360 782 437 817 (quaa
449 782 476 810 in
494 781 597 811 Domo
619 782 714 812 Sant‘ti
733 782 870 820 joliannis
886 783 1036 821 jerusalem
1056 783 1126 813 ultra
1150 782 1232 811 Mare

22 825 87 853 [bicl-
173 819 210 849 de
233 818 438 856 Valquamville
456 818 512 849 fieri
535 819 666 855 debeant)
686 821 746 859 plus
766 821 847 852 solito
870 821 1045 859 accrescant,
1068 823 1101 852 &
1124 820 1230 850 ibidem

173 856 340 887 laudabiliLis
356 865 602 896 manuteneantnr,

211 895 378 934 Conceffimus
393 895 540 935 Religiosis
555 895 627 926 Viris
646 896 763 927 Domfis
784 896 925 934 praedic'tae
947 898 1044 927 omnia
1065 896 1230 934 Tempora-

172 934 209 964 lia
222 935 314 964 eidem
328 933 460 971 Domui,
479 935 549 964 infra
565 934 712 965 Ducatum
729 935 858 965 nostrum
871 935 1082 973 Normanniae,
1101 935 1233 974 qualiter-

174 982 299 1010 cumque
313 973 479 1010 pertinentia
494 973 549 1003 five
562 973 710 1010 spectantia
719 996 727 1008 ,

212 1010 399 1048 HABENDA,
419 1012 446 1040 in
459 1010 686 1041 sustentationem
702 1011 804 1042 Divini
818 1012 931 1043 Servitii
946 1014 979 1044 &
1001 1012 1121 1044 aliorum
1140 1011 1232 1043 Pieta-

175 1050 208 1079 tis
221 1049 251 1079 O
273 1059 352 1080 erum
368 1048 568 1086 praedietorum
577 1072 587 1086 ,
604 1049 640 1080 de
654 1049 746 1081 Dono
760 1050 870 1081 nostro.

266 1098 286 1117 n
300 1087 396 1125 cujus,
414 1087 474 1118 δίς.

214 1125 304 1155 Teste
316 1125 402 1161 Rege
415 1129 444 1154 in
460 1128 591 1155 Exercitu
599 1125 650 1166 βο
663 1134 728 1157 ante
750 1131 904 1158 Civitatem
924 1128 1117 1167 Rothomagen.
1134 1127 1234 1159 vicesi-

178 1174 230 1195 mo
246 1171 345 1203 quarto
358 1162 404 1194 die
417 1162 597 1195 Decembris.

815 1246 868 1273 Per
879 1243 961 1283 ipsam
974 1247 1078 1281 Regem.

25 1392 104 1420 ΠΧ,
180 1381 208 1408 ³*
226 1383 275 1415 De
287 1386 496 1431 Prorogatione
524 1387 714 1431 Trengarum
736 1396 804 1417 cum
833 1386 946 1417 Comite
969 1384 1167 1427 Armeniaci,
1199 1389 1235 1424 (ῥ’

23 1430 90 1458 651.
539 1435 668 1466 Domino
692 1432 728 1465 de
745 1433 771 1466 le
789 1435 870 1466 Bret.

25 1536 54 1567 Α
113 1535 145 1565 D
180 1516 315 1570 REX,
332 1518 366 1549 ad
387 1520 519 1550 notitiam
540 1519 674 1549 omnium
696 1519 730 1550 ὃ(
751 1517 943 1555 fingulorum‚
960 1527 1082 1555 quorum
1103 1518 1236 1557 interest,

56 1546 126 1605 r¹⁰⁸3
148 1558 154 1564 ”
257 1556 439 1595 deducimus,
464 1568 512 1596 per
534 1557 692 1594 Presentes,
718 1556 798 1595 quod
821 1567 873 1586 nos
895 1556 1024 1594 Treugas
1043 1557 1088 1587 seu
1113 1556 1237 1588 Guerra-

25 1584 110 1642 A¹416
132 1597 138 1604 “
176 1603 239 1623 rum
259 1593 450 1626 Abstinentias
464 1619 473 1633 ,
499 1605 567 1625 cum
588 1595 724 1625 omnibus
744 1595 777 1626 &
800 1594 911 1633 singulis
931 1595 983 1625 suis
1001 1594 1138 1633 Capitulis
1151 1619 1160 1634 ,
1187 1606 1237 1634 per

53 1625 78 1641 ⁷²·
113 1635 120 1641 '
176 1631 355 1663 Consiliarios
370 1634 480 1664 nostros
494 1632 625 1664 Ducatus
638 1632 725 1663 nostri
737 1633 899 1671 Aquitaniae
914 1633 1003 1663 modo
1018 1634 1050 1664 &
1066 1635 1156 1664 forma
1172 1636 1235 1665 ulti-

178 1671 231 1700 mo
246 1680 338 1708 captas
353 1672 387 1702 &
399 1671 537 1710 firmatas,
553 1672 586 1702 &
601 1672 688 1710 usque
702 1671 736 1702 ad
751 1671 864 1702 Festum
880 1671 992 1702 Natalis
1007 1671 1128 1702 Domini
1141 1674 1237 1710 proxi—

179 1711 232 1739 mo
253 1709 395 1748 futurum,
413 1718 444 1741 ut
464 1711 643 1748 accepimus,
659 1709 860 1741 tantummodo
884 1709 1041 1749 duraturas,
1065 1721 1132 1741 cum
1153 1711 1236 1742 Con-

176 1748 329 1786 fanguineo
349 1748 450 1779 nostro
472 1748 593 1780 Comite
612 1749 791 1786 Armeniaci,
809 1748 854 1778 seu
874 1758 943 1778 cum
962 1748 1186 1786 quibuscumque
1207 1760 1237 1780 a·

176 1786 234 1824 liis,
250 1787 287 1816 ab
302 1786 405 1818 eodem
422 1787 541 1818 Comite
554 1786 775 1825 Consanguineo
787 1786 886 1817 nostro
900 1786 1072 1818 Potestatem
1094 1787 1237 1819 sufficien-

177 1832 235 1854 tem
256 1826 285 1854 in
306 1825 360 1855 hac
381 1834 458 1863 parte
478 1825 660 1864 habentibus,
680 1826 898 1863 prolongamus,
917 1826 949 1856 ὃς
964 1825 1051 1863 usque
1065 1825 1099 1855 ad
1122 1827 1237 1858 Festum

176 1862 292 1893 Paschae
306 1864 440 1900 proximo
453 1864 578 1894 futurum
588 1886 598 1901 ,
613 1874 647 1894 ex
662 1873 738 1895 certa
753 1864 864 1894 scientia
877 1863 990 1902 nostra,
1009 1873 1209 1904 prorogamus,

216 1901 335 1932 Proviso
349 1902 428 1940 quod
445 1903 522 1933 idem
536 1901 645 1933 Comes
657 1903 755 1941 pariles
767 1903 811 1933 seu
826 1902 984 1932 confimiles
1004 1902 1237 1941 prolongationis

177 1939 224 1970 seu
239 1939 450 1977 Prorogationis
463 1940 642 1979 Treugarum
659 1941 715 1972 five
736 1941 911 1971 Guerrarum
932 1940 1164 1973 abstinentiarum
1184 1943 1237 1973 hu—

176 1978 299 2016 jusmodi
323 1979 447 2017 Literas,
465 1979 565 2016 Sigillo
587 1980 636 2010 suo
652 1980 783 2018 signatas,
800 1980 874 2009 infra
885 1980 995 2017 triginta
1008 1979 1084 2018 dies,
1102 1982 1237 2018 proximo

178 2017 213 2047 &
229 2017 393 2047 immediate
408 2017 472 2055 post
487 2017 591 2048 Datam
614 2018 797 2049 Praesentium
822 2018 982 2056 sequente8‚
1001 2018 1084 2048 nobis
1106 2028 1140 2049 ex
1161 2029 1238 2058 parte

178 2055 224 2085 sua
239 2064 317 2086 curet
331 2055 468 2087 destinare
484 2066 553 2087 cum
565 2055 678 2088 effe&u.

255 2092 288 2123 In
307 2095 403 2132 cujus,
420 2095 481 2125 &c.

214 2131 304 2162 Teste
325 2133 406 2170 Rege
430 2134 458 2162 in
480 2135 611 2173 Exercitu
622 2133 674 2173 fiio
686 2140 753 2165 ante
769 2136 920 2164 Civitatem
931 2132 1122 2173 Rothomagen.
1140 2135 1240 2168 vicesi-

178 2178 231 2202 mo
246 2179 346 2210 quarto
356 2171 402 2202 die
414 2170 596 2203 Decembris.

25 1657 62 1680 H.
82 1661 110 1687 5.

27 1691 158 1719 Norm.6.

25 1733 61 1756 H.
75 1738 103 1763 5.
117 1735 144 1765 p.

30 1776 53 1795 ι.
66 1775 143 1802 m.4.

811 2256 864 2284 Per
879 2253 962 2293 ipsim
976 2257 1080 2293 Regem.

198 2329 389 2362 .C0nfimiles
409 2331 513 2362 Literae
539 2329 575 2360 de
595 2330 804 2368 Prorogatione
824 2330 894 2361 fiunt
917 2340 971 2368 pto
992 2330 1119 2368 Treugis
1134 2353 1144 2368 ,
1167 2330 1239 2361 inter

178 2367 293 2408 Regem
309 2371 342 2401 &
356 2370 606 2409 Consanguineum
621 2369 701 2400 suum
717 2368 884 2400 Dominum
899 2369 935 2400 de
948 2370 975 2400 le
988 2368 1071 2408 Bret,
1090 2379 1139 2407 per
1163 2378 1238 2400 tem-

178 2416 230 2444 pus
244 2408 411 2445 praedictum
426 2409 578 2446 duratum,
595 2407 629 2438 &
644 2407 694 2438 sub
706 2407 804 2439 eadem
819 2407 902 2438 Data.

180 2542 270 2586 Copia
295 2533 381 2574 Navi
405 2542 564 2588 Privilegii
579 2568 588 2584 ‚
622 2542 703 2588 quod
726 2545 793 2575 Rex
820 2543 1024 2574 Romanorum
1050 2540 1132 2574 dedit
1154 2546 1241 2576 certis

225 2589 331 2635 Opidis
346 2593 383 2628 ὠ*
402 2589 512 2633 Castris
528 2594 559 2622 in
572 2590 711 2634 Elsatia,
736 2589 895 2634 Transsata
914 2589 949 2623 de
964 2590 1091 2636 Vulgari
1110 2591 1239 2624 Alema-

225 2642 288 2671 m'co
303 2642 334 2671 in
352 2640 511 2672 Latinam.

259 2723 310 2754 OS
332 2721 527 2763 sigismundus,
544 2724 602 2756 Dei
624 2723 724 2756 Gratia
744 2727 923 2755 Romanorum
942 2727 1003 2755 Rex
1017 2724 1127 2763 semper
1142 2724 1242 2765 Augu-

274 2761 345 2800 stus,
363 2772 396 2792 ac
411 2762 586 2803 Hungariae,
605 2764 666 2795 ὅτε.
687 2763 762 2793 Rex.

219 2800 467 2840 Recognoscimus
483 2824 493 2839 ,
523 2811 556 2832 ac
580 2811 630 2840 per
652 2801 806 2832 Praesentes
827 2801 960 2833 universis
975 2824 985 2839 ,
1018 2811 1062 2832 eas
1083 2801 1243 2833 videntibus

181 2848 226 2870 aut
245 2840 336 2879 legere
354 2839 545 2878 audientibus,
593 2840 688 2871 ublice
707 2840 885 2871 notificamus
902 2863 912 2879 ‚
938 2841 1068 2878 quamvis
1087 2850 1123 2871 ex
1143 2840 1241 2871 debito

179 2877 380 2918 astringamur,
399 2878 432 2909 &
444 2877 478 2908 ad
493 2878 550 2908 hoc
577 2888 649 2908 imus
661 2879 802 2917 inclinati,
823 2879 903 2916 quod
916 2879 1065 2910 Publicam
1079 2879 1242 2910 Utilitatem

150 2916 160 2920 ’
183 2916 256 2953 (qua
278 2917 379 2947 Terrae
400 2918 434 2948 &
455 2915 599 2947 Homines
618 2917 648 2946 in
668 2916 742 2946 Pace
761 2917 981 2954 conserventur)
1003 2919 1085 2947 omni
1110 2926 1242 2956 tempore

182 2955 407 2993 praep-eudimus,
424 2963 622 2986 verumtamen
636 2955 758 2986 multum
773 2965 807 2986 ac
819 2955 919 2993 majori
940 2955 1076 2986 desiderio
1097 2956 1242 2988 noscimur

182 2994 284 3031 aptati,
298 3003 329 3024 ut
346 2994 454 3024 nostras
474 3003 506 3024 ac
529 2994 596 3024 i‘acri
619 2992 734 3033 Imperii
746 2993 881 3024 Civitates
894 2994 944 3023 sub
958 2993 1054 3024 nostra
1068 2994 1163 3032 Regia
1179 2994 1242 3026 Cu-

183 3030 273 3061 stodia
287 3031 319 3061 δε
333 3030 517 3062 Proteffione
531 3032 630 3072 sponte
645 3032 861 3070 conservemus,
880 3041 912 3062 ac
935 3032 1019 3068 etiam
1033 3033 1099 3070 ipsas
1120 3034 1156 3063 ab
1179 3033 1240 3064 Im-

182 3069 262 3108 perio
276 3069 337 3106 (per
351 3070 429 3107 quod
442 3071 582 3101 distarum
600 3070 758 3102 Civitatum
775 3071 866 3109 Qies
890 3071 923 3101 &
940 3070 1140 3107 Tranquillitas
1162 3072 1240 3102 infir-

181 3108 252 3138 mari
269 3107 371 3143 posset)
386 3107 500 3144 separari
512 3118 572 3138 non
584 3108 703 3140 sinamus
718 3109 777 3139 ullo
793 3109 899 3147 modo,
918 3108 970 3138 hiis
983 3109 1169 3146 perspeximus
1182 3110 1240 3141 cla·

180 3156 241 3176 ram
257 3145 513 3182 promptitudinem
525 3156 558 3177 ac
579 3147 732 3179 voluntaria
750 3148 881 3185 Servitia,
900 3157 965 3185 quae
984 3146 1239 3179 Praedecessoribus

180 3184 300 3222 nostris,
324 3184 358 3214 &
379 3183 478 3214 Nobis
493 3207 503 3222 ,
528 3194 560 3215 ac
580 3186 664 3216 etiam
687 3186 812 3224 Imperio
834 3186 1043 3224 praenominato
1056 3209 1066 3224 ,
1093 3185 1180 3217 Cives
1203 3189 1237 3218 &

181 3223 413 3254 Communitates
426 3221 582 3253 Civitatum
597 3222 759 3262 Hagenaw,
773 3224 906 3261 Colmar,
925 3224 1035 3261 Sexcat,
1053 3224 1237 3265 Wisenburg,

181 3260 393 3292 Monasterium
418 3261 449 3290 in
470 3259 550 3291 Valle
569 3260 665 3292 saneti
688 3262 827 3301 Georgii,
844 3262 1013 3300 Mulhusen,
1032 3262 1240 3302 Keysersperg,

181 3300 301 3337 Obern,
319 3298 496 3338 Ehenheim,
517 3298 723 3339 Dorinckeim‚
742 3300 915 3339 Raszheim,
931 3302 964 3331 &
987 3301 1062 3339 Sels,
1081 3301 1184 3332 Nostri
1205 3304 1239 3334 δε

182 3338 298 3375 Imperii
313 3337 419 3368 Fideles
433 3336 545 3376 dilecti,
563 3338 663 3375 saepitis
675 3338 709 3369 &
723 3339 821 3376 pluries
834 3340 1048 3378 impenderunt,
1063 3351 1096 3371 ac
1118 3340 1219 3371 Nobis
1229 3364 1238 3379 ,

179 3378 214 3447 «ἓξ
229 3377 373 3445 lrrliperio,
390 3377 516 3413 inantea,
534 3375 636 3406 utiliter
651 3377 749 3408 futuris
765 3379 938 3415 temporibus
958 3377 1063 3408 debent
1088 3380 1122 3410 &
1146 3380 1239 3412 valent

193 3425 258 3446 amu
270 3425 323 3446 ari:

217 3454 254 3485 Et
270 3454 380 3484 idcirco
394 3453 546 3484 deliberato
567 3454 681 3491 animo,
698 3452 772 3483 fideli
792 3453 938 3492 Consilio,
955 3455 989 3486 δε
1010 3455 1087 3486 certa
1109 3455 1237 3494 scientia,

178 3490 348 3524 Civitatibus
370 3494 404 3524 &
424 3491 687 3523 Communitatibus
706 3491 846 3529 praedietis
860 3516 870 3529 ,
894 3502 927 3522 ac
947 3493 1066 3531 ipsarum
1087 3495 1238 3533 unicuique

178 3531 313 3570 sigillatim
329 3554 339 3569 ,
370 3531 551 3569 promisimus
567 3554 576 3568 ‚
610 3532 644 3562 ὃς
664 3531 766 3561 virtute
786 3530 966 3561 Praesentium
987 3531 1183 3563 Promittimus
1202 3534 1236 3564 δε

180 3569 377 3606 Spondemus,
396 3569 431 3600 de
447 3569 619 3607 plenitudine
632 3569 775 3598 Romanae
788 3568 889 3607 Regiae
909 3569 1073 3607 Potestatis,
1091 3580 1144 3609 pro
1165 3571 1235 3601 No-

180 3607 223 3637 bis
240 3609 272 3639 &
285 3608 341 3638 aliis
354 3608 494 3638 Romanis
507 3607 725 3646 Imperatoribus
738 3608 771 3638 &
785 3606 929 3646 Regibus,
945 3607 1044 3638 nostris
1058 3609 1234 3640 Successori-

179 3646 233 3676 bus
254 3647 283 3676 in
302 3645 428 3684 Imperio
446 3646 545 3685 quod,
559 3656 611 3676 nos
630 3645 766 3676 Civitates
789 3646 934 3683 praedietas
952 3649 1160 3685 communiter,
1179 3659 1233 3679 nec

179 3684 300 3722 aliquam
321 3694 355 3716 ex
373 3685 434 3723 ipsis
456 3685 640 3724 singulariter,
656 3684 689 3715 &
711 3685 796 3715 etiam
814 3685 913 3714 omnia
933 3684 967 3714 ad
989 3684 1076 3716 dietas
1095 3685 1233 3718 Civitates

179 3724 344 3761 pertinentia
362 3725 574 3762 communiter,
588 3724 634 3754 seu
657 3723 691 3754 ad
712 3723 832 3760 ipsarum
854 3722 976 3760 aliquam
991 3723 1142 3763 sigillatim,
1160 3735 1233 3756 nun-

177 3763 265 3798 quam
286 3762 422 3798 perpetuis
441 3763 614 3799 temporibus
635 3762 650 3791 a
671 3761 811 3800 maledieto
833 3760 970 3792 Romano
989 3761 1114 3800 Imperio
1127 3765 1233 3795 vende-

180 3807 258 3834 mus,
279 3798 535 3838 inpignorabimus,
560 3809 607 3831 aut
626 3801 726 3838 quovis
750 3799 840 3830 modo
860 3801 932 3837 (quo
952 3799 1039 3831 dietae
1060 3800 1196 3834 Civitates
1218 3804 1234 3833 ὲ

178 3836 299 3874 praefato
311 3836 435 3873 Imperio
447 3838 533 3870 dividi
548 3839 660 3877 poss'ent
674 3846 721 3869 aut
744 3838 871 3875 separari)
891 3838 947 3868 aliis
968 3839 1076 3870 tradere
1098 3849 1145 3872 aut
1166 3841 1232 3872 alie-

179 3883 246 3905 nare
261 3873 410 3912 volumus,
427 3885 481 3907 nec
495 3877 630 3908 debemus
642 3877 700 3908 ullo
716 3877 814 3907 modo.

219 3912 272 3950 Et,
291 3911 312 3941 fi
325 3912 393 3943 esset
405 3914 502 3953 quod,
516 3916 633 3954 cujusvis
646 3916 786 3953 Tenoris,
805 3914 908 3944 nostrae
923 3914 968 3945 seu
990 3915 1233 3948 Praedecess‘orum

181 3950 346 3982 nostrorum
362 3950 476 3981 Litterae
488 3954 659 3985 emanassent
669 3977 678 3993 ‚
696 3963 741 3985 aut
752 3953 940 3992 imposterum
956 3963 1117 3985 emanarent
1129 3957 1175 3986 seu
1190 3958 1233 3987 in-

178 3990 358 4026 venirentur,
379 3989 407 4018 in
423 3990 524 4026 quibus
539 3993 680 4029 praedietae
694 3993 828 4023 Civitates
850 3994 1058 4031 communiter,
1076 4003 1123 4024 aut
1143 3995 1234 4034 fingu-

178 4027 268 4059 lariter
282 4037 335 4057 una
350 4027 484 4065 ipsarum,
501 4028 547 4060 seu
563 4030 697 4069 quicquid
711 4031 745 4063 ad
760 4031 825 4069 ipsas
841 4030 963 4062 noscitur
976 4033 1131 4071 pertinere,
1147 4041 1178 4064 ut
1192 4033 1235 4065 su-

226 4070 299 4098 Tom.
316 4068 365 4097 IV.
384 4067 418 4096 P.
436 4068 496 4097 ΙΙΙ.

1275 143 1755 185 PUBL'ICA,
2283 149 2330 187 81

1270 238 1318 265 pra
1334 229 1352 247 ³*
1369 229 1503 266 scriptum
1519 228 1560 258 est
1570 252 1579 266 ,
1598 230 1613 258 a
1626 230 1763 268 praedicto
1779 229 1903 270 Imperio
1915 231 1972 261 aliis
1990 231 2133 267 Traditae,
2153 230 2329 270 impignora-
2344 228 2420 259 Ann.
2435 228 2479 261 D.

1272 275 1324 303 tae,
1338 276 1385 297 aut
1403 268 1465 296 alias
1488 267 1624 297 Alienatae
1647 268 1755 305 forent,
1775 272 1819 298 vel
1839 269 1931 298 adhuc
1954 269 2065 306 possent
2088 270 2224 306 Alienati,
2245 270 2328 300 volu·
2366 268 2452 307 1418.

1274 313 1336 334 mus
1359 307 1392 336 &
1416 305 1572 342 statuimus,
1597 307 1624 334 in
1645 307 1746 336 virtute
1767 306 1965 345 Praesentium,
1984 309 2017 338 ὃ(
2040 308 2162 345 praefatae
2185 307 2329 338 Romanse
2349 311 2411 333 Hea.
2428 316 2457 341 5.

1274 341 1376 377 Regi-„e
1398 342 1546 373 Potestatis
1570 344 1758 380 perfectione,
1787 354 1816 374 ut
1839 345 1997 383 hujusmodi
2022 346 2120 376 Literte
2144 347 2219 384 (quae
2241 346 2329 375 forsan
2345 345 2363 362 '⁵¹‘
2386 346 2436 372 IX·

1274 381 1358 418 actu,
1377 390 1406 411 ut
1420 382 1619 419 praescribitur,
1637 382 1742 412 traditae
1757 383 1861 419 essent,
1877 384 2018 413 oblivioni
2035 385 2107 414 datae
2120 394 2166 413 aut
2191 384 2247 414 aliis
2268 394 2330 414 cer·
2346 384 2413 412 662·

1275 419 1308 448 tis
1327 420 1410 448 causis
1423 420 1514 449 adhuc
1528 420 1586 449 dari
1600 421 1775 458 contingent)
1793 421 1901 450 nullum
1922 421 2026 451 Robur
2045 422 2090 452 seu
2114 421 2256 452 Virtutem
2281 423 2330 453 ha-

1275 457 1374 525 gceant,
1384 457 1429 524 lixi
1443 458 1569 487 invalidae
1582 458 1614 488 δε
1631 458 1731 488 nullius
1746 458 1950 496 Potentiae,leu
1963 460 2138 497 impotentes
2154 460 2208 490 effi:
2225 461 2330 491 debent

1321 505 1383 525 anic
1406 506 1485 525 ratze.

1315 533 1417 571 Qturn
1439 533 1535 564 serinia
1556 534 1588 564 &
1606 535 1713 572 integra
1726 534 1821 564 nostra
1837 543 1909 564 extat
1926 534 2067 574 Intentio,
2086 536 2165 573 quod
2180 538 2330 576 praelibata:

1277 570 1414 602 Civitates
1427 582 1459 602 ac
1475 571 1721 608 communitates,
1739 574 1823 602 etiam
1846 572 1960 609 Nobis,
1980 574 2190 604 Successoribus
2214 575 2332 614 nostris,

1276 610 1309 639 &
1323 611 1460 646 praeta&o
1473 609 1615 648 Imperio,
1631 611 1665 640 ad
1681 611 1820 640 honorem
1841 612 1873 640 δε
1893 612 2056 647 utilitatem,
2075 622 2158 650 penes
2178 612 2262 650 Nos,
2281 614 2331 644 sae-

1276 649 1403 685 pedittos
1418 648 1597 679 Successores
1611 647 1721 678 nostros
1741 650 1773 679 &
1789 648 1918 686 Imperii,
1939 651 2074 687 perpetuis
2094 653 2267 688 temporibus
2288 653 2332 681 in-

1275 687 1456 723 separabiliter
1472 688 1592 717 debeant
1609 696 1782 724 permanere.

1313 723 1392 754 Cum
1412 724 1598 768 Testimonio
1621 725 1804 756 Praesentium
1826 724 1923 764 Sigillo
1946 725 2043 764 Regiae
2065 726 2168 757 nostrae
2180 727 2332 766 Majestatis

1275 772 1527 793 communitatum.

1312 838 1421 869 Datum
1443 841 1604 876 Hagenawe
1627 839 1691 876 post
1713 838 1820 870 Christi
1843 839 2031 870 Nativitatem
2059 841 2144 871 Anno
2161 840 2333 881 Millesimm

1276 877 1583 916 Qadringentelimo,
1604 877 1731 908 Decimo
1751 880 1875 916 ostavo,
1893 878 2023 915 proxima
2047 881 2104 909 Die
2130 879 2237 911 Lunae.
2257 881 2334 917 Reg-

1275 926 1380 945 norum
1395 918 1465 946 vero
1480 915 1643 946 nostrorum
1657 916 1826 956 Hungariae,
1845 917 1907 947 &c.
1924 918 2064 948 tricesimo
2078 918 2255 956 secund02&
2270 918 2334 948 Rc.-

1278 955 1355 984 mani
1370 954 1458 984 Anno
1474 954 1600 985 Oitavo.
2285 970 2288 973 ·

1538 1080 1596 1110 Pro
1612 1075 1881 1120 Ambaffi’atoribus
1903 1077 2071 1124 Danphini.
2386 1090 2432 1119 gn

1276 1164 1407 1219 REX,
1426 1176 1476 1203 per
1492 1165 1598 1196 Literas
1612 1166 1666 1196 suas
1682 1165 1826 1204 patentes,
1845 1166 1930 1204 usque
1944 1167 2108 1198 vicesimum
2131 1167 2207 1199 diem
2227 1168 2333 1208 Janua-
2353 1167 2426 1197 Ann.
2443 1168 2481 1197 D.

1350 1205 1382 1233 rii
1398 1205 1533 1241 proximo
1550 1204 1674 1233 futurum
1689 1204 1967 1242 duratt1r25,suscepit
1982 1207 2010 1235 in
2025 1206 2130 1236 {alvum
2141 1209 2219 1244 ,δῖα
2237 1207 2332 1237 Vene-
2377 1216 2464 1244 1419·

1277 1239 1393 1271 rabilem
1415 1241 1528 1272 Patrem
1548 1241 1707 1279 Johamzem
1730 1243 1761 1272 de
1791 1245 1880 1283 Norry
1907 1244 2159 1282 Archiepiscopum
2185 1245 2334 1275 Senonen-
2350 1248 2399 1272 Aa·
2416 1248 2443 1273 6.

1277 1276 1351 1317 sem,
1370 1280 1544 1309 Ladae-icum
1567 1280 1598 1308 de
1625 1280 1729 1309 chalon
1756 1279 1908 1310 Comitem
1928 1283 1963 1311 de
1984 1283 2139 1321 Tonnere,
2160 1282 2332 1322 Magistrum
2351 1287 2383 1311 H.
2407 1293 2431 1317 5-

1277 1317 1435 1354 Johannem
1451 1319 1482 1347 de
1502 1317 1578 1357 Vazly
1596 1317 1794 1348 Praesrdentem
1816 1320 1843 1347 in
1867 1318 2070 1358 Pnrliamento,
2092 1321 2260 1360 Magistrum
2279 1323 2336 1360 Jo-
2352 1328 2441 1351 Nomi.
2458 1322 2485 1347 6.

1277 1355 1396 1385 hannem
1413 1357 1513 1386 Tudert
1539 1356 1690 1387 Decanum
1719 1356 1847 1394 Parisins,
1865 1358 2045 1387 Gzaillielmnm
2063 1363 2167 1397 Scignet
2187 1360 2338 1398 Chivaler²
2355 1366 2379 1388 H
2383 1383 2387 1388 .
2397 1367 2454 1397 5-P·
2478 1379 2484 1385 ·

1282 1394 1315 1423 δε
1331 1393 1504 1429 Magistrum
1519 1394 1676 1433 Johannem
1697 1395 1728 1424 de
1741 1394 1912 1433 Villebresinle
1931 1397 2111 1426 Secretarium
2127 1398 2337 1436 Consanguinei
2354 1410 2388 1428 m.
2408 1400 2436 1426 6.

1279 1432 1366 1471 Regis
1382 1434 1521 1472 Dauphini
1540 1435 1570 1463 de
1591 1437 1701 1463 Vienna
1712 1455 1721 1470 ,
1739 1433 1824 1470 usque
1840 1434 1872 1463 &t
1888 1434 1915 1463 in
1932 1433 2036 1464 Villam
2051 1434 2137 1474 Regis
2150 1438 2185 1466 de
2201 1438 2337 1476 Loviers,

1278 1481 1346 1501 cum
1362 1471 1489 1502 Centum
1504 1472 1630 1503 Personis
1644 1474 1672 1502 in
1689 1472 1835 1501 Comitiva
1847 1472 1891 1501 sua
1910 1472 1953 1501 vel
1970 1473 2038 1502 infra
2049 1496 2056 1509 ,
2077 1475 2199 1505 Armatis
2215 1476 2259 1506 vel
2276 1486 2336 1507 non
2350 1502 2351 1505 ,

1278 1509 1413 1548 Armatis,
1435 1511 1593 1549 veniendo,
1611 1511 1715 1540 ibidem
1735 1510 1874 1540 morando
1888 1511 1921 1540 ὃ(
1936 1511 2181 1550 pez-hendimndo,
2201 1514 2234 1543 ἅ-
2259 1524 2338 1544 exin-

1277 1547 1313 1577 de
1334 1549 1368 1579 ad
1392 1557 1479 1586 partes
1502 1549 1557 1579 suas
1582 1550 1704 1587 proprias
1726 1549 1801 1579 salvo
1825 1549 1857 1578 &
1880 1549 1977 1579 secure
1997 1549 2159 1586 redeundo,
2178 1561 2209 1581 ac
2225 1552 2339 1591 Equos,

1278 1586 1354 1625 Res,
1372 1586 1468 1624 Bona,
1482 1587 1609 1626 Jocalia,
1626 1588 1745 1625 Libros,
1766 1586 1889 1625 Literas,
1907 1587 2061 1627 Hernesia,
2088 1590 2120 1619 ὃς
2145 1588 2274 1627 Caria-gia
2294 1591 2338 1621 sua

1278 1635 1485 1663 quaecumque,
1689 1661 1694 1666 ⁵

1312 1664 1430 1694 Proviso
1446 1665 1553 1701 semper
1569 1664 1648 1702 quod
1664 1664 1711 1701 ipfi
1727 1665 1759 1695 &
1773 1664 1905 1701 quaelibet
1921 1663 2107 1695 Personarum
2123 1665 2339 1705 praedifflarum,

1277 1701 1370 1732 statim
1392 1702 1458 1739 post
1480 1702 1644 1734 Adventum
1664 1703 1744 1733 suum
1763 1704 1791 1732 in
1812 1702 1915 1732 Villam
1939 1702 2027 1741 Regis
2049 1703 2231 1742 praedietam,
2251 1706 2340 1736 Arma

1276 1741 1321 1771 sua
1343 1740 1503 1779 deponant,
1526 1751 1580 1771 nec
1600 1741 1724 1779 ibidem,
1743 1741 1795 1770 nifi
1815 1741 1863 1771 illo
1883 1740 1929 1771 die
1950 1751 2009 1779 quo
2031 1752 2080 1772 eos
2101 1744 2137 1772 ab
2151 1743 2249 1773 eadem
2265 1744 2340 1774 Villa

1277 1778 1364 1823 Regis
1380 1780 1509 1848 rc<l3cedere
1524 1780 1686 1818 oportebit,
1706 1780 1794 1810 Arma
1807 1789 1903 1819 gerant
1917 1779 1960 1810 seu
1976 1779 2086 1811 Armati
2109 1781 2241 1812 incedant
2265 1793 2339 1820 quo-

1277 1828 1319 1848 vis
1333 1827 1383 1848 mo
1403 1828 1423 1848 0

1315 1856 1352 1887 Et
1373 1843 1526 1895 quic'quam
1542 1879 1552 1895 ‚
1575 1856 1651 1895 quod
1671 1857 1699 1886 in
1722 1856 1810 1895 Regis
1832 1864 2032 1897 contemptum
2052 1857 2100 1888 vel
2122 1858 2338 1899 praejudicium,

1277 1894 1431 1933 aliqualiter
1445 1895 1544 1925 cedere
1558 1895 1663 1933 valeat,
1682 1905 1741 1924 non
1758 1903 1941 1933 attemptent,
1959 1896 2003 1925 seu
2019 1896 2120 1926 faciant
2136 1899 2311 1936 attemptari,

1316 1934 1362 1964 Ac
1381 1933 1461 1970 quod
1481 1934 1531 1971 ipsi
1554 1935 1662 1964 nullum
1686 1933 1872 1970 Castrorum,
1890 1933 2114 1972 Fortalitiorum‚
2134 1934 2179 1965 seu
2202 1935 2339 1967 Villarum

1278 1969 1367 2011 Regis
1385 1972 1577 2010 firmatarum,
1596 1973 1698 2011 absque
1719 1971 1829 2010 speciali
1849 1972 1960 2003 licentia
1981 1971 2202 2010 Capitaneorum
2224 1984 2338 2005 eorum-

1278 2008 1362 2047 dem,
1380 2012 1484 2042 intrent
1498 2011 1658 2049 aliqualiter.

1351 2048 1384 2079 In
1401 2051 1496 2086 cuius,
1517 2050 1578 2080 &c.

1315 2086 1404 2118 Teste
1427 2087 1509 2126 Rege
1527 2089 1556 2118 in
1582 2091 1716 2119 Exercitu
1732 2087 1783 2128 fito
1808 2093 1874 2118 ante
1896 2089 2047 2118 Civitatem
2074 2089 2334 2130 Rothomagenfi'm,

1278 2127 1374 2165 primo
1388 2126 1434 2157 die
1443 2126 1577 2166 Januarii.

2462 1369 2469 1386 »-

1913 2205 1967 2234 Per
1981 2204 2063 2244 ipfiaem
2078 2208 2181 2243 Regem.

1502 2332 1561 2363 Pro
1581 2327 1851 2373 Ambaffiatoribus
1867 2331 1980 2376 Regina
1997 2330 2112 2364 Siciliae.

1278 2417 1409 2474 REX,
1428 2428 1478 2459 per
1494 2418 1600 2449 Literas
1615 2418 1670 2449 suas
1686 2408 1830 2456 Parentes,
1848 2418 1935 2456 usque
1950 2420 2075 2456 primum
2098 2417 2175 2449 diem
2195 2419 2338 2450 Februarii
2356 2414 2433 2445 Ann-
2450 2414 2491 2449 D.

1350 2459 1482 2495 proximo
1502 2458 1627 2488 futurum
1649 2457 1808 2493 duraturas,
1826 2456 1938 2494 suscepit
1958 2459 1986 2487 in
1999 2457 2124 2496 salvum,
2143 2459 2204 2488 Sec.
2224 2458 2339 2496 Johan-
2377 2463 2464 2492 1419.

1277 2503 1338 2523 nem
1358 2498 1495 2525 Daureins
1513 2495 1657 2532 Militem,
1677 2497 1788 2524 Petrum
1804 2494 1835 2523 de
1854 2498 1944 2525 Breze
1971 2495 2114 2533 Militem,
2133 2495 2285 2534 Tristaaum
2307 2497 2340 2527 de
2356 2497 2406 2520 ΛΠ·
2425 2497 2452 2521 ⁶·

1278 2531 1308 2560 la
1327 2533 1420 2572 Jaille
1432 2534 1577 2572 Militem,
1595 2533 1756 2572 Johannem
1770 2533 1875 2562 Belard
1898 2533 2053 2564 Decanum
2075 2533 2341 2573 Cenomanensem‚
2362 2536 2395 2559 H·
2411 2541 2438 2567 5·

1279 2574 1392 2602 Hernen
1409 2573 1548 2609 Abbatis,
1566 2574 1599 2604 &
1612 2571 1793 2602 Theobaldum
1807 2575 1902 2610 Regis,
1919 2572 2033 2608 Legum
2061 2572 2225 2611 Doctores,
2241 2572 2345 2604 Consi-
2363 2572 2473 2600 libid-m.

1279 2610 1369 2641 liarios
1389 2613 1498 2649 Reginae
1522 2610 1643 2648 Ceciliae,
1661 2620 1694 2641 ac
1718 2610 1802 2640 Duos
1821 2620 1941 2649 eorum,
1959 2611 1992 2641 &
2013 2620 2065 2648 pro
2088 2611 2215 2648 quolibet
2228 2622 2344 2642 eorum·
2365 2619 2390 2647 5-

1280 2648 1347 2679 dem
1360 2649 1415 2679 Sex
1431 2650 1590 2680 Servientes
1604 2650 1648 2680 vel
1664 2649 1750 2686 infra,
1768 2647 1804 2678 us
1820 2658 1853 2679 ue
1868 2648 2047 2679 Praesentiam
2070 2649 2161 2686 Regis
2179 2650 2341 2688 veniendo,

1280 2687 1388 2717 ibidem
1401 2688 1542 2719 morando
1555 2685 1588 2720 &
1603 2687 1794 2728 perhendinan
1815 2687 1893 2726 0,&
1908 2687 2008 2717 abinde
2031 2687 2107 2718 salvo
2126 2689 2160 2719 δε
2183 2689 2278 2719 secure
2298 2699 2341 2718 re-

1282 2725 1413 2764 deundo,
1439 2737 1471 2758 ac
1493 2726 1608 2765 Equos,
1634 2725 1712 2765 Res,
1736 2725 1830 2764 Bona,
1847 2725 1976 2764 Jocalia,
1998 2726 2121 2763 Libros,
2149 2726 2281 2765 Literas,
2307 2729 2340 2759 &

1282 2763 1420 2794 Hernefia
1431 2766 1475 2796 sua
1490 2775 1696 2804 quaecumque,

1322 2802 1439 2834 Proviso
1450 2805 1558 2844 semper
1571 2804 1652 2842 quod
1666 2802 1716 2843 ipsi
1739 2803 1909 2841 quicquam,
1928 2801 2023 2841 quod,
2041 2801 2102 2838 &c-
2120 2810 2151 2832 ut
2166 2806 2196 2833 in
2206 2803 2340 2843 fimilibus

1282 2840 1314 2870 de
1331 2842 1468 2872 Conduc‘lu
1485 2846 1598 2873 Literis.

1357 2879 1391 2910 In
1407 2890 1503 2919 cum,
1519 2884 1580 2913 &c.

1319 2917 1408 2948 Teste
1431 2919 1527 2958 Rege,
1546 2922 1574 2949 in
1597 2918 1728 2949 Exercitu
1748 2917 1814 2956 suo,
1832 2925 1895 2948 ante
1916 2920 2067 2947 Civitatem
2089 2917 2341 2958 Rothomagensem,

1282 2958 1366 2987 tertio
1377 2958 1423 2987 die
1433 2958 1565 2997 januarii.

1916 3039 1970 3066 Per
1987 3037 2070 3076 ipfiim
2088 3041 2191 3075 Regem.

1354 3172 1376 3194 ’¹‘
1405 3174 1452 3205 De
1474 3176 1681 3219 Prorogatione
1703 3173 1894 3219 Uengarnm
1910 3183 1977 3205 cum
2000 3174 2083 3206 Duce
2104 3175 2274 3205 Britannia.
2361 3182 2378 3199 α
2400 3183 2451 3212 lx,

2359 3221 2394 3246 66
2419 3241 2424 3247 .

1282 3264 1338 3319 R
1350 3262 1374 3292 E
1385 3261 1414 3292 X
1440 3263 1588 3299 omnibus,
1606 3261 1640 3291 ad
1656 3271 1745 3300 quos,
1763 3261 1825 3292 &c.
1844 3260 1978 3291 Salutem.
2354 3230 2486 3290 A11{1.D.

1379 3301 1474 3331 Sciatis
1488 3301 1566 3339 qubd
1575 3323 1584 3337 ,
2382 3306 2468 3334 14¹9-

1315 3338 1396 3369 Cum
1419 3340 1481 3369 alias
1500 3340 1643 3369 inierimus
1661 3339 1694 3368 δε
1717 3338 1922 3369 firmaverimus
1941 3338 2068 3376 Treugas
2089 3338 2133 3370 seu
2157 3338 2337 3376 Treugarum
2354 3338 2407 3362 An.
2421 3338 2449 3364 6-

1279 3376 1469 3408 Abstinentias
1483 3388 1567 3415 cum,
1587 3375 1728 3409 carissimo
1745 3377 1836 3406 Fratre
1851 3376 1966 3415 nostro,
1983 3376 2116 3415 Jolmnne
2131 3381 2205 3407 Duce
2219 3380 2336 3407 Britan·
2356 3378 2382 3399 H
2385 3394 2391 3399 -
2405 3382 2434 3407 5·

1278 3419 1348 3454 niae,
1366 3427 1419 3455 pro
1436 3416 1552 3453 Nobis,
1572 3415 1697 3454 Regna,
1714 3415 1828 3453 Terris,
1846 3414 1958 3451 Ligeis,
1973 3417 2005 3445 ὅε
2020 3415 2144 3446 Subditis
2158 3415 2278 3453 nostris,
2306 3425 2338 3444 ac
2354 3414 2414 3438 Pat-

1279 3454 1398 3499 prhaefato
1424 3454 1509 3485 Duce
1521 3478 1530 3492 ,
1557 3454 1673 3485 Ducatu
1689 3476 1698 3491 ,
1721 3453 1819 3483 Terris
1834 3477 1844 3490 ,
1870 3452 1970 3483 Patriis
1983 3477 1992 3492 ‚
2020 3453 2113 3493 Ligeis
2128 3477 2138 3493 ‚
2165 3455 2199 3485 &
2217 3453 2340 3484 Subditis
2356 3452 2486 3524 gom?

1277 3498 1286 3522 ί
2385 3509 2389 3514 .
2415 3509 2420 3514 .
2447 3511 2452 3516 .
2475 3510 2482 3517 .

1289 3504 1445 3571 ωέᾗιεπυπι
1459 3531 1562 3562 Tenor
1575 3530 1696 3568 sequitur
1709 3531 1737 3559 in
1753 3530 1831 3561 hunc
1854 3529 1993 3569 modum,
2353 3535 2390 3554 m.
2413 3536 2459 3563 23.

1349 3611 1477 3643 Enricus,
1503 3606 1560 3636 Dei
1581 3606 1668 3642 gratia
1685 3609 1744 3635 Rex
1765 3610 1886 3636 Franciae
1905 3605 1942 3641 ὠ*
1965 3605 2080 3645 Angliae
2094 3631 2103 3644 ,
2129 3607 2162 3637 ὃς
2185 3606 2331 3637 Dominus

1366 3647 1530 3683 Hiberniae,
1548 3645 1697 3683 omnibus,
1716 3644 1751 3675 ad
1767 3655 1837 3683 quos
1853 3645 2004 3676 praesentes
2019 3647 2120 3676 Literte
2135 3646 2328 3683 pervenerint,

1273 3688 1405 3719 Salutem.

1311 3725 1408 3756 Sciatis
1424 3721 1501 3760 quod
1511 3745 1519 3760 ,
2177 3759 2182 3765 Φ

1309 3764 1390 3795 Cum
1405 3760 1515 3791 illustris
1527 3760 1678 3798 Princeps,
1696 3760 1849 3791 carissimus
1862 3760 1953 3791 Frater
1966 3761 1999 3791 ὃς
2023 3758 2253 3796 consanguineus
2274 3765 2328 3790 no-'

1272 3804 1325 3834 ster
1344 3826 1354 3840 ⁷
1375 3799 1518 3839 Johannes
1543 3802 1611 3828 Dux
1634 3801 1789 3828 Britanniae
1812 3800 1845 3829 &
1866 3799 1974 3829 Comes
1997 3797 2109 3827 Montis
2132 3795 2239 3835 Fortis,
2265 3797 2326 3832 &a

1271 3850 1302 3872 ut
1316 3843 1402 3882 fhpra
1423 3837 1470 3867 hoc
1489 3840 1576 3867 Anno
1593 3836 1672 3877 usque
1690 3838 1744 3876 ibi,
1773 3838 1861 3868 Anno
1883 3836 1979 3875 Regni
2003 3834 2089 3864 nostri
2114 3836 2230 3873 Qinto
2248 3859 2258 3874 ,
2285 3834 2325 3871 ό·

1271 3889 1333 3911 tunc
1343 3881 1382 3921 fic
1391 3901 1402 3917 ³

1309 3957 1345 3988 Et
1371 3956 1479 3988 easdem
1498 3957 1629 3994 Treugas
1644 3957 1689 3986 seu
1705 3955 1892 3987 Abstinentias
1906 3953 2080 3983 Guerrarum
2098 3953 2197 3991 expost
2215 3954 2331 3991 prolon-

1272 3996 1430 4034 gaverimus
1449 3995 1494 4025 seu
1511 3996 1755 4033 prorogaverimus
1770 3993 1852 4031 usque
1870 3992 1903 4023 ad
1921 3992 2036 4023 Festum
2051 3993 2185 4023 omnium
2210 3994 2332 4025 Sancto-

1274 4045 1337 4066 rum
1351 4034 1483 4066 ultimum
1498 4035 1640 4073 elapsum,
1787 4069 1813 4099 L
2293 4068 2331 4097 1³⁴-
