2562 4274
647 122 1461 181 CONVENTIONES,
1519 120 1912 172 LITERAE,

25 238 104 273 Ann.
117 235 159 268 D.
179 245 305 280 certum,
321 241 445 275 verum,
470 229 504 261 &
523 227 710 259 indubitatum
730 224 968 258 Procuratorem,
985 217 1193 254 Attornatum,
1208 215 1243 246 δε
1294 256 1297 257 ⁷
1326 213 1386 250 Ego
1408 211 1555 260 Dionisius
1570 211 1606 243 de
1621 210 1756 250 Lopham
1771 209 1902 248 Clericus,
1918 206 2101 248 Norwicenfis
2113 207 2237 248 Dioecefis
2254 207 2348 240 Publi·
2366 204 2442 238 Ann.
2456 199 2498 241 D,

49 285 133 316 1421·
178 276 334 308 Nuncium
353 269 515 310 specialem,
583 304 587 309 ⁵
930 308 935 312 ῃ
1287 260 1330 280 0115
1355 250 1512 298 ᾼΡρβοίιςα
1527 249 1565 286 &¹
1580 249 1717 297 imperiali
1730 250 1911 296 Austorifate
1926 249 2080 286 Notarius,
2093 246 2231 285 praediffls
2246 247 2344 278 Procu—
2388 253 2474 285 1421.

28 321 94 345 nen.
111 323 140 351 5.
216 313 264 345 Ad
285 309 497 344 Troetandum,
521 302 742 339 Paciscendum,
759 301 793 332 &
814 296 1077 333 Concordandum,
1102 303 1135 324 ac
1156 291 1241 322 Con-
1285 295 1385 318 ratorn
1405 288 1610 329 Constituttom,
1627 287 1771 328 Potestatrs
1786 289 1917 324 Dauom,
1936 285 2119 325 Promiffioni,
2137 284 2175 320 &
2197 285 2346 317 Afflmm
2362 288 2425 313 Hm.
2442 294 2470 321 5.

182 154 235 206 36

33 625 163 672 ⁰X.i38.

175 352 295 389 tractus,
312 349 415 385 Pacta,
439 347 472 377 ὃτ-
490 342 686 374 Concordiam
708 338 871 371 faciendum
894 345 964 368 cum
979 358 989 373 ,
1011 333 1129 372 praesato
1145 329 1241 361 illustri

179 391 332 425 Domino,
349 385 484 417 Domino
502 384 542 412 N.
563 384 637 411 Duce
656 377 834 413 Mediollani,
853 377 912 407 &c.
938 384 971 404 ac
993 370 1108 411 praefata
1121 373 1239 399 Domina

180 428 288 467 Lucid,
306 428 340 458 δε
355 424 411 456 aliis
427 421 553 453 Personis
568 419 604 450 de
618 419 758 455 utriusque
773 425 875 447 eorum
895 412 1047 450 Consiliis,
1061 409 1097 441 ad
1112 409 1170 439 hoc
1191 408 1242 439 de-

183 468 282 508 putatis
294 465 338 495 seu
353 460 535 499 deputandis,
554 467 606 496 pro
621 455 781 495 hujusmodi
797 452 1006 486 MatrimoniO,

218 502 422 538 Ordinaverit,
448 498 563 536 fecerit,
585 497 619 527 ὅτ.
638 493 832 531 constituerit,
858 491 903 522 seu
924 488 1083 525 ordinavit,
1109 485 1193 522 fecit,
1208 484 1242 514 &

181 542 343 578 constituit,
359 550 407 577 per
423 537 544 568 modurn
557 536 590 566 &
605 535 747 571 formam,
766 539 851 570 prout
865 531 895 560 in
911 527 1036 567 quodam
1059 525 1181 555 Publico
1196 522 1245 552 In-

181 582 338 613 strumento
350 579 423 609 illius
436 574 663 610 Procurationis,
681 579 799 615 rogato,
816 571 849 602 δε
862 567 1015 603 confecto,
1035 564 1155 602 scripto,
1170 571 1204 592 ac
1217 562 1246 591 in

181 621 325 661 publicam
344 617 466 648 sormam
491 613 623 650 redacto,
647 611 682 642 &
708 609 826 647 iigiuato
842 607 944 644 Sigillo
957 605 976 624 ²¹²
992 603 1100 643 praefati
1123 600 1247 632 Domini

182 658 322 689 Edmundi
348 658 458 686 Comitis
483 662 513 685 ut
532 652 611 692 supra
625 673 635 690 ,
658 648 788 686 inferius,
801 647 837 679 de
854 646 944 677 verbo
962 642 997 674 ad
1017 642 1137 673 verbum
1154 663 1165 679 ,
1195 639 1247 670 de-

182 698 236 729 scri
258 707 306 736 t0,
321 694 498 730 continetur,

218 706 310 773 &ujus
327 732 443 774 quidem
461 727 672 762 Procurationis
686 725 791 757 Tenor
808 723 930 763 sequitur
949 721 978 752 in
1000 719 1055 751 hac
1074 716 1186 756 forma,
1204 717 1248 748 vi-

182 774 286 807 delicet
292 796 303 813 ,

221 852 289 884 ΗΝ
299 858 364 882 lvx-3
374 857 399 879 R
409 856 441 879 ει
452 855 464 878 s
484 844 586 877 sanctae
605 841 706 873 Manis
726 838 859 872 Ecclefiae
875 836 967 875 FiliiS,
981 834 1015 865 ad
1032 842 1154 873 quorum
1172 833 1248 863 noti-

183 891 253 922 tiam
272 889 418 929 praesentes
437 885 559 922 Literae,
577 883 632 913 sive
651 880 768 919 praesens
785 876 1018 908 Procuratorium
1035 897 1044 911 ,
1072 873 1101 902 in
1122 872 1248 902 formam

184 929 301 962 Publici
317 925 498 958 instrumenti
515 922 676 957 redactum,
692 917 888 956 pervenerint,
905 914 948 944 seu
965 911 1145 952 pervenerit,

225 966 386 998 Edmundus
405 968 494 994 Comes
511 963 618 990 Cantiae
636 958 673 992 dy
694 960 825 986 Dominus
845 952 975 983 Valochiae
994 950 1120 981 Salutem
1139 949 1170 979 in
1184 947 1250 980 Do-

188 1008 271 1039 mino
288 1006 321 1037 &
341 1005 428 1034 fidem
448 1001 590 1031 indubiam
607 995 789 1035 prazsentibus
802 992 934 1023 adhibere

227 1049 263 1076 Ve
287 1055 324 1074 rae
342 1040 535 1080 Univerfitatis
554 1036 587 1067 N
591 1036 679 1066 otitiae
696 1033 865 1065 deducimus
883 1030 916 1060 &
933 1027 1036 1059 deduci
1055 1025 1188 1057 volumus
1201 1035 1251 1064 per

186 1084 252 1152 Pr&
261 1091 338 1129 entes
352 1080 449 1122 quod,

254 1130 304 1151 um

221 1143 345 1190 Nostr’ae
358 1157 519 1189 Voluntatis
534 1155 566 1186 &
579 1150 762 1186 Intentionis,
779 1157 812 1178 ac
820 1147 891 1178 inter
905 1145 963 1174 Nos
973 1166 981 1180 ‚
998 1142 1032 1173 &
1043 1140 1177 1181 quosdam
1184 1139 1252 1172 Do-

187 1200 283 1269 irffinos
297 1197 469 1266 &fdAm'icos
483 1193 610 1231 nostros,
630 1192 666 1221 de
682 1187 812 1219 Consilio
832 1183 949 1221 nostre,
969 1180 1190 1217 Concordatum
1204 1190 1253 1212 ex-

238 1246 248 1267 t
288 1246 328 1267 uo

226 1247 295 1314 Deq,
310 1275 339 1305 su
355 1257 405 1312 ³er,
421 1275 455 1305 ὃς
469 1281 522 1312 pro
540 1267 747 1303 Matrimonio,

224 1314 302 1345 Inter
353 1322 385 1342 os
406 1313 439 1343 ὃ(
455 1310 598 1342 Nobilem
620 1306 775 1338 Mulierem
798 1303 946 1330 Dominam
969 1300 1100 1335 Luciam,
1118 1296 1253 1334 Nobilis,

188 1353 224 1388 &
237 1352 379 1389 Potentis,
396 1361 430 1382 ac
444 1349 612 1382 Excellentis
625 1343 765 1381 Principis
778 1341 812 1372 &
833 1338 974 1374 Domini,
993 1336 1117 1367 Domini
1133 1338 1176 1366 N.
1189 1338 1254 1365 Du·-

190 1395 227 1422 cis
242 1389 402 1422 Mediollani
416 1390 473 1427 ejus
486 1387 630 1425 Nepotis,
648 1383 700 1414 sub
713 1380 795 1412 certis
810 1377 924 1423 ModiS,
942 1375 1070 1414 Formis,
1093 1375 1126 1406 δε
1141 1374 1254 1405 Condi-

191 1431 337 1467 ttonibus,
352 1429 386 1459 ad
401 1428 528 1458 Laudem
541 1427 575 1458 &
590 1423 744 1454 Honorem
760 1418 818 1448 Dei
834 1413 1059 1451 Contrahendo,

231 1468 310 1499 Cum
327 1466 445 1507 praefato
457 1466 589 1496 Domino
604 1464 644 1492 N.
657 1463 750 1496 Duce,
767 1466 801 1487 ac
813 1456 886 1485 ditia
894 1455 1014 1483 Domina
1027 1455 1134 1490 Lucia,
1153 1451 1188 1483 ὅτ.
1203 1460 1255 1482 eo-

193 1517 259 1538 rum
275 1507 406 1537 Consiliis
437 1505 588 1535 Tractatus
603 1501 662 1531 fieri
672 1498 788 1532 debeat,
1231 1517 1239 1526 ‚

230 1546 302 1578 Ideo
327 1545 396 1576 Nos
403 1530 420 1583 ,³
431 1542 589 1574 Edmundus
609 1542 697 1573 Comes
716 1536 823 1577 camiso
842 1532 876 1563 ὃς
894 1532 1027 1560 Dominus
1047 1530 1079 1560 de
1095 1530 1167 1560 Vake
1185 1537 1258 1569 prae-

193 1585 286 1618 didius
317 1582 498 1622 (hujusmodi
524 1579 689 1615 Negotium
713 1573 749 1605 ad
774 1572 875 1603 Finem
895 1568 1036 1600 deducere
1061 1568 1187 1599 volentes
1216 1567 1259 1598 ef-

194 1623 327 1660 ficacem)
347 1622 484 1653 dilectum
502 1618 599 1649 Nobis
617 1617 647 1645 iri
665 1611 797 1649 Christo,
815 1608 943 1638 thomam
959 1608 990 1639 de
1012 1608 1042 1638 Ia
1062 1611 1159 1644 croys,
1177 1606 1258 1637 Sere-

195 1663 300 1697 niffimi
322 1662 351 1691 in
375 1659 471 1690 Cristo
493 1656 630 1694 Principis
648 1654 682 1685 &
702 1650 826 1682 Domini
848 1646 953 1685 nostri,
978 1647 1102 1677 Domini
1127 1646 1257 1682 Henrici,

196 1705 255 1737 Dei
269 1699 372 1739 gratia,
389 1701 467 1734 Regis
486 1694 598 1733 Angliae
614 1690 651 1727 ὠ*
671 1693 792 1721 Franciae
812 1685 1144 1729 illustris-Armigerum,
1162 1684 1258 1714 omni-

195 1745 247 1775 bus
260 1740 420 1772 melioribus
432 1735 531 1766 Modis
544 1735 577 1765 &
602 1731 731 1767 Formis,
746 1727 848 1766 quibus
869 1725 1016 1764 possumus
1040 1732 1087 1755 aut
1104 1723 1261 1759 debemus,

197 1780 327 1814 nostrum
347 1784 460 1812 verum,
484 1781 612 1809 certum,
631 1770 664 1801 &
690 1767 880 1798 indubitatum
900 1762 1088 1799 Ordinamus,
1109 1761 1262 1798 Facimus,

198 1822 232 1852 δε
248 1812 705 1849 ConstituimusProcuratorem,
723 1805 904 1838 Attomatum
914 1825 924 1841 ,
942 1802 976 1835 &
987 1801 1144 1832 Nuncium
1158 1799 1261 1838 specia-

199 1860 257 1891 lem

238 1879 351 1930 D’amus
367 1893 452 1924 etiam
472 1892 505 1922 δε
531 1884 728 1919 Concedimus
743 1880 863 1922 praefato
885 1879 1013 1918 Thomae,
1029 1877 1212 1909 Procurarori
1226 1877 1261 1908 &

198 1937 327 1970 Nuncio
348 1932 446 1964 nostro
465 1931 495 1960 in
515 1928 570 1959 hac
590 1934 667 1964 parte
686 1921 812 1961 speciali,
828 1920 940 1958 plenam
955 1919 988 1950 &
1003 1918 1120 1948 liberam
1136 1914 1262 1948 Potesta-

199 1986 260 2008 rem
281 1976 315 2007 &
338 1971 508 2003 Mandatum
523 1965 654 2006 speciale,
693 1972 725 1992 ro
742 1960 858 1996 Nobis,
875 1968 907 1988 ac
923 1958 997 1988 Vice
1011 1957 1044 1988 δε
1059 1956 1194 1986 Nomine
1208 1964 1263 1984 no-

198 2015 278 2052 stris,
297 2021 384 2049 cum,
401 2009 480 2040 dicto
496 2003 603 2037 Nobili
618 2004 651 2034 &
692 2000 783 2031 otenti
797 1998 945 2034 Principe,
962 1996 1097 2027 Domino
1112 1996 1153 2024 N.
1169 1997 1263 2031 Duce,

197 2056 233 2087 &
255 2062 323 2085 cum
344 2050 435 2080 eadem
455 2047 574 2076 Domina
595 2043 699 2078 Lucia,
716 2040 749 2069 δε
767 2038 823 2068 aliis
845 2035 974 2066 Personis
993 2034 1029 2065 de
1044 2032 1183 2072 utriusque
1200 2031 1263 2062 illo-

197 2102 264 2125 rum
280 2088 427 2125 Conliliis,
443 2085 478 2116 ad
491 2084 552 2114 hoc
566 2080 704 2120 deputatis
715 2077 761 2108 seu
776 2073 954 2113 deputandis,
974 2072 1011 2103 de
1023 2074 1055 2103 &
1073 2073 1152 2110 super
1165 2070 1263 2100 omni-

198 2132 252 2164 bus
272 2131 306 2161 δε
329 2126 438 2167 singulis
460 2120 610 2157 Articulis,
626 2117 767 2148 Tractatis
788 2116 822 2156 ὃς
837 2112 991 2144 Materiam
1007 2110 1165 2148 hujusmodi
1180 2107 1261 2139 Con-

197 2167 307 2202 tradii‘is
322 2161 542 2197 Matrimonialis
553 2156 791 2190 concernentibus
806 2157 850 2184 leu
859 2151 1073 2190 Tangenubus,
1091 2146 1265 2185 Tradiandi,

198 2205 380 2244 Paciscendi,
398 2204 431 2235 ὃς
447 2196 671 2232 Concordandi,

235 2248 280 2278 Ac
303 2241 494 2277 Contractus,
512 2237 616 2273 Pacta,
633 2235 667 2266 &
687 2229 898 2266 Concordiam,
918 2227 1042 2263 flendos,
1058 2227 1091 2257 ὃς
1105 2224 1214 2261 fienda,
1229 2224 1267 2254 δι’

198 2285 338 2322 fiendam,
356 2280 490 2313 omnibus
514 2274 676 2307 melioribus
702 2270 802 2301 Modis
823 2270 855 2300 &
871 2268 980 2298 Formis
994 2267 1095 2303 quibus
1113 2263 1171 2294 fieri
1184 2271 1264 2300 pote·

199 2327 252 2363 rit,
271 2320 496 2363 quibuscumque
508 2315 606 2346 Poenis
621 2313 654 2343 &
669 2308 870 2342 Securitatibus
885 2304 1013 2336 Vallandi
1029 2306 1061 2335 ὃς
1077 2303 1100 2334 F
1103 2301 1239 2339 irmandi,

241 2363 289 2395 Ac
311 2360 380 2392 Nos
403 2360 437 2390 &
457 2355 536 2386 Bona
554 2351 650 2383 nostra
669 2348 702 2379 ad
716 2347 955 2378 observationem
970 2341 1124 2374 Tractatiis
1137 2342 1170 2372 &
1183 2339 1267 2370 Con-

203 2403 328 2439 cordiae,
352 2407 400 2439 per
421 2395 531 2427 dicium
550 2392 767 2423 Procuratorem
792 2385 922 2416 nostrum
938 2385 966 2413 in
986 2383 1019 2419 &
1043 2392 1094 2421 pro
1117 2378 1267 2411 Praemiffis

203 2441 380 2476 fiendorurn,
401 2445 436 2467 ac
459 2434 480 2465 si
501 2431 568 2463 Nos
588 2429 695 2461 ibidem
717 2425 894 2466 personaliter
917 2421 1125 2459 intereiscmus,
1151 2418 1267 2449 firmiter

204 2477 360 2509 Oblioandi

244 2498 411 2552 Cffssteraq’ue
431 2509 530 2542 omnia
550 2507 583 2538 δε
605 2504 709 2543 singula
730 2500 890 2538 Faciendi,
913 2497 1091 2536 Exci-cendi,
1116 2497 1149 2528 &
1173 2495 1268 2534 Expe-

206 2555 302 2587 diendi
323 2562 388 2590 quae
409 2552 437 2580 in
453 2545 618 2581 Pitumnus,
633 2543 680 2573 vel
695 2549 795 2573 eorum
810 2539 903 2578 aliquo
913 2561 922 2576 ,
939 2537 1090 2568 neceffiria
1106 2535 1208 2566 fuerint
1223 2534 1267 2564 vel

208 2601 368 2660 oplortuna,
386 2591 469 2620 etiarn
487 2586 507 2617 li
521 2584 694 2616 Mandatum
707 2590 738 2611 in
753 2590 784 2610 ea
796 2588 874 2616 parte
888 2578 975 2616 magis
989 2576 1025 2606 de
1040 2576 1066 2605 se
1080 2574 1192 2612 exigant
1207 2572 1269 2610 spe-

205 2642 250 2664 cia
260 2641 275 2661 e

247 2653 295 2700 Ac’
306 2665 505 2698 Promittimus
518 2660 601 2696 Nos,
620 2656 790 2688 Edmundum
804 2658 930 2685 Comitcm
944 2654 977 2685 &
994 2651 1158 2683 Dominum
1177 2649 1270 2688 supra-

209 2709 337 2744 dicium,
354 2704 480 2739 Rarum,
505 2699 651 2734 Firmum,
675 2697 708 2726 ὃς
732 2695 834 2724 stabile
853 2693 989 2733 pei-petuo
1016 2692 1158 2721 habituros
1177 2697 1270 2719 totum

209 2749 243 2783 δε
266 2743 400 2783 quicquid
422 2750 471 2778 per
491 2738 603 2770 dictum
623 2735 844 2766 Procuratorem
868 2731 997 2760 nostrum
1018 2730 1128 2759 Actum
1142 2728 1224 2759 fuerit
1241 2727 1271 2757 in

210 2783 362 2817 Praeinissis
382 2780 427 2811 vel
447 2778 544 2815 aliquo
564 2771 794 2807 Praemifforum,
811 2779 843 2799 ac
859 2769 970 2799 dicium
985 2767 1203 2797 Procuratorem
1220 2774 1273 2794 no-

211 2824 302 2855 strum
319 2824 353 2851 ab
367 2819 448 2850 omni
461 2824 546 2848 onere
558 2812 698 2844 satisdandi
715 2814 746 2840 'oc
764 2809 883 2838 relevare
900 2808 932 2837 ὃς
949 2804 1175 2842 relevamus,sub
1190 2803 1274 2842 Ypo-

209 2864 295 2895 theca
317 2861 350 2891 ὃ(
368 2857 439 2888 Obli
460 2856 551 2886 atione
563 2851 699 2882 omnium
713 2847 861 2879 Bonorum
876 2844 1057 2881 nostrorum,
1073 2846 1106 2875 ὃς
1122 2842 1275 2874 Cautioncs

209 2911 244 2933 ex
265 2901 377 2930 onimus
390 2906 439 2936 per
477 2892 613 2924 raesentes.
706 2926 711 2930 Ι

267 2949 286 2969 n
306 2945 428 2975 quorum
451 2933 586 2963 omnium
607 2924 822 2969 Praeinissorum
845 2921 1063 2954 Testimonium
1086 2929 1168 2959 atque
1189 2919 1274 2950 fidem

214 2977 361 3019 praesentes
382 2974 490 3004 Literas
510 2968 638 3005 nostras,
662 2969 718 2995 live
741 2966 857 3001 pnelens
875 2960 1106 2991 Procuratorium
1127 2957 1276 2994 nostrum,

214 3027 267 3057 per
281 3012 451 3054 Magistrum
466 3006 614 3047 Dionifium
631 3003 753 3041 Lopham
769 2999 1091 3037 Clericum,Publicum
1108 2995 1277 3035 Apostolicfi

216 3058 252 3088 &
273 3051 411 3092 Imperiali
432 3049 609 3080 Amfioritate
629 3042 805 3079 Notarium,
823 3038 1004 3076 subscriptum
1024 3037 1156 3067 subscribi
1177 3036 1210 3066 &
1223 3045 1276 3073 pu-

217 3094 318 3126 blicari
339 3088 530 3124 Mandatnus,
546 3086 579 3117 &
600 3082 689 3120 Sigilli
709 3078 797 3111 nostri
817 3078 984 3116 appensione
1002 3076 1121 3107 fecimus
1141 3083 1275 3106 commu-

218 3143 282 3164 niti.

258 3169 333 3201 Data
361 3168 393 3198 &
415 3165 477 3196 adra
492 3163 552 3194 sunt
572 3160 634 3190 haec
652 3159 680 3189 in
694 3156 815 3192 Palatio,
832 3153 1001 3185 Sereniffimi
1017 3154 1044 3183 in
1059 3152 1178 3183 Christo
1193 3151 1278 3181 Prin-

220 3211 290 3248 cipis
312 3209 345 3239 &
366 3203 491 3236 Domini
510 3199 615 3235 nostri,
631 3197 753 3227 Domini
775 3197 902 3230 Henrici,
921 3192 978 3222 Dei
997 3191 1101 3230 grati-i,
1120 3194 1195 3227 Regis
1210 3192 1278 3219 An-

218 3248 282 3286 gliae
303 3245 341 3281 &⁶
363 3246 484 3274 Franciae
506 3238 635 3274 illustris,
656 3236 689 3266 δε
711 3237 821 3264 Domini
840 3232 979 3262 H1berniae
998 3253 1007 3269 ,
1032 3230 1103 3260 infra
1125 3228 1279 3260 Monaste-

222 3287 297 3317 riurn
311 3275 626 3314 Westmonasteriense,
645 3270 845 3303 Londoniense
860 3268 994 3299 Dioeceste
1010 3268 1155 3304 situatum,
1170 3270 1279 3296 Decimo

223 3334 292 3354 nono
315 3323 356 3351 die
380 3318 480 3359 Menfis
506 3315 622 3351 Martii,
642 3313 729 3342 Anno
751 3311 786 3339 ab
808 3309 1001 3340 Incarnatione
1023 3306 1164 3343 Domini,
1180 3306 1279 3335 secun-

223 3362 294 3393 dum
308 3358 430 3390 Cursum
445 3358 478 3387 &
489 3352 747 3391 Computationem
760 3347 894 3380 Ecclefiae
909 3346 1089 3383 Anglicanae,
1108 3343 1280 3380 Msslefimo,

224 3397 525 3439 QadringentesimQ
545 3392 659 3430 Quinto
679 3399 686 3417 ·.
708 3387 866 3417 indictione
884 3385 1008 3414 Decima
1022 3393 1115 3423 quarta
1135 3390 1142 3409 ι
1160 3380 1279 3411 Pontifi-

225 3436 325 3474 cati‘is,
343 3432 510 3466 Sanctiffimi
533 3433 562 3460 in
583 3426 700 3459 Christo
720 3426 807 3456 Patris
829 3425 861 3455 &
885 3423 1007 3453 Domini
1027 3421 1133 3458 nostri,
1156 3418 1282 3449 Domini

227 3477 393 3510 Innocentii,
408 3470 515 3502 Divina
528 3465 725 3502 Providentia,
749 3466 828 3501 Papae
839 3465 963 3499 Septimi,
980 3461 1067 3490 Anno
1081 3457 1232 3494 Secunde,
1248 3458 1282 3488 &

229 3516 319 3547 Anno
335 3511 432 3550 Regni
452 3508 522 3539 dicti
543 3506 667 3538 Domini
692 3502 781 3534 nostri
797 3500 885 3541 Regis
901 3498 1014 3538 Angliae
1027 3499 1062 3529 &
1075 3498 1098 3528 F
1100 3498 1202 3528 ranciae
1213 3495 1284 3535 Sep-

230 3563 313 3586 timo.

658 3617 844 3650 Praesentibus
852 3639 861 3653 ‚

270 3704 431 3738 Nobilibus
447 3700 540 3736 Viris,

272 3744 406 3776 Domino
423 3737 570 3772 Willielmo
584 3735 617 3765 de
633 3737 724 3764 Ferers
738 3731 870 3762 Domino
882 3731 918 3762 de
930 3728 1033 3767 Groby
1044 3749 1054 3766 ,

272 3778 490 3813 Lincolniensis,

272 3821 404 3851 Domino
420 3816 552 3856 Johanne
566 3816 698 3851 Gortency
712 3807 824 3844 Milite,

299 3885 302 3887 i
411 3867 431 3885 is

269 3859 407 3927 {xgrxrwiiiig
420 3879 551 3932 J'ohanne
564 3887 742 3920 Marrucham
755 3882 922 3922 Capellam,

1285 327 1324 375 ἀ·
1340 331 1502 358 Cautionum
1517 327 1702 368 Expofitioni,
1717 323 1868 366 caeterisque
1883 323 2025 363 Praemtffis
2039 324 2156 353 omnibus
2171 322 2210 358 ὠ·
2218 323 2330 363 fingulis

1283 365 1348 395 dum
1354 365 1411 406 fic,
1429 373 1460 395 ut
1471 370 1650 404 praemittitur
1665 365 1703 402 &
1711 365 1829 404 superius
1845 366 2012 401 recitantur,
2024 370 2073 400 per
2085 362 2204 401 diblum,
2221 347 2348 392 Nobileni

1286 402 1325 438 ό·
1348 407 1489 450 Potentem
1509 407 1672 442 Dominum,
1690 407 1835 434 Dominum
1847 400 2054 439 Edmundum,
2069 399 2221 431 Comitem
2235 399 2349 432 Cantiae

1285 440 1326 476 ό·
1346 442 1512 489 Dominum
1532 442 1568 472 de
1582 442 1680 480 Vake,
1705 442 1852 479 agebantur
1872 439 1911 475 ό·
1951 439 2052 477 ebant,
2077 438 2133 468 una*
2153 450 2210 469 cum
2231 438 2350 479 Testihus

1280 484 1504 526 praenominatis,
1514 479 1568 526 snb
1590 483 1678 510 Anno
1701 482 1830 518 Domini,
1855 478 1919 509 Indi
1947 481 2022 516 ione,
2040 475 2220 517 Pontificatu,
2238 478 2332 518 Mense

1288 521 1359 564 Dte,
1377 520 1618 592 Lofgraedrc‘iis,
1630 516 1748 556 praefi'ns
1760 517 1938 558 personaliter
1960 514 2091 555 interfui,
2108 527 2189 556 eaque
2209 520 2297 546 omnia
2309 500 2350 558 fi}

1281 555 1350 603 fieri
1365 559 1426 588 wdt
1439 600 1443 604 .
1493 559 1606 596 audivi,
1624 567 1671 595 ac,
1693 555 1755 586 aliis
1770 559 1894 594 Negotiis
1909 555 2000 586 arduis
2010 554 2120 586 aliunde
2131 555 2270 593 impeditus
2298 562 2349 592 per

1290 595 1374 641 alium
1386 596 1471 636 scribi
1486 596 1562 636 feci,
1580 597 1723 641 Martiique
1744 594 1803 624 med
1818 594 1927 634 proprii
1942 605 1983 624 me
2000 594 2042 624 hic
2053 592 2203 636 subfiripfi,
2221 591 2258 627 ἐφ’
2272 579 2351 622 i‘rae-

1290 633 1430 679 mffi,·de
1452 636 1591 679 Mun-dato
1610 634 1692 671 dicii,
1708 631 1816 662 Nobilis
1830 631 1868 667 ὠ·
1884 635 2006 664 Potentis
2021 635 2151 672 Domini,
2164 634 2277 663 Domini
2290 630 2350 661 Ed-

1293 673 1396 704 mundi
1418 673 1544 704 Comitis
1557 672 1704 713 praedicti,
1721 673 1749 700 in
1764 667 1836 699 hanc
1848 669 1985 702 Publicum
1996 675 2122 703 Formam
2135 673 2222 710 redegi
2256 669 2294 705 ό·
2307 671 2353 700 Si-

1287 721 1370 753 gnurn
1391 723 1491 751 meum,
1507 711 1563 741 und
1587 721 1645 741 cum
1665 708 1757 746 sigillo
1775 709 1841 739 dieis·
1855 711 1967 739 Domini
1978 710 2158 749 constituentis
2193 695 2238 741 hic3
2249 709 2354 748 apposui

1291 751 1458 828 {gnsunffn'
1476 757 1584 790 rogatus
1607 748 1646 785 &
1666 746 1808 790 requifitus
1817 771 1827 786 ,
1841 751 1871 777 in
1885 746 1976 776 Fidem
1989 746 2027 783 ὠ·
2042 733 2225 789 Testimon’ium
2237 751 2354 780 omnium

1318 799 1392 819 raemr
1415 800 1497 819 orum.

1331 864 1432 897 Modo
1448 874 1542 897 autem
1577 864 1625 895 IN
1644 863 1827 896 NOMINE
1846 861 2123 894 SALVATORIS

1291 903 1539 974 nossuffiugromnis
1549 888 1661 935 ²Honor
1674 904 1708 936 &
1721 902 1841 941 Gloria,
1857 910 2004 942 omneque
2017 885 2300 941 Bonum’prooedere
2310 901 2356 937 di«3

1331 980 1422 1026 Anno
1449 966 1613 1012 Nativitatis
1630 980 1752 1018 ejusdem
1774 978 1930 1010 Millesimo

1293 1017 1456 1088 ffldic‘tione
1480 1019 1701 1059 Quartadecima
1721 1042 1732 1058 ,
1763 1017 1821 1049 Die
1842 1017 1944 1049 Martis

1334 1066 1394 1088 artu

1330 1096 1377 1141 Ad
1393 1082 1548 1142 1⁷-Ioriorem
1557 1119 1566 1134 ,
1583 1095 1806 1142 Exaltationem,
1819 1095 1853 1126 &
1867 1094 2002 1125 Gloriam
2016 1095 2218 1134 praefatorum,
2232 1094 2362 1127 Illustris-

1294 1134 1357 1165 simi
1376 1135 1526 1180 Domini,
1549 1135 1672 1166 Domini
1694 1138 1778 1165 Ducl5
1802 1133 1965 1164 Mediollani
1979 1155 1989 1171 ,
2014 1134 2074 1164 &c.
2099 1132 2213 1164 Illustris
2234 1132 2362 1167 Domini

1296 1172 1420 1219 Domini
1434 1176 1476 1206 N.
1490 1178 1600 1206 Comitis
1614 1177 1737 1211 Cantiae,
1755 1172 1952 1210 praeclaraeque
1964 1175 2088 1202 Dominae
2104 1175 2200 1204 Luciae

1313 1212 1494 1262 ’‘Praelibatus
1510 1212 1626 1244 Illustris
1642 1212 1806 1250 Dominus,
1816 1211 1961 1242 Dominus
1976 1209 2119 1250 Johannes
2135 1196 2233 1241 Maria
2250 1211 2361 1251 Anglus

1296 1253 1440 1283 brcecomes
1476 1255 1545 1282 Dux
1566 1250 1747 1288 Mmiiollani,
1766 1251 1827 1281 &c.
1861 1248 1895 1280 In
1914 1249 2062 1281 Praesentia
2076 1250 2109 1282 &
2122 1248 2277 1281 Voluntate
2310 1261 2361 1281 1·ae-

1295 1288 1377 1320 clarae
1396 1292 1429 1322 &
1447 1275 1583 1331 ingenuae
1604 1293 1730 1335 Dominae
1744 1291 1838 1334 Luciae
1846 1287 1974 1332 praefatae
1982 1310 1993 1326 ,
2010 1288 2134 1318 habitans
2148 1289 2177 1319 in
2190 1290 2246 1320 e'us
2260 1261 2347 1320 Cgria

1298 1337 1363 1372 quae
1381 1329 1533 1374 appellatur
1550 1328 1638 1373 Curia
1652 1329 1734 1360 Aron
1756 1338 1763 1357 i
1782 1326 1997 1358 Dominationis
2015 1325 2198 1357 Mediolanen
2211 1337 2250 1366 is,
2266 1313 2363 1361 situata,

1296 1376 1324 1396 in
1348 1366 1475 1400 Civitate
1499 1367 1672 1405 Mediolani,
1690 1369 1718 1398 in

1985 977 2237 1023 uadringenteljmo
2251 980 2358 1020 Sexto,

1991 1017 2106 1048 icesimo
2127 1025 2196 1057 quin
2200 1020 2237 1049 to*
2250 1018 2360 1052 Mensis

1378 1407 1382 1411 .
1639 1407 1644 1412 ι
1764 1374 1824 1397 orta
1840 1365 1992 1409 Romana,
2009 1365 2038 1394 in
2051 1364 2191 1396 Parochia
2204 1365 2300 1397 Sansti
2309 1366 2366 1405 Jo-

1297 1405 1450 1476 3ξὲηὲὦὲ
1472 1406 1593 1445 Fontes,
1610 1415 1692 1437 etiam
1713 1405 1762 1437 sub
1783 1404 1918 1436 Nomine
1933 1403 2048 1435 Ducalis
2060 1403 2212 1443 Dignitatis
2224 1404 2296 1444 suae,
2311 1415 2365 1444 pro

1336 1482 1389 1521 Et,
1410 1469 1539 1530 paefatus
1554 1483 1690 1528 Egregius
1703 1482 1737 1514 &
1751 1480 1870 1513 Nobilis
1884 1479 2014 1520 Armiger
2027 1480 2062 1512 &
2078 1478 2260 1513 Domicellus
2289 1482 2366 1514 Tho-

1299 1532 1358 1551 mas
1377 1522 1455 1567 desa
1475 1527 1549 1553 Crois
1584 1522 1647 1553 alias
1667 1521 1700 1552 de
1720 1520 1749 1550 la
1773 1524 1873 1559 Cruce,
1892 1519 1989 1551 Natus
2010 1519 2155 1560 quondam
2172 1504 2289 1561 Egregii
2304 1521 2366 1555 Viri

1300 1559 1425 1591 Domini
1439 1565 1536 1592 Franci
1550 1565 1572 1590 ci
1585 1559 1715 1591 Civitatis
1730 1558 1904 1596 Mediolani,

1339 1598 1525 1638 Procurator,
1544 1599 1722 1643 Attornatus,
1740 1598 1773 1627 &
1796 1596 1932 1628 Nuncius
1953 1595 2092 1635 specialis,
2120 1597 2229 1643 praefati
2248 1596 2367 1630 Illustris

1301 1637 1335 1668 &
1357 1637 1464 1669 Excelfi
1489 1638 1611 1669 Domini
1632 1636 1771 1667 Ednmndi
1790 1638 1901 1666 Comitis
1921 1638 2028 1665 Cantiae
2050 1634 2088 1669 &
2103 1638 2215 1666 Domini
2230 1635 2348 1668 Valchiae

1301 1676 1336 1705 ad
1352 1675 1426 1715 hoc,
1442 1678 1475 1708 ὃ(
1489 1677 1539 1707 alia
1548 1699 1558 1714 ,
1575 1675 1725 1720 specialiter
1737 1672 1907 1718 constitutus
1919 1683 1968 1713 per
1981 1673 2196 1712 suprascriptum
2210 1659 2368 1707 Publicurr:

1303 1713 1544 1753 Instrumenturn,
1567 1714 1700 1751 scriptum
1721 1713 1754 1744 δε
1774 1722 1804 1742 in
1826 1712 1970 1749 publicam
1991 1711 2126 1742 Formam
2146 1712 2293 1745 redactum
2313 1723 2366 1752 per

1302 1752 1518 1823 suigascrliptum
1534 1751 1682 1792 Diomfium
1696 1751 1727 1782 de
1741 1749 1883 1789 Lopham,
1901 1749 2059 1780 Notarium
2074 1759 2106 1781 ut
2117 1749 2211 1789 supra,

1368 1802 1385 1822 x
1401 1803 1502 1831 atera,

1342 1830 1380 1861 Et
1395 1841 1512 1869 uterque
1525 1839 1644 1868 eorum,
1661 1828 1712 1860 suo
1726 1828 1759 1858 &
1774 1825 1906 1857 Nomine
1922 1825 2025 1863 quibus
2038 1825 2132 1863 supra,
2146 1826 2305 1858 voluntarie
2334 1826 2369 1859 &-

1305 1877 1340 1899 ex
1360 1879 1435 1902 certa
1455 1870 1568 1900 scientia
1604 1868 1637 1898 ὅ(
1659 1868 1696 1898 de
1738 1865 1890 1896 lenitudine
1910 1863 2076 1902 Potestatis,
2093 1865 2127 1895 δε
2141 1864 2204 1895 alias
2237 1850 2372 1897 omnibus

1303 1908 1416 1977 fnoss‘lo,
1438 1908 1526 1948 Jure,
1552 1892 1625 1946 Via,
1651 1906 1685 1937 &
1731 1903 1814 1936 orma
1835 1903 1934 1943 quibus
1956 1902 2054 1934 melius
2076 1888 2228 1941 potuerun’t
2247 1904 2282 1936 &
2304 1914 2373 1942 ρος·

1315 1958 1352 1978 un
1374 1971 1383 1986 ,

1342 1986 1567 2023 Tradiaverunt,
1590 1985 1622 2016 ὃς
1643 1981 1918 2019 Concordaverunt,
1943 1980 1977 2010 &
1999 1977 2078 2010 Pasti
2098 1978 2211 2011 suerunt
2245 1990 2278 2012 ac
2297 1980 2373 2012 Tra*

1307 2024 1413 2067 stat-us,
1431 2024 1532 2061 Pacla,
1551 2025 1584 2054 ὃς
1600 2021 1800 2052 Concordium
1814 2019 1859 2050 seu
1875 2017 2073 2048 Concordiam
2087 2003 2232 2058 fecerunt',
2248 2019 2302 2057 de,
2318 2029 2373 2060 pro

1306 2064 1339 2094 &
1351 2066 1428 2107 super
1443 2062 1581 2101 praedic'to
1596 2061 1687 2092 foelici
1703 2057 1897 2089 Matrimonio
1912 2057 1945 2088 &
1961 2057 2119 2087 honorabili
2138 2057 2286 2097 Conjugio
2321 2068 2373 2097 per

1305 2101 1339 2132 &
1354 2112 1427 2133 inter
1443 2102 1590 2140 praefatum
1606 2099 1770 2130 Dominum
1785 2096 1957 2125 Ea'mundum
1969 2098 2097 2125 Comitem
2113 2099 2233 2134 Cannas,
2247 2106 2282 2127 ex
2293 2081 2375 2135 ²parte

1306 2140 1381 2179 una,
1397 2142 1430 2171 &
1452 2141 1626 2179 praelibatam
1646 2138 1680 2168 δε
1703 2135 1890 2175 Magnificam
1907 2133 2069 2164 Dominam
2084 2137 2199 2165 Luciam
2215 2136 2248 2165 de
2266 2138 2295 2165 V
2294 2139 2374 2166 icero-

1309 2180 1435 2217 mitibus,
1454 2180 1579 2210 Amitam
1591 2176 1700 2215 praefati
1716 2174 1828 2204 illustris
1844 2173 1983 2211 Domini,
2003 2171 2127 2203 Domini
2143 2176 2184 2203 N.
2200 2173 2292 2205 Ducis
2305 2174 2375 2205 Me-

1306 2217 1428 2288 1δέίοὶειηί,
1448 2226 1524 2259 parte
1544 2226 1578 2248 ex
1597 2216 1695 2254 altera,
1714 2215 1743 2244 in
1759 2213 1836 2244 hunc
1851 2210 1974 2242 modum
1988 2212 2020 2242 ὃ(
2036 2221 2086 2249 per
2099 2211 2162 2243 haec
2176 2213 2278 2251 verba,
2296 2212 2377 2243 vide⁴

1328 2266 1389 2295 cet,

1348 2295 1443 2340 Qod
1465 2294 1617 2336 praediffius
1637 2291 1776 2329 Thomas,
1791 2289 1965 2321 Procurator
1978 2289 2012 2321 &
2027 2287 2230 2320 Procuratorio
2242 2289 2378 2322 Nomine

1308 2345 1369 2375 quo
1383 2339 1461 2373 supra
1470 2357 1480 2373 ,
1496 2332 1628 2364 Promisit
1641 2332 1673 2362 ὃς
1686 2329 1848 2365 Promittit,

1348 2373 1404 2404 Per
1416 2373 1561 2404 solennem
1574 2369 1809 2410 Stipulationem,
1824 2365 1958 2405 praefato,
1975 2364 2077 2397 Illustri
2090 2366 2123 2397 ὃς
2139 2365 2295 2398 Excellenti
2309 2366 2376 2398 Do*

1311 2414 1407 2451 mino,
1426 2411 1561 2442 Domino
1579 2411 1620 2439 N.
1641 2411 1714 2438 Duri
1734 2405 1904 2444 Mediolani,
1923 2406 1956 2436 δε
1970 2404 2061 2435 michi
2077 2404 2221 2444 Notario,
2236 2404 2379 2444 stipulanti

1312 2452 1344 2483 &
1359 2452 1506 2491 recipienti
1520 2449 1656 2480 Nomine
1671 2447 1704 2478 δε
1719 2445 1792 2477 Vice
1807 2445 1840 2476 &
1852 2443 1888 2475 ad
1903 2443 2018 2474 Partem
2034 2444 2068 2476 &
2080 2442 2246 2475 Utilitatem
2260 2444 2376 2484 praecla-

1311 2499 1351 2520 rae
1365 2494 1491 2522 Domina·
1507 2491 1599 2519 Lucia>
1611 2484 1760 2526 praefatae,

1347 2529 1402 2568 Et,
1420 2539 1468 2568 per
1488 2527 1636 2567 praefatum
1656 2524 1796 2555 Illustrem
1818 2521 1999 2558 Dominum,
2017 2519 2184 2551 Dominum
2197 2521 2239 2551 N.
2254 2521 2367 2550 Ducem'

1312 2567 1345 2614 ὃς
1367 2578 1414 2598 me
1434 2567 1609 2604 Notarium,
1628 2563 1677 2604 ipsi
1699 2565 1824 2593 Domina
1841 2562 1952 2597 Luciae,
1969 2559 2003 2589 δι
2022 2559 2091 2589 item
2113 2558 2159 2598 ῥοῇ
2174 2561 2299 2589 Dominae
2314 2544 2378 2590 Lu:

1312 2617 1358 2637 [Ιώ

1353 2630 1446 2684 Quod
1470 2642 1599 2683 praefatus
1622 2639 1736 2671 [llustris
1756 2638 1904 2669 Dominus
1925 2634 2085 2664 Edmundus
2106 2637 2213 2675 Comes,
2230 2643 2261 2666 ut
2281 2635 2359 2675 supra

1314 2685 1433 2721 accipiet
1457 2683 1485 2712 in
1506 2683 1563 2716 eius
1582 2679 1717 2710 Uxorem
1735 2676 1908 2715 legitimam,
1925 2674 1959 2704 &
1979 2683 2030 2712 pro
2045 2674 2103 2711 ejus
2116 2672 2222 2704 Uxore
2237 2658 2379 2713 legitima:

1315 2722 1462 2760 praefatam
1483 2722 1631 2750 Dominam
1654 2719 1787 2752 Luciam,
1802 2724 1835 2745 ac
1850 2714 1877 2743 in
1892 2722 1954 2743 earn
1969 2711 2141 2749 consentiet,
2158 2721 2223 2742 eam
2237 2713 2381 2751 accipien-

1316 2760 1356 2790 do
1380 2760 1409 2789 in
1430 2760 1506 2789 suam
1522 2766 1616 2787 veram
1634 2755 1667 2786 &
1682 2754 1836 2794 legitimam
1849 2751 2004 2789 Uxorem,
2020 2760 2052 2780 ac
2069 2749 2292 2782 Matrimonium
2308 2761 2382 2782 con-

1317 2798 1409 2828 trahet
1429 2807 1497 2827 cum
1519 2806 1568 2835 ea,
1586 2803 1635 2833 per
1654 2793 1695 2830 se,
1715 2792 1760 2822 vel
1774 2793 1830 2829 ejus
1843 2790 2000 2828 legitimum
2015 2787 2254 2826 Procuratorem,
2270 2788 2306 2820 ad
2321 2790 2379 2820 hoc

1318 2837 1432 2877 speciale
1456 2834 1628 2866 Mandatum
1647 2831 1817 2867 habentem,
1834 2838 1884 2869 per
1907 2828 1991 2858 verba
2007 2826 2044 2857 de
2078 2826 2200 2865 raesenti,
2217 2828 2252 2858 &
2268 2827 2382 2858 Antilo-

1317 2885 1381 2907 rum
1403 2873 1581 2906 Immiffione
1602 2872 1635 2902 &
1658 2870 1858 2900 Subarratione
1872 2889 1881 2904 ,
1901 2867 1979 2904 juxta
1999 2865 2043 2896 lau
2065 2865 2169 2895 abiletn
2189 2863 2382 2897 Consuetudi-

1319 2924 1403 2952 nem,
1422 2923 1454 2944 ac
1473 2912 1595 2947 Ritum,
1610 2910 1642 2940 &
1658 2908 1793 2939 Formam
1808 2905 1918 2936 Sanc‘tae
1935 2903 2037 2935 Matris
2050 2902 2200 2934 Ecclefiae:

1357 2953 1395 2984 Et
1419 2951 1455 2982 de
1475 2952 1507 2982 &
1531 2960 1584 2990 pro
1605 2948 1702 2984 Dotc,
1720 2943 1919 2977 constituenda
1938 2952 1990 2979 pro
2011 2940 2143 2980 praeclara
2157 2943 2278 2972 Domina
2292 2945 2382 2974 Lucia

1313 2990 1477 3032 praelrbata,
1494 2988 1622 3028 praefatus
1645 2986 1794 3016 Dominus
1812 2981 1990 3017 Edmundus,
2015 2982 2103 3009 Comes
2122 2988 2153 3009 ut
2173 2979 2271 3019 supra,
2297 2981 2382 3014 faciet

1318 3031 1466 3061 solenniter
1486 3026 1638 3067 quamlibet
1656 3024 1857 3059 Securitatem,
1880 3019 2073 3056 Cautionem,
2091 3017 2331 3057 Promiffionem,
2347 3021 2383 3052 &

1320 3069 1538 3107 obligationem
1553 3065 1590 3096 de
1603 3074 1635 3095 ea
1647 3062 1728 3093 Dote
1740 3058 1880 3092 reddenda
1890 3058 1924 3088 &
1938 3055 2123 3092 restituenda,
2140 3056 2295 3088 secundum
2310 3058 2382 3089 For-

1319 3117 1396 3138 mam
1413 3107 1508 3145 Juris,
1526 3114 1573 3136 aut
1596 3100 1749 3133 secundum
1773 3094 2017 3128 Consuetudinem
2040 3094 2088 3126 An
2107 3094 2168 3133 liae,
2186 3095 2206 3115 ²*
2219 3096 2306 3128 causa
2325 3098 2384 3137 ejus
2398 3112 2445 3142 *X
2467 3122 2529 3150 14⁰⁶

1321 3146 1407 3178 Dotis
1421 3143 1547 3182 petendae
1562 3142 1609 3172 seu
1624 3137 1781 3176 repetendae
1793 3136 1960 3166 adveniente
1995 3133 2075 3172 quod
2123 3143 2171 3164 eus
2183 3143 2304 3174 avertat3

1360 3184 1397 3215 Et
1417 3183 1480 3213 haec
1501 3181 1616 3217 omnia,
1633 3186 1700 3208 cum
1723 3175 1877 3206 Securitate
1895 3173 1928 3204 &
1970 3172 2106 3209 aunone,
2132 3171 2325 3206 Promiffione
2346 3174 2381 3206 &

1322 3222 1525 3261 obligatione,
1543 3216 1791 3252 Renunciatione,
1808 3211 1959 3249 Clausulis,
1976 3211 2010 3241 ὅτ
2030 3210 2151 3249 Verbis,
2169 3211 2203 3242 &
2218 3211 2384 3243 Sacramen-

1322 3263 1372 3300 tis,
1391 3262 1420 3290 in
1436 3259 1534 3290 talibus
1547 3255 1663 3291 debitis,
1681 3253 1846 3290 oportunis,
1864 3251 1896 3282 ὅ(
1911 3248 2083 3287 necessariis,
2100 3249 2133 3280 &
2145 3259 2195 3288 per
2210 3248 2364 3282 Publicum

1320 3300 1367 3331 seu
1409 3308 1438 3342 er
1460 3296 1597 3364 {Ubuca'
1618 3291 1861 3329 Instrumentum‚
1886 3289 1921 3321 &
1942 3287 2132 3319 Instrumenta
2151 3287 2217 3319 inde
2235 3273 2385 3321 solennitei'-

1322 3348 1378 3369 con
1400 3345 1463 3366 cren
1485 3343 1522 3364 a:

1358 3374 1395 3406 Et
1419 3372 1498 3412 quod
1511 3370 1640 3411 praefatus
1655 3367 1770 3400 Illustris
1783 3366 1929 3398 Dominus
1944 3364 2121 3402 Edmundus,
2139 3368 2229 3395 Comes
2241 3372 2273 3395 ut
2288 3364 2366 3402 supra

1323 3414 1443 3446 eandem
1453 3435 1462 3451 ,
1480 3410 1644 3450 praeclaram
1667 3409 1701 3440 &
1718 3405 1908 3446 Magnificam
1920 3406 2068 3434 Dominam
2082 3406 2197 3434 Luciam
2210 3402 2336 3434 traducet

1323 3453 1445 3484 Patriam
1460 3450 1534 3481 suam
1548 3448 1619 3478 infra
1635 3444 1774 3477 Kalendas
1789 3443 1959 3476 Decembris
1969 3443 2102 3480 proximo
2114 3442 2226 3473 futuras.

1362 3490 1526 3521 Praelibatus
1540 3489 1613 3518 vero
1629 3483 1790 3521 Dominus,
1809 3482 1956 3513 Dominus
1969 3483 2011 3511 N.
2027 3483 2097 3511 Dux
2112 3478 2262 3512 Mediolani
2273 3477 2386 3515 promi-

1326 3529 1357 3561 fit
1371 3531 1404 3561 δε
1419 3527 1559 3567 promittit
1564 3522 1747 3565 suprafiripto
1762 3521 1875 3551 Thomae
1911 3519 2035 3558 raesenti,
2051 3518 2133 3550 dicto
2150 3516 2285 3549 Nomine
2298 3514 2386 3553 stipu-

1328 3569 1394 3599 lanti
1415 3568 1448 3599 &
1471 3565 1629 3602 recipienti,
1646 3563 1679 3593 &
1695 3571 1744 3599 per
1757 3570 1822 3591 eum
1831 3582 1842 3597 ,
1856 3558 1886 3590 di
1916 3568 1937 3589 o
1950 3557 2102 3595 Nomine,
2115 3555 2235 3593 praefato
2246 3552 2387 3585 Domino

1330 3606 1491 3643 Edmundo,
1509 3605 1604 3632 comiti
1617 3608 1648 3631 ut
1659 3600 1754 3638 supra,
1771 3599 1806 3630 δε
1820 3599 1888 3629 item
1917 3596 2017 3638 raefato
2028 3596 2144 3626 Domino
2157 3591 2315 3630 minando,
2333 3601 2387 3623 cu-

1330 3655 1391 3676 rare
1405 3646 1438 3675 &
1452 3644 1545 3674 facere
1558 3650 1625 3672 cum
1638 3638 1757 3674 effectu,
1775 3638 1808 3669 &
1821 3637 1882 3675 quo
1915 3635 2024 3667 curabit
2037 3633 2070 3664 δε
2082 3631 2166 3662 faciet
2178 3639 2248 3661 cum
2261 3630 2387 3671 estectu‚

1329 3683 1412 3722 quod
1426 3681 1539 3721 praefata
1552 3681 1672 3710 Domina
1686 3678 1775 3705 Lucia
1788 3676 1838 3715 ipfi
1853 3672 2057 3708 Matrimonio,
2071 3678 2103 3700 ut
2113 3669 2388 3708 praemittitur,con-

1330 3721 1470 3753 trahendo
1492 3721 1525 3750 &
1547 3716 1642 3747 fiendo
1662 3714 1836 3754 acquiescet,
1853 3713 1886 3744 &
1901 3711 1984 3743 tacita
1996 3709 2030 3740 &
2044 3713 2178 3738 contenta
2188 3708 2388 3747 praemanebit,

1327 3768 1451 3798 eumque
1473 3756 1636 3787 Dominum
1654 3753 1827 3782 Edmundum
1841 3754 1969 3781 Comitem
1987 3744 2160 3778 antedi6tum
2172 3745 2201 3775 in
2215 3745 2273 3784 ejus
2287 3756 2391 3778 vetum

1331 3799 1365 3829 &
1386 3797 1545 3836 legitimum
1567 3793 1708 3824 Maritum
1722 3789 1858 3828 accipiet,
1875 3797 1909 3818 ac
1924 3787 1953 3818 in
1967 3793 2034 3815 eum
2049 3782 2219 3822 consentiet,
2235 3784 2325 3824 ipsum
2339 3793 2387 3817 ac.

1331 3835 1466 3874 cipiendo
1485 3834 1514 3863 in
1536 3833 1615 3863 suum
1636 3839 1737 3863 verum
1755 3829 1788 3859 &
1810 3827 1966 3866 legitimum
1987 3820 2127 3853 Maritum
2142 3844 2152 3859 ,
2196 3832 2224 3852 er
2245 3823 2332 3854 verba
2350 3822 2388 3853 de

1331 3874 1476 3918 praesenti,
1494 3873 1527 3902 ὃ(
1542 3871 1623 3908 (Deo
1637 3867 1772 3909 propitio)
1789 3873 1835 3903 per
1849 3859 2058 3895 Immiffionetn
2070 3859 2158 3891 Anuli
2193 3862 2312 3891 ubarrari
2344 3870 2388 3891 er-

92 3938 111 3958 *
121 3938 224 3974 3⁴39-
275 3935 294 3953 ¹*
311 3935 346 3964 Et
363 3934 494 3971 Johanne
510 3928 599 3959 Bothe
619 3927 785 3966 Armigero,
1331 3921 1445 3950 mittet,
1463 3913 1496 3942 &
1518 3909 1643 3954 traduci,
1659 3908 1692 3939 &
1703 3903 1899 3948 contrahet&
1913 3899 1997 3930 faciet
2008 3907 2215 3942 quaecumque,
2232 3899 2316 3930 secun
2337 3908 2386 3930 um

176 3994 177 3998 ,
272 3971 389 4007 Sarum,
1332 3951 1454 3983 Morem
1468 3950 1501 3980 &
1515 3947 1620 3978 Ritum
1634 3945 1746 3976 Sanetae
1758 3942 1860 3986 Matris
1874 3936 2008 3981 Ecclefiae
2020 3936 2147 3968 facienda
2161 3947 2168 3966 :

273 4009 458 4042 Dioecesuum
1369 3988 1408 4021 Et
1427 3987 1508 4029 quod
1525 3985 1655 4026 praefatus
1676 3981 1842 4018 Dominus,
1864 3975 2012 4009 Dominus
2032 3976 2075 4006 N.
2093 3978 2181 4016 Dux,
2197 3975 2231 4009 in
2249 3983 2388 4020 eventum

327 4046 366 4078 Et
380 4047 438 4077 aliis
447 4030 602 4081 T'estibus,
624 4042 658 4074 ad
674 4037 819 4073 Praemisso
834 4035 940 4067 vocatis
955 4031 1136 4074 specialiter&
1147 4034 1257 4074 rogatis,

2315 4012 2387 4045 dzffl
