2562 4274
39 268 111 302 Anu·
128 266 169 298 D⁴
185 280 285 312 nendis
306 278 402 318 edito,
426 285 474 311 aut
491 277 587 317 aliquo
607 277 718 309 statuto
741 277 797 310 sive
822 276 1009 309 Ordinatione
1032 281 1061 310 in
1076 282 1253 312 contrarium

60 314 146 344 ¹402·

36 349 99 374 lien.
114 355 148 380 4.

35 2013 149 2043 *vnn

35 2062 103 2090 ²40·

18 2858 150 2892 'Ann.D.

46 2908 135 2938 1402.

17 2940 71 2966 An.
92 2948 116 2975 3,

17 2980 53 3003 H.

16 3015 109 3042 Franc.

17 3060 45 3088 3.
65 3057 101 3081 H.
119 3060 148 3089 4.

16 3099 54 3119 m.
73 3099 100 3125 7Δ

745 189 857 233 ΕΤ
950 188 1217 236 ACTA

184 320 280 357 facitu,
305 318 349 348 seu
375 328 410 348 eo
434 318 513 358 quod
540 317 705 348 Advocatio
720 317 753 347 &
771 317 941 348 Patronatus
965 318 1051 348 dicia:
1069 318 1203 350 Ecclefiae
1219 320 1255 350 de

182 356 352 388 Hadenham
370 357 431 386 sunt
445 356 565 394 parcella
585 355 768 386 Fundationis
792 356 837 387 vel
856 356 1020 386 Dotationis
1043 357 1113 387 dieti
1136 357 1253 395 Episco-

178 393 260 434 pati'is
278 394 401 433 Eliensis‚
418 395 451 425 &
468 395 504 425 de
524 395 605 425 nobis
623 403 752 425 tenentur
771 395 801 424 in
817 394 929 433 Capite,
937 405 981 426 aut
1000 395 1051 426 alifi
1070 407 1098 426 re
1117 407 1255 434 quacum-

183 444 254 474 que,
273 444 337 472 quae
353 435 384 464 in
404 435 579 465 contrarium
599 434 705 473 allegari
723 434 844 472 poterit,
861 444 922 465 non
942 433 1120 466 obstantibus
1143 436 1254 473 quovis-

181 474 281 502 modo.

219 511 272 550 Et,

220 549 279 580 Pro
302 548 411 588 Maiori
434 551 588 581 Securitate
612 549 870 590 AppropriationiS,
888 551 1034 591 Unionis,
1059 551 1255 589 Annexionis,

182 589 216 620 &
230 588 408 619 Possessionis
422 590 638 627 praedictarum,

221 628 268 659 Ac
291 627 326 658 ad
349 627 450 658 Finem
472 628 550 666 quod
572 637 626 657 nec
649 627 801 665 praediaus
826 627 1069 666 Archidiaconus,
1086 638 1139 658 nec
1155 627 1253 665 aliquis

181 666 328 697 dictorum
343 665 544 697 Successorum
557 666 687 705 suorum,
706 666 742 697 de
752 666 855 696 eisdem
869 667 965 698 futuris
986 668 1185 704 Temporibus
1204 667 1253 696 ali-

181 705 298 743 qualiter
313 703 485 743 Impetatur,
512 704 699 743 Impediatur,
721 715 774 735 nec
795 705 983 744 Inquietetur‚
1007 707 1098 738 aliquo
1122 713 1251 742 ternpore

180 744 292 780 futuro,
319 743 470 774 occafione
490 743 535 774 seu
565 745 662 775 colore
682 745 794 782 alicujus
815 744 889 783 Juris
916 745 961 775 vel
978 744 1090 781 Tituli,
1107 743 1183 781 quod
1204 744 1249 773 vel

179 783 229 821 qui
246 781 362 820 Nobis,
382 783 426 813 vel
443 782 529 813 dietis
547 782 717 814 Haeredibus
732 783 848 821 nostris,
876 783 1016 820 competit
1033 782 1080 813 seu
1099 791 1249 819 compete-

178 831 209 852 re
231 821 351 859 poterit,
375 820 411 851 de
436 821 531 860 aliquo
554 830 684 859 tempore
708 823 867 859 praeterito,
898 820 1008 852 dietam
1032 820 1188 851 Ecclesiam
1213 820 1249 851 de

176 857 351 890 Hadenham
367 858 561 898 Conferendi,
577 860 622 891 vel
645 860 679 890 ad
699 859 818 891 eandem
834 858 1022 890 Praesentandi
1045 858 1249 898 quovismodo,

214 897 264 929 De
281 897 381 929 Gratia
393 898 487 929 nostra
502 898 614 937 speciali
630 897 831 929 Conceffimus
845 898 878 928 ὃ(
893 897 1103 935 Relaxavimus,
1110 906 1162 934 pro
1177 897 1247 927 No-

176 937 234 976 bis,
252 938 285 968 &
299 938 383 968 dietis
399 937 568 968 Haeredibus
582 937 700 975 nostriS,
719 936 840 974 praefatis
854 936 998 977 Episcopo
1011 938 1045 968 ὃς
1061 935 1248 967 Archidiaco-

174 986 217 1007 no
232 977 266 1008 &
288 976 502 1008 Succefforibus
523 976 573 1007 suis
595 975 738 1012 praedietis
753 974 958 1013 quodcumque
973 975 991 1013 J
996 986 1026 1006 us
1047 975 1081 1006 &
1096 974 1246 1013 Titulum,

175 1015 253 1053 quod
267 1016 313 1046 vel
328 1025 415 1056 quem
429 1016 498 1046 Nos
512 1014 559 1044 vel
579 1013 648 1044 dicti
662 1013 800 1043 Haeredes
814 1012 903 1044 nostri
917 1015 1055 1045 habemus
1076 1014 1121 1044 seu
1143 1013 1245 1044 habere

172 1055 343 1092 poterimus,
361 1054 470 1085 dicitam
486 1052 642 1084 Ecclesiam
663 1051 842 1083 Conferendi
862 1052 907 1084 vel
926 1053 960 1084 ad
981 1052 1102 1084 eandem
1118 1051 1247 1091 qualiter-

168 1103 295 1131 cumque
310 1091 513 1130 Praesentand13

208 1131 248 1162 Et
269 1131 382 1161 ulterius
405 1129 623 1167 Conceffimus,
642 1139 696 1167 pro
717 1128 833 1169 Nobis,
852 1131 886 1162 ὃς
901 1129 983 1161 dietis
1000 1130 1172 1162 Haeredibus
1191 1142 1245 1161 non

172 1168 250 1207 stris,
268 1169 366 1208 quod,
383 1168 403 1200 fi
425 1170 577 1207 contingat
596 1169 685 1199 dietas
705 1169 994 1208 Appropriationem,
1016 1170 1190 1208 Unionem,
1209 1171 1243 1200 &

170 1208 391 1246 Annexionem,
412 1208 508 1246 aliquo
530 1215 659 1245 tempore
681 1207 794 1246 futuro,
816 1207 978 1246 Adnullari‚
997 1209 1110 1246 irritari,
1136 1209 1183 1239 seu
1199 1218 1244 1238 re-

169 1248 287 1285 vocari,
305 1255 409 1277 extunc
422 1248 456 1279 ὃ(
472 1246 658 1284 imposterum
672 1245 798 1277 Collatio
811 1246 947 1277 Ecciefiae
968 1246 1113 1284 praedictae
1133 1247 1241 1277 Rever-

168 1292 257 1322 tatur,
274 1294 435 1323 remaneat,
453 1286 487 1316 &
502 1287 644 1326 pertineat,
664 1285 697 1315 ὃ(
711 1285 743 1314 sit
755 1283 827 1315 salva
841 1285 871 1314 in
888 1286 984 1322 primo
1000 1285 1078 1316 Statu
1092 1285 1151 1324 suo,
1168 1294 1243 1323 ptae-

166 1323 228 1354 fato
241 1323 384 1362 Episcopo
399 1325 433 1355 ὃς
446 1322 659 1354 Successoribus
670 1321 740 1360 suis,
757 1323 791 1354 ὃ(
812 1323 953 1361 praedicto
968 1333 1068 1354 eorum
1090 1323 1243 1362 Episcopa-

168 1364 212 1392 tui
236 1364 461 1400 imperpetuum,
486 1363 544 1392 una
566 1371 636 1392 cum
658 1360 810 1392 Patronatu
833 1361 867 1392 &
891 1361 1094 1393 Advocatione
1116 1363 1242 1401 ejusdem

168 1400 320 1437 Ecclefiae,
337 1410 371 1430 ac
381 1400 494 1438 Juribus
508 1401 541 1432 ὅ(
558 1399 730 1437 pertinentiis
748 1399 935 1439 eorumdem,
949 1401 1023 1432 adeo
1046 1401 1127 1439 plene
1142 1403 1175 1433 δε
1197 1403 1243 1432 111-

169 1441 251 1476 tegre
270 1439 340 1469 sicut
357 1438 430 1469 dieti
453 1438 579 1468 Collatio
612 1437 791 1477 patronatus,
816 1440 850 1470 &
875 1439 1058 1478 Advocatio,
1081 1450 1150 1471 cum
1166 1440 1243 1478 juri-

169 1477 222 1508 bus
234 1477 268 1508 &
280 1476 458 1508 Pertinentiis
470 1487 570 1507 eorum
592 1487 639 1507 em
649 1499 658 1515 ,
674 1476 792 1515 praefato
805 1477 951 1516 Episcopo
969 1480 1002 1510 &
1026 1478 1244 1509 Praedeceffori-

169 1516 224 1546 bus
235 1516 289 1546 suis
302 1516 336 1547 δε
351 1515 534 1555 Episcopatui
549 1515 599 1546 suo
619 1515 778 1555 praediao,
795 1524 860 1547 ante
882 1516 1175 1557 Appropriationem,
1193 1517 1243 1548 U-

167 1556 305 1592 nionem,
322 1554 356 1585 &
374 1554 576 1585 Annexionem
590 1554 753 1592 promittas,
770 1556 971 1592 pertinuerunt.

205 1592 244 1623 Et
259 1593 334 1623 bene
345 1592 429 1625 liceat
442 1593 560 1631 praefato
576 1593 723 1631 Episcopo
736 1594 771 1624 δε
786 1593 869 1624 dietis
890 1593 1104 1626 Successoribus
1115 1594 1169 1626 suis
1181 1594 1244 1626 dic-

167 1639 228 1662 tam
242 1631 398 1662 Ecclefiam
413 1631 571 1671 Conferre,
590 1633 719 1670 quotiens
736 1633 865 1672 vacabit,
881 1633 955 1664 adeo
969 1633 1058 1664 libere
1074 1634 1144 1665 sicut
1166 1633 1242 1664 Prae-

167 1669 327 1701 decessores
340 1670 379 1702 sui
393 1681 469 1704 eam.
487 1680 553 1702 ante
568 1671 632 1701 haec
647 1678 794 1710 tempora,
812 1672 1010 1710 contulerunt,
1028 1673 1130 1711 absque
1150 1673 1244 1703 Foris-

166 1708 275 1741 facCtura
296 1709 411 1741 suorum
433 1709 619 1748 Patronatiis‚
652 1709 875 1749 Advocationis‚
901 1711 958 1742 five
982 1710 1150 1742 Collationis
1171 1711 1242 1750 ejus-

166 1748 235 1779 dem
258 1747 393 1780 Ecclesiae
416 1749 638 1788 praedietorum,
660 1749 694 1780 ὃς
716 1749 772 1780 sine
795 1749 945 1781 occasione
975 1750 1020 1781 vel
1052 1750 1242 1788 impedimen-

167 1795 200 1820 to
214 1789 254 1818 eis
275 1787 428 1826 faciendis,
452 1789 483 1819 in
501 1788 555 1818 hac
573 1796 668 1827 parte,
693 1797 742 1826 per
759 1788 844 1827 Nos,
867 1790 913 1820 vel
937 1788 1088 1826 praedictos
1105 1789 1241 1820 Haeredes

166 1826 297 1896 nostgos,
313 1825 361 1858 seu
381 1826 532 1858 Ministros
553 1826 664 1858 nostros
684 1828 895 1866 quoscumque,
914 1827 961 1859 seu
982 1837 1032 1866 per
1046 1828 1172 1867 aliquem
1191 1834 1241 1859 eo-

166 1874 233 1896 rum
254 1875 319 1896 em·

202 1903 297 1935 Dietis
310 1890 515 1944 ’Ordinatione‚
534 1904 678 1943 Decreto,
702 1905 958 1945 Appropriatione,
977 1904 1118 1944 Unione,
1140 1905 1240 1936 Anne-

166 1942 269 1982 xione,
290 1944 324 1975 δε
345 1943 533 1980 Posseffione,
551 1944 596 1975 vel
619 1944 696 1975 dieta
718 1946 849 1976 Licentia
870 1945 983 1982 nostra,
1000 1952 1047 1974 aut
1068 1944 1179 1976 Statutis
1204 1945 1237 1976 &

167 1980 406 2013 ordinationibus
420 1983 579 2022 praedietis,
597 1983 642 2014 vel
658 1983 797 2021 aliquibus
811 1984 869 2014 aliis
882 1984 995 2014 Statutis
1007 1983 1053 2014 seu
1069 1983 1238 2014 Ordinatio-

170 2020 270 2060 nibus,
287 2029 335 2053 aut
349 2021 406 2053 aliis
420 2022 520 2052 Rebus
539 2021 783 2062 quibuscumque,
801 2023 819 2042 ³¹²
837 2030 900 2061 q'uae
922 2023 952 2052 in
973 2024 1152 2054 contrarium
1172 2022 1239 2054 alle-

168 2059 227 2098 gari
260 2068 388 2099 oterunt,
406 2070 467 2091 non
481 2060 659 2091 obstantibus
673 2063 777 2100 quovis
793 2061 900 2100 modo;

208 2097 244 2129 Sa
256 2109 292 2130 vo
306 2099 424 2138 Nobis,
442 2101 476 2132 &
491 2098 661 2130 Haeredibus
674 2100 791 2140 nostris,
807 2100 874 2139 Jure
890 2099 1007 2139 nostro,
1025 2099 1046 2131 fi
1061 2100 1139 2141 quod
1154 2101 1239 2132 nobis

168 2146 312 2175 competat
334 2139 376 2177 (ut
402 2138 559 2177 praefertur)
585 2138 619 2169 ad
641 2137 865 2171 Conferendum
885 2139 996 2170 dietam
1026 2139 1183 2171 Ecclesiam
1203 2139 1240 2171 de

167 2175 357 2216 Hadenham,
376 2178 419 2208 vel
433 2177 467 2208 ad
481 2177 715 2209 Praesentandum
727 2178 762 2210 ad
775 2178 913 2216 eandem,
930 2180 959 2208 in
977 2177 1053 2209 Casu
1071 2188 1129 2217 quo
1146 2179 1241 2218 hujus-

167 2214 249 2244 modi
272 2216 490 2255 Appropriatio,
507 2216 609 2256 Unio,
626 2217 661 2248 &
683 2217 816 2249 Annexio
846 2216 1023 2256 Adnullatae,
1048 2217 1181 2256 Irritatae,
1206 2218 1240 2249 &

166 2252 324 2286 Revocatae
337 2255 441 2286 fuerint
455 2257 486 2286 in
499 2264 604 2287 eventu
613 2279 623 2294 ,
641 2256 747 2288 eodem
761 2256 853 2288 modo
865 2267 924 2295 quo
940 2264 1005 2288 ante
1025 2256 1242 2295 Appropriatio-

169 2301 257 2331 nem,
275 2293 447 2332 Unionem,
465 2295 499 2324 &
514 2295 717 2326 Annexionem
732 2295 882 2334 praedictas
896 2295 988 2327 facere
1001 2296 1164 2334 poliemus,
1182 2305 1242 2326 non

170 2330 298 2363 obstante
312 2333 495 2364 Relaxatione
508 2333 673 2372 supradicta.

208 2368 242 2399 In
261 2371 355 2408 cujus,
373 2372 435 2402 &c-

241 2405 336 2450 *Teste
353 2407 438 2446 Rege
453 2410 527 2449 apud
549 2409 824 2451 Westmonaslerium‚
850 2411 992 2443 tricesimo
1014 2412 1109 2450 primo
1134 2411 1180 2441 die
1198 2410 1246 2450 Ja-

170 2454 267 2475 nuarii.

352 2504 406 2532 Per
423 2504 507 2549 ipfiqn
530 2506 625 2542 Regem
636 2528 645 2544 ,
660 2504 758 2544 &pro
771 2509 902 2536 Ducentis
915 2505 1011 2535 Libris
1022 2504 1122 2544 fiilutis
1136 2509 1167 2535 in
1182 2507 1246 2534 Ha-

402 2549 520 2579 naperio.

215 2703 455 2750 Tranfhmptum
479 2704 658 2735 Literamm
678 2712 734 2749 pro
765 2703 913 2737 Solutione
936 2705 1026 2738 Dotis
1048 2702 1194 2737 Blanchiae

619 2751 783 2798 fipediffae.

173 2849 298 2906 REX
315 2850 462 2883 Universis
484 2851 591 2884 Christi
615 2851 773 2891 Fidelibus,
791 2851 826 2883 ad
850 2861 972 2891 quorum
992 2851 1139 2884 Notitiam
1165 2854 1243 2884 Prae-

250 2889 339 2920 sentes
366 2892 544 2930 pervenerint
568 2892 691 2928 Literae,
721 2892 754 2921 &
778 2901 852 2928 quos
878 2891 1066 2929 subscriptum
1095 2895 1242 2924 concernit

172 2927 218 2958 vel
239 2938 415 2960 concernere
439 2931 540 2967 poterit
570 2929 752 2968 Negotium,
778 2929 903 2960 Salutem
929 2931 962 2961 &
983 2930 1070 2960 fidem
1093 2931 1241 2962 indubiam

171 2965 358 2998 Praesentibus
372 2968 518 3007 adhibere,
536 2968 570 2999 ad
585 2969 756 2998 memoriam
769 2968 810 2998 rei
825 2967 922 3005 gestae.

183 3004 334 3049 ⁸Noverit
361 3007 541 3038 Uriiversitas
564 3007 655 3038 vestra
681 3006 765 3046 Nos,
791 3006 922 3045 quasdam
953 3007 1064 3038 Literas
1087 3006 1242 3046 Obligato-

165 3051 218 3074 rias

201 3066 382 3115 D’iledtorum
400 3086 433 3117 ὃ(
451 3083 575 3115 fidelium
593 3084 771 3122 nostrorum,
791 3084 930 3114 Edmundi
947 3087 1031 3114 Ducis
1048 3084 1240 3125 Eboracenfis,

168 3121 308 3152 Edwardi
326 3126 436 3152 Comitis
450 3123 639 3161 Rotelandiae,
657 3122 798 3162 Johannis
816 3126 926 3152 Comitis
944 3121 1149 3164 Somerfhtenfis,
1167 3125 1239 3154 Tho-

168 3170 219 3188 mae
244 3164 355 3190 Comitis
377 3162 556 3200 Arundellae,
580 3164 694 3192 Henrici
717 3164 827 3191 Comitis
852 3161 1075 3200 Nerthumbriae,
1099 3163 1237 3202 Radulploi

169 3201 281 3228 Comitix
295 3198 536 3239 Wstmerlandiae,
549 3200 658 3230 Thomae
674 3204 782 3230 Comitis
791 3199 992 3240 VVygornienfis,
1010 3201 1153 3238 Reginaldi
1165 3204 1237 3241 Grey

169 3235 296 3267 Domini
316 3238 352 3268 de
372 3238 509 3279 Rmhyn,
527 3239 633 3269 Thomae
655 3242 770 3269 Domini
785 3240 816 3269 de
836 3239 965 3277 Berkele,
984 3242 1104 3277 Hugonis
1123 3243 1236 3270 Domini

168 3275 204 3304 de
216 3275 349 3314 Burnell,
366 3276 508 3314 Johannis
521 3280 633 3308 Domini
646 3278 678 3308 de
692 3277 795 3308 Lovell
805 3279 839 3310 δε
854 3278 892 3309 de
907 3277 1045 3317 Holland,
1063 3279 1097 3309 &
1114 3281 1158 3308 W
1156 3278 1236 3309 illiel—

167 3316 206 3342 mi
219 3316 330 3344 Domini
343 3315 374 3344 de
389 3318 459 3355 Say,

203 3351 304 3391 Sanos,
321 3354 451 3389 integras,
462 3355 599 3394 omnique
613 3354 777 3392 Suspicione
790 3354 899 3386 sinistra
913 3363 1047 3393 carentes,
1065 3356 1234 3387 eorumdem

166 3390 340 3428 singulorum
356 3391 460 3428 Sigillis
475 3392 590 3428 signatas
605 3394 638 3423 ὃ(
653 3394 790 3431 sigillatas,
808 3393 910 3424 vidisse
925 3396 958 3426 ὅ(
973 3394 1233 3433 inspexisse,exem-

165 3430 335 3474 plificarique
347 3431 380 3461 &
395 3430 529 3462 transumi
542 3431 696 3469 mandasse,
711 3432 860 3464 Tenotem
873 3433 922 3471 qui
934 3433 1054 3471 sequitur
1069 3443 1118 3471 per
1133 3433 1233 3465 omnia

165 3477 341 3500 continentes
348 3493 358 3507 ,

170 3566 172 3568 »
202 3545 233 3576 O
242 3554 269 3576 M
279 3555 301 3577 N
312 3555 322 3576 i
333 3556 352 3577 B
361 3554 384 3576 υ
394 3555 406 3575 s
425 3555 443 3576 iz
454 3555 477 3576 T
496 3555 508 3575 s
517 3555 528 3575 1
541 3553 562 3575 N
575 3553 597 3575 G
608 3554 630 3575 u
641 3554 662 3576 L
671 3555 684 3575 1
693 3557 720 3586 s,
737 3547 772 3578 ad
790 3557 860 3588 quos
877 3548 1028 3587 subscripta
1042 3551 1230 3588 pervenerint,

167 3585 200 3615 &
216 3584 367 3622 praei‘ertim
383 3594 506 3623 quorum
523 3585 652 3623 interest,
671 3585 739 3616 Nos
754 3608 764 3624 ,
780 3587 940 3618 Edmundus
954 3591 1024 3618 Dux
1039 3588 1230 3627 Eboracenfis,

165 3623 327 3652 Edwardus
349 3626 438 3652 Comes
460 3623 634 3661 Rutlamiiae,
651 3623 796 3661 Johannes
817 3630 905 3656 comes
926 3625 1140 3666 Somersotenfis,
1158 3624 1228 3657 :iho-

165 3672 225 3691 mas
241 3666 329 3691 comes
351 3661 516 3692 Arundei'lae
532 3683 537 3690 .
558 3663 691 3692 Hernicus
712 3666 801 3692 comes
822 3664 1028 3695 Northumbriae
1042 3689 1052 3704 3
1070 3664 1227 3703 liudulphus

164 3703 256 3730 Comes
272 3700 462 3741 PVygornienfis
478 3724 488 3739 ,
506 3700 669 3738 Reginaldfaes
690 3703 760 3742 Grey
784 3701 929 3734 Dominus
949 3703 984 3734 de
1000 3703 1136 3742 Ruthyn‚
1153 3704 1224 3734 Tho-

162 3749 222 3768 mas
241 3742 375 3769 Dominus
393 3740 425 3769 de
446 3740 575 3781 Berkeley
588 3763 597 3776 ,
615 3742 692 3776 Hugo
714 3743 845 3770 Dominus
865 3742 896 3770 de
918 3742 1036 3772 Burnell
1046 3766 1055 3779 ,
1080 3742 1226 3781 Johannes

160 3779 298 3846 &lominus
311 3778 343 3807 de
356 3778 459 3808 Lovell
468 3779 501 3809 &
515 3781 552 3808 de
565 3778 690 3809 Houand
706 3801 715 3817 ,
734 3779 766 3809 ὃς
788 3778 945 3810 Wllielmus
963 3783 1094 3811 Dominus
1110 3782 1142 3811 de
1155 3785 1208 3821 Say
1218 3804 1228 3819 ,

182 3826 196 3846 a
207 3824 294 3847 utem.

199 3854 234 3884 N
244 3864 323 3887 ονε
333 3864 411 3886 RIT
421 3865 452 3886 is
469 3856 550 3894 quod
566 3856 636 3887 Nos
650 3879 660 3895 ,
675 3856 817 3888 intellec‘to
834 3857 930 3895 quod,
947 3855 1148 3890 Invictiffimus
1163 3858 1229 3888 Do-

164 3892 257 3925 minus
270 3894 382 3932 noster,
399 3898 535 3924 Henricus
546 3895 658 3933 Angliae
673 3895 710 3930 (ᾤ’
726 3898 846 3925 Franciae
858 3898 917 3926 Rex
932 3920 942 3935 ,
959 3908 992 3928 ac
1008 3895 1155 3929 Dominus
1170 3897 1229 3927 Hi-

165 3929 288 3971 berniae,
308 3932 426 3963 Christo
439 3934 548 3967 auspice
557 3957 567 3972 ,
585 3934 703 3965 feliciter
716 3934 925 3972 desponsaverat
941 3934 1100 3974 Ingenuam
1109 3939 1142 3969 &
1151 3936 1228 3966 Prae-

165 3968 270 3999 claram
291 3970 441 4002 Seniorem
464 3972 633 4003 Naturalcm
657 3974 690 4003 ὃ(
712 3973 888 4009 Legitimam
901 3974 980 4005 suam
1002 3975 1102 4006 Filiam
1120 3975 1231 4006 Domi-

165 4014 235 4036 nam
251 4007 413 4038 Blanchiam
428 4010 542 4041 sublimi
558 4011 691 4041 Domino
712 4013 857 4041 Liidowico
880 4011 991 4044 Comiti
1013 4014 1141 4045 Palatino
1154 4013 1232 4043 Reni

163 4054 201 4116 pc
219 4044 453 4115 Duc'kBavastriae,
471 4049 543 4080 Filio
557 4049 786 4087 Christianiliimi
808 4054 921 4089 Ruperti
940 4056 1019 4092 Regis
1033 4056 1232 4089 Romanorum,

177 4093 274 4123 emper
318 4092 372 4124 ugu
398 4094 426 4124 i,

1300 197 1775 250 PUBLICA.

1329 284 1372 329 Ac
1394 297 1463 318 cum
1486 290 1585 321 eadem
1606 292 1650 323 sua
1672 293 1740 324 Filia
1760 294 1853 326 eidem
1877 294 2012 325 Domino
2034 293 2197 327 Ludowico
2213 320 2222 334 ,
2239 298 2356 329 nomine

1289 320 1393 368 Βφῑξὸ)
1410 326 1583 373 deputaverit
1604 332 1794 373 Qadraginta
1819 333 1902 365 Milia
1917 334 2091 372 Nobilium,
2110 348 2139 367 in
2160 337 2264 366 Tribus
2277 337 2352 367 Ter-

1292 370 1376 392 minis
1390 363 1520 397 solvenda
1529 391 1539 405 ,
1556 368 1703 407 videlicet,

1307 401 1419 447 mAnno
1440 404 1564 448 Domini
1588 407 1743 439 Millesiino
1757 433 1766 448 ,
1791 411 2077 451 Qidringentesimo
2097 412 2248 449 Secundo,
2280 412 2355 443 Ter-

1292 445 1329 468 tia
1361 440 1520 486 Dominica
1554 445 1619 484 post
1659 447 1773 478 Festum
1798 449 1909 480 Pascha:
1935 460 2002 481 tunc
2036 451 2163 481 futurum
2176 473 2186 489 ,
2212 450 2267 488 quel
2297 463 2350 488 pro

1291 475 1410 522 Introitu
1435 480 1531 512 Missae
1558 486 1710 515 cantabitur
1734 488 1972 525 juniLATF„
2005 490 2049 521 vel
2080 491 2174 521 intem
2201 499 2263 519 ante
2288 489 2354 521 Do-

1291 525 1430 548 minicam
1449 522 1586 567 proximo
1609 522 1785 562 sequentem,
1803 528 1857 564 qua
1878 529 2031 558 cantabitur
2053 539 2105 567 pro
2120 529 2237 559 Introitu
2256 529 2353 560 Mill'ae

1293 553 1321 583 C
1333 565 1349 584 A
1363 565 1385 585 N
1398 565 1447 586 ΤΑ
1460 567 1482 588 T
1494 570 1511 589 Ε
1522 582 1530 597 ,
1549 561 1697 592 Sexdecim
1719 562 1803 593 Milia
1824 565 1980 596 Nobilium
1997 590 2006 604 ,
2026 578 2076 605 pro
2092 569 2205 606 prium,
2224 568 2254 596 in
2271 567 2352 598 Civi-

1292 599 1346 623 tate
1362 594 1544 640 Colonimfi,
1562 600 1591 628 in
1607 600 1788 631 Adductione
1802 601 1879 633 Filiae
1896 604 1950 637 suae
1965 614 2131 637 memoratae
2146 607 2174 636 in
2189 609 2221 637 ὅε
2239 606 2273 636 ad
2289 617 2356 637 ean-

1290 630 1357 661 dem
1378 633 1551 677 Civitatem,
1568 638 1716 676 postquam
1737 640 1813 671 dieta
1836 640 1967 671 Domina
1990 643 2138 683 Blanciiia,
2156 656 2204 683 per
2229 646 2355 683 ipsorum

1292 668 1489 716 Dominorum
1505 675 1625 713 Ruperti
1640 679 1673 708 δε
1688 678 1838 709 Ludowici
1854 680 1961 710 Gentes
1977 703 1986 719 ,
2004 691 2034 712 ut
2047 683 2152 720 Sponla
2166 684 2236 714 dieti
2252 683 2357 719 Ludoffs

1290 718 1357 752 wici
1372 710 1538 754 desiderata,
1556 715 1704 752 condigne
1720 726 1829 755 recepta
1846 717 1946 756 fuerit,

1303 785 1308 789 η
1327 746 1432 793 Ethx
1449 753 1529 790 post,
1549 754 1635 795 Anno
1650 754 1775 785 Domini
1792 756 1966 794 Millesimo‚
1985 757 2271 796 Quadringentesimo
2278 759 2355 789 Ter-

1289 792 1348 830 tio,
1365 787 1412 817 die
1425 788 1591 835 ssDominicii
1614 793 1739 831 Quarta,
1758 794 1873 825 Festum
1896 795 2012 825 Paschae
2027 797 2191 828 immediate
2205 799 2354 836 sequente,

1288 823 1321 852 &
1331 835 1366 868 ,¹¹3
1383 836 1438 864 qua
1454 838 1507 872 pro
1522 829 1640 861 Introitu
1656 830 1754 863 Miffie
1770 835 1926 864 cantabitur
1946 834 2002 864 CA
2014 843 2035 863 N
2046 843 2069 865 'r
2079 845 2099 864 A
2110 845 2132 865 T
2144 845 2162 866 E
2172 859 2182 874 ,
2201 837 2353 867 Sexdecim

1289 861 1373 893 Milia
1388 865 1561 912 Nobilium,
1580 869 1609 898 in
1632 869 1703 913 loco
1719 873 1748 901 in
1766 882 1851 910 quem
1871 873 1943 903 dieti
1960 872 2059 909 Reges
2074 874 2119 903 vel
2132 883 2229 905 eorum
2244 875 2353 905 Procu-

1286 909 1595 947 ratoresconvenerint
1611 928 1620 944 ‚
1638 909 1709 939 infra
1731 911 1763 940 ὅ(
1788 911 1856 941 citra
1878 911 1994 942 Festum
2018 911 2226 949 Affutnptieiiis
2250 912 2353 944 Mariae

1288 939 1415 985 Virginis
1430 943 1524 974 Almae
1538 946 1672 982 proximi)
1690 948 1813 979 futurum
1830 972 1839 987 ,
1857 951 1890 981 8(
1904 951 1934 980 111
1950 950 2104 980 Dordraco
2120 951 2221 989 Opido
2237 952 2355 988 predic—

1286 985 1318 1007 to
1331 1002 1340 1017 ,
1360 981 1541 1024 iirCrastino
1555 984 1626 1015 dieti
1641 985 1714 1017 Festi
1730 1010 1740 1025 ,
1758 996 1807 1025 per
1831 989 1943 1019 eosdem
1957 988 2157 1020 Procuratores
2171 990 2354 1028 exprimendo

1286 1017 1331 1047 seu
1347 1018 1535 1063 delignando,
1553 1033 1605 1060 pro
1621 1024 1774 1065 Secundo,

1325 1055 1494 1104 Deindeque
1517 1061 1600 1092 Festo
1623 1063 1720 1094 Sanffl
1741 1064 1861 1095 Martini
1880 1067 2014 1103 proximo
2039 1066 2189 1106 sequente,
2207 1068 2236 1096 in
2252 1066 2354 1097 Mense

1284 1092 1483 1142 Novembris,
1502 1109 1555 1137 pro
1579 1101 1682 1133 Tertio
1708 1105 1848 1142 terminis,
1865 1105 1970 1143 reliqua
1990 1105 2072 1135 Οθεο
2096 1106 2177 1136 Milia
2194 1105 2351 1136 Nobilium

1282 1142 1383 1202 miani
1400 1136 1480 1168 (1ιὲὶο
1493 1139 1629 1176 proximo
1647 1142 1665 1161 *f
1683 1141 1751 1174 loco
1765 1143 1935 1182 defignando
1949 1166 1959 1182 ‚
1976 1143 2124 1183 solvenda,

1357 1183 1407 1212 os,

1320 1211 1383 1250 Qui
1400 1213 1673 1261 Conjunc‘t'ionem',
1691 1219 1751 1249 tam
1774 1220 1898 1251 inclitam
1909 1244 1918 1259 ,
1936 1220 2133 1259 desideratam,
2152 1222 2185 1253 δε
2207 1231 2355 1262 optatam,

1280 1254 1431 1296 tan-torum,
1442 1253 1611 1285 Christianae
1626 1256 1705 1287 Fidei
1722 1258 1837 1297 Regum
1852 1260 2025 1291 Liberorum
2034 1259 2355 1293 Laudamus&dudum

1280 1286 1353 1318 desid
1357 1299 1498 1322 eravrmus
1504 1315 1514 1330 ‚

1318 1326 1478 1375 Sperantes.
1489 1331 1575 1362 talem
1598 1331 1842 1372 Conjunffionem
1856 1335 2005 1374 Sanguinis
2020 1360 2030 1375 ,
2048 1337 2245 1377 Affinitatem,
2261 1340 2294 1371 &
2311 1339 2353 1371 A·

1284 1374 1425 1410 micinam
1450 1369 1598 1400 dnstorum
1624 1372 1745 1409 Regum
1761 1397 1770 1411 ,
1789 1375 1818 1404 in
1844 1375 1929 1405 dietae
1956 1374 2128 1407 Christian-„e
2156 1377 2234 1407 Fidei
2255 1378 2351 1408 Tran-

1280 1405 1448 1474 gmlgmoem
1460 1431 1470 1447 ,
1489 1409 1700 1447 prosperitatem
1714 1435 1723 1450 ,
1742 1413 1775 1443 &
1793 1422 1980 1451 augmentum
1997 1437 2006 1453 ,
2025 1417 2132 1446 caeteris
2150 1416 2263 1453 paribus
2276 1439 2286 1455 ,
2306 1426 2349 1447 re-

1302 1453 1338 1473 un
1361 1455 1423 1483 are,

1296 1521 1301 1525 .
1320 1482 1481 1529 Praecavere
1494 1487 1639 1531 cupientes
1654 1491 1692 1519 ne
1708 1491 1737 1520 in
1753 1489 1903 1521 Solutione
1914 1491 2106 1531 Quadraginta
2120 1492 2237 1523 Milium
2252 1493 2354 1525 Nobi-

1282 1519 1355 1564 lium
1369 1523 1559 1570 negligentia,
1577 1526 1739 1568 Suipeniio,
1766 1529 1811 1561 seu
1829 1529 2005 1568 Protradiio,
2023 1531 2087 1568 post
2102 1531 2264 1562 Praeniisl'os
2277 1533 2352 1563 Ter*

1282 1568 1377 1590 minos
1391 1572 1571 1608 interveni-at,
1590 1567 1634 1596 vel
1656 1567 1729 1598 aliud
1751 1568 1777 1598 se
1799 1568 1892 1600 forsan
1912 1568 2009 1606 (quod
2024 1569 2109 1606 absit)
2130 1571 2255 1609 ingerat,
2274 1572 2352 1609 quod

1281 1597 1434 1631 alterutrius
1450 1613 1537 1632 animi
1554 1614 1727 1642 conceptum
1748 1606 1793 1637 vel
1816 1607 2024 1645 beneplacitum
2038 1607 2165 1639 offendat
2179 1609 2224 1640 vel
2244 1611 2354 1642 immu-

1283 1643 1322 1667 tet
1359 1640 1457 1684 autad.
1469 1652 1570 1672 eorum
1584 1643 1793 1680 displicentiam
1808 1647 1940 1684 accedat,

1281 1713 1307 1745 Α
1320 1660 1535 1746 I{eflulsfflO-ne,
1555 1683 1704 1721 precibus,
1722 1685 1756 1715 ὃ(
1770 1684 1840 1715 serio
1855 1685 2006 1716 memorati
2020 1684 2149 1716 Domini
2163 1685 2251 1716 nostri
2258 1687 2353 1726 Regis

1310 1726 1350 1753 ng
1363 1726 1396 1747 1ae
1410 1728 1481 1749 moti
1490 1742 1499 1757 ,

1319 1754 1435 1787 Libenti
1450 1759 1567 1802 animo,
1585 1758 1700 1799 sponte,
1721 1761 1902 1800 conjunciim
1917 1763 1951 1794 ὅ(
1965 1762 2089 1802 divisim,
2107 1763 2198 1794 modo
2214 1774 2273 1802 quo
2286 1766 2353 1803 pos-

1280 1791 1375 1841 sumus
1387 1796 1562 1836 efficaciori,
1579 1806 1712 1836 tanquam
1732 1810 1831 1831 coram
1846 1801 1880 1831 &
1894 1801 1923 1830 in
1947 1803 2136 1839 competentis
2150 1804 2352 1843 cujuscumque

1280 1831 1412 1875 nostrum
1429 1834 1541 1873 Judicis
1557 1835 1675 1875 Judicio
1700 1837 1778 1870 fieret
1793 1861 1803 1878 ,
1826 1849 1860 1870 ac
1884 1839 2038 1878 solempnis
2063 1840 2212 1879 Stipulatio
2230 1844 2353 1875 interve-

1276 1880 1352 1909 n1et,

1317 1909 1499 1957 Praestntibus
1513 1913 1599 1952 Nos,
1617 1913 1811 1955 Haeredesque
1829 1916 1958 1957 nostrOS,
1976 1917 2213 1957 Succeffores‚&
2230 1919 2354 1952 Causam

1278 1958 1296 1993 ²¹.
1309 1950 1392 1980 nobis
1404 1951 1453 1996 vel¹
1465 1951 1707 1996 aliquotnostrsim
1722 1955 1853 1986 habentes
1866 1979 1876 1995 ,
1895 1966 1948 1994 pro
1965 1956 2048 1988 dictis
2071 1957 2273 1996 Qadraginta
2289 1960 2351 1990 Mi-

1278 1987 1545 2034 libus—Nobilibus,
1563 2001 1593 2021 in
1609 1991 1756 2024 Terminis
1771 1994 1803 2025 &
1822 1995 1911 2026 Locis
1925 2017 1935 2033 ,
1953 1995 1988 2025 de
2005 1996 2106 2033 quibus
2121 1999 2282 2035 praefertur,
2299 1999 2353 2028 sol-

1278 2027 1392 2073 vendis,
1410 2029 1444 2073 ὃς
1461 2030 1576 2067 quilibet
1592 2030 1724 2062 nostrum
1740 2033 1769 2062 in
1783 2033 1921 2071 solidum,
1940 2033 2007 2064 Nos
2023 2034 2141 2066 facimus
2155 2037 2187 2067 ὃ(
2205 2037 2354 2068 constitui*

1278 2075 1343 2097 mus
1360 2067 1562 2107 Fideiuffores‚
1579 2069 1613 2100 &
1638 2080 1706 2101 curn
1722 2070 1856 2103 Domino
1871 2071 1971 2103 nostro
1987 2072 2067 2112 Rege
2075 2073 2246 2113 Principales
2260 2076 2356 2107 Debi-

1278 2112 1368 2145 tores,

1318 2145 1454 2178 Volentes
1471 2170 1481 2186 ,
1495 2157 1530 2178 ac
1546 2148 1728 2186 conjunctim
1744 2150 1778 2182 ὃ(
1791 2149 1901 2181 divifim
1916 2150 2137 2189 Promittentes,
2157 2152 2190 2183 &
2206 2151 2352 2185 Arbitran-

1281 2189 1322 2228 tes
1338 2185 1437 2224 quod,
1456 2187 1475 2217 fi
1489 2186 1564 2217 dista
1581 2187 1703 2218 Summa
1719 2189 1915 2227 Quadraginta
1928 2189 2047 2219 Milium
2063 2190 2222 2222 Nobilium
2237 2215 2246 2229 ,
2265 2193 2307 2223 vel
2321 2204 2352 2223 a-

1281 2224 1355 2267 liqua
1370 2225 1493 2263 ejusdem
1507 2236 1568 2264 pars
1582 2226 1654 2257 solvi
1670 2228 1802 2265 neglecta
1818 2228 1919 2266 fuerit,
1937 2227 1981 2258 vel
1994 2228 2063 2259 ultra
2079 2229 2252 2260 Terminuui
2268 2231 2352 2261 Solu-

1283 2270 1358 2293 tions
1374 2264 1526 2302 cujussibet
1541 2264 1625 2295 Partis
1639 2266 1721 2304 ipsius
1737 2266 1861 2305 suspensa
1873 2267 1957 2298 fuerit
1971 2267 2015 2297 vel
2030 2268 2189 2307 protraeta,
2207 2269 2286 2307 quod
2303 2279 2351 2300 cx-

1282 2308 1370 2345 tunc,
1388 2303 1462 2334 infra
1477 2305 1556 2334 unius
1574 2303 1682 2336 Menfis
1701 2307 1841 2337 continue
1857 2304 2064 2337 &immediate
2079 2306 2217 2344 sequentis
2231 2308 2350 2346 spatium

1284 2340 1376 2377 (infra
1391 2342 1467 2380 quod
1483 2342 1591 2373 Menfis
1604 2343 1721 2382 spatium
1737 2344 1865 2384 Obligati
1880 2345 2012 2374 volumus
2026 2344 2061 2374 ad
2083 2346 2282 2384 experiendum
2300 2359 2351 2386 per

1285 2379 1355 2410 Nos
1366 2381 1402 2411 de
1418 2381 1483 2411 reali
1498 2381 1646 2411 Solutione
1662 2382 1706 2411 seu
1720 2382 1931 2412 Deliberatione
1951 2382 2081 2412 Summae
2098 2384 2243 2420 pi-aedzctae
2257 2386 2353 2417 Tota-

1285 2418 1317 2448 lis
1332 2419 1378 2448 vel
1392 2419 1481 2449 Partis
1494 2420 1569 2456 ejus)
1590 2420 1621 2448 in
1644 2419 1738 2457 aliquo
1761 2420 1968 2451 Terminorum
1990 2421 2192 2458 praedietnrum
2207 2446 2217 2462 ,
2239 2424 2354 2456 Tenea-

1285 2465 1352 2486 mur
1365 2458 1399 2488 ὃ(
1414 2456 1544 2493 Obligati
1556 2457 1765 2497 iimuS,absque
1779 2458 1944 2489 Monitione
1961 2459 2049 2489 Verbi
2063 2461 2106 2490 vel
2123 2461 2354 2501 Scripti,mtiens

1284 2496 1414 2531 quotiens
1426 2495 1546 2525 Summa
1561 2495 1652 2532 aliqua
1665 2496 1869 2533 praedictorum
1886 2497 2093 2527 Terminorum
2109 2501 2233 2539 neglccia
2255 2502 2354 2542 suerit,

1282 2532 1318 2562 ad
1332 2533 1514 2564 Solutionem
1532 2534 1657 2571 ejusdem
1679 2534 1810 2565 Summae
1825 2536 1916 2566 totalis
1936 2537 2132 2575 Quadraginta
2153 2539 2270 2570 Milium
2285 2542 2354 2572 No-

1286 2571 1388 2603 bilium
1404 2573 1437 2602 &
1452 2571 1598 2610 cuiussibet
1615 2572 1673 2609 ejus
1687 2572 1794 2612 Partis,
1811 2575 1893 2604 etiarn
1909 2574 1928 2604 si
1943 2575 2032 2606 forsan
2047 2576 2127 2613 quiid
2141 2576 2206 2609 Pars
2221 2579 2308 2618 aliqua
2321 2592 2350 2611 e-

1279 2610 1393 2648 jusdem
1414 2610 1544 2641 Summae
1564 2611 1787 2648 praetenderetur
1808 2623 1855 2650 per
1875 2623 1928 2644 nos
1943 2614 1988 2645 vel
2001 2623 2053 2651 per
2066 2618 2230 2658 quempiam
2248 2618 2353 2659 soluta,

1282 2649 1318 2679 ὃς
1333 2648 1451 2680 eandem
1468 2649 1621 2679 Summam
1643 2651 1761 2687 praefato
1784 2651 1945 2682 Ludowico
1962 2676 1971 2692 ,
1989 2661 2036 2683 aut
2056 2662 2112 2690 eius
2127 2657 2209 2686 certis
2225 2657 2260 2686 N
2263 2661 2352 2689 unciis

1281 2696 1327 2718 aut
1341 2687 1572 2719 Procuratoribus
1585 2687 1715 2728 legitimis
1732 2713 1742 2728 ‚
1758 2690 1866 2721 realiter
1887 2691 1957 2722 infra
1974 2690 2105 2722 Mensem
2120 2695 2274 2733 quemlibet
2288 2698 2350 2728 dic-

1279 2734 1377 2797 Eorum
1403 2727 1613 2757 Terminorum
1647 2728 1819 2767 fiequentiuin
1834 2752 1844 2768 ,
1868 2729 1975 2761 solvere
1997 2732 2190 2769 promittimus
2218 2735 2293 2766 bonfi
2318 2736 2352 2766 fi-

1300 2776 1330 2801 ea

1319 2804 1470 2843 Volentes,
1487 2814 1539 2844 pro
1552 2814 1588 2835 eo
1598 2828 1607 2844 ,
1627 2813 1676 2843 per
1691 2806 1844 2844 quemlibet
1851 2806 1986 2845 Judicem
2000 2806 2230 2842 Ecclesiasticutn
2246 2814 2291 2843 vel
2298 2812 2348 2844 Se-

1280 2843 1404 2874 cuiatem
1416 2844 1550 2881 compelli
1564 2854 1597 2874 ac
1610 2844 1726 2883 Judicio
1742 2845 1793 2875 sisti
1803 2846 1870 2884 ,sub
1881 2848 2012 2877 omnium
2026 2846 2172 2879 Bonorum
2186 2850 2348 2883 nostrorum

1281 2883 1315 2913 &
1332 2881 1479 2919 cujussibet
1494 2882 1625 2913 nostrum
1642 2883 1831 2921 Obligatione
1846 2886 1880 2915 &
1894 2885 2064 2924 Ypouiecii,

1318 2921 1494 2951 Arbitrantes
1510 2921 1714 2951 nichilominus
1729 2924 1823 2961 quod,
1842 2924 1860 2953 si
1877 2923 2023 2954 Praemi'ffa
2040 2926 2069 2954 in
2084 2933 2145 2955 toto
2161 2927 2204 2957 vel
2221 2929 2249 2957 in

2315 214 2359 250 ‘at

1280 2959 1505 2997 negligeremus,
1524 2960 1602 2997 quod
1617 2960 1653 2990 de
1667 2960 1901 2998 Transgreffione
1921 2963 2005 2993 bon-J:
2021 2962 2103 3001 fidei,
2124 2938 2345 3005 Vitioquepiiiisti‘3

1279 2999 1372 3043 lorum
1399 2994 1608 3035 Fideju'fforum
1632 3001 1746 3038 notari,
1769 3001 1891 3039 samari,
1917 3001 2048 3038 redargui
2076 3003 2208 3035 volumus
2234 3007 2268 3037 ὃς
2286 3008 2346 3039 σιὼ

1298 3047 1334 3068 ari

1276 3048 1296 3076 p
1314 3060 1538 3119 Eiiceptionibus
1552 3074 1776 3115 quibuscumque
1791 3076 2004 3109 Renunciantes
2021 3080 2048 3109 in
2058 3079 2226 3120 Praemissis,
2247 3083 2281 3113 &
2293 3084 2348 3121 Ju-

1270 3116 1298 3183 sri
1319 3116 1427 3183 diaclenti
1449 3114 1609 3151 generalem
1629 3114 1892 3147 Renunciationem
1912 3128 1973 3148 non
1989 3119 2081 3149 valere
2107 3120 2157 3150 iiiii
2176 3123 2347 3158 praecefferit

1283 3165 1287 3177 i
1301 3163 1345 3183 eci
1373 3163 1403 3182 is.

1282 3164 1299 3193 :³
1311 3191 1346 3222 In
1361 3200 1483 3229 quorum
1497 3192 1631 3222 omnium
1647 3192 1865 3225 Testimonium
1882 3195 1933 3225 hiis
1944 3195 2044 3226 Literis
2060 3196 2162 3227 nostris
2177 3208 2228 3228 nos
2241 3210 2343 3232 omnes

1275 3233 1308 3263 ὃ(
1323 3229 1440 3267 singuli,
1457 3230 1580 3267 superius
1604 3233 1777 3262 nominatim
1800 3235 1908 3264 recitati
1924 3236 1957 3266 ὃ(
1975 3235 2089 3274 obligati
2104 3259 2114 3274 ,
2132 3236 2230 3274 Sigilla
2245 3239 2342 3272 nostra

1272 3269 1449 3308 apposuimus
1464 3268 1492 3297 in
1506 3268 1631 3306 ipsorum
1646 3271 1778 3301 omnium
1794 3272 1904 3309 plenam
1919 3273 2014 3303 fidem.

1308 3308 1377 3339 Dat.
1397 3307 1559 3344 Londoniae,
1580 3310 1673 3346 primo
1691 3309 1736 3340 die
1750 3309 1857 3341 Menfis
1873 3310 2003 3350 Augusti,
2022 3312 2111 3343 Anno
2126 3313 2253 3347 Domini
2268 3316 2340 3347 Mil-²

1270 3347 1388 3385 iesimo,
1407 3345 1696 3383 Qiadringeiitesimo
1711 3347 1820 3379 Primo.

1305 3425 1374 3456 Nos
1392 3426 1476 3466 igitur
1498 3428 1630 3455 Henricus
1645 3426 1880 3465 praenominatus,
1898 3428 1961 3465 quia
1976 3429 2136 3462 invenimus
2151 3431 2257 3463 Literas
2270 3432 2338 3463 Ob-⁴

1266 3464 1425 3504 lig-„itOi-ias,
1443 3465 1478 3495 de
1493 3466 1595 3504 quibus
1620 3464 1741 3501 superius
1763 3474 1953 3505 memoratur,
1970 3478 2003 3498 ac
2019 3490 2029 3506 ,
2049 3477 2078 3498 ut
2098 3470 2243 3507 praefertur
2278 3471 2336 3501 Ex-

1268 3503 1467 3541 emplificatas,
1485 3504 1514 3533 in
1529 3504 1662 3533 omnibus
1677 3503 1710 3533 &
1722 3513 1772 3540 per
1784 3505 1879 3535 omnia
1894 3515 1963 3535 cum
1978 3506 2102 3543 praesenti
2123 3509 2222 3539 nostro
2234 3495 2328 3539 ’121311-

1269 3542 1384 3579 sumpto
1407 3541 1580 3572 concordare
1598 3564 1607 3579 ,
1631 3541 1736 3571 servata
1753 3542 1828 3580 Juris
1851 3542 1944 3573 forma
1965 3545 1995 3574 iii
2018 3545 2071 3577 hac
2094 3556 2168 3584 parte
2184 3548 2332 3585 requisita,

1267 3580 1456 3611 Decernimus
1477 3580 1571 3610 eidem
1592 3580 1688 3610 nostro
1711 3580 1904 3619 Transumpto
1923 3583 1989 3619 (cul
2011 3583 2134 3615 nostram
2150 3585 2270 3621 Regiam
2286 3587 2331 3615 in-

1265 3619 1440 3656 terponimus
1453 3618 1667 3654 auctoritatem)
1686 3618 1755 3649 ficut
1768 3619 1850 3649 dietis
1866 3620 1966 3650 Literis
1981 3621 2174 3658 Originalibus
2187 3623 2222 3652 de
2242 3632 2329 3655 caete-

1268 3668 1302 3687 ro
1319 3657 1432 3696 plenam
1455 3656 1540 3687 fidem
1556 3656 1745 3688 adhibendam
1762 3658 1877 3689 ubilicet
1889 3660 1919 3688 in
1937 3660 2060 3696 agendis.

1301 3696 1335 3726 In
1378 3705 1480 3726 uorum
1502 3696 1636 3725 omnium
1658 3695 1872 3727 Testimonium
1897 3697 1944 3728 has
1960 3699 2067 3729 Literas
2085 3697 2189 3728 nostras
2205 3697 2265 3729 fieri
2285 3698 2327 3730 fe-

1261 3735 1352 3779 cimus
1394 3743 1495 3765 atentes
1507 3757 1516 3772 ‚
1540 3733 1643 3764 nostrae
1661 3733 1763 3773 Regiae
1781 3734 1937 3773 Majestatis
1954 3737 2044 3774 Sigilli
2061 3736 2228 3776 appensione
2243 3748 2327 3769 cornn

1260 3780 1391 3803 munitas.

1301 3811 1368 3842 Dat.
1395 3812 1424 3841 in
1450 3809 1562 3841 Palatio
1582 3814 1661 3849 Regis
1679 3811 1786 3851 Wstm.
1805 3813 1928 3843 London.
1945 3813 2056 3851 Quarto
2078 3812 2135 3842 Die
2151 3811 2258 3845 Menfis
2273 3815 2328 3845 Fe-

1262 3851 1381 3887 bru-arii,
1401 3849 1491 3879 Anno
1505 3850 1630 3881 Domini
1648 3849 1820 3884 Msslefimo,
1841 3850 2128 3890 Quadringentesimo
2146 3850 2245 3883 Primo
2258 3876 2268 3892 ,
2287 3857 2327 3884 ie-

1261 3889 1389 3920 cundum
1405 3887 1662 3927 Computationem
1678 3888 1814 3921 Ecclesiae
1828 3890 2011 3930 Anglicanae,
2032 3888 2131 3927 Regni
2145 3893 2216 3922 vero
2233 3891 2326 3922 nostri

1262 3928 1351 3959 Anno
1363 3927 1473 3958 Tertio.

2285 4139 2331 4166 De

2383 289 2458 322 Anu.
2474 294 2513 333 D„

2406 340 2489 369 ¹40²·

2374 373 2440 398 Ιῖἐιὶ,
2448 381 2475 406 4

2371 1140 2483 1173 *VHL

2406 1191 2469 1217 24¹·
