2562 4274
68 1020 85 1038 θ
102 1019 156 1048 lx.

66 1058 132 1094 890.

70 1245 147 1278 Ann.
158 1244 199 1275 D.

96 1292 184 1323 1420.

65 1326 119 1352 Aa.
136 1326 165 1349 ὅ.

65 1404 108 1427 Ex
117 1398 182 1426 Bibl.

66 1441 124 1464 Cot.
141 1440 165 1464 T
175 1453 186 1458 -

67 1475 152 1503 bcrius
173 1479 203 1502 Β.

72 1515 98 1540 6.
107 1513 159 1549 fol.

70 1551 116 1586 76.
132 1555 163 1579 Β.

83 3604 161 3635 Ann.
174 3602 216 3634 D.

112 3650 198 3682 1420.

82 3686 135 3709 Aa.
152 3682 180 3708 8.

27 3760 30 3762 ’
83 3762 123 3785 Ex
132 3756 197 3784 Bibl.

83 3799 142 3823 Cot.
163 3797 212 3823 Ca-

85 3833 168 3869 ligula

83 3875 123 3899 D.
141 3880 168 3907 5.

101 3911 118 3926 ⁸
138 3909 191 3939 IX.

87 3946 153 3982 891.

792 111 900 152 ET
982 109 1245 151 ACTA

211 239 340 270 nostrum
362 238 406 269 vel
428 238 484 275 ejus
504 236 671 266 Concilium
698 235 812 265 Parisios
826 234 960 271 existens,
978 234 1057 270 super
1070 232 1265 263 Dissblutione

210 278 372 310 earumdem
387 276 582 314 Treugarum,
603 274 660 305 sive
682 273 804 304 Guerrae
826 272 1065 303 Abstinentiarum
1077 294 1087 310 ,
1102 272 1151 302 sub
1167 270 1265 308 Sigillo

210 316 309 347 nostro
323 314 585 350 certificaverimus,

248 354 304 384 Vel
323 354 399 383 idem
422 351 654 389 Consanguineus
678 348 774 386 noster
799 348 868 379 Nos
882 371 892 387 ,
907 347 957 378 sub
977 348 1074 388 Sigillo
1091 348 1141 379 suo
1155 370 1165 386 ,
1190 346 1267 387 parili

211 392 319 428 modo,
336 390 549 428 certificaverit,

246 430 284 460 Et
297 430 408 460 ulterius
417 451 426 467 ,
446 428 510 468 post
523 425 681 466 hujusmodi
689 423 949 462 certificationem,
968 425 1024 455 five
1037 424 1266 460 Intimationetn,

209 477 244 498 ex
266 477 320 497 una
344 467 388 498 vel
410 467 460 497 alia
483 474 560 504 parte
583 465 702 502 faciam,
720 472 749 494 ut
771 464 941 501 praedictum
964 463 1005 494 est
1020 486 1029 502 ,
1047 463 1174 502 Treugas
1195 463 1268 498 illas,

210 507 268 537 sive
288 505 411 536 Guerrae
434 504 640 540 Abstinentias,
658 504 776 539 integras
792 504 824 533 ὃ(
839 502 1012 532 inviolabiles
1025 511 1072 539 per
1084 501 1165 532 Oc'to
1183 500 1268 537 Dies,

211 552 316 575 extunc
332 543 494 575 immediate
507 543 668 580 sequentes,
685 541 774 571 teneri
787 540 918 571 volumus
933 542 966 572 ὃς
989 540 1086 571 durare
1103 541 1131 570 in
1149 540 1201 570 suis
1221 549 1268 568 ro-

213 584 284 614 bore
297 584 330 613 &
343 584 371 614 vi
391 592 442 612 ore

254 621 333 659 Qae
352 592 500 652 orgnnia'&
520 616 636 656 singula,
655 617 692 647 sic
713 615 885 655 Prorogata,
899 615 1016 647 Extensa
1032 639 1042 653 ,
1057 617 1090 647 &
1113 615 1269 654 Elongata‚

215 669 264 697 per
280 658 348 689 Nos
365 659 398 689 &
413 656 524 687 nostros
537 655 669 686 Subditos
685 655 879 685 promittimus
895 655 1002 685 Teneri
1018 656 1051 685 δε
1075 654 1272 685 inviolabiliter

213 697 382 766 &bservarss
397 705 429 726 ac
443 705 475 726 ea
492 694 598 725 Teneri
614 695 646 725 &
661 693 825 732 Observari,
844 693 959 724 firmiter
974 692 1166 732 injungendo,
1183 691 1271 722 Man-

234 744 320 766 amus.

252 772 286 803 In
301 772 397 810 cujus,
417 772 477 804 &c.

249 810 340 880 {feste
354 810 437 851 Rege
449 809 523 849 apud
534 808 639 841 Villam
647 808 728 849 fitam
742 808 775 839 de
791 811 892 839 Mante
905 808 1039 840 vicefimo
1053 815 1152 846 quarto
1169 807 1214 837 die
1230 806 1271 837 Α-

235 859 248 879 r
269 859 298 880 ts.

213 858 234 888 P
902 886 955 914 Per
966 883 1049 924 ith'tm
1061 888 1165 922 Regem.

215 1009 244 1036 ’ᾖ
269 1012 514 1044 Procuratoriusn
539 1007 584 1041 ad
604 1006 769 1041 videndum
797 1011 922 1053 Regem,
946 1011 983 1046 ᾤ’
1007 1010 1151 1055 Reginam
1174 1009 1270 1039 Fran-

263 1063 329 1101 tiae,
354 1061 391 1096 ὠ·
417 1059 534 1090 Ducem
561 1055 758 1104 Burgundiae‚
783 1055 922 1102 Jnrare,
943 1057 1039 1102 juxta
1070 1055 1203 1089 Modum
1233 1058 1270 1092 (ῥ’

264 1109 408 1141 Formam
430 1105 658 1151 appunlluaros,
681 1117 789 1137 necnon
808 1104 852 1138 ad
875 1103 1108 1138 concordandum
1138 1103 1174 1136 de
1197 1104 1272 1135 Loco

263 1152 794 1197 Convenrtontsfiendae.

220 1239 422 1302 HEnricus,
438 1237 497 1270 Dei
512 1238 612 1271 Gratia
647 1237 708 1269 ὅτε.
726 1236 889 1276 Omnibus,
906 1236 941 1267 ad
960 1246 1031 1276 quos
1052 1237 1199 1274 praesentes
1224 1235 1274 1265 Li-

313 1287 380 1308 terae
396 1279 593 1316 pervenerint,
611 1262 745 1308 Salutem.

260 1316 357 1347 Sciatis
373 1316 449 1354 quod
468 1316 552 1352 Nos,

257 1354 306 1385 De
327 1354 487 1392 Fidelitate,
507 1352 677 1389 Prudentia,
695 1351 729 1383 &
752 1350 1021 1388 circumspectionis
1043 1349 1197 1387 Industria,
1215 1348 1275 1380 Ve-

221 1393 348 1423 nerabilis
362 1393 391 1422 in
404 1392 522 1423 Christo
537 1392 640 1428 Patris,
657 1390 694 1429 J.
711 1391 829 1429 Episcopi
850 1389 992 1429 Roffenfir,
1012 1388 1148 1419 Custodis
1172 1389 1276 1419 Privati

223 1431 310 1470 Sigilli
326 1431 431 1469 nostri,
450 1430 578 1462 carissimi
590 1429 799 1467 Consanguinei
814 1428 901 1458 nostri
915 1427 1024 1457 Ricardi
1038 1430 1147 1456 Comitis
1165 1428 1276 1457 Warre-

220 1473 304 1537 Ζυίιῖἰ,
323 1479 373 1507 ac,
393 1468 577 1537 &ileos—otum
594 1469 627 1499 &
641 1466 985 1536 lfide‘lgictirzillffltlrorssm,
1002 1465 1143 1533 Jollclnzqzis
1166 1467 1278 1495 Domini

220 1518 281 1613 ῐιιὲη
294 1505 675 1613 οὲᾗέἕῗίίἑίενᾶξοιίηἶρἓᾏηῖ
683 1516 857 1611 ἰίιὶῑῇίυΐςιιῖειῑ
862 1516 916 1572 εἷς
930 1511 1091 1609 &olibrii-55¹
1102 1512 1278 1585 gil-“lllsl'agrllelcri

257 1593 307 1652 53¹3
322 1591 631 1659 ῶΐζέῑζεέωῃῗζξξαὶἓ
636 1589 1050 1650 2¹5⁰p53e’s21313312m8552‘ffin
1061 1589 1207 1661 ,Ρῖῗὲῖἶὲῖς
1214 1616 1276 1648 κα.

220 1659 272 1689 roli
286 1659 479 1699 Confhnguinei
493 1659 575 1700 nostri
586 1661 722 1697 Frmciae,
740 1658 773 1689 δε
787 1656 998 1688 Praecariffimae
1020 1656 1195 1694 Principiffae
1216 1657 1277 1697 Isa-

218 1697 296 1728 bellae
313 1696 485 1727 conthoralis
498 1708 552 1736 ejus
562 1721 572 1735 ,
735 1696 748 1700 ”

256 1734 303 1766 Ac
326 1735 359 1766 ad
383 1736 539 1766 videndum
562 1736 595 1766 &
615 1734 788 1766 audiendum
811 1744 877 1772 eos,
895 1734 928 1764 &
953 1732 1092 1764 Illustrem
1113 1732 1276 1772 Principem

217 1773 369 1812 Philippum
382 1777 484 1805 Ducem
500 1774 663 1812 Burgundiae
678 1772 928 1810 consanguineum
945 1772 1072 1802 nostrum
1088 1772 1273 1810 cariffimum,

219 1813 255 1844 δι’.
275 1821 375 1842 eorum
395 1812 564 1850 quemlibet,
579 1813 670 1850 jurare
690 1811 725 1842 ad
745 1811 846 1841 Sancta
869 1810 927 1840 Dei
946 1810 1135 1849 Euvangelia,
1154 1820 1203 1847 per
1228 1821 1277 1841 eos

218 1860 271 1894 cor
314 1850 402 1893 taliter
419 1850 569 1889 tangenda,
587 1851 660 1886 iuxta
673 1849 819 1887 Modum,
837 1851 909 1880 inter
918 1848 1278 1880 Ambaffiatores&Com-

219 1897 260 1919 mi
286 1897 358 1918 arios
377 1888 504 1925 nostros,
521 1898 553 1918 ac
576 1887 793 1918 Commiffarios
809 1888 854 1917 seu
878 1886 1034 1925 Deputatos
1049 1887 1130 1925 ipsius
1149 1887 1279 1918 Consan-

218 1926 318 1996 r‘ininei
337 1926 426 1957 nostri
452 1925 552 1957 Karoli
572 1929 694 1957 Franciae
706 1949 717 1964 ,
735 1936 823 1965 nuper
845 1925 1079 1964 Appunstuatum
1101 1926 1131 1955 in
1151 1924 1226 1956 Villa
1242 1926 1279 1956 de

256 1974 325 1995 recis

256 1987 386 2033 Necnon
403 2002 437 2033 ad
451 2001 756 2041 Communicandum,
774 2002 989 2040 Tractandum,
1007 2003 1041 2034 ὃς
1057 2001 1174 2034 finaliter
1195 2001 1279 2033 Con—

220 2040 412 2078 cludendum‚
430 2051 498 2072 cum
515 2041 763 2077 Procuratoribus,
781 2041 1007 2080 Commiffariis,
1025 2043 1058 2072 ὃς
1085 2040 1234 2079 Deputatis
1249 2051 1280 2071 e-

217 2079 328 2119 jusdem
345 2079 556 2119 Consanguinei
572 2080 659 2110 nostri
671 2079 770 2110 Karolt
789 2083 930 2118 Franciae,
946 2080 1057 2117 plenam
1080 2081 1113 2111 &
1138 2080 1280 2110 sufficien—

219 2126 279 2148 tem
303 2117 473 2149 Potestatem
496 2119 523 2147 in
546 2119 599 2149 hac
620 2128 696 2156 parte
718 2118 883 2150 habentibus
901 2119 937 2148 ab
957 2118 1079 2155 eodem,
1099 2118 1135 2148 de
1156 2118 1190 2149 &
1203 2118 1280 2154 supet

220 2155 308 2186 Loco
330 2165 460 2195 congruo
486 2156 520 2187 &
541 2159 732 2196 competenti,
752 2165 854 2187 mutuo
874 2166 908 2186 ex
929 2155 1074 2187 Consensu
1098 2156 1279 2192 nost-rorum,

219 2196 299 2231 Regis
320 2197 430 2225 Henrici
455 2194 626 2233 supradicti,
652 2195 685 2226 &
710 2195 817 2234 praefati
842 2193 1051 2234 Consanguinei
1073 2195 1161 2226 nostri
1182 2195 1281 2225 Karoli

221 2235 359 2271 Franciae,
377 2232 665 2271 Commissariorum,

261 2270 296 2301 In
320 2280 379 2308 quo
402 2270 485 2307 Nos,
503 2271 593 2302 dietus
614 2275 674 2302 Rex
697 2274 847 2310 Henricus,
866 2272 898 2303 &
921 2271 1027 2310 praefati
1048 2270 1282 2309 consanguineus

221 2308 318 2353 noster
328 2308 447 2339 Karalus
461 2311 582 2339 Franciae
596 2307 634 2345 ό·
648 2309 816 2340 Conthoralis
829 2321 902 2348 ejus,
921 2321 953 2341 ac
975 2310 1074 2340 Inclita
1093 2310 1189 2341 Puella
1212 2310 1281 2340 Do-

220 2357 301 2378 mma.
312 2349 451 2378 Katerina
465 2347 535 2377 Filia
550 2348 716 2378 eorumdem
726 2371 736 2386 ,
750 2349 782 2379 ὃς
798 2349 947 2386 Ρῑεεάἰᾶῗυε
967 2347 1204 2385 Consanguineus
1226 2359 1281 2379 no-

221 2385 279 2416 ster
291 2387 362 2430 Duae
378 2386 557 2424 Burgundiae,
573 2395 635 2422 aut,
653 2387 682 2417 in
707 2386 853 2418 Eventum
876 2387 1074 2425 Impedimenti
1097 2387 1179 2425 ipius
1196 2385 1281 2417 Con-

222 2423 268 2455 san
308 2425 363 2454 inei
381 2424 470 2454 nostri
495 2424 593 2454 Karoli
613 2428 753 2462 Franciae,
771 2425 865 2455 saltem
885 2426 989 2463 ptaefati
1005 2430 1008 2438 ¹
1026 2424 1195 2455 Corzthoralis
1207 2424 1263 2463 ejus

219 2462 258 2505 ὃς
297 2461 341 2491 ilia
355 2461 485 2493 Domina
498 2465 636 2493 Katerina
673 2464 705 2494 ὃς
722 2466 791 2493 Dux
805 2464 988 2501 Burgundiae„
1001 2448 1080 2493 ³Vice
1096 2466 1129 2495 &
1146 2448 1281 2494 Nomine

221 2499 348 2544 ejusdem
363 2499 573 2541 Consanguinei
589 2485 678 2532 noffri
691 2501 791 2531 Karoli
803 2505 925 2532 Franciae
942 2501 1119 2541 personaliter
1144 2502 1282 2533 debemus

222 2548 395 2577 convenire,

262 2575 395 2608 Necnon
409 2577 445 2607 de
461 2577 494 2608 δε
513 2577 594 2615 super
614 2578 750 2608 omnibus
768 2578 802 2609 ὃς
823 2578 934 2617 singulis
955 2577 1160 2617 Incidentibus,
1181 2578 1284 2609 Emer-

223 2616 372 2660 gentibus,
389 2616 423 2647 &
442 2615 582 2655 Annexis,
601 2617 629 2646 in
645 2616 697 2647 hac
712 2624 788 2654 parte
803 2617 975 2655 necessariis,
992 2617 1038 2647 seu
1062 2617 1283 2656 quomodolibet

219 2662 389 2691 oportunis,

263 2691 411 2728 PraeFatos,
431 2691 601 2730 Epfiopum,
620 2696 763 2730 Comitem,
780 2692 957 2731 Johannem,
972 2693 1141 2732 Gilbertum,
1161 2695 1204 2724 W
1203 2692 1283 2723 illie!-

225 2740 313 2767 mum,
331 2728 475 2768 Thamara,
494 2731 526 2761 &
542 2732 701 2769 Ricardum,
721 2732 791 2768 Sex,
811 2732 968 2770 Quinque,
987 2732 1137 2770 Qatuor,
1153 2733 1187 2763 δε
1211 2733 1284 2762 Tres

225 2767 412 2811 eorumdem,
432 2767 543 2798 nostros
559 2769 691 2800 Fecimus
712 2770 746 2801 &
768 2770 992 2808 Deputavimus‚
1008 2780 1041 2801 ac
1063 2780 1110 2808 per
1135 2770 1284 2801 Praelentes

226 2806 359 2874 facimus
373 2806 407 2836 ὅ(
423 2805 1083 2847 Deputamus,Commiffarios,Procuratores,
1099 2809 1132 2839 &
1148 2807 1182 2838 N
1186 2810 1283 2839 uncios

259 2854 318 2875 ecta
328 2854 369 2876 es:

239 2855 484 2926 pPrornittentes,
501 2883 530 2911 in
546 2880 646 2913 Verbo
661 2881 776 2920 Regio,
793 2883 863 2914 Nos
878 2884 1001 2923 Rarum,
1017 2884 1156 2921 Gratum,
1175 2885 1208 2915 &
1224 2885 1284 2915 Fir-

228 2929 311 2951 mum
325 2921 467 2952 habituros
482 2930 575 2951 toturn
590 2920 623 2951 ὃ(
639 2921 773 2959 quicquid
787 2932 837 2960 per
861 2922 1008 2959 praedictos
1018 2946 1027 2961 ,
1043 2923 1215 2962 Episcopum,
1235 2926 1284 2952 Ca-

228 2962 318 2988 mitem
334 2982 343 2997 ,
369 2958 519 2989 Gilbertum
534 2983 543 2996 ,
570 2959 746 2989 lVillielmum
765 2984 773 2996 ,
798 2964 825 2989 T
820 2960 927 2989 hornam
940 2984 950 2998 ,
966 2961 999 2991 ὃς
1019 2962 1180 2991 Richardum
1196 2984 1205 2999 ,
1229 2962 1284 2991 Sex

230 2997 387 3034 Quinque,
405 2998 556 3036 Qatuor,
573 3007 619 3027 aut
639 2998 715 3027 Tres
737 2999 924 3036 eorumdem,
944 2999 1068 3036 Αᾶυῐη,
1084 2999 1224 3037 Gestum,
1239 3000 1283 3031 seu

228 3034 409 3078 Conclusam
424 3037 507 3079 fuerit
526 3037 556 3066 in
571 3035 723 3066 Praemiffis
737 3037 770 3067 ὃ(
789 3036 898 3075 lingulis
910 3037 1086 3068 eorumdem.

267 3071 300 3102 In
314 3082 394 3111 cujus
407 3082 447 3102 ret
459 3073 656 3105 testimonium
671 3075 718 3105 has
731 3075 837 3105 Literas
852 3075 958 3106 nostras
974 3075 1033 3106 fieri
1049 3076 1169 3106 fecimus
1182 3074 1284 3105 Paten-

231 3119 282 3142 tes.

266 3147 357 3191 Teste
368 3148 482 3191 ‘meipso
494 3149 565 3187 apud
581 3150 701 3188 castrum
713 3151 828 3190 nostrum
844 3152 876 3181 de
890 3151 1015 3192 Pontoyse
1028 3150 1164 3183 vicesimo
1177 3151 1283 3183 oetavo

231 3185 291 3218 Die
304 3186 423 3225 Aprilis,
441 3187 531 3218 Anno
545 3187 641 3227 Regni
655 3188 743 3220 nostri
758 3190 885 3221 octavo.

1109 3268 1180 3303 Stop.

554 3389 660 3420 Litera
682 3391 782 3422 Ducis
805 3386 970 3422 Sabaudiae.

230 3477 269 3510 A
281 3471 440 3508 ‘Ti‘eshault
454 3476 490 3513 (ῤ’
504 3473 699 3519 Trespuiffitnt
717 3476 822 3506 Princo
839 3477 919 3507 Mon
929 3472 1079 3519 T'refthier
1094 3478 1279 3522 Segneur&

530 3522 630 3565 Coufin
645 3521 670 3554 le
691 3524 748 3570 Roy
763 3521 984 3568 d'Angleterre.

232 3607 418 3669 TRelhault
430 3605 468 3642 ὠ
482 3605 658 3646 Trespuifflznt
675 3608 784 3645 Prince,
793 3609 862 3636 Mon
876 3605 1014 3646 Trefihere
1028 3610 1151 3646 Seigneur
1165 3605 1203 3643 ό·
1216 3610 1282 3639 Cou-

305 3646 368 3687 fin,
380 3647 409 3685 je
424 3655 471 3676 me
482 3645 669 3676 Recomande
683 3655 698 3676 a
713 3654 785 3676 vous
796 3653 853 3675 tant
866 3655 952 3675 come
963 3647 992 3685 je
1008 3648 1076 3682 puis.

270 3683 310 3728 Et
330 3695 401 3715 vous
421 3685 509 3715 Plaise
528 3685 616 3715 savoir
634 3693 689 3721 que
711 3683 760 3722 i'ay
779 3682 880 3714 Receu
901 3692 959 3713 voz
978 3684 1129 3722 gracieuses
1150 3684 1259 3715 Lettres
1271 3709 1282 3723 ,

233 3722 299 3759 qu’il
310 3732 382 3754 vous
395 3732 411 3753 a
423 3723 487 3760 pleu
507 3723 524 3742 ³⁸
546 3731 614 3761 moy
628 3730 750 3760 envoyer
767 3731 829 3759 par,
846 3721 941 3752 vostre
959 3721 1070 3752 Escuier
1086 3724 1120 3755 &
1136 3723 1161 3753 le
1183 3722 1283 3761 Mien‚

232 3762 325 3827 Gugon
339 3761 371 3790 de
384 3763 563 3800 Rougemont,
579 3761 718 3792 Pourteur
731 3759 765 3790 de
782 3758 881 3790 Cestes
890 3783 899 3798 ,

295 3806 325 3827 ar
337 3798 376 3827 les
391 3799 493 3836 quelles
510 3809 580 3829 vous
591 3809 607 3829 a
620 3798 684 3837 pleu
698 3808 766 3838 moy
777 3798 845 3828 faire
858 3798 944 3828 savoir
959 3798 1054 3830 vostre
1066 3799 1124 3829 bon
1149 3798 1227 3830 Estat
1248 3799 1280 3830 &-

232 3835 334 3879 Sante,
352 3845 407 3879 que
423 3837 517 3867 nostre
530 3838 664 3877 Seigueur
674 3860 684 3875 ,
699 3846 746 3874 par
758 3836 807 3866 son
823 3836 923 3867 Benoit
936 3836 1038 3874 plaisir,
1056 3838 1158 3868 veullie
1172 3837 1281 3869 tousdiz

234 3880 381 3915 maintenir
391 3896 401 3911 ,
418 3873 455 3903 de
469 3875 533 3904 bien
546 3886 580 3905 en
596 3877 717 3913 mieulx,
735 3875 811 3905 selon
826 3875 920 3905 vostre
935 3876 993 3905 bon
1011 3874 1088 3906 desit.

273 3912 304 3941 Si
322 3921 392 3942 vous
410 3910 777 3954 Pryhtresaffedtueusement
803 3923 857 3950 que
884 3913 1083 3944 souventesfois
1109 3924 1182 3946 vous
1199 3913 1285 3945 Plaise

237 3959 306 4019 ῐηιὲγ
321 3959 356 3979 en
375 3957 544 3988 acertainer,
562 3962 633 3988 pour
650 3962 696 3983 ma
713 3951 911 3990 treffinguliere
925 3951 998 3991 Joye
1017 3952 1049 3982 &
1065 3950 1247 3984 Recreation.

299 3997 309 4017 t

319 4010 328 4024 ,
357 3996 444 4025 quant
460 3987 497 4018 de
514 3997 585 4020 mon
602 3989 680 4022 Estat
692 4013 703 4030 ‚
723 3989 902 4031 Trelputffiznt
917 3992 1013 4022 Prince
1026 4012 1037 4029 ,
1064 3990 1136 4023 dont
1153 4001 1202 4030 par
1220 4000 1286 4025 vos-

304 4028 375 4057 me.
393 4027 441 4057 IV.
460 4027 494 4058 Ρ.
513 4029 571 4058 ΠΙ.

1326 107 1796 149 PUBLICA.
2289 108 2367 151 169

63 198 193 233 Ann.D.
249 201 294 232 Ac
314 200 411 232 durare
432 198 566 230 volumus
584 197 730 236 quousque
751 196 819 226 Nos
840 195 987 233 praefatum
1012 193 1264 233 consanguineum
1304 202 1345 224 tre
1363 192 1534 235 Courtoysie
1547 191 1634 223 savoir
1651 202 1723 224 vous
1736 192 1822 230 plait,
1841 191 1866 230 je
1884 190 1949 230 suy,
1968 190 1993 220 la
2008 188 2084 220 Dieu
2100 187 2220 227 Mercy,
2238 197 2274 219 en
2288 189 2364 219 bon·
2383 184 2507 216 Ann.D.

80 248 166 279 1420.

61 284 126 308 Heu.
144 287 173 314 5.

2400 233 2413 254 1
2456 230 2485 253 0.

1345 268 1537 308 Treftxcellent
1560 269 1672 305 Prim,
1690 277 1776 305 quant
1797 267 1838 298 est
1853 277 1905 298 aux
1929 265 2074 303 Chouses,
2092 274 2147 302 que
2163 264 2199 294 de
2218 273 2265 300 par
2288 271 2362 294 vous
2380 232 2488 297 Ηεῖῗς-

1310 308 1365 337 m'a
1382 309 1577 345 Rappourteez
1591 307 1615 336 le
1629 307 1670 336 dit
1682 307 1821 346 Guyon,je
1837 306 1875 336 lui
1891 315 1922 344 ay
1939 305 1978 335 dit
1995 305 2036 335 sur
2052 303 2152 342 ycelles
2167 311 2237 332 mon
2254 301 2362 332 Enten-

1307 345 1369 375 tion
1393 347 1425 376 ἃ
1450 345 1610 382 Response:
1632 344 1668 374 Et
1689 345 1756 374 aussi
1778 354 1899 375 aucunes
1915 343 2014 375 aultres
2029 341 2170 378 Chouses‚
2187 340 2253 371 ainsi
2268 349 2323 378 que
2340 338 2366 370 Il

1308 393 1379 414 vous
1396 394 1497 421 pourra
1518 383 1712 421 Rappourrer,

1346 421 1426 452 Prest
1449 423 1586 459 tousjours
1606 421 1643 451 de
1666 421 1731 451 faire
1754 429 1846 450 toutes
1863 419 2009 456 Chouses,
2024 428 2037 447 a
2059 427 2130 448 vous
2151 416 2307 456 agreables,
2324 414 2361 446 de

1309 460 1421 490 tresbon
1437 460 1515 490 Cuer
1530 459 1660 489 Comme
1675 458 1731 488 scet
1745 458 1770 488 le
1783 458 1882 488 Benoit
1896 459 1973 488 Saint
1989 457 2111 495 Esperit,
2132 457 2181 493 qui
2197 466 2268 486 vous
2281 457 2360 485 alten

1309 499 1334 528 sa
1351 498 1434 528 sainte
1450 497 1564 535 Garde,
1583 498 1615 527 &
1631 506 1702 526 vous
1717 497 1796 526 doint
1810 498 1961 526 tresbonne
1976 495 2031 525 Vie
2044 495 2077 525 &
2093 495 2226 532 Longue.

1346 536 1453 574 Escript
1465 546 1481 566 a
1495 531 1678 566 Montmelian
1693 535 1719 564 le
1732 535 1827 566 xxviii.
1836 536 1900 572 jour
1913 533 2033 564 d'Auril.

1307 242 1342 262 ne
1362 234 1443 261 sante.

1350 612 1402 642 LE
1424 612 1511 642 Duc
1531 621 1579 642 DE
1599 611 1645 641 SA
1658 620 1754 648 vor,
1771 610 1804 639 de
1821 609 1949 649 Cheblays
1970 607 2007 643 &
2032 608 2129 648 Doulle
2155 610 2265 646 Prince,
2284 610 2369 638 Mar-

1311 654 1369 690 quis
1383 661 1416 680 en
1432 650 1531 688 Ytalie,
1547 654 1630 680 conte
1647 649 1679 679 de
1695 651 1816 678 Piemont
1828 647 1866 682 (ἐν
1882 648 1913 677 de
1926 650 2067 686 Genneue,
2086 654 2146 677 tout
2158 646 2255 685 Vostre.

2020 722 2263 754 Botonran.

1584 853 1644 883 Pro
1666 845 1938 891 Ambizffiffztorilms
1961 849 2101 880 Francia.

1316 933 1433 992 REX
1443 958 1452 973 ,
1470 944 1519 973 per
1533 934 1637 965 Literas
1650 934 1706 964 suas
1723 934 1868 972 Patentes,
1884 932 1969 971 usque
1981 932 2098 963 Sextum
2114 930 2204 961 Diem
2219 929 2289 960 Maii
2300 939 2366 968 pro-
2385 925 2461 956 Ann-
2476 924 2520 956 D:

1395 975 1474 1004 ximo
1489 974 1616 1003 futurum
1635 972 1793 1009 duraturas,
1813 972 1928 1009 suscepit
1949 973 1978 1001 in
1999 970 2102 1001 salvum
2115 993 2124 1008 ,
2141 970 2203 1000 &c.
2224 968 2367 999 Venerabi-
2407 972 2493 1002 1420-

1312 1010 1363 1041 lem
1377 1016 1474 1042 Virum
1489 1011 1686 1041 cancellarium
1698 1010 1908 1049 Consanguinei
1920 1012 1999 1047 Regis
2010 1012 2130 1038 Francia
2144 1007 2272 1038 Primum
2293 1007 2370 1036 Prae-
2387 1007 2437 1030 Aa,
2455 1003 2483 1030 8·

1315 1049 1449 1081 fidentem
1471 1049 1666 1086 parliamenti,
1683 1050 1806 1079 Lourdin
1829 1049 1861 1078 de
1885 1048 1991 1087 Saligny
2017 1047 2143 1077 Militem
2179 1048 2317 1083 Hugonem
2337 1045 2369 1074 de
2391 1044 2421 1068 H·
2439 1050 2465 1076 5·
2516 1082 2519 1084 ,

1315 1090 1430 1129 Lannoy
1449 1087 1592 1125 Militem,
1608 1086 1768 1125 Johannem
1783 1087 1814 1116 de
1837 1090 1886 1116 Me
1899 1086 1944 1116 vil
1959 1085 2083 1115 Militem
2094 1109 2102 1124 ,
2125 1069 2293 1123 Magistrum
2314 1083 2370 1122 Jo-
2390 1085 2466 1106 N‘WW
2491 1077 2518 1106 8-

1314 1125 1431 1156 hannem
1445 1125 1470 1154 le
1487 1126 1579 1163 Clerc,
1598 1125 1759 1165 Magistrum
1772 1124 1870 1155 Guillie
1881 1136 1951 1154 mum
1963 1123 1987 1153 le
1999 1123 2073 1153 Clerc
2084 1146 2092 1161 ,
2109 1122 2268 1162 Johannem
2282 1125 2370 1152 Guer-
2389 1122 2423 1144 Η·
2450 1125 2466 1152 5
2470 1138 2476 1142 ·
2494 1121 2521 1153 Ρ·

1315 1167 1376 1202 rin,
1396 1163 1567 1202 Magistrum
1590 1165 1700 1192 Petrum
1719 1166 1750 1194 a'e
1768 1166 1897 1204 Marigny
1913 1186 1923 1201 ,
1940 1161 2100 1201 Johannem
2125 1161 2148 1190 le
2170 1165 2254 1199 Gors,
2274 1160 2372 1198 Magi·
2393 1164 2461 1186 hm·
2476 1161 2505 1189 ⁷·

1316 1202 1405 1233 strum
1418 1201 1578 1240 Johannem
1593 1201 1693 1238 Milet,
1711 1203 1743 1232 ὃς
1758 1201 1931 1236 Magistrum
1947 1200 2107 1240 Johannem
2126 1202 2159 1229 de
2175 1199 2272 1237 Rinel,
2287 1198 2372 1236 usque

1318 1239 1423 1270 Villam
1440 1240 1527 1278 Regis
1541 1240 1577 1269 de
1591 1238 1737 1276 Pontoise,
1753 1239 1786 1268 ad
1802 1239 1978 1270 Praesentiam
1994 1240 2066 1270 suam
2076 1264 2084 1276 ‚
2102 1248 2169 1268 cum
2191 1237 2319 1268 Centum
2339 1238 2373 1268 δε

1319 1278 1533 1316 Quinquaginta
1556 1277 1682 1307 Personis
1702 1278 1731 1307 in
1753 1275 1899 1307 Comitiva
1921 1277 1982 1315 sua,
2000 1278 2044 1308 vel
2064 1277 2152 1312 infra,
2174 1276 2310 1312 Armatis,
2328 1275 2374 1306 vel

1319 1327 1377 1347 non
1403 1318 1542 1354 Armatis,
1557 1325 1590 1346 ac
1613 1325 1682 1346 cum
1705 1315 1810 1352 Equis,
1829 1315 1981 1353 Manticis,
1998 1315 2118 1352 Bogeis,
2133 1314 2236 1353 Bonis,
2254 1314 2373 1352 Rebus,

1315 1354 1461 1393 Jocalibus
1485 1357 1517 1385 ὃ(
1542 1354 1598 1384 aliis
1615 1353 1756 1384 Herneliis
1769 1352 1820 1383 suis
1835 1353 2074 1391 quibuscumque,
2092 1353 2250 1391 veniendo,
2267 1352 2374 1383 ibidem

1319 1394 1477 1432 morando,
1493 1394 1525 1423 &
1540 1391 1656 1431 exinde,
1676 1401 1734 1423 tam
1751 1401 1800 1430 per
1815 1392 1958 1430 Terram,
1979 1401 2065 1430 quam
2082 1401 2130 1429 per
2146 1390 2279 1430 Aquam,
2297 1390 2373 1423 salvo

1320 1434 1353 1464 δε
1366 1433 1459 1462 secure
1475 1431 1635 1468 redeundo,

1355 1470 1474 1501 Proviso
1488 1470 1596 1507 semper
1613 1468 1691 1506 quod
1707 1468 1758 1507 ipsi
1776 1469 1947 1506 quicquam,
1963 1467 2025 1499 &c-

1359 1508 1397 1540 Et
1410 1508 1443 1538 In
1459 1508 1538 1545 cujus
1549 1530 1559 1545 ,
1577 1508 1639 1539 &c.

1358 1546 1449 1578 Teste
1461 1544 1543 1586 Rege
1557 1546 1630 1584 apud
1646 1544 1754 1576 Villam
1761 1543 1842 1584 fitam
1856 1545 1888 1574 de
1903 1542 2025 1584 Pontoifi’
2041 1543 2113 1573 xxix.
2129 1542 2176 1573 die
2192 1542 2304 1582 Aprilis.

2000 1623 2054 1650 Per
2068 1619 2152 1660 ipfhm
2170 1622 2275 1658 Regem.

1416 1751 1474 1782 Pro
1491 1747 1628 1794 Epifiopo
1645 1744 1865 1789 Constantienst,
1891 1743 1927 1777 de
1944 1747 2135 1777 Sacramenta
2147 1742 2282 1790 praestito.

2394 1812 2470 1843 Ann.
2485 1813 2528 1845 D„‘

2394 1861 2510 1918 Αιιμὲο.

2397 1903 2436 1956 Hit
2443 1912 2491 1964 .5-·

2393 1967 2459 1997 ibid.

1324 1831 1442 1888 REX
1459 1832 1620 1869 Omnibus,
1636 1831 1671 1862 ad
1688 1840 1776 1869 quOS,
1796 1830 1858 1860 &c.
1876 1829 2008 1860 Salutem.

1422 1870 1519 1901 Sciatis
1538 1872 1616 1908 quod
1627 1893 1636 1907 ,

1358 1907 1416 1939 Pro
1429 1918 1466 1939 eo
1481 1909 1574 1947 quod,
1593 1907 1767 1939 Venerabilis
1784 1907 1812 1936 in
1828 1904 1945 1935 Christo
1959 1902 2239 1943 Pater,Pandulphu5
2249 1928 2257 1943 ,
2269 1902 2378 1944 Episto-

1337 1957 1367 1977 us
1380 1946 1600 1987 Constancienfis,
1619 1947 1833 1977 Sacramentum
1851 1944 2018 1982 Fidelitatis,
2037 1945 2143 1973 ratione
2163 1945 2191 1972 T
2194 1945 2377 1981 emporalium

1350 1985 1506 2023 piscopatus
1519 1985 1655 2024 sui,i-nfra
1671 1984 1818 2014 Ducatum
1834 1982 1962 2013 nostrum
1975 1982 2166 2012 Normanniae
2182 1982 2376 2019 existentium,

1322 2024 1406 2054 nobis
1423 2025 1490 2054 fecit
1504 2025 1537 2055 &
1553 2023 1695 2062 praestitit,

1363 2062 1409 2093 Ad
1426 2061 1503 2100 quod
1519 2062 1635 2100 quidem
1651 2061 1862 2091 Sacramentum
1876 2058 1997 2089 eundem
2012 2056 2183 2096 Episcopum
2205 2058 2380 2096 Recepimus

1324 2101 1357 2132 &
1377 2100 1563 2137 Admifimus,
1586 2099 1685 2130 nostro
1699 2100 1731 2130 δε
1746 2099 1837 2128 alieno
1850 2097 1919 2135 Jure
1933 2097 2026 2132 salvo,

1362 2139 1412 2169 De
1431 2138 1530 2169 Gratia
1549 2137 1644 2168 nostra
1662 2136 1792 2174 speciali,
1809 2135 1977 2174 Concefflmus
1994 2133 2111 2172 praefato
2136 2133 2261 2174 Eptflopo
2282 2135 2380 2166 omnia

1323 2177 1504 2215 Temporalia
1517 2176 1698 2214 Episcopatui
1712 2175 1761 2205 suo
1777 2173 2005 2211 praedi6t0,infra
2014 2172 2158 2203 Ducatum
2171 2177 2299 2203 nostrum
2307 2182 2378 2210 prae-

1323 2216 1452 2252 dictum,
1469 2215 1709 2252 qualitercumque
1730 2213 1893 2253 pertinentia
1915 2212 1971 2244 five
1993 2212 2143 2249 spec-lautia
2157 2233 2167 2249 ,
2185 2212 2321 2242 Habenda
2343 2211 2380 2242 de

1326 2254 1421 2285 Dono
1434 2253 1542 2283 nostro.

1362 2292 1394 2322 In
1408 2294 1504 2329 cujus,
1524 2292 1584 2322 &c.

1364 2330 1454 2361 Teste
1471 2329 1553 2369 Rege
1567 2329 1639 2368 apud
1655 2327 1775 2369 Castrum
1781 2327 1860 2368 suum
1874 2327 1907 2358 de
1925 2326 2046 2366 Pontoift'
2060 2327 2154 2364 primo
2172 2326 2232 2358 Die
2249 2325 2332 2358 Maii.

1326 2407 1421 2469 ET
1444 2406 1614 2438 Mandatum
1641 2405 1681 2436 est
1704 2408 1812 2435 Decano
1840 2403 1879 2439 &0
1903 2402 2027 2441 Capitulo
2049 2403 2182 2434 Ecclesiae
2208 2402 2382 2435 Cathedralis

1403 2445 1646 2483 constanciensis,
1662 2454 1777 2474 necnon
1790 2443 1921 2473 universis
1935 2444 1968 2473 &
1984 2444 2092 2479 lmgullx
2119 2442 2273 2480 Militibus,
2293 2442 2382 2472 Libe-

1325 2486 1361 2515 ris
1383 2485 1579 2521 Hominibus,
1598 2484 1629 2514 ὃς
1654 2482 1786 2513 omnibus
1807 2481 1864 2511 aliis
1884 2480 1914 2511 T
1915 2480 2063 2511 enentibus
2090 2480 2272 2517 Episcopatus
2297 2481 2382 2510 Con-

1324 2523 1500 2560 stancicnlis,
1519 2524 1550 2553 &
1565 2531 1666 2552 eorum
1685 2522 1819 2558 cuilibet,
1834 2518 1913 2557 quod
1937 2519 2030 2548 eidem
2055 2517 2224 2556 pandulpho,
2247 2528 2380 2556 tanquam

1326 2561 1466 2599 Episcopo
1480 2561 1659 2598 Episcopatus
1672 2559 1813 2596 praediffi,
1831 2559 1859 2587 in
1881 2558 2015 2587 omnibus
2041 2566 2105 2594 quae
2127 2560 2160 2586 ad
2180 2556 2380 2594 Episcopatum

1325 2600 1404 2630 illum
1419 2601 1576 2637 pertinent,
1596 2597 1773 2629 Intendentes
1798 2597 1868 2634 sint,
1885 2594 2079 2633 obedientes,
2096 2596 2129 2626 &
2152 2593 2384 2633 Respondentes,

1327 2647 1411 2677 prout
1429 2638 1528 2676 decet,

1365 2675 1454 2707 Teste
1469 2685 1500 2707 ut
1512 2676 1600 2715 supra.

1327 2753 1345 2773 ²*
1366 2753 1453 2814 ET
1473 2751 1644 2784 Mandatum
1666 2751 1706 2782 est
1730 2749 1861 2781 univerfis
1874 2749 1907 2781 δε
1921 2748 2030 2788 singulis
2046 2747 2171 2786 Ballivis,
2192 2748 2381 2779 vicecomiti·
2397 2735 2412 2752 ⁸*
2427 2735 2479 2763 Μ’

1442 2793 1511 2829 bus,
1530 2790 1699 2827 officiariis,
1718 2791 1751 2821 &
1772 2787 1909 2819 Ministris
1934 2787 2090 2831 Regnum¹
2103 2786 2273 2828 ,Militibuffi
2295 2787 2378 2817 Libe-
2395 2774 2459 2808 89²·

1325 2832 1360 2861 ris
1379 2830 1608 2868 Hominibus,&
1621 2829 1755 2859 omnibus
1771 2828 1828 2857 aliis
1843 2826 2021 2856 Tenentibus
2036 2823 2223 2863 episcopatis
2237 2824 2381 2856 Constan-

1327 2869 1441 2906 ciensis,
1461 2870 1488 2898 in
1505 2868 1598 2898 lnsulis
1612 2867 1648 2897 de
1656 2866 1762 2905 Gersey
1778 2864 1981 2902 &Garnesey‚
1999 2865 2032 2895 δε
2049 2873 2147 2893 eorum
2163 2864 2379 2902 cuilibet,quod

1326 2909 1418 2938 eidem
1442 2905 1600 2944 pandulpho
1613 2927 1622 2943 ,
1650 2913 1784 2942 tanquam
1810 2902 1953 2940 Episcopo
1984 2901 2165 2944 Episcopatus
2187 2902 2309 2939 praedicti
2325 2924 2334 2939 ,
2350 2904 2379 2932 in

1326 2946 1478 2982 omnibus,
1498 2955 1561 2982 quae
1575 2944 1607 2973 ad
1624 2942 1823 2982 Episcopatum
1838 2941 1916 2971 illum
1939 2948 2095 2977 pertinent,
2113 2940 2283 2971 intendentes
2309 2942 2378 2977 lint,

1325 2983 1514 3020 Obedientes,
1533 2983 1565 3012 ὃ(
1588 2980 1817 3018 Respondentes,
1836 2987 1921 3016 prout
1941 2979 2045 3014 decet,
2064 2988 2097 3008 ac
2124 2979 2245 3008 eundern
2268 2977 2376 3018 Episto-

1319 3030 1384 3060 pum
1399 3022 1427 3050 in
1442 3020 1608 3058 Episcopatu
1626 3019 1676 3049 suo
1690 3018 1842 3056 praedicto,
1859 3024 1905 3046 aut
1928 3017 1955 3045 in
1972 3016 2094 3053 ejusdem
2114 3015 2291 3047 Pertinentiis
2314 3018 2377 3054 qui-

1327 3061 1514 3097 buscumque,
1534 3068 1593 3088 non
1609 3057 1791 3094 perturbent,
1807 3053 1957 3097 molestent
1979 3055 2007 3083 in
2032 3055 2141 3092 aliquo,
2162 3054 2206 3084 seu
2229 3055 2376 3091 inquietari

1326 3099 1489 3136 permittant
1508 3107 1523 3127 a
1545 3104 1747 3134 quocumque,
1766 3093 1820 3130 set,
1839 3095 1858 3123 {i
1881 3093 2062 3130 Episcopatus
2076 3093 2135 3121 suus
2148 3092 2313 3132 praedic-lus,
2331 3092 2376 3122 vel

1324 3136 1427 3174 aliquid
1448 3135 1584 3173 ejusdem,
1605 3134 1636 3164 fit
1655 3133 1689 3163 ad
1708 3133 1765 3162 hoc
1789 3131 1959 3170 Impeditus,
1975 3131 2003 3160 id
2025 3130 2149 3169 Epifiopo
2168 3131 2303 3160 antediaelo
2326 3130 2377 3162 de-

1324 3175 1460 3210 liberent,
1478 3173 1523 3203 seu
1538 3173 1683 3202 deliberari
1702 3171 1804 3202 faciant
1822 3169 1944 3200 indilate.

1361 3212 1449 3243 Teste
1464 3221 1493 3242 ut
1507 3210 1593 3250 supra.

1326 3289 1413 3350 ET
1433 3288 1602 3320 Mandatum
1617 3285 1659 3317 est
1680 3285 1841 3316 Praelidenti
1861 3284 1895 3314 ὃς
1917 3282 2058 3314 Gentibus
2082 3281 2118 3312 de
2143 3280 2264 3313 Camera
2285 3282 2373 3323 Regis

1402 3326 1480 3358 Com
1502 3336 1631 3363 otorum,
1649 3334 1763 3355 necnon
1778 3323 1908 3354 universis
1919 3322 1952 3352 &
1962 3321 2068 3360 lingulis
2077 3320 2199 3361 Ballivie,
2209 3320 2373 3352 Vicecomi-

1323 3368 1416 3403 tibus,
1437 3366 1466 3395 O
1501 3367 1610 3402 ciariis,
1629 3365 1661 3395 ὃς
1690 3361 1826 3392 Ministris
1845 3361 1931 3398 Regis
1945 3383 1954 3397 ,
1972 3358 2048 3397 quod
2068 3360 2150 3397 ipJum
2171 3359 2323 3398 Epist-«pum
2344 3362 2372 3389 in

1324 3404 1493 3442 Episcopatu
1516 3404 1565 3433 suo
1587 3401 1743 3439 praedicto,
1761 3409 1808 3430 aut
1829 3401 1858 3428 in
1877 3399 1978 3428 eisdem
1998 3397 2174 3428 pertinentiis
2193 3408 2228 3434 qu
2242 3401 2374 3427 burcum-

1323 3453 1395 3481 que,
1413 3453 1472 3472 non
1489 3442 1666 3480 perturbent,
1686 3439 1851 3474 molestent,
1870 3445 1914 3466 aut
1929 3437 2104 3473 inquietent,
2125 3436 2167 3465 vel
2181 3437 2373 3473 turbari,mo-

1322 3480 1428 3519 lestari,
1446 3481 1491 3511 seu
1510 3480 1653 3517 inquinari
1668 3478 1828 3514 permittant
1845 3486 1860 3504 a
1872 3484 2073 3512 quocumque,
2092 3473 2147 3512 set,
2166 3473 2372 3511 nEpiscopatus

1322 3519 1383 3550 suus
1406 3519 1570 3556 praedictus,
1588 3517 1632 3547 vel
1656 3515 1758 3552 aliquid
1779 3514 1919 3552 ejusdem,
1940 3512 1971 3542 sit
1997 3513 2024 3541 in
2043 3513 2138 3549 aliquo
2154 3511 2324 3549 Impeditus,
2342 3510 2372 3541 id

1323 3556 1445 3596 Epa‘fiupo
1458 3556 1593 3586 antediblo
1606 3554 1759 3584 deliberent
1767 3575 1776 3590 ,
1794 3552 1840 3582 seu
1852 3551 1997 3584 deliberari
2011 3550 2112 3581 faciant
2123 3550 2241 3579 indilate.

1360 3604 1450 3635 Teste
1466 3613 1495 3634 ut
1509 3603 1595 3641 supra.

1590 3744 1649 3775 Pro
1668 3739 1789 3775 Abbati·
1807 3741 1844 3775 de
1864 3745 1991 3774 Mortuo
2007 3741 2109 3772 Mari.

1327 3834 1446 3893 REX
1463 3834 1626 3880 OmnibuS,
1643 3833 1678 3865 ad
1694 3844 1783 3873 quos,
1804 3833 1864 3863 &c.
1879 3831 2012 3862 Salutem.
2393 3831 2469 3864 Am,-
2479 3833 2519 3863 1)-

1424 3874 1519 3904 Sciatis
1536 3874 1631 3911 quod,
1793 3902 1796 3904 ,
1921 3907 1927 3913 ,
1951 3907 1956 3913 ,
2116 3906 2122 3911 ,
2138 3906 2144 3912 ,
2411 3881 2497 3911 1420.

1362 3912 1411 3956 De
1424 3910 1527 3942 Gratia
1540 3911 1637 3942 nostra
1649 3909 1773 3949 speciali,
1790 3909 1823 3939 &
1839 3915 1870 3938 ut
1887 3906 2029 3937 Dwmum
2044 3905 2195 3938 Servmum
2208 3915 2241 3938 ac
2255 3907 2375 3939 aliaPie-
2390 3914 2439 3938 An.
2459 3911 2486 3938 8.

1327 3950 1643 4026 taticsssiess‚Abbatiae
1668 3986 1858 4052 Μοντνὲνπαῑτρε
1881 3981 2073 4015 Cistercienfis
2094 3981 2211 4015 Ordinis
2234 3984 2332 4054 (quae,F
2342 3985 2377 4014 de
2395 3954 2481 4013 Zis-

2333 4033 2384 4054 ΠΗ·
2396 4034 2432 4054 ΠΙ.
2455 4033 2498 4052 12,
