2562 4274
752 157 1170 201 ETACTA
1245 157 1713 201 PUBLICA.
2300 171 2350 211 59

42 229 120 262 Ann·
133 231 175 263 D·
190 250 273 280 rum,
291 250 393 273 ornnes
404 241 437 272 δε
453 242 552 280 singuli
565 242 672 272 Subdtti
691 242 759 273 dieti
780 246 904 273 Dominis
927 247 1004 281 Regis
1023 247 1062 273 ire
1085 254 1116 273 ac
1134 243 1246 279 venire,
1286 247 1352 273 mini
1367 247 1466 282 Ducis,
1484 244 1528 273 seu
1544 244 1612 274 locis
1629 244 1677 274 sub
1692 245 1773 275 dietis
1785 242 1906 284 Treugis
1928 242 2151 282 comprehensis,
2169 241 2215 273 liat
2230 240 2339 273 Vendi-
2366 239 2441 269 Ann-
2456 237 2497 270 D³

71 277 158 308 1414·
187 281 278 310 facere
293 282 326 312 &
339 289 468 311 exercere
482 281 527 310 sua
545 281 693 319 Negotia,
713 280 820 319 Operas
843 283 876 312 δε
900 281 1117 312 Marchandizas
1130 280 1248 310 Victua-
1287 283 1328 311 tio
1345 305 1354 319 ,
1382 282 1556 319 Distradtio,
1574 292 1619 312 aut
1636 283 1726 321 aliqua
1748 284 1888 314 Alienatio
1913 283 2059 314 Bonorum
2083 282 2240 320 hujusmodi
2261 283 2338 321 super
2388 285 2473 315 1414·

46 312 110 336 Hm·
123 319 141 345 5
144 332 152 339 ·
185 319 270 357 lium,
288 322 321 348 ὀί
335 319 448 360 aliarum
460 328 558 360 *rerum
575 328 817 357 quarumcumque
839 319 976 349 licitarum
994 321 1027 350 ὃ(
1043 330 1102 350 non
1124 318 1250 357 prohibi-
1290 321 1426 358 Anglicos
1439 328 1607 358 captorum,
1625 330 1678 350 nec
1692 322 1796 352 debent
1812 322 1867 359 hii,
1889 323 1936 359 qui
1953 331 1999 360 per
2022 321 2167 358 Emprilias
2181 320 2338 356 hujusmodi
2356 320 2417 344 Ham.
2434 326 2451 351 5
2456 339 2461 344 ·

187 367 278 388 tarum
297 356 466 393 (cujusmodi
487 356 548 386 sunt
562 356 738 394 Armaturae,
757 357 916 395 Artellaria,
934 359 967 388 &
989 358 1048 388 aliae
1072 358 1129 387 Res
1151 356 1251 386 similes
1290 358 1371 395 ipsius
1388 362 1499 388 Domini
1514 361 1589 394 Regis
1605 358 1736 389 Subditos
1750 360 1960 398 quoscumque,
1976 361 2006 389 in
2021 361 2110 390 Terra
2133 360 2151 378 ²*
2166 360 2210 389 vel
2232 360 2259 387 in
2277 357 2343 387 Ma-
2362 355 2380 373 ³¹*
2392 356 2433 383 lX
2452 355 2499 391 85:

187 395 354 431 invasibiles)
373 393 449 424 salvo
463 395 496 426 &
511 395 622 433 secure,
640 396 743 432 absque
759 394 864 425 offensa
885 396 1023 435 Corporis
1038 396 1084 425 vel
1100 399 1252 432 Bonorum,

191 431 339 464 Solvendo
355 431 538 463 solummodo
554 432 678 464 Deveria
692 436 725 464 &
741 434 804 463 alias
819 433 971 465 Custumas
985 434 1073 465 solitas
1087 434 1120 464 &
1134 434 1253 463 consue-

192 480 248 507 tas;

234 508 354 540 Proviso
366 508 472 546 semper
494 510 574 547 quod
588 509 678 540 nullus
695 509 881 541 Subditorum
897 511 963 541 dieti
978 513 1089 541 Domini
1104 512 1182 547 Regis
1198 510 1254 547 (ex—

196 548 286 586 ceptis
306 547 526 580 Mercatoribus)
553 549 667 578 intrabit
833 548 988 588 Civitates,
1015 549 1100 579 Villas
1119 558 1257 585 muratas,

197 585 341 616 Fortalitia
362 585 430 616 dieti
446 589 557 616 Domini
571 589 674 624 Ducis,
692 586 795 625 absque
815 587 942 618 Licentia
963 589 1009 618 vel
1031 586 1177 617 Consensu
1193 586 1258 616 Do-

197 625 344 654 minorum
357 624 401 654 vel
415 623 638 663 Capitaneorum
654 625 819 655 Castrorum
831 648 840 663 ,
860 626 995 657 Villarum
1006 649 1016 664 ,
1031 625 1188 655 Civitatum
1197 623 1258 662 ,vel

200 662 411 693 Fortalitiortim
430 662 604 701 hujusmodi,
621 663 670 692 vel
684 663 803 694 aliorum
824 663 858 694 ad
880 665 936 695 hoc
959 663 1129 695 Potestatem
1153 663 1258 693 liaben-

202 701 291 739 tium,
301 700 366 741 five
379 710 478 730 eorum
493 701 574 731 Loca
589 703 763 740 tenentium,
781 713 827 733 aut
842 701 1055 742 Occupantium
1072 703 1184 732 eadem:

235 738 275 769 Et
289 742 308 768 li
323 738 413 777 aliqua
422 737 560 777 Persona,
578 738 654 777 Res,
672 739 768 779 Bona,
785 740 867 770 Villae
882 750 1015 778 muratae,
1034 740 1194 775 Fortalitia,
1212 738 1257 768 seu

201 776 337 807 Civitates
351 777 492 814 praedie‘tae
500 777 718 817 Capiantur,vel
734 787 833 809 contra
847 780 970 810 formam
979 778 1155 818 praesentium
1163 777 1259 806 Treu-

202 823 300 855 garum
314 815 360 845 seu
374 815 564 846 Abstinentiae
578 815 751 847 Guerrarum
765 820 793 847 in
807 818 901 854 aliquo
919 818 1010 855 (quod
1027 816 1106 852 abiit)
1125 816 1206 845 fuerit
1219 822 1261 844 at-

203 862 374 890 temptatum
397 864 568 894 quocunque
593 855 685 885 modo
699 880 708 892 ,
736 856 854 885 durante
873 864 1001 894 tempore
1022 853 1197 892 supradksto,
1215 852 1263 882 fiat

201 890 402 931 Reformatio,
420 892 592 931 Restitutio,
603 894 636 924 &
655 893 809 932 Reparatio
821 892 922 931 absque
937 893 1033 931 aliquo
1050 891 1180 928 defectu,
1195 900 1262 921 orn-

205 931 288 961 nibus
301 929 370 960 dolo
386 932 418 962 &
432 931 526 962 fraude
541 934 569 961 in
582 941 613 962 ea
630 941 705 969 parte
720 931 904 968 cessantibus,

203 1004 206 1006 v
241 967 281 998 Et
307 968 415 1007 insuper
435 968 634 1000 Consenfimus
654 971 687 1000 ὃ(
710 968 974 1007 Concordavimus,
1001 979 1055 1006 ac,
1084 968 1260 999 Auitoritate

204 1006 264 1044 qua
283 1006 379 1046 supra,
405 1006 607 1038 Consentimus
628 1008 660 1038 &
682 1006 902 1037 Concordamus
921 1007 1018 1046 quod,
1036 1016 1150 1046 propter
1174 1007 1262 1044 aliqua

202 1043 309 1084 Fausta,
327 1046 515 1085 Attemptata,
534 1047 580 1075 seu
595 1044 780 1083 Depraedata,
798 1046 817 1075 si
838 1055 903 1083 quae
923 1047 992 1076 infra
1008 1055 1117 1083 tempus
1132 1045 1261 1084 Treuga-

205 1084 478 1123 rumpraesentiurn,
495 1093 593 1113 contra
608 1092 736 1113 tenorem
753 1084 933 1121 earumdem,
944 1086 1157 1120 intervenerint,
1173 1083 1261 1122 (quod

204 1122 284 1158 absit)
302 1132 362 1152 non
384 1132 420 1152 eo
441 1130 593 1164 praetextu,
612 1121 704 1152 velex
724 1122 800 1160 hoc,
814 1123 936 1161 Treugae
957 1123 1100 1162 praesentes
1121 1132 1173 1160 pro
1199 1123 1264 1152 Fra-

58 1167 136 1196 ⁸1x‚
146 1167 195 1203 84⁷,
206 1160 260 1192 <Sitis
275 1161 320 1191 vel
332 1160 446 1190 lnfeffis
459 1169 489 1189 1n
504 1160 593 1198 aliqua
607 1160 645 1190 sui
660 1169 736 1197 parte
749 1161 926 1191 habebuntur
936 1184 945 1199 ,
960 1171 1014 1192 nec
1030 1170 1063 1191 ex
1076 1161 1126 1190 illo
1141 1166 1156 1177 ³⁶
1174 1162 1264 1197 capite

203 1209 259 1236 una
272 1209 332 1238 pars
347 1207 446 1229 contra
461 1198 541 1228 aliam
550 1198 690 1228 Guerram
702 1199 785 1229 faciet
799 1208 844 1229 aut
859 1200 1022 1237 inchoabit3
1037 1200 1081 1229 sed
1094 1199 1191 1229 debito
1200 1208 1264 1227 mo-

204 1238 244 1270 do
258 1238 340 1276 plena
354 1237 400 1268 fiet
416 1236 587 1278 Reparati03
606 1238 639 1268 δε
656 1237 854 1268 Malefaetores
872 1239 1089 1275 nichilominus,
1108 1236 1263 1267 secundum

204 1277 381 1320 exigentium
393 1275 482 1306 Caius
497 1276 540 1306 vel
557 1275 663 1307 Delicti
674 1298 683 1315 ,
699 1285 747 1315 per
761 1276 849 1314 ipsos,
868 1276 901 1307 ad
918 1286 990 1314 quos
1010 1277 1147 1313 pertinet,
1166 1275 1262 1305 debite

205 1323 366 1356 punientur.
1027 1325 1029 1329 ⁴

245 1353 318 1384 ΙΤΕ
330 1362 374 1391 Μ,
391 1352 488 1392 quod,
512 1352 586 1384 nulla
605 1352 700 1384 Navis
724 1353 855 1390 Amata,
881 1351 1013 1383 Ducatfis
1036 1351 1204 1387 Britanniae,
1217 1350 1262 1381 seu

205 1393 291 1432 partis
312 1395 423 1422 Domini
437 1394 537 1429 Ducis,
555 1392 599 1422 vel
618 1391 749 1422 iocorum
772 1393 800 1420 in
823 1391 906 1421 dietis
925 1391 1045 1429 Treugis
1077 1390 1264 1427 comprehen-

207 1431 321 1469 sorum,
336 1430 456 1460 Portum
479 1430 597 1468 aliquem
619 1439 714 1468 exeat,
731 1430 825 1460 donec
845 1429 936 1460 eidem
966 1432 1080 1458 Domino
1100 1431 1190 1466 Duci,
1216 1437 1264 1465 per

204 1469 438 1506 Excercitorem,
456 1466 638 1505 Dominum,
656 1468 824 1506 Factorem,
844 1469 890 1498 seu
905 1467 1078 1507 Magistrum
1098 1466 1192 1496 Navis
1211 1466 1265 1495 hu-

204 1508 343 1548 iusmodi,
361 1509 391 1537 in
404 1505 541 1536 Manibus
555 1506 740 1544 Ballivorum,
755 1506 908 1544 judicum,
926 1506 971 1536 seu
980 1504 1183 1535 Ministrorum
1196 1505 1264 1534 alio-

207 1557 273 1577 rum
289 1546 426 1576 Villarum
444 1545 477 1575 &
502 1543 644 1575 Portuum
662 1546 840 1582 hujusmodi,
859 1545 938 1581 plena
958 1545 991 1575 ὅ(
1007 1543 1147 1573 sufficiens
1160 1541 1265 1573 Cautio

205 1586 239 1616 &
250 1584 386 1615 Securitas
404 1583 469 1613 fiant
483 1583 563 1621 quod
583 1584 670 1613 nichil
693 1591 792 1614 contra
807 1582 958 1613 Tenorem
980 1583 1013 1613 ὃς
1028 1581 1173 1612 Effectum
1187 1580 1265 1611 Prae-

204 1622 324 1653 sentium
349 1622 529 1660 Treugarum
553 1622 762 1662 attemptabunt
786 1630 839 1652 nec
865 1621 984 1658 facient,
1009 1629 1056 1651 aut
1082 1620 1264 1658 permittent,

202 1670 342 1700 quantum
364 1662 393 1693 in
411 1662 448 1690 eis
471 1659 529 1698 est,
554 1659 706 1697 aliqualiter
728 1660 902 1700 attemptari,
926 1669 980 1689 nec
1001 1658 1105 1689 Prisam
1127 1658 1264 1697 aliquam,

204 1700 307 1730 'ustam
325 1699 370 1730 vel
393 1696 540 1737 injustam,
563 1698 593 1727 in
612 1698 734 1729 Portum
753 1699 856 1736 aliurn,
877 1705 1064 1736 praeterquam
1084 1697 1212 1727 Ditionis
1231 1698 1264 1727 &

236 1738 355 1769 erritorii
369 1737 491 1776 proprii,
510 1737 554 1767 vel
570 1738 691 1775 partium
702 1737 732 1766 in
747 1736 923 1776 praesentibus
939 1735 1064 1773 Treugis
1084 1735 1267 1773 inclusarum,

203 1777 271 1808 duci
292 1776 410 1815 facient,
436 1776 486 1806 nili
513 1776 543 1806 vi
568 1775 746 1813 Ventorum,
768 1783 815 1805 aut
840 1773 1041 1805 Persecutione
1058 1774 1267 1812 Inimicorum,

203 1816 318 1848 turbine
330 1815 374 1846 vel
387 1814 506 1852 impulsu
521 1813 609 1844 Maris
623 1814 673 1844 sint
688 1812 845 1851 compuifi3

242 1854 298 1892 Et,
312 1855 342 1884 in
363 1862 466 1885 eventu
487 1862 546 1890 quo
567 1852 658 1890 aliqua
672 1851 708 1882 de
728 1852 821 1889 facto,
838 1852 907 1882 hinc
930 1851 974 1882 vel
994 1851 1059 1883 inde
1075 1874 1085 1889 ,
1107 1859 1267 1889 attemptata

202 1893 326 1931 fuerint,
342 1901 411 1922 tunc
425 1901 475 1931 per
487 1889 636 1931 praedidios
649 1889 861 1928 Excercitores,
875 1889 1039 1928 Dominos,
1058 1890 1205 1928 Paeones,
1220 1890 1266 1920 seu

204 1930 380 2000 Magii-stros,
396 1931 478 1971 plena
492 1928 540 1960 fiat
553 1928 709 1960 Restitutio
722 1929 792 1969 parti
814 1928 902 1967 laesae,
920 1938 991 1960 cum
1011 1928 1153 1969 Dampnis
1169 1930 1203 1960 ὃς
1218 1927 1268 1959 In-

204 1973 276 2001 terel
290 1979 320 2000 e:

245 2007 300 2047 Et,
314 2007 334 2038 si
353 2007 448 2040 Navis
464 2007 555 2047 aliqua
574 2015 678 2039 armata
689 2007 775 2038 Villas
794 2007 838 2038 seu
858 2007 959 2037 Portus
979 2006 1141 2044 hujusmodi
1157 2006 1268 2043 exierit,

205 2047 360 2078 Securitate
374 2046 509 2087 praedicta
530 2056 591 2076 non
611 2045 705 2077 habita
724 2055 816 2086 neque
837 2045 930 2083 fadis,
944 2046 977 2076 &
995 2055 1044 2085 per
1060 2043 1169 2075 Gentes
1190 2044 1271 2082 ipsius

204 2084 315 2125 Navis,
334 2086 378 2116 vel
394 2087 425 2115 in
438 2085 493 2126 ipsa
506 2084 669 2124 existentes,
685 2085 715 2114 in
726 2085 820 2124 aliquo
834 2092 933 2115 contra
949 2083 1127 2121 praesentium
1140 2083 1271 2122 Treuga-

208 2134 275 2156 rum
289 2124 438 2155 Tenorem
458 2123 540 2154 fuerit
558 2131 772 2161 attemptatumt,
789 2131 859 2154 tunc
877 2121 971 2153 Navis
989 2122 1034 2153 illa
1053 2122 1133 2152 dieto
1155 2124 1271 2152 Domino

207 2166 281 2194 Duci
292 2163 323 2194 fit
338 2162 397 2200 ipso
409 2162 486 2193 fadio
499 2160 674 2192 Confiscata:
692 2162 822 2199 Majores
841 2171 900 2200 quo
922 2171 956 2191 ue
973 2161 1006 2191 &
1020 2160 1135 2198 Ballivi,
1154 2160 1271 2191 Guber-

203 2201 319 2233 ‘natores
334 2200 499 2232 &Ministri
514 2201 575 2238 alii,
593 2201 630 2231 de
641 2209 765 2239 quorum
779 2202 902 2238 partibus
948 2209 1012 2230 aves
1024 2199 1184 2237 hujusmodi
1196 2200 1273 2228 exie-

209 2241 283 2279 rint,
301 2240 371 2271 sicut
386 2240 419 2271 &
434 2248 523 2280 prout,
531 2239 597 2270 Pars
610 2247 793 2280 attemptanS,
809 2239 844 2270 ad
861 2237 1083 2270 Restitutionem
1104 2236 1182 2268 Parti
1199 2236 1272 2267 laesae

206 2279 321 2310 ‘realiter
337 2287 490 2310 teneantur.

247 2317 262 2348 I
271 2326 294 2348 Τ
303 2326 321 2348 Ε
333 2325 360 2348 Μ
369 2340 379 2354 ‚
397 2317 416 2347 si
428 2317 588 2357 durantibus
601 2316 724 2356 Treugis
743 2317 940 2357 praesentibus,
955 2316 1055 2354 aliquae
1069 2314 1187 2352 Naves,
1201 2324 1270 2345 cum

211 2356 351 2394 aliquibus
367 2355 464 2395 Prifis,
481 2356 514 2386 ad
529 2356 563 2387 &
575 2357 606 2386 in
621 2356 744 2395 aliquam
760 2356 864 2387 Villam
880 2356 926 2386 seu
941 2355 1062 2386 Portum
1079 2354 1147 2384 dieti
1160 2357 1272 2383 Domini

209 2397 298 2434 ⁴Ducis
319 2403 366 2426 aut
387 2394 522 2425 locorum
543 2394 745 2432 praedi&orum
763 2395 965 2436 applicuerint,
981 2393 1073 2423 statim
1087 2402 1137 2430 per
1152 2393 1273 2430 praesen-

212 2434 287 2464 tium
306 2433 384 2464 Treu
405 2443 484 2464 arum
497 2432 736 2471 Conservatores,
750 2443 798 2464 aut
812 2443 912 2463 eorum
928 2433 1121 2472 Deppumros,
1141 2430 1273 2468 Maiores,

211 2471 352 2510 Ballivos,
373 2442 603 2512 gubernatores,
620 2471 671 2507 seu⁴
687 2472 761 2507 alios
774 2471 925 2502 Ministros
947 2471 1092 2512 publicps,
1109 2469 1274 2512 arrestentur

213 2511 247 2542 &
270 2510 470 2548 sequestrentur
491 2509 577 2540 Prisae
595 2510 754 2548 praedictae,
770 2519 803 2539 ac
824 2510 858 2540 de
873 2511 905 2540 ὅ(
921 2509 996 2546 super
1010 2509 1112 2538 eildem
1136 2509 1206 2537 inter
1227 2507 1275 2536 ali-

210 2558 286 2587 quos
302 2549 503 2579 Ministrorurn
517 2548 678 2587 hujusmodi
695 2550 729 2580 &
749 2548 861 2578 Partem
883 2556 1096 2586 attemptantem
1110 2546 1156 2577 fiat
1171 2545 1275 2576 Inven-

211 2588 315 2618 'tarium
332 2587 514 2618 Indentatum
528 2597 580 2627 pro
592 2587 747 2618 Securitate
769 2587 873 2624 Partis,
889 2587 936 2616 cui
958 2586 1074 2616 finaliter
1096 2584 1155 2615 Res
1170 2585 1202 2615 &
1220 2584 1277 2614 Bo-

213 2636 251 2657 na
266 2626 425 2666 hujusmodi
477 2636 490 2655 r
504 2625 678 2656 Sententiam
689 2625 826 2663 Judicum
841 2625 886 2655 seu
903 2624 1141 2663 Conservatorum
1156 2624 1276 2660 pertine-

212 2665 305 2703 bunt,
320 2667 353 2697 ὃς
370 2675 418 2702 per
449 2663 650 2694 ‘onservatores
663 2665 780 2702 diligens
795 2665 828 2693 ὃς
850 2664 943 2693 debita
957 2663 1005 2693 fiat
1027 2661 1174 2700 Inquisitio
1193 2663 1270 2697 (orn-

213 2705 245 2734 ni
257 2703 327 2734 ,dolo
341 2703 374 2734 &
387 2703 482 2734 fraude
498 2702 677 2738 cessantibus)
691 2702 726 2732 de
740 2703 774 2733 &
788 2702 866 2739 super
884 2701 964 2731 Prilis
986 2700 1149 2738 hujusmodi
1166 2699 1276 2737 (videli-

214 2749 261 2774 cet
270 2765 280 2781 ,
297 2752 333 2773 an
343 2741 417 2780 juste
433 2742 478 2772 vel
491 2739 592 2779 injuste
605 2750 697 2782 captae
704 2741 806 2771 fuerint
815 2742 834 2777 z)
845 2742 877 2771 &
890 2739 983 2770 debita
992 2739 1103 2777 Justitia
1117 2738 1165 2769 fiat
1181 2739 1211 2768 in
1219 2739 1271 2769 hac

1291 397 1332 432 ri,
1349 405 1461 434 gravant
1476 396 1520 426 vel
1536 396 1682 433 infestant,
1701 407 1748 435 per
1756 398 1887 428 Subditos
1901 399 1982 435 ipsius
1997 401 2107 427 Domini
2119 400 2218 436 Ducis,
2237 398 2266 425 in
2275 396 2350 425 Ter-

1293 436 1328 463 ris
1343 435 1387 464 vel
1402 434 1545 472 Partibus,
1563 434 1613 464 sub
1625 436 1708 465 dietis
1722 435 1843 473 Treugis
1859 437 2068 473 comprehenlis
2079 460 2087 475 ,
2107 438 2211 473 recipi,
2227 435 2349 470 admitti,

1294 472 1339 501 vel
1354 473 1502 510 aliqualiter
1517 473 1682 503 confoveri:
1710 473 1748 503 Et
1771 474 1790 502 ii
1805 475 1852 510 qui
1867 474 1936 504 dicsti
1958 477 2069 504 Domini
2084 477 2166 504 Ducis
2183 473 2293 504 Subditi
2309 481 2352 501 re-

1295 512 1364 549 perti
1380 511 1482 541 fuerint
1496 510 1656 550 Culpabiles
1670 520 1716 541 aut
1736 511 1939 549 Delinquentes
1962 513 1990 542 in
2006 514 2057 542 liac
2079 522 2171 551 parte,
2189 523 2236 550 per
2260 511 2349 550 ipsos,

1295 549 1329 579 ad
1342 559 1413 586 quos
1428 549 1547 587 speetat,
1562 551 1638 588 quta
1651 550 1818 587 exigentiam
1835 549 1940 587 Calin,
1959 551 2053 580 debite
2070 553 2223 588 puniantur.

1332 585 1458 624 ITEM,
1477 587 1514 617 Et
1527 590 1544 617 li
1564 588 1646 625 aliqui
1662 588 1772 617 Subditi
1796 588 1865 617 dieti
1887 591 1997 617 Domini
2022 592 2099 625 Regis
2122 590 2230 628 capiant
2250 589 2352 628 aliquas

1295 624 1409 662 Naves,
1437 626 1587 664 Personas,
1611 626 1692 663 Res,
1717 634 1762 655 aut
1782 625 1858 655 Bona
1884 626 2041 664 aliquorum
2063 628 2249 658 inimicorum
2271 628 2352 666 iplius

1296 666 1406 692 Domini
1420 666 1514 702 Regis,
1532 666 1564 696 &c
1578 665 1605 694 vi
1621 665 1781 694 Ventorum
1797 664 1839 694 vel
1861 663 1933 694 Casu
1956 665 2049 702 aliquo
2068 666 2213 696 deveniant
2233 666 2350 703 Naves,

1297 700 1443 739 Personae,
1464 702 1540 740 Res,
1557 704 1600 732 vel
1623 702 1701 733 Bona
1725 702 1883 741 hujusmodi
1908 703 1935 731 in
1962 704 1996 733 ὃς
2015 703 2048 732 ad
2071 703 2171 734 Portus
2191 704 2235 734 vel
2256 705 2351 735 Partes

1298 739 1461 776 Britanniae,
1480 741 1524 769 seu
1539 741 1687 770 Locorum
1705 742 1733 770 in
1750 741 1830 770 dietis
1843 740 1963 778 Trreugis
1985 742 2271 780 comprehensorum,
2290 750 2351 773 nori

1297 778 1486 817 impedientur
1503 788 1550 814 per
1566 779 1675 808 dietum
1689 782 1834 808 Dominum
1850 781 1970 816 Ducem,
1989 779 2035 809 vel
2050 780 2107 816 ejus
2131 780 2278 819 Subditos,
2297 783 2353 812 sive

1298 815 1484 846 inhabitantes
1500 817 1578 846 Loca
1595 817 1742 854 praedic'ia,
1763 818 1830 854 quin
1847 816 1931 854 posfit
1945 817 2032 847 libere
2048 818 2079 847 ὃς
2097 818 2150 847 sine
2165 819 2354 855 impedimen-

1298 862 1330 883 to
1354 864 1527 892 quocunque
1546 856 1661 893 Naves,
1681 854 1829 892 Personas,
1849 854 1908 885 Res
1930 855 1963 885 &
1985 855 2060 886 Bona
2079 856 2236 892 hujusmodi
2259 858 2354 887 lecum

1298 892 1419 931 ducere,
1434 893 1467 923 &
1483 894 1520 922 de
1533 894 1565 923 ὃς
1581 893 1660 931 super
1672 894 1777 923 eisdem
1793 894 1938 931 disponere
1952 893 1985 922 ad
2000 894 2052 924 suae
2068 895 2181 925 libitum
2196 894 2354 933 voluntatis,

1299 930 1349 960 nisi
1361 931 1410 960 sub
1427 930 1606 962 Distric'tibus
1620 941 1667 962 aut
1680 932 1811 961 Portibus
1825 931 1894 961 dic'ti
1907 934 2019 960 Domini
2034 935 2117 961 Ducis
2129 934 2270 972 capiantur
2279 956 2288 971 ,

1338 969 1408 999 Nec
1421 969 1510 1000 dietus
1526 974 1659 1000 Dominus
1676 973 1762 1007 Dux,
1780 980 1872 1008 neque
1894 970 1974 1008 ipfius
1995 974 2106 1000 Domini
2122 975 2207 1001 Ducis
2228 972 2354 1009 Subditi,

1299 1015 1345 1037 aut
1357 1008 1401 1038 alii
1418 1009 1445 1037 in
1462 1008 1542 1039 ditstis
1557 1009 1680 1047 Treugis
1701 1008 1910 1046 comprehensi,
1930 1009 1958 1038 in
1978 1019 2157 1047 quacumque
2172 1019 2230 1040 arte
2248 1010 2292 1039 vel
2312 1011 2355 1039 in-‘

1299 1047 1401 1084 genio,
1420 1046 1532 1084 Naves,
1552 1047 1701 1083 Personas,
1720 1047 1796 1086 Res,
1815 1048 1858 1077 vel
1877 1046 1953 1077 Bona
1967 1046 2152 1078 inimicorum
2172 1048 2242 1079 dieti
2258 1051 2354 1077 Domi-

1303 1087 1332 1113 ni
1345 1087 1423 1122 Regis
1438 1085 1550 1122 Angliae
1565 1086 1714 1123 palliabunt
1728 1095 1857 1124 tanquam
1871 1086 1935 1123 sua,

1340 1122 1392 1161 Et,
1409 1123 1427 1152 Γι
1442 1125 1588 1162 contingat
1601 1124 1636 1154 ali
1658 1134 1723 1154 uem
1739 1125 1921 1155 Subditorum
1935 1123 2004 1154 dieti
2019 1125 2130 1154 Domini
2147 1128 2231 1156 Ducis
2247 1125 2358 1163 Naves,

1303 1160 1451 1199 Personas,
1474 1161 1548 1198 Res,
1577 1163 1619 1192 vel
1654 1163 1721 1192 'ona
1739 1163 1916 1200 hujusmodi,
1935 1163 2031 1192 colore
2050 1163 2141 1203 aliquo
2161 1164 2204 1193 vel
2226 1165 2359 1203 ingeniO,

1302 1208 1433 1238 tanquam
1448 1200 1492 1229 sua
1504 1201 1626 1239 palliare,
1646 1204 1677 1230 ὃς
1693 1201 1750 1230 hoc
1766 1204 1927 1232 contra‘eos
1939 1201 2282 1232 effestualitchrobatum
2298 1203 2358 1232 fue-

1302 1239 1353 1273 rit,
1375 1238 1421 1274 ipli
1438 1237 1595 1275 PallianteS,
1613 1241 1645 1268 &
1663 1248 1762 1268 eorum
1778 1239 1895 1277 Naves,
1914 1240 1945 1269 δε
1962 1239 2039 1269 Bona
2050 1250 2152 1270 eorum
2167 1251 2357 1279 quaecumque

1301 1274 1474 1343 alssfeneficio
1490 1276 1667 1315 Treugarum
1681 1276 1864 1308 Praesentium
1879 1280 1907 1307 in
1930 1287 2097 1317 perpetuum
2115 1279 2224 1316 penitus
2244 1279 2296 1309 siut
2311 1288 2357 1310 ex-

1302 1324 1319 1344 c
1331 1324 1347 1343 u
1361 1326 1377 1343 1.

1337 1351 1462 1389 ITEM,
1490 1361 1543 1391 pro
1567 1353 1665 1389 majori
1694 1353 1864 1391 Securitate,
1890 1355 2032 1384 Fir-mirate
2047 1377 2057 1392 ,
2081 1366 2113 1386 ac
2136 1355 2358 1386 Conservamine

1302 1391 1480 1427 praesenriurn
1496 1392 1692 1430 Treugarum,
1714 1392 1782 1421 Nos
1801 1392 1943 1430 praedidti,
1960 1396 2090 1422 Henricus
2111 1396 2142 1424 ὃς
2165 1397 2276 1433 Petrus,
2297 1394 2357 1423 Or-

1303 1429 1431 1460 dinamus
1451 1430 1484 1460 ὅτ
1509 1429 1727 1467 Depputamus,
1750 1430 1881 1460 Facimus
1903 1432 1935 1460 ὃς
1958 1431 2180 1469 Cmstiruimus,
2202 1443 2252 1471 pro
2273 1434 2306 1463 &
2328 1434 2357 1462 in

1302 1466 1437 1498 Nomine
1449 1468 1519 1498 dieii
1530 1471 1640 1498 Domini
1652 1471 1751 1505 Ducis,
1768 1468 1926 1506 Johannem
1940 1472 2085 1498 Dominum
2105 1472 2135 1499 dc
2150 1472 2266 1500 I'eiihoet
2283 1474 2356 1501 Am-

1303 1506 1428 1537 miralem
1451 1505 1616 1544 Britanniae,
1632 1505 1790 1544 Johannem
1809 1510 1985 1536 Viceromitem
2000 1510 2056 1535 Dm
2068 1530 2070 1534 ,
2084 1520 2137 1545 ‚⁷217
2156 1511 2302 1538 Hernicum
2318 1510 2355 1538 du

1302 1546 1389 1583 Pare,
1404 1545 1438 1575 &
1450 1544 1608 1582 Johannem
1625 1546 1655 1573 de
1673 1548 1793 1575 Lannon
1806 1545 1929 1583 Milites,
1950 1544 2165 1576 Conlervatorcs
2176 1547 2355 1577 l'roel‘entiurn

1301 1582 1498 1622 Treugarum,
1525 1593 1576 1623 pro
1601 1592 1677 1622 parte
1700 1584 1827 1614 Ducatsts
1849 1584 1993 1622 Britanice,
2020 1587 2217 1624 conjunctim,
2235 1588 2267 1617 ὃς
2287 1587 2360 1617 divi-

1302 1622 1369 1658 fim,
1389 1632 1456 1652 cum
1472 1621 1610 1652 Potestate
1624 1622 1816 1652 Substituendi
1828 1624 1909 1652 alins:

1341 1660 1404 1698 Qii
1423 1660 1538 1698 quidem
1560 1660 1776 1690 Conservatores
1791 1683 1801 1699 ,
1827 1660 2039 1699 Commiffarii,
2064 1660 2107 1690 sen
2131 1661 2302 1699 Depputati,
2327 1671 2360 1692 ac

1303 1699 1427 1737 ipsorum
1461 1700 1598 1737 quilibet,
1621 1699 1819 1736 juramentum
1834 1723 1843 1737 ,
1867 1702 1943 1730 tastis
1970 1700 2154 1729 Sacroffintstis
2184 1700 2360 1739 Eva-,igeliis,

1304 1736 1471 1775 praestabunt
1487 1738 1647 1777 corporale,
1666 1737 1746 1774 quod
1767 1739 1845 1775 vim,
1865 1738 2007 1775 sormam,
2025 1739 2057 1767 &
2077 1738 2212 1768 esteeinrn
2236 1738 2360 1768 Praesen-

1303 1777 1377 1806 tium
1392 1775 1589 1815 Treugarum,
1606 1784 1740 1814 quantum
1756 1777 1790 1807 ad
1807 1787 1853 1806 eos
1875 1779 1988 1815 attinet,
2007 1777 2192 1806 observabunt
2208 1777 2240 1807 &
2258 1777 2360 1807 facient

1302 1814 1419 1844 fideliter
1431 1816 1583 1845 oblervari:

1341 1852 1396 1891 Et,
1414 1854 1432 1884 si
1452 1853 1541 1891 (quod
1557 1853 1635 1885 absit)
1656 1861 1753 1885 contra
1767 1853 1946 1894 praesentium
1967 1852 2116 1883 Tenet-ern
2133 1853 2315 1891 Treugarum
2331 1855 2362 1885 in

1302 1891 1396 1930 aliquo
1418 1892 1500 1922 fuerit
1523 1892 1730 1929 Atteniptatutn
1757 1903 1804 1931 per
1829 1893 1961 1922 Subditos
1984 1893 2109 1929 prsedicn
2131 1896 2241 1923 Domini
2261 1896 2364 1931 Ducis,

1303 1931 1405 1968 absque
1427 1939 1518 1960 morae
1531 1930 1690 1969 dispendio,
1709 1931 1736 1960 in
1756 1940 1890 1968 quantum
1907 1931 1940 1960 ὃ(
1956 1932 2042 1967 quam
2058 1932 2119 1960 cit-t>
2134 1940 2281 1968 poterunt,
2301 1931 2363 1962 Re-

1306 1968 1482 1999 stitutionem
1502 1968 1539 1999 de
1558 1969 1694 1998 omnibus
1714 1968 1854 2007 Dampnis
1869 1970 1902 2000 &
1924 1968 2055 1998 Interesse
2070 1968 2169 1999 faciant
2186 1970 2259 2000 Parti
2273 1970 2363 2008 laesae,

1306 2008 1324 2037 si
1340 2017 1388 2045 per
1404 2007 1478 2038 illam
1495 2009 1621 2046 congrue
1646 2008 1764 2045 requifiti
1777 2009 1897 2044 fuerint,
1915 2007 1958 2037 vel
1973 2009 2042 2037 cum
2058 2007 2091 2037 ad
2113 2018 2212 2038 eorum
2232 2009 2361 2038 noritiam

1306 2045 1468 2084 devenerit,
1486 2046 1530 2076 vel
1545 2056 1592 2083 per
1604 2045 1845 2077 vDenuntiationes
1857 2046 1960 2083 Partis,
1978 2046 2021 2075 vel
2033 2046 2082 2076 alia
2100 2045 2200 2076 Relatu
2217 2046 2309 2085 justO,
2327 2048 2362 2078 &

1306 2084 1512 2123 Delinquentes
1527 2084 1729 2115 nichilominus
1743 2084 1898 2116 secundum
1917 2085 2081 2123 exigentiam
2098 2084 2187 2115 Casus
2200 2083 2367 2121 indifferen-¹

1304 2131 1345 2154 ter
1362 2124 1485 2162 punient.

1342 2161 1380 2192 Et
1394 2162 1474 2201 quod
1490 2162 1616 2203 insuper,
1633 2162 1660 2192 in
1679 2161 1950 2194 Certifficationibus
1965 2161 2113 2197 faciendis,
2131 2160 2164 2191 &
2184 2160 2364 2203 Receptione'

1306 2200 1439 2232 Testium
1451 2202 1484 2232 &
1497 2201 1554 2232 aliis
1568 2201 1785 2233 probationibus
1804 2201 1915 2240 fiendis,
1932 2201 2081 2231 Sententiis
2096 2200 2229 2239 ferendis,
2248 2203 2279 2231 ὅ(
2291 2201 2363 2230 Exe-

1304 2241 1413 2270 cutioni
1428 2239 1646 2277 demandandis,
1660 2240 1767 2279 aliisque
1782 2239 1975 2277 Proceffibus,
1990 2239 2123 2269 omnibus
2137 2238 2204 2268 dolo
2220 2240 2252 2269 &
2268 2238 2361 2270 fraude

1307 2278 1492 2316 cenantibus,
1511 2279 1658 2309 summarie
1674 2280 1707 2309 ὃς
1723 2279 1759 2308 de
1773 2278 1874 2316 plano,
1892 2288 1925 2308 ac
1941 2279 1998 2307 {ine
2011 2277 2123 2316 strepitu
2145 2278 2177 2308 &e
2193 2277 2292 2316 Figura
2307 2277 2361 2316 Ju-

1305 2317 1389 2355 dicii,
1407 2317 1440 2348 &
1454 2325 1537 2354 prout
1550 2318 1589 2346 eis
1603 2317 1703 2347 melius
1715 2316 1853 2348 videbitur
1866 2317 2010 2354 expedire,
2026 2315 2185 2352 procedant.

1341 2355 1373 2384 In
1393 2365 1515 2393 quorum
1531 2357 1662 2384 omnium
1682 2356 1715 2385 &
1735 2355 1905 2393 singulorum
1921 2354 2135 2384 Testimonium
2155 2361 2237 2390 atque
2261 2354 2361 2386 Fidem

1305 2393 1390 2432 Nos,
1409 2395 1541 2423 Henricus
1556 2391 1594 2427 ὢν
1608 2395 1722 2430 Petrus,
1742 2392 1940 2424 Procuratores
1961 2392 2126 2430 supradicti,
2145 2392 2289 2431 praesentes
2311 2393 2361 2424 Li-

1305 2442 1373 2464 teras
1387 2432 1551 2468 Sigillorum
1567 2431 1730 2461 nostrorum
1744 2433 1918 2470 appositione
1933 2432 2115 2460 munivimus.

1341 2470 1408 2501 Dat.
1425 2471 1452 2499 in
1473 2469 1582 2499 Palatio
1599 2470 1703 2508 Wstm.
1721 2470 1824 2500 Tertio
1844 2470 1890 2500 die
1904 2469 2015 2500 ,Mensis
2029 2468 2168 2507 Januarii,
2188 2469 2275 2500 Anno
2295 2469 2362 2499 Do-

1309 2510 1379 2539 mini
1395 2508 1570 2546 Mfflefimo,
1589 2508 1892 2548 Qadringentelimo,
1910 2507 2012 2538 Tertio
2026 2509 2149 2538 decimo.

1308 2641 1447 2674 Articuli
1464 2644 1556 2689 snper
1581 2644 1801 2688 Attemptatis‚
1835 2653 1937 2675 contra
1958 2646 2091 2690 Treugas
2113 2644 2268 2685 Britanna,
2306 2646 2364 2676 Re-

1370 2705 1374 2711 *
1753 2691 1934 2735 formandis.

236 2790 301 2812 arte.

214 2791 234 2820 P
253 2818 363 2850 ITEM
412 2817 493 2856 quod
515 2818 589 2849 nulla
609 2818 657 2849 fiat
676 2817 830 2855 Venditio,
856 2816 1031 2855 Distraffio,
1054 2816 1202 2854 Donatio,
1228 2815 1273 2847 seu

217 2857 359 2889 Alienatio
377 2840 516 2887 Prisarum
533 2856 708 2900 hujusmodi,
724 2857 816 2886 donec
838 2855 988 2894 Inquisitio
1011 2855 1144 2894 praedic‘ia
1161 2863 1276 2899 executa

218 2898 316 2934 fuerit,
336 2897 368 2927 δί
383 2896 478 2926 debita
493 2894 605 2934 Justitia
618 2894 694 2926 faCta
705 2894 742 2925 de
755 2895 873 2926 eisdem:
895 2897 942 2933 &,
962 2895 991 2924 in
1005 2900 1140 2924 eventum
1158 2904 1216 2932 quo
1232 2894 1276 2924 dr-

218 2936 258 2965 eii
282 2934 423 2973 Majores,
450 2933 569 2970 Ballivi,
594 2932 823 2970 Gubernatores,
848 2932 892 2962 seu
913 2932 1039 2963 Ministri
1062 2932 1226 2970 supradicti,
1244 2933 1274 2962 in

1389 2776 1468 2808 AEC
1487 2777 1878 2815 INDENTURA,SIVE
1898 2777 2095 2816 CEDULA,
2383 2787 2448 2818 sim,
2469 2790 2512 2821 D,

1401 2817 1534 2847 FACTA
1555 2817 1715 2847 Londoniae
1734 2817 1779 2846 die
1797 2825 1913 2855 quarto,
1936 2817 2083 2854 videlicet,
2106 2814 2213 2846 Menfis
2224 2815 2362 2854 JanuarH,
2399 2814 2477 2869 141'4
2503 2818 2510 2825 ·

1308 2857 1396 2887 Anno
1411 2856 1535 2886 Domini
1551 2855 1722 2893 Millefimo,
1744 2855 2028 2893 Quadringentefimo
2039 2879 2048 2892 ,
2063 2856 2178 2885 decimo
2190 2857 2291 2893 tertio,
2383 2871 2434 2895 Aa.
2456 2880 2463 2895 l
2480 2853 2485 2860 “

1344 2895 1437 2932 Inter,
1455 2894 1644 2924 Honorabiles
1662 2894 1760 2930 Viros,
1782 2894 1944 2923 Dominum
1958 2892 2115 2931 Johannem
2134 2893 2365 2933 d'Abrychecourt
2385 2910 2410 2931 H
2472 2891 2478 2897 ⁸

1307 2933 1434 2964 Militem
1448 2955 1457 2971 ,
1480 2934 1513 2963 δε
1536 2932 1706 2971 Magistrum
1727 2930 1884 2970 Johannem
1904 2932 2081 2969 Honvngham
2108 2931 2219 2971 Legum
2248 2932 2361 2963 Dosto—
2378 2928 2417 2970 Ex:
2429 2930 2488 2972 As„

217 2973 362 3011 praemissis
374 2982 421 3004 aut
434 2973 509 3003 circa
524 2983 555 3002 ea
568 2970 864 3011 Negligentesfuerint
880 2979 927 3001 aut
944 2970 1081 3009 Remiffi,
1100 2971 1148 3007 ipfi
1162 2970 1198 3000 ad
1213 2970 1274 3000 Re-

217 3011 393 3041 stirutionem
407 3011 603 3049 consimilem,
623 3019 654 3041 ut
668 3010 829 3050 praefertur,
846 3011 1016 3040 tenebuntur
1030 3010 1105 3039 Parti
1119 3010 1190 3039 laesae
1206 3010 1275 3039 este-

219 3049 348 3080 &ualiter
359 3050 393 3080 ὃς
406 3049 556 3080 αι’ἂεηῑυτ.

257 3086 330 3117 ITE
341 3095 383 3125 M,
401 3087 499 3125 quod,
516 3087 677 3119 durantibus
697 3086 820 3126 Treugis
839 3086 1017 3124 supradictis,
1032 3086 1122 3117 die'tus
1144 3089 1277 3116 Dominus

222 3129 292 3156 Dux
311 3135 369 3155 non
388 3126 537 3164 receptabit
556 3125 733 3165 Proditores,
750 3125 908 3195 Fuxptivos,
926 3125 1073 3163 Bannitos,
1091 3124 1212 3162 piratas,
1232 3125 1276 3155 vel

221 3164 324 3195 Exules
338 3163 407 3194 dieti
418 3163 530 3193 Domini
543 3167 620 3201 Regis
657 3175 711 3195 nec
730 3165 769 3196 eis
811 3164 920 3194 idtualia
940 3163 1038 3194 colore
1058 3163 1104 3193 vel
1126 3163 1208 3193 titulo
1228 3164 1276 3193 ali-

222 3213 283 3241 quo
303 3201 486 3232 ministrabit:
507 3203 557 3240 &,
574 3207 594 3232 11
636 3204 665 3232 ie
680 3213 709 3233 us
729 3207 861 3233 Dominus
886 3205 965 3240 Rex,
988 3202 1033 3233 vel
1058 3200 1276 3232 Conservatores

220 3241 318 3280 Regni
330 3241 369 3271 sui
383 3239 612 3271 denunciaverint
625 3241 655 3272 di
686 3250 706 3271 o
719 3245 835 3271 Domino
849 3244 938 3278 Duci,
955 3241 1001 3272 vel
1013 3242 1069 3279 ejus
1086 3239 1276 3270 Conservato-

222 3280 297 3312 ribus
311 3278 346 3309 de
358 3278 540 3308 Nominibus
558 3278 713 3316 aliquorum
732 3279 890 3318 hujusmodi
909 3278 1109 3316 Proditorum,
1130 3278 1276 3318 Fugitivo-

220 3329 305 3356 rum,
330 3317 504 3354 piratarum,
526 3324 573 3346 aut
596 3316 796 3355 Bannitorum,
821 3317 915 3348 statim
933 3327 980 3355 per
1000 3318 1110 3347 dicCtum
1130 3320 1278 3347 Dominum

221 3360 340 3394 Ducem,
358 3356 402 3386 vel
417 3354 636 3385 Conservatores
650 3355 703 3384 suae
717 3355 819 3393 Partis,
838 3355 1045 3386 arrestabuntur
1057 3378 1067 3393 ,
1087 3355 1119 3385 &
1133 3356 1210 3386 salvo
1223 3366 1273 3386 cu-

222 3396 378 3427 stodientur
391 3394 483 3424 donec
497 3393 573 3423 idem
586 3396 720 3422 Dominus
732 3396 791 3423 Rex
807 3393 841 3424 de
854 3393 958 3425 eisdem
972 3393 1149 3433 disposuerit,
1166 3404 1219 3432 pro
1234 3395 1274 3425 sui

220 3434 323 3472 libito,
340 3433 390 3464 suis
402 3441 495 3463 tamen
512 3431 676 3470 Sumptibus
689 3433 722 3462 &
738 3431 878 3470 Expensis.

258 3473 304 3504 Ιτ
315 3482 332 3502 E
342 3481 369 3502 M
378 3494 387 3510 ,
406 3471 485 3509 quod
501 3469 591 3500 dietus
606 3472 737 3499 Dominus
752 3473 820 3499 Dux
836 3479 895 3499 non
916 3470 1073 3507 receptabit
1086 3470 1222 3502 Inimicos
1236 3472 1278 3501 di-

224 3512 264 3543 &i
284 3513 397 3542 Domini
417 3512 495 3546 Regis
517 3508 650 3539 Armatos
671 3508 761 3538 modo
784 3507 948 3545 Guerrino,
965 3518 1018 3539 nec
1039 3508 1105 3539 tales
1124 3511 1171 3547 qui
1186 3510 1276 3540 modo

190 3551 192 3554 ’
223 3549 369 3581 Guerrino
390 3548 476 3579 velint
495 3556 593 3578 contra
606 3546 697 3584 ipsum
711 3549 855 3576 Dominum
869 3550 964 3584 Regem
976 3546 1118 3578 Guerram
1145 3558 1277 3579 movere:

222 3588 295 3620 Nec
309 3589 346 3618 eis
360 3586 507 3625 Hospitia,
525 3585 681 3623 Vidiualia,
697 3593 743 3615 aut
756 3584 807 3615 alia
814 3585 939 3615 Subsidia
949 3585 1106 3615 exhibebit:
1125 3586 1161 3616 N
1163 3596 1195 3616 ec
1209 3587 1277 3618 sinet

222 3628 271 3659 aut
284 3627 428 3666 permittet
446 3625 538 3655 didius
559 3627 690 3655 Dominus
711 3626 797 3660 Dux,
811 3623 974 3654 durantibus
995 3623 1116 3662 Treugis
1138 3624 1278 3662 praesenti-

223 3666 277 3697 bus
291 3689 301 3704 ,
325 3665 433 3703 aliquos
457 3663 493 3693 de
513 3663 565 3694 suis
585 3662 721 3699 Subdiris,
746 3661 886 3691 Dominia
906 3661 966 3699 sua,
985 3661 1213 3701 jurisdictiones,
1230 3672 1277 3694 aut

219 3702 378 3734 Territoria
392 3703 466 3733 exire
477 3712 524 3740 per
540 3701 583 3740 se,
600 3702 644 3732 vel
661 3710 728 3731 cum
751 3699 807 3730 aliis
828 3700 896 3729 dieti
909 3702 1022 3730 Domini
1040 3703 1117 3737 Regis
1132 3700 1276 3740 Inimicis‚

221 3743 270 3781 qui
292 3751 392 3772 contra
409 3741 517 3771 dietum
534 3739 647 3778 Regem
658 3762 668 3777 ,
686 3737 730 3769 vel
752 3739 800 3768 sibi
822 3737 983 3775 Subjeetos‚
1001 3747 1050 3777 per
1070 3739 1211 3778 Terram,
1229 3742 1276 3770 vel

220 3789 270 3817 per
285 3779 382 3818 Mare,
402 3779 544 3809 Guerram
561 3779 740 3814 movebunt,
758 3786 849 3814 neque
860 3776 932 3813 ipsos
944 3777 1098 3814 receptabit
1109 3787 1155 3808 aut
1166 3779 1276 3816 juvabit

219 3817 289 3847 idem
300 3821 369 3847 Dux
381 3827 435 3848 nec
449 3817 600 3855 aliqualiter
613 3816 788 3853 sustentabit,
803 3825 857 3845 nec
873 3816 908 3845 ab
922 3814 994 3851 aliis,
1011 3815 1063 3846 suis
1074 3815 1214 3855 SubditiS,
1226 3826 1273 3848 aur

218 3855 441 3886 Inhabirantibus
463 3856 545 3886 Loca
560 3855 712 3894 praedicta,
730 3852 861 3893 praestari,
878 3854 977 3891 juvari,
995 3855 1146 3893 receptari,
1163 3863 1209 3886 aut
1223 3855 1276 3885 sus-

219 3894 318 3925 tentari
331 3894 470 3933 permittet
485 3896 585 3932 quovis
599 3893 698 3924 modo.

231 3965 233 3967 ¹
259 3931 387 3968 ITEM,
404 3931 483 3967 quod
507 3933 590 3962 nullae
613 3932 716 3969 Prisae,
740 3930 818 3968 super
838 3930 974 3969 Anglicos
999 3938 1104 3968 captae,
1123 3940 1172 3968 per
1193 3932 1276 3969 quos-

237 3979 343 4008 umque
353 3969 423 3999 diffi
445 3972 560 4000 Domini
572 3974 612 4001 Re
630 3973 652 3999 is
668 3969 822 4008 inimicos,
839 3969 1056 4006 receptabuntur
1071 3969 1087 3999 a
1099 3968 1275 4008 Britanibus,

215 4019 275 4078 negv
290 4009 319 4038 in
340 4007 599 4077 11³1c7nrtift3usilVillis³
645 4009 793 4046 erritoriis,
810 4016 857 4040 aut
873 4006 1111 4047 Jundifflonibus
1130 4008 1202 4041 dieti
1215 4012 1276 4039 Do-

273 4057 323 4078 om.
383 4068 390 4076 .
440 4068 448 4076 .
501 4066 509 4075 .
1034 4076 1036 4078 ,

1306 2982 1384 3009 rem,
1401 2981 1454 3010 pro
1476 2979 1552 3008 parte
1572 2971 1700 3009 Angliae,
1725 2979 1758 3000 ex
1777 2980 1831 3000 una
1849 2978 1941 3008 parte,
1961 2972 2010 3008 &‚
2028 2971 2155 3000 Nobiles
2179 2970 2278 3009 Viros,
2298 2971 2360 3001 Do·
2375 2990 2442 3018 togr.

1307 3012 1399 3041 minos
1419 3013 1562 3039 Henricum
1580 3009 1612 3038 de
1629 3009 1698 3038 Inch
1723 3008 1846 3039 Militem
1862 3031 1872 3046 ,
1899 3010 1931 3038 &
1948 3011 2058 3038 Petrum
2079 3008 2110 3037 de
2130 3007 2282 3047 Hospitali,
2311 3019 2364 3047 pro

1307 3058 1382 3089 parte
1402 3049 1546 3086 Britaniae,
1567 3058 1599 3078 ex
1620 3057 1698 3084 parte
1713 3047 1812 3085 altera,
1829 3046 2028 3078 Procuratores
2042 3047 2076 3078 ὃ(
2091 3046 2229 3077 Nuncios
2243 3049 2366 3088 speciali-

1308 3098 1349 3119 ter
1363 3087 1525 3125 deputatos,

1334 3127 1484 3195 lQorum
1501 3124 1617 3164 quidem
1635 3123 1898 3154 Procuratoriorum
1919 3124 2052 3155 Tenores
2071 3123 2238 3163 sequuntur,
2258 3125 2291 3156 ὃς
2305 3124 2365 3156 sunt

1307 3174 1332 3197 ta
1343 3175 1380 3196 es.

1310 3244 1325 3259 *³
1346 3244 1506 3297 HEnry,
1523 3249 1573 3280 par
1587 3240 1610 3270 13
1625 3249 1708 3278 grace
1722 3239 1757 3270 de
1773 3238 1866 3276 Dieu,
1885 3241 1941 3278 Roy
1959 3239 2148 3276 d'Engleterre
2165 3236 2202 3272 &-
2221 3237 2254 3267 de
2273 3241 2364 3269 Fran-
2383 3241 2400 3258 ³*
2419 3237 2515 3277 mee

1346 3279 1626 3354 Congziissisgiilisind
1633 3278 2160 3355 asangm{agtsiilaiiatlesonlsgii‘aiuffltjug}
2175 3315 2271 3346 bonne
2289 3316 2365 3346 Dili-

1310 3366 1402 3393 gence
1422 3357 1474 3395 de,
1493 3366 1551 3386 noz
1574 3356 1638 3386 bien
1653 3365 1729 3386 ames
1744 3356 1776 3385 ὃς
1793 3354 1895 3390 feaulx,
1940 3354 2011 3383 ohan
2031 3353 2254 3384 d'Abrichecourt
2271 3354 2366 3385 nostre

1311 3395 1460 3432 Chivaler,
1478 3394 1511 3424 &
1528 3393 1636 3424 Mestre
1651 3393 1749 3432 Johan
1766 3393 1946 3432 Honyngham
1959 3392 2097 3424 Dodffiur
2111 3403 2138 3423 es
2153 3392 2262 3431 Loyes,

1344 3434 1455 3464 Yceulx
1470 3456 1479 3470 ,
1504 3433 1537 3463 &
1556 3433 1678 3463 chascun
1699 3432 1808 3469 d'eulx,
1832 3441 1879 3469 par
1899 3431 1963 3470 soy,
1979 3433 2012 3463 &
2035 3442 2108 3469 pour
2129 3432 2154 3461 le
2176 3439 2253 3469 tout,
2277 3440 2366 3461 avons

1310 3472 1380 3509 Fait,
1402 3471 1538 3509 Institue,
1556 3471 1713 3507 (eronne,
1731 3471 1765 3500 δε
1788 3469 1911 3507 Establi,
1927 3471 1977 3507 ὃς,
1994 3480 2041 3507 par
2063 3478 2116 3500 cez
2132 3469 2286 3505 presentes,
2302 3469 2364 3499 Fai-

1308 3510 1385 3548 sons,
1405 3509 1572 3547 Instituons,
1587 3508 1788 3546 Establiffons,
1806 3509 1839 3539 &
1860 3508 2038 3538 Ordonnons
2055 3517 2114 3538 noz
2129 3508 2313 3544 Procureurs,
2329 3507 2363 3537 &

1310 3550 1426 3579 certains
1439 3547 1578 3586 Meffages
1591 3547 1745 3586 especiaulx
1753 3570 1763 3585 ,
2014 3550 2024 3553 ⁷

1346 3587 1377 3617 O
1390 3586 1494 3617 Povair
1507 3586 1542 3616 de
1558 3585 1721 3616 Demander
1736 3586 1769 3616 &
1782 3586 1908 3622 requerir
1922 3594 1937 3614 a
1950 3594 2015 3615 aver
2027 3584 2052 3614 la
2060 3584 2229 3614 Delivrance
2238 3584 2270 3614 δε
2280 3581 2360 3612 Ren-

1307 3625 1362 3656 due
1383 3625 1437 3655 dez
1452 3624 1589 3654 Vesseaux
1605 3624 1638 3654 &
1654 3623 1689 3654 N
1691 3625 1766 3661 avir,
1786 3623 1866 3653 Biens
1883 3625 1917 3655 &
1935 3623 2073 3661 Deniers,
2088 3624 2121 3653 ὃς
2135 3622 2183 3652 des
2197 3621 2276 3651 Gens
2289 3621 2360 3650 s'au-

1308 3674 1378 3694 cuns
1394 3664 1455 3693 sont
1469 3662 1607 3699 detenuz,
1625 3662 1660 3692 de
1674 3661 1769 3692 nostre
1782 3662 1868 3700 Paiis,
1886 3672 1927 3692 ou
1942 3661 2012 3691 Paiis
2024 3661 2059 3691 de
2076 3661 2232 3702 Breraigne,¹

1345 3701 1392 3731 De
1414 3700 1551 3739 Prandre,
1569 3700 1715 3738 Recever,
1732 3702 1765 3732 &
1788 3700 1931 3737 Accepter
1952 3700 1990 3730 les
2009 3699 2058 3730 diz
2076 3699 2156 3729 Gens
2171 3721 2180 3734 ,
2204 3697 2301 3735 Biens,
2325 3696 2360 3729 ὃς

1307 3739 1469 3776 Vesseaubr,
1489 3740 1521 3770 &
1537 3739 1560 3769 la
1578 3738 1766 3769 Deliverance
1779 3739 1913 3776 d’iceubr,

1344 3778 1381 3808 Et
1396 3778 1450 3808 dez
1464 3776 1570 3808 Choses
1586 3776 1714 3808 Receues
1732 3777 1847 3815 Qiitter
1861 3779 1894 3808 ὃς
1909 3776 2030 3806 Donner
2043 3775 2218 3814 Quitrance,

1343 3816 1392 3846 De
1415 3816 1572 3854 Appointer
1586 3815 1628 3845 sur
1643 3816 1668 3846 le
1684 3815 1743 3845 Fait
1757 3815 1864 3845 d’rcelle
1879 3815 2064 3850 Delivrance,
2083 3813 2257 3850 Compoier,
2275 3811 2360 3842 Paci-

1307 3854 1371 3891 fier,
1387 3853 1556 3892 Tranliger,
1574 3854 1607 3884 &
1625 3854 1785 3890 Accorder‚

1343 3892 1391 3922 De
1412 3892 1532 3931 Qiter,
1551 3892 1717 3929 Remettre,
1733 3894 1765 3923 δε
1780 3891 1961 3926 Pardonner,
1979 3899 2031 3925 pur
2042 3898 2080 3931 'en
2097 3887 2183 3917 Nom
2198 3887 2234 3917 de
2253 3888 2360 3927 Nous,

1307 3932 1339 3962 &
1360 3931 1396 3960 de
1418 3939 1477 3960 noz.
1499 3930 1621 3969 Subgiz,
1639 3932 1672 3961 ὃς
1693 3930 1728 3960 de
1752 3930 1908 3965 Procurer,
1929 3928 2095 3964 Negocier,
2115 3928 2147 3956 δε
2166 3926 2246 3963 Fere,
2269 3926 2304 3956 de
2326 3928 2361 3957 &

1306 3970 1348 4000 sur
1368 3969 1406 3999 les
1428 3967 1537 3999 Choses
1558 3969 1647 3999 dcffus
1664 3968 1762 4005 dines,
1780 3968 1850 3996 leurs
1865 3965 2084 3996 circumstances
2099 3966 2131 3995 &
2143 3964 2360 4003 dependancez,

1306 4016 1397 4040 toutes
1414 4006 1453 4038 les
1466 4005 1591 4046 Choses,
1609 4008 1643 4039 ὃς
1657 4006 1794 4038 chascune
1831 4015 1886 4043 que
1901 4003 2005 4042 Nous,
2021 4013 2056 4033 en
2069 4002 2163 4033 nostre
2178 4013 2279 4071 propr?
2294 4003 2361 4033 Per-

1828 4052 1848 4072 2
2271 4051 2365 4078 onne,
