2562 4274
13 272 90 303 Anu.
100 265 140 299 D.

14 317 120 378 fixi:

13 442 64 466 Aa.
81 445 107 463 2.

13 481 49 504 H.
64 477 90 502 6.

15 519 55 542 Ex
62 511 145 540 Band.

17 552 111 588 Escaet.
122 559 146 577 2.

15 595 50 618 Η.
69 591 96 617 6.

20 637 45 656 n.
66 636 108 663 35.

20 665 93 702 Infra

21 704 133 731 Turrim.

746 174 854 216 ET
940 171 1199 214 ACTA

432 350 480 382 De
504 351 611 382 Morte
627 346 767 394 praediilae
791 344 951 390 Comitiffiz.

165 437 436 497 INQJ151T10
456 441 588 465 cap-ra
610 441 717 464 Apus>
736 430 982 461 Prummu:
1003 438 1098 460 coram
1112 433 1224 468 Hugone

227 473 412 514 Willoughby,
429 473 574 504 Escaetore
589 471 712 502 Domini
727 469 814 507 Regis
828 470 857 499 in
881 467 1031 500 Comitatu
1060 468 1226 509 Notingha-

164 516 246 551 miae,
263 513 315 551 xxij
332 512 420 548 Maii,
438 512 527 542 Anno
541 509 666 541 secundo
677 511 717 538 H.
738 507 828 538 Sexti.

201 552 343 591 juratores
355 550 454 581 dicunt
468 549 548 588 quod
561 551 666 584 Lasia,
682 556 746 585 quae
759 545 813 577 fuit
828 549 902 576 Uxor
916 545 1055 575 Edmundi
1077 554 1159 584 nuper
1175 550 1224 575 Co-

165 594 239 621 mitis
250 592 382 626 Kantiae,
402 589 432 619 in
446 587 583 625 praedidio
596 585 681 616 Brevi
694 585 855 623 nominata,
872 584 947 614 nulla
961 585 1048 615 tenuit
1063 583 1166 614 Terras
1184 585 1229 614 seu

165 629 360 666 Tenementa,
376 628 407 657 in
424 626 587 656 Dominico
602 623 669 661 suo,
688 631 719 653 ut
732 622 767 652 de
782 622 898 661 Feodo,
917 632 971 652 nec
987 622 1016 651 in
1035 622 1157 652 Servitio
1168 645 1177 660 ,
1193 623 1228 652 de

166 667 304 737 Iggmino
320 665 421 705 Rege,
437 672 492 695 nec
505 664 601 702 aliquo
614 663 687 701 alio,
705 662 734 691 in
746 660 896 692 Comitatu
912 659 1050 700 praedie‘co
1063 684 1073 698 ‚
1093 660 1152 690 Die
1168 671 1225 698 quo

223 713 253 736 nt

204 744 254 775 Set
262 728 365 774 'dicunt
381 739 460 780 quod
477 738 575 771 eadem
591 739 679 769 Lucia
693 738 782 769 tenuit
793 738 820 767 in
838 735 962 775 Dotem,

180 781 185 787 “
205 781 273 812 Post
288 779 417 811 Mortem
429 779 495 808 diz‘i‘i
509 786 590 817 nuper
605 779 731 814 comitis,
746 775 782 807 de
799 775 971 807 Haereditate
983 774 1125 813 Johannae
1135 774 1231 814 Ducis:

160 819 204 859 fle
221 820 341 849 Eburum
375 816 483 847 Uxoris
497 819 612 848 Henrici
629 813 775 884 Brouffet
799 813 950 852 Chivaler,
979 814 1093 852 Unius,
1112 817 1229 851 Marga-

167 865 234 888 retae
249 858 320 887 Duci
341 866 364 886 ae
381 855 543 894 Clarentiae,
566 854 685 886 Alterius
726 862 843 883 ororum
864 854 897 884 &
920 852 1078 882 Haeredum
1100 852 1229 889 praedicti

167 905 258 936 nuper
271 894 396 925 Comitis
408 903 441 924 ac
455 894 594 924 Edmundi
604 894 716 922 Comitis
728 891 880 929 Marchiae,
900 890 962 920 Filii
983 890 1140 928 Alianorae,
1157 889 1231 919 Ter-

167 935 234 972 tiae,
251 932 369 974 Alefiae,
385 933 446 971 jam
459 931 567 962 Uxoris
581 930 692 962 Ricardi
709 929 812 959 Nevill
829 928 981 965 Chivaler,
1008 926 1232 958 Filiae'Aliano-

167 982 209 1003 rae
268 982 311 1003 uae
325 972 378 1003 fuit
391 970 480 1002 Uxor
493 973 602 1000 comitis
616 971 732 1006 Sarum,
751 967 885 1005 Qiartae,
904 967 937 998 δε
954 965 1067 1007 Radulfi
1087 966 1149 996 Filii
1168 965 1231 996 Eli-

168 982 315 1048 παίσειε,
330 1019 394 1049 quae
406 1010 460 1040 fuit
472 1008 558 1052 Uxor
572 1006 713 1051 Johtfnnis
725 1005 827 1050 Nevill
841 1004 977 1049 Cbivaler
990 1004 1116 1035 defuncti
1133 1027 1143 1042 ,
1160 1004 1233 1035 infra

171 1049 303 1081 AEtatem
319 1049 353 1080 &
375 1048 404 1077 in
427 1045 567 1077 Custodia
586 1044 654 1076 dieti
677 1044 801 1075 Domini
826 1043 912 1082 Regis
933 1043 1088 1081 existentis,
1113 1042 1233 1081 Quintae

174 1088 314 1119 Sororum
330 1085 620 1123 consanguineorum
634 1083 669 1114 &
691 1082 849 1114 Haeredum
869 1082 999 1121 praediciti
1018 1091 1102 1120 nuper
1125 1084 1235 1111 Comitis

174 1129 306 1164 Kantiae,
325 1133 358 1155 ex
374 1124 566 1163 Affignatione
577 1122 702 1153 Domini
716 1123 755 1150 H.
773 1131 864 1159 nuper
877 1123 954 1158 Regis
966 1120 1095 1158 Angliae,
1114 1120 1169 1151 Avi
1190 1120 1235 1149 di-

175 1165 217 1235 ‹ELizi
234 1164 358 1210 Domini
373 1161 461 1202 Regis
472 1172 567 1200 nunc,
583 1162 615 1191 in
631 1158 803 1191 Cancellaria
822 1159 946 1198 eiusdem
972 1159 1029 1191 Avi
1053 1157 1127 1190 faeta
1145 1158 1237 1189 eidem

205 1213 268 1233 uczae
324 1210 388 1232 rout
435 1208 474 1231 tet

211 1210 352 1280 Qua'rtim
368 1211 484 1271 Paliatem’
495 1238 576 1270 unius
591 1236 682 1268 Feodi
698 1235 801 1267 Militis
813 1237 844 1266 in
857 1235 999 1276 Clypston
1018 1238 1098 1275 juxta
1120 1234 1240 1274 Plump—

172 1281 359 1386 Ἶεῖῖῗέἷέυηῑ
371 1315 452 1355 quod
462 1312 586 1354 prefata
601 1316 688 1344 Lucia
700 1313 772 1344 obiit
793 1323 830 1352 14
846 1313 893 1344 die
907 1312 1010 1352 Aprilis
1023 1312 1125 1343 ultimo
1139 1319 1239 1350 praete-

177 1364 233 1387 nto
296 1364 322 1385 c.

214 1380 252 1424 E't
265 1393 363 1423 dicunt
379 1390 458 1429 quod
473 1389 568 1421 Galias
582 1390 615 1420 de
633 1389 742 1429 Vtfiont
762 1390 802 1421 est
827 1390 920 1420 Frater
943 1391 976 1420 &
995 1388 1095 1418 l-laeres
1117 1387 1235 1428 propin·

175 1433 258 1501 quIior
267 1429 520 1499 praefatchuciae,
535 1431 568 1460 &
584 1427 688 1460 AEratis
701 1428 736 1459 xl.
753 1429 907 1460 Annorum
922 1429 955 1460 &
969 1428 1098 1467 amplius.

226 1481 245 1501 n
260 1480 354 1509 cujus,
408 1478 434 1499 c.

212 1547 469 1584 INQUISITIO
493 1552 625 1575 CAPTA
644 1552 757 1575 APUD
777 1542 1004 1574 IKELYNGH
1018 1549 1074 1572 AM
1092 1543 1157 1580 ,in
1180 1539 1242 1570 Co-

178 1587 281 1616 mitatu
296 1582 458 1621 Suffolciae,
474 1583 521 1614 die
534 1583 690 1620 Mercurii,
715 1583 848 1620 proximo
869 1589 933 1612 ante
952 1581 1066 1611 Festum
1093 1580 1242 1610 Ascendo-

179 1626 225 1655 nis
239 1623 381 1660 Domini,
400 1622 489 1652 Anno
504 1632 531 1651 2.
551 1624 592 1652 H.
610 1622 640 1651 6.

215 1661 360 1700 Juratores
378 1661 477 1691 dicunt
492 1660 573 1698 quod
595 1663 683 1689 Lucia
698 1681 707 1696 ‚
733 1668 798 1696 quae
821 1658 874 1687 fuit
894 1661 968 1688 Uxor
991 1656 1130 1686 Edmundi
1154 1663 1243 1693 nuper

179 1704 292 1731 Comitis
303 1702 418 1730 Kantiae
428 1721 437 1736 ,
454 1699 482 1728 in
496 1699 575 1728 dicto
591 1697 671 1727 Brevi
687 1698 848 1734 nominata,
865 1703 896 1724 ut
907 1694 1001 1734 supra.

213 1738 264 1770 Set
277 1739 376 1769 dicunt
391 1735 471 1775 quod
487 1735 585 1766 eadem
597 1737 686 1764 Lucia
700 1735 807 1765 Tenuit
820 1735 848 1763 in
870 1733 982 1764 Dotem
995 1755 1005 1771 ,
1029 1732 1093 1771 post
1116 1731 1245 1762 Mortem

181 1775 251 1807 disti
267 1785 354 1814 nuper
368 1774 494 1805 Comitis
507 1774 542 1804 de
555 1773 729 1804 Haereditate
744 1771 888 1811 Johannae
897 1795 906 1810 ,
924 1778 956 1802 ut
962 1770 1058 1810 sicpra,
1074 1780 1164 1802 unum
1173 1770 1246 1800 Feo-

181 1815 251 1845 dum
266 1814 369 1845 Militis
381 1815 413 1843 in
425 1811 619 1851 Ikelyngham‚
636 1811 698 1841 &c.

219 1853 256 1884 Et
270 1854 370 1884 dicunt
383 1850 460 1891 quod
469 1848 593 1890 praefata
606 1852 694 1879 Lucia
707 1849 779 1880 obiit
797 1857 835 1887 14
848 1847 951 1886 Aprilis
964 1847 1065 1878 ultimo
1089 1847 1247 1886 praeterito,

219 1901 260 1972 ‘iit
274 1928 373 1958 dicunt
387 1926 467 1966 quod
480 1925 579 1956 Galim
590 1925 623 1955 de
649 1925 757 1969 Viscont
777 1924 818 1954 est
841 1924 935 1955 Frater
953 1924 988 1955 &
1010 1924 1112 1954 Haeres
1133 1923 1248 1965 propin-

179 1965 526 2043 qurffnggjflasiaeggaeciae,
548 1965 582 1996 &
597 1963 701 1996 AEtatis
718 1963 754 1994 xl.
773 1963 926 1994 Annorum
940 1963 973 1994 &
988 1963 1115 2001 amplius.

216 2089 419 2129 Inqursrr
433 2098 471 2120 10
490 2087 637 2120 Cap-ra
657 2097 769 2119 APUD
788 2087 1003 2127 Remum,
1020 2089 1082 2121 &c.

565 2225 614 2257 De
638 2224 727 2270 Regio
749 2223 871 2269 affi’nfit.

42 2319 172 2352 ἈΜ-Β.
223 2305 397 2340 Αηᾶίίῖῐῐῃο
411 2309 441 2339 in
458 2306 576 2340 Christo
597 2304 693 2346 Patri,
715 2309 748 2340 &
772 2307 926 2346 Domino,
950 2305 1086 2339 Domino
1107 2308 1251 2344 Martino,

38 2369 146 2428 Ᾰὲἴῒ·

38 2441 75 2465 Η.
91 2439 121 2469 6.

41 2478 101 2503 Pat.
116 2487 143 2505 2.

41 2517 78 2540 H.
94 2517 121 2544 6.

41 2558 69 2589 p.
94 2562 116 2582 r.

42 2599 80 2618 m.
92 2592 122 2620 6.

48 2819 127 2845 '‘X.

241 2347 352 2379 Divina
365 2347 565 2387 Providentia,
584 2347 778 2378 Sacrosanetae
792 2347 937 2377 Romanae
951 2356 984 2377 ac
1004 2345 1179 2376 Universalis
1194 2345 1253 2376 Ec·

186 2383 275 2417 clefiae
294 2390 399 2416 Summo
421 2385 544 2427 Pontffici
561 2409 571 2424 ,
596 2388 746 2423 Henrz'cus,
771 2384 830 2416 Dei

186 2425 309 2455 Franciae
318 2446 329 2463 ‚
345 2424 380 2456 &
395 2427 526 2455 Dominus
540 2423 690 2462 Hiberniae‚
711 2423 827 2455 Devota

227 2462 352 2494 Vacante
365 2472 452 2501 nuper
466 2462 590 2494 Ecclefia
601 2461 761 2493 Cathedrali
777 2462 850 2493 beati
864 2462 941 2493 Petri
956 2460 1099 2499 Ermum,
1113 2471 1162 2498 per
1170 2460 1255 2491 Mor-

190 2508 267 2544 tem,
282 2502 368 2532 bonae
382 2502 547 2540 memoriae,
564 2503 678 2531 Henrici
694 2503 810 2538 Boewet,
828 2500 921 2531 ultimi
945 2501 1159 2540 Archiepiscopi
1182 2500 1256 2531 Loci

190 2540 279 2578 illius,
298 2539 407 2570 Dsseffi
421 2540 504 2570 nobis
518 2541 548 2570 in
564 2538 697 2571 Christo,
724 2537 893 2576 Capitulum
914 2537 1037 2575 ejusdem
1062 2538 1155 2576 Loci,
1183 2548 1254 2568 con-

191 2580 336 2608 venientes
361 2579 392 2608 in
409 2588 499 2609 unum
512 2601 522 2617 ,
542 2577 738 2608 venerabilem
753 2576 886 2615 Patrem,
913 2574 1061 2614 Philippum
1085 2578 1258 2616 mgormen-

188 2616 249 2656 sim
263 2616 436 2656 Epiftopum‚
451 2616 612 2648 direxerunt
627 2616 794 2647 unanimiter
809 2614 886 2646 Vota
900 2613 960 2652 sua,
977 2616 1010 2645 &
1025 2614 1112 2654 ipsum
1131 2616 1159 2644 in
1176 2615 1257 2646 suum

195 2655 451 2692 Archiepiscopum
466 2654 649 2685 concorditer
703 2653 855 2692 stularunt,
880 2653 1017 2691 nobisque
1041 2662 1109 2683 cum
1129 2652 1257 2684 instantia

193 2693 384 2762 &plicarunt
397 2702 430 2724 ut
444 2693 604 2732 hujusmodi
616 2692 660 2723 Po
675 2691 868 2724 „ulationisuae
883 2690 1034 2723 Affensum
1048 2690 1175 2731 Regium
1183 2702 1257 2730 prae-

230 2742 260 2764 re
279 2741 411 2762 curemus

234 2770 321 2813 Nos,
338 2754 421 2810 ipfius'
429 2769 548 2809 Episiopi
563 2767 771 2801 considerantes
785 2767 889 2800 Merita
902 2765 1068 2806 probitatis,
1093 2776 1126 2798 ac
1147 2767 1256 2808 speran-

196 2816 237 2839 tes
249 2808 356 2838 dastam
374 2812 388 2824 ³⁶
407 2808 536 2839 Eborum
550 2807 724 2846 Ecclefiam,
743 2809 762 2839 s1
781 2808 862 2845 ipsius
879 2806 1023 2846 Regimini
1044 2806 1203 2845 praesideat,
1222 2808 1252 2837 in

195 2845 414 2891 Temporalibus
428 2845 685 2889 &⁴Spiritualibus,
704 2856 752 2884 per
766 2846 846 2883 iplius
860 2844 1159 2883 Circumspectionem
1169 2844 1255 2876 &In-

194 2884 328 2927 dustrrarn
340 2907 349 2921 ‚
367 2883 486 2927 salutaria
501 2884 578 2921 posse
590 2885 724 2922 suscipere
740 2885 929 2922 incrementa,
948 2882 1132 2914 postulationi
1155 2884 1256 2921 praedi-

193 2924 251 2955 &ae
268 2921 426 2960 huiusmodi
443 2920 573 2959 Regium
590 2921 738 2952 Affensum
753 2922 919 2953 adhibemus
934 2923 968 2952 &
985 2922 1125 2959 favorem,

233 2961 272 2993 Et
285 2961 343 2991 hoc
353 2959 451 3000 vestrae
476 2961 626 2990 Sanciitati
649 2959 834 2999 significamus
855 2970 904 2997 per
922 2960 1092 2998 Praesentes,
1116 2968 1163 2998 ut,
1200 2960 1257 2990 uod

194 2999 229 3030 ad
242 3010 295 3031 vos
308 2999 427 3038 pertinet
442 2999 472 3028 in
487 2998 538 3030 hac
551 3007 643 3038 parte,
661 2998 774 3028 ulterius
792 2999 891 3037 exequi
908 2997 1065 3036 dignemini
1084 3007 1153 3029 curn
1188 3008 1256 3029 avo-

194 3049 232 3069 re.

233 3075 266 3105 In
283 3074 414 3119 cujustrei
427 3074 644 3105 Testimonium
657 3074 704 3105 has
722 3074 827 3105 Literas
846 3073 952 3104 nostras
970 3082 1097 3112 patentes
1113 3074 1171 3104 fieri
1190 3097 1200 3112 ,
1217 3075 1250 3106 ὃ(

197 3113 302 3152 Magni
317 3112 402 3151 Sigilli
417 3113 504 3143 nostri
522 3114 680 3144 munimine
694 3114 811 3143 fecimus
824 3113 959 3142 roborari.

232 3152 303 3183 Dat.
317 3152 346 3181 in
360 3150 469 3181 Palatio
484 3153 562 3189 Regis
578 3151 800 3191 Wstmonallerii
814 3151 947 3182 vIcelimo
962 3149 1060 3188 quinto
1074 3148 1255 3187 dieJanuarii.

841 2385 953 2454 gratia,
979 2387 1040 2414 Rex
1066 2383 1197 2422 Angliae‚
1215 2384 1250 2414 &

867 2423 953 2454 edum
974 2422 1067 2454 oscula
1093 2424 1251 2453 beatorum.

693 3233 745 3262 Per
761 3234 854 3262 Breve
868 3230 899 3261 de
917 3233 1036 3261 Privato
1052 3228 1149 3267 sigillo.

293 3374 341 3406 De
358 3371 461 3407 Libris
472 3382 526 3418 per
544 3382 636 3418 nuper
651 3372 759 3419 Regem
787 3375 936 3406 mutuatis
957 3370 1160 3415 Restituendis.

0 3455 1 3496 Ῐ
54 3475 132 3507 Am.
145 3473 187 3507 D.
200 3457 321 3517 PLeise
334 3468 361 3495 a,
378 3453 530 3488 Treshault
541 3456 575 3488 &
588 3455 780 3495 Trespuiffant
794 3455 913 3495 Prince,
930 3456 955 3486 le
968 3460 1029 3486 Duc
1043 3456 1075 3486 de
1098 3453 1255 3493 Gluuoestre,

258 3496 409 3528 Proreaor
421 3495 498 3526 d'An
518 3495 633 3533 leterre,
662 3496 697 3526 &
716 3505 745 3526 as
766 3503 855 3526 autres
879 3496 1026 3534 Seigneurs
1047 3494 1090 3524 del
1111 3493 1254 3524 Counsaill

161 3538 167 3545 “
203 3536 299 3567 nostre
313 3535 426 3566 Sovera'
447 3543 484 3564 ne
512 3535 629 3571 eigneur
644 3532 670 3563 le
684 3533 764 3572 Roy,
770 3543 843 3572 pour
854 3533 955 3564 Donet
968 3543 1004 3564 en
1012 3533 1255 3569 Comandement,

198 3584 248 3614 par
263 3575 372 3605 Lettres
382 3573 418 3604 de
457 3573 516 3603 rive
534 3571 621 3611 Seall,
638 3581 654 3602 a
667 3572 766 3602 Robert
783 3570 913 3610 Rolleslon
938 3570 1026 3602 Clerk
1039 3593 1049 3609 ,
1072 3570 1254 3601 Garderober

198 3613 294 3643 nostre
310 3612 480 3650 Soveraigne
494 3612 643 3648 Seigneur,
661 3619 715 3649 pur
727 3610 792 3641 faire
806 3606 992 3641 Deliverance
1008 3620 1023 3640 a
1036 3611 1061 3640 la
1079 3608 1213 3647 Counteffi’
1222 3608 1254 3636 de

204 3654 252 3680 We
276 3650 401 3682 merlam!
412 3652 478 3681 d'un
495 3649 599 3680 Livere
615 3650 779 3687 (contenant
794 3648 831 3678 les
843 3648 994 3679 Cronikels
1007 3648 1043 3679 de
1055 3646 1252 3686 Jerusalem&

202 3689 227 3719 le
272 3690 331 3728 iage
344 3689 380 3720 de
397 3691 440 3719 Go
471 3699 520 3727 ray
541 3686 668 3725 Boylion)
687 3686 837 3725 n’adgaires
850 3697 864 3717 a
886 3685 983 3724 resta,
1021 3697 1049 3716 ar
1067 3687 1091 3716 la
1103 3686 1158 3714 dite
1165 3690 1253 3714 Coun-

202 3726 265 3766 teffe
275 3748 284 3764 ,
300 3728 354 3758 ale
369 3728 446 3758 Nob
457 3736 474 3757 e
489 3730 539 3757 Roi
553 3729 641 3756 Henri
658 3723 738 3756 Piere
753 3725 848 3755 nostre

203 3768 244 3796 est
240 3765 324 3833 1’308rcs
328 3775 363 3796 en
376 3766 401 3797 la
417 3765 514 3796 Garde
530 3765 569 3796 du
583 3765 623 3795 dit

255 3843 346 3870 Primo
361 3843 416 3870 Die
430 3842 587 3880 Februarii,
607 3843 695 3871 Anno
701 3838 832 3879 sicando,
856 3837 928 3876 apud
949 3837 1234 3869 westmonasterium
1244 3859 1253 3875 ,

202 3877 324 3919 concessa
335 3877 396 3919 fuit
407 3879 519 3918 praess’ns
534 3879 692 3920 Supplicatio
706 3882 735 3908 in
747 3877 836 3917 forma
851 3888 904 3917 qua
921 3881 1025 3915 petitur
1035 3900 1046 3915 ,
1068 3876 1106 3911 ὠ·
1131 3878 1250 3906 Wran-

199 3925 258 3947 tum
273 3915 379 3957 Custodi
394 3919 505 3953 Magna
521 3917 683 3950 Garderobae
699 3919 777 3956 Regis
792 3915 824 3946 de
834 3914 1012 3946 Deliberando
1027 3915 1143 3946 Librum
1157 3919 1185 3945 in
1201 3925 1249 3944 ra-

192 3957 322 3995 firiptum
334 3962 365 3985 ut
383 3954 522 3995 informa.

882 3726 995 3764 eigneur
1018 3735 1034 3755 e
1052 3724 1118 3762 Roy
1131 3733 1186 3762 que
1204 3732 1254 3753 ore

635 3748 748 3794 &oben
765 3772 815 3793 ore
831 3762 944 3794 esteant.

170 4141 175 4144 .
213 4149 219 4153 μ
261 4109 332 4139 nne.
352 4109 398 4139 IV.
417 4109 448 4138 P.
466 4109 515 4138 tiz

1282 170 1312 210 Ρ
1353 169 1393 209 U
1436 170 1467 208 B
1508 168 1540 208 L
1579 163 1596 207 Ῑ
1637 169 1674 208 C
1713 165 1758 208 A.

1690 252 1869 292 &infinibus
1879 275 1889 291 ‚

1263 333 1402 367 Dominis,

1262 368 1349 398 Duce
1366 366 1572 404 Gloucestriae,

1266 406 1488 444 Archi-episcopo
1508 404 1717 443 cantuariensi,

1265 445 1475 483 Wyntoniensr,

1267 482 1449 513 Norwicenli
1459 504 1469 519 ,

1266 523 1308 550 Et
1329 520 1547 561 Wygorniens1‚

1810 328 1972 367 Episcopis,

1811 365 1931 397 Comite
1946 364 2130 396 Warrewicae
2141 386 2151 401 ,

1812 405 1990 435 Cancellario
2000 426 2009 442 ,

1812 443 1960 473 Thesaurar
1968 443 1996 471 io
2005 465 2014 479 ‚

1758 496 1761 497 ⁷
1813 479 1855 510 Et
1871 481 1998 511 Custode
2014 479 2119 509 Privati
2138 477 2238 514 Sigilli.

1266 597 1322 626 Ad
1333 599 1549 627 Procurationem
1564 595 1686 626 Domini
1701 594 1737 624 de
1752 595 1901 633 Fitzhugh.

1306 675 1348 714 A,
1367 676 1518 709 Treihault
1532 680 1565 710 ὃς
1579 676 1697 716 puissant
1713 675 1816 705 Prince
1826 697 1835 712 ,
1854 675 1886 705 &
1903 674 1967 705 bien
1982 670 2185 703 Trestionoure
2199 671 2231 701 ὃς
2244 669 2331 700 Tres-

1266 716 1452 784 Ξῖῗέοὸῖῖἔ
1474 714 1883 786 ’ἒὲἓέῖιῗέἑαῖἱθέῗᾷἓῗζῗ
1907 711 2328 785 2313„ssssiss‘ffiZYSfflssflssssie'

1269 792 1522 860 gestiutpblernent
1537 793 1656 832 Johan,
1679 791 1779 821 Priour
1802 760 1886 820 deyla
1910 775 2008 828 Esgolise
2033 787 2068 816 de
2092 771 2276 825 cristeihirdye
2296 785 2328 813 de

1291 838 1370 860 anter
1388 841 1430 859 ers
1486 841 1521 860 ue

1308 867 1404 899 Come
1423 841 1564 908 uiiqgraiid
1579 868 1665 898 Libre
1680 868 1690 905 (
1700 867 1882 905 conteignant
1899 871 1981 895 toutz
1997 863 2033 893 les
2053 863 2180 904 Libres„
2193 861 2259 903 faitz
2282 870 2330 898 per

1269 909 1351 946 Seynt
1366 909 1485 944 Gregour
1499 906 1524 936 le
1541 909 1631 944 Papo,
1650 916 1684 936 en
1700 915 1739 935 un
1755 904 1878 935 Volume
1888 907 1896 935 )
1916 903 2046 940 n'adgairs
2060 901 2124 930 fuist
2142 900 2249 929 Drmrse
2267 899 2330 929 adit

1271 944 1417 983 Suppliant
1432 946 1466 976 &
1484 955 1500 975 a
1513 945 1538 975 sa
1553 946 1610 975 dite
1627 943 1729 982 Esglise
1745 953 1808 981 par,
1826 943 1851 972 le
1868 940 2068 971 Tresreverent
2093 938 2154 968 Pier
2176 947 2209 967 eu
2235 936 2330 971 Dieu‚

1270 983 1384 1013 Thomas
1400 983 1556 1022 Arundell,
1571 983 1638 1021 jadis
1650 981 1837 1021 Erchevesque
1851 979 1883 1008 de
1898 977 2065 1015 Canterbirs,
2082 985 2138 1014 que
2152 975 2228 1005 Dieu
2246 974 2328 1004 affoi-

1269 1021 1313 1060 le,
1329 1031 1365 1052 en
1382 1021 1432 1052 son
1444 1021 1630 1059 Testament,

1306 1060 1396 1098 Apres
1411 1070 1467 1099 que
1485 1060 1567 1091 Mort
1591 1059 1700 1091 mesine
1721 1059 1746 1089 le
1773 1058 1860 1088 Libre
1880 1054 1945 1086 fuist
1972 1054 2106 1084 Delivere
2127 1051 2152 1081 al
2175 1050 2336 1081 Tresnoble

1272 1098 1318 1129 Sei
1340 1109 1409 1129 neur
1423 1101 1515 1138 Henry
1530 1099 1603 1138 jadys
1621 1101 1674 1138 Roy
1688 1095 1882 1134 d'Angleterre
1904 1096 1980 1131 (que
2002 1093 2077 1122 Dieu
2094 1089 2247 1125 Perdoint)
2264 1097 2336 1127 pour

1275 1137 1307 1167 In
1321 1137 1436 1175 pediion
1451 1139 1527 1168 avoir
1542 1136 1642 1176 d'ycell
1652 1159 1661 1175 ‚
1680 1146 1728 1173 per
1745 1135 1783 1165 les
1803 1133 1906 1172 Mayns
1921 1133 1957 1162 de
1974 1130 2079 1160 Gilbert
2093 1127 2246 1166 Umfravile
2263 1127 2335 1156 Chi-

1276 1177 1366 1213 valer,
1385 1185 1423 1205 un
1442 1175 1491 1205 des
1507 1175 1681 1206 Executours
1697 1173 1732 1204 de
1748 1174 1771 1203 la
1785 1171 1954 1202 Testament
1969 1170 2005 1199 du
2024 1168 2066 1197 dit
2080 1166 2283 1206 Erchevefisue‚

1314 1213 1353 1244 Et
1368 1214 1432 1252 ensy
1448 1212 1650 1251 remaigndroit
1663 1222 1699 1242 en
1711 1212 1736 1242 la
1751 1212 1819 1249 gard
1841 1210 1880 1239 du
1903 1209 1942 1240 dit
1963 1207 2099 1244 n'adgairs
2122 1208 2176 1244 Roy
2193 1210 2292 1234 durant
2310 1202 2338 1234 sa

1277 1250 1350 1290 Vie,
1369 1253 1402 1282 &
1419 1262 1528 1290 unqore
1542 1251 1584 1282 est
1602 1251 1718 1281 Detenu
1730 1260 1765 1281 en
1779 1249 1806 1278 ie
1823 1247 1943 1278 Meason
1957 1247 1988 1275 de
2002 1243 2134 1282 Chartvfi
2159 1243 2189 1287 de
2204 1243 2300 1279 Shene,

1314 1290 1350 1320 Et
1367 1289 1428 1327 puis
1452 1289 1556 1320 mesine
1576 1289 1665 1328 celluy
1689 1288 1824 1326 n’ngairs
1838 1290 1893 1327 Roy
1914 1284 2056 1322 Ordeigna
2079 1284 2111 1314 ὃς
2135 1281 2270 1318 Disposa,
2290 1289 2338 1318 par

1277 1327 1327 1358 son
1341 1327 1510 1359 Testament
1523 1330 1555 1359 &
1568 1327 1684 1365 darreyn
1709 1327 1851 1357 Voluntee
1867 1348 1876 1362 ,
1894 1333 1972 1354 entre
1991 1331 2078 1352 autres
2095 1343 2104 1358 ,
2124 1329 2179 1358 que
2196 1319 2337 1362 l'avantdit

1276 1367 1364 1398 Libre
1380 1366 1462 1397 seroit
1480 1366 1601 1396 delivere
1618 1375 1634 1395 a
1648 1366 1674 1396 le
1690 1364 1731 1395 dit
1747 1363 1895 1401 Suppliant
1907 1363 1940 1393 &
1956 1371 1971 1392 a
1988 1361 2014 1391 sa
2026 1359 2126 1398 Esglise
2149 1357 2266 1395 suisdrte,
2285 1366 2339 1387 co-

1276 1416 1326 1437 me
1340 1414 1440 1444 propre
1457 1404 1525 1435 Bien
1539 1404 1574 1434 de
1588 1403 1692 1434 mesme
1706 1402 1837 1441 l'Esglise,
2208 1435 2212 1440 Α

1311 1444 1431 1483 Pleasea
1447 1452 1504 1474 voz
1518 1440 1749 1482 Tresgraciousez
1765 1441 1811 1471 Sei
1832 1447 1912 1469 neurs
1932 1461 1942 1475 ,
1961 1445 1996 1468 en
2023 1436 2049 1466 le
2072 1433 2338 1472 accomplissement

1279 1483 1351 1514 dela
1365 1483 1473 1514 darrein
1492 1480 1633 1512 Voluntee
1657 1479 1750 1510 suisdit
1766 1501 1776 1517 ,
1803 1448 1956 1508 &rauntier
1985 1475 2093 1504 Lettres
2112 1474 2147 1504 de
2179 1472 2339 1508 Guarrant,

1278 1522 1404 1552 desoubz
1418 1520 1443 1550 le
1461 1520 1545 1550 Prive
1559 1519 1630 1549 Seall
1645 1518 1738 1548 nostre
1754 1518 1897 1554 Soverayn
1920 1518 2030 1551 Signeur
2050 1512 2074 1541 le
2090 1515 2144 1542 Ror
2163 1534 2172 1549 ,
2196 1509 2341 1540 Adreffiez

1280 1561 1304 1591 al
1320 1562 1417 1590 Priour
1433 1558 1468 1589 de
1484 1558 1588 1588 mesme
1601 1558 1625 1588 la
1640 1556 1759 1588 Meason
1774 1556 1809 1586 de
1822 1552 1954 1592 chartus&
1970 1576 1979 1590 ,
1999 1552 2044 1589 luy
2066 1549 2286 1580 commandantz
2307 1549 2341 1578 ὃς

1281 1599 1452 1638 chargeantz
1464 1606 1515 1635 pur
1534 1595 1680 1627 Deliverer
1692 1595 1717 1625 le
1732 1595 1817 1624 Libre
1832 1592 1939 1628 suisdit,
1959 1591 2043 1620 saunz
2068 1588 2127 1618 dela
2166 1597 2205 1617 ou
2228 1596 2341 1617 contra-

1281 1638 1392 1668 difflon
1410 1644 1593 1674 queconque,
1611 1645 1626 1664 a
1640 1634 1727 1664 Frere
1744 1633 1786 1663 W
1787 1631 1874 1665 illiam
1908 1627 2044 1667 Molass'ch
2060 1649 2069 1665 ,
2133 1634 2207 1664 ogne
2235 1627 2266 1668 ὅς
2292 1624 2342 1655 ΑΙ-

1282 1677 1415 1714 moigner
1431 1674 1466 1704 de
1478 1674 1625 1704 l’avandite
1641 1671 1732 1711 Eglise
1745 1670 1781 1701 de
1798 1666 1990 1708 Christchirche
2005 1688 2014 1703 ,
2039 1674 2111 1703 pour
2133 1663 2203 1703 ycell
2226 1663 2294 1707 farre
2315 1673 2344 1694 a·

1285 1715 1411 1753 meigner
1431 1714 1464 1744 &
1482 1713 1594 1742 cariera
1610 1711 1636 1741 le
1658 1711 1700 1741 dit
1723 1709 1886 1746 Suppliant,
1914 1706 1964 1736 son
1989 1704 2133 1742 Soverayn
2152 1725 2161 1739 ,
2183 1711 2261 1745 avoir
2281 1712 2296 1731 a
2319 1701 2345 1731 le

1285 1753 1364 1790 Oeps
1377 1752 1412 1782 de
1426 1751 1531 1780 mesme
1547 1749 1664 1789 l'Esglise
1680 1748 1724 1779 del
1742 1743 1947 1786 Christechirche
1971 1744 2004 1774 &
2030 1743 2055 1772 la
2078 1740 2198 1770 Meason
2219 1739 2345 1776 d’rcelle,

1286 1792 1422 1828 solonque
1436 1789 1549 1819 l’entent
1566 1790 1598 1820 &
1616 1788 1732 1818 volunte
1747 1786 1786 1816 du
1812 1785 1853 1815 dit
1872 1783 2007 1819 n'aa'gairs
2030 1778 2218 1817 Erchevefique
2235 1801 2245 1817 ,
2273 1786 2345 1815 pour

1285 1829 1363 1861 Dieu
1380 1829 1413 1859 δε
1429 1837 1464 1858 en
1480 1827 1576 1858 Oevre
1592 1826 1628 1857 de
1645 1825 1786 1857 Charitee.

1325 1909 1426 1937 Lettre
1439 1910 1487 1934 ent
1493 1903 1564 1948 fictst
1570 1902 1702 1944 faite,de
1717 1904 1793 1931 Date
1810 1901 1842 1930 de
1857 1899 1899 1935 xii
1918 1897 1990 1936 Jour
2004 1895 2035 1925 de
2052 1899 2194 1931 Feverere,
2202 1903 2237 1922 au
2249 1895 2346 1922 Priour

1284 1945 1318 1976 de
1333 1945 1362 1975 la
1378 1944 1397 1964 ²¹⁵
1417 1942 1549 1983 ChartuJe
1565 1945 1597 1973 de
1608 1939 1813 2008 Shene,lffil0nc
1837 1936 1935 1976 l’effic}
1956 1936 1988 1964 de
2012 1935 2040 1963 la
2067 1932 2244 1971 Supplication
2263 1929 2347 1969 deffici-

1284 1984 1412 2023 escripte‚
1429 1992 1461 2011 ou
1477 1987 1630 2012 autrement
1646 1991 1696 2020 que
1728 1990 1741 2008 e
1764 1977 1806 2007 dit
1832 1979 1930 2005 Priour
1947 1974 2003 2013 soit
2024 1973 2120 2001 devers
2140 1970 2163 1999 le
2192 1970 2304 2008 Confi’il,
2323 1968 2346 1997 le

1286 2022 1397 2061 Mersdy
1402 2028 1451 2059 pro
1466 2020 1540 2050 chein
1555 2026 1681 2057 venant,
1695 2025 1747 2056 pur
1762 2015 1881 2046 declarer
1895 2014 1924 2043 la
1942 2011 2024 2049 Causa>
2035 2019 2087 2048 pur
2104 2007 2187 2050 quelle
2211 2007 2234 2038 il
2244 2019 2276 2038 ne
2302 2007 2346 2036 de-

1287 2064 1377 2092 veroit
1392 2071 1418 2090 ce
1446 2061 1512 2088 aire.

1324 2142 1406 2169 Sexto
1423 2137 1478 2166 Die
1494 2134 1655 2172 Februarii,
1674 2135 1761 2164 Anno
1777 2130 1900 2168 Secundo,
1918 2127 1991 2167 apud
2005 2123 2349 2164 Wstmonasterium,00n-

1288 2176 1354 2216 ceffiz
1367 2176 1421 2215 furt
1428 2171 1547 2214 praeftns
1566 2172 1726 2212 Supplicatio
1738 2169 1869 2209 informa
1883 2178 1937 2208 qua
1956 2169 2077 2209 petitur,
2103 2162 2141 2206 &j
2168 2163 2347 2206 Warantzfm,

1281 2216 1335 2256 fi‘b
1352 2218 1471 2245 Privato
1485 2211 1595 2250 Sigillo,
1611 2209 1780 2250 iiilrafiripto
1796 2211 1885 2238 Priori
1904 2209 2006 2235 Domus
2033 2202 2208 2245 Cartulienh}
2227 2200 2262 2229 de
2281 2200 2350 2241 bbe7

1290 2264 1327 2284 ne
1337 2277 1346 2291 ,
1363 2253 1396 2283 de
1410 2250 1593 2282 Deliberando
1608 2248 1808 2288 infrafiriptum
1821 2245 1936 2276 Librum
1955 2242 1994 2272 ad
2017 2241 2092 2280 ufiaem
2118 2242 2220 2270 Domus·
2244 2236 2351 2268 Christi

1290 2289 1494 2323 Cantuarienfis
1503 2312 1513 2328 ,
1528 2296 1559 2319 ut
1575 2286 1651 2327 infra
1660 2295 1748 2326 patet.

1722 2362 1901 2402 Praesentibus
1908 2383 1918 2398 ,

1293 2449 1429 2484 Dominis,
1844 2436 1986 2479 Episiopis,
2102 2471 2107 2475 ι

1294 2486 1381 2518 Duce
1397 2483 1605 2521 Gloucestriae,
1845 2476 1963 2506 Comite
1985 2470 2152 2502 Warrwicae
2162 2490 2173 2507 ,

1296 2523 1519 2562 Archiepiscopo
1540 2517 1732 2551 Cantuarienfi
1740 2541 1750 2555 ,
1844 2511 2020 2557 Cromewell
2030 2534 2039 2547 ,

1300 2561 1514 2598 Londonienii,
1846 2552 1910 2583 Fitz
1928 2549 2029 2593 Hugh,

1298 2599 1515 2642 Wyntoniensi,
1845 2589 2040 2623 Cancellano,

1298 2638 1483 2671 Norwicenli
1491 2660 1502 2675 ,
1844 2631 1887 2659 Et
1905 2625 2098 2657 Thesaurario.

1297 2681 1340 2709 Et
1360 2673 1562 2717 Wygorniensr
1570 2697 1580 2712 ,

1322 2819 1370 2849 De
1391 2809 1562 2858 Recipiendo
1578 2808 1715 2842 Elelium
1739 2804 1927 2849 Melitensem
1954 2808 1986 2836 in
2012 2806 2138 2836 Turrim
2167 2801 2328 2834 [londonie.

1298 2901 1486 2955 HEnricus,
1508 2896 1565 2927 Dei
1581 2892 1683 2933 gratia,
1701 2895 1760 2923 Rex
1788 2889 1900 2927 Angliae
1928 2887 1966 2923 ὠ
1991 2890 2113 2917 Franciae
2130 2909 2140 2924 ,
2164 2885 2202 2921 ὠ·
2223 2887 2356 2927 Dominus

1371 2937 1527 2972 Hiberniae,
1548 2931 1704 2963 Venerabili
1717 2932 1745 2959 in
1763 2927 1880 2959 Christo
1895 2927 1989 2963 Patri,
2004 2929 2043 2955 H.
2063 2926 2159 2956 eadem
2183 2923 2268 2962 gratia
2292 2925 2353 2951 Ar-

1297 2974 1377 3014 chiepi
1391 2977 1447 3013 c'opo
1463 2970 1650 3009 Cantuarienfi
1659 2992 1668 3006 ‚
1683 2969 1768 2998 totius
1785 2966 1894 3005 Angliae
1910 2962 2044 3001 Primati,
2060 2963 2196 2993 Salutem.

1334 2975 1504 3044 Mssdamus
1519 3010 1600 3040 vobis
1616 3006 1695 3046 quod
1710 3005 1855 3035 Robertum
1872 3001 2008 3041 Giresme,
2027 3001 2158 3032 EleClum
2174 2998 2351 3030 Meldensern

1295 3053 1331 3083 de
1346 3052 1478 3088 Francia,
1497 3046 1643 3078 Custodiae
1660 3044 1757 3075 vestra:
1783 3053 1831 3081 per
1855 3041 2034 3071 Carminium
2058 3039 2222 3070 Dominum
2244 3037 2276 3068 &
2302 3036 2354 3066 Pa-

1294 3097 1366 3122 trem
1383 3089 1511 3120 nostrum
1531 3084 1709 3116 Deffindfflm
1725 3091 1813 3120 nuper
1827 3079 2025 3110 Commissum
2039 3079 2108 3109 &in
2118 3076 2254 3107 Custodia
2266 3076 2353 3106 vestra

1296 3128 1477 3164 existentem,
1495 3123 1713 3154 Constabulario
1726 3120 1826 3150 Turris
1843 3117 1943 3147 nostroe
1958 3116 2136 3153 Londoniae,
2154 3115 2200 3146 vel
2216 3117 2273 3153 ejus
2292 3113 2352 3143 Lo·-

1297 3166 1472 3198 cumtenenti
1487 3162 1592 3192 ibidem
1602 3185 1612 3199 ,
1629 3159 1749 3189 liberetis
1764 3157 1886 3193 indilate,
2156 3193 2159 3196 .
2312 3189 2319 3196 ἱ

1336 3204 1393 3234 Cui
1410 3201 1609 3233 Mandavimus
1624 3198 1702 3236 quod
1719 3197 1806 3235 ipsum
1820 3194 1963 3225 Robertum
1979 3202 1995 3222 a
2008 3193 2090 3223 vobis
2105 3198 2240 3228 reciperet
2260 3213 2271 3228 ,
2286 3199 2355 3220 curn

1298 3243 1404 3283 ipsum,
1423 3250 1457 3272 ex
1471 3248 1545 3278 parte
1561 3237 1670 3273 nostra,
1689 3237 1715 3266 ei
1731 3235 1880 3278 deliberare
1896 3232 1996 3274 velitis,
2197 3268 2201 3272 λ
2319 3267 2324 3271 .
2341 3267 2355 3271 ..

1338 3280 1478 3311 Volumus
1496 3278 1571 3308 enirn
1586 3277 1619 3307 &c
1635 3298 1644 3313 ,
1670 3273 1704 3304 de
1723 3272 1829 3303 assensu
1853 3272 1885 3300 δε
1907 3272 2079 3300 avrsamento
2104 3267 2202 3306 Magni
2230 3266 2357 3297 Conciln

1296 3319 1404 3356 nostri,
1423 3315 1618 3348 Concedirnus
1634 3323 1683 3342 vos
1696 3312 1730 3342 de
1746 3309 1885 3341 Custodia
1893 3308 2018 3347 praedicii
2036 3306 2144 3337 Roberti
2164 3306 2271 3345 penitus
2285 3314 2354 3335 exo-

1296 3368 1422 3427 ne'ss'elste
1440 3390 1570 3432 meipsoa
1591 3389 1627 3420 ud
1646 3386 1918 3428 Wstmonasterium,
1935 3384 2042 3415 oetavo
2059 3383 2104 3413 die
2127 3381 2277 3418 Februarii,
2294 3379 2355 3410 An-

1298 3445 1337 3466 no
1353 3434 1449 3472 Regni
1465 3430 1552 3462 nostri
1590 3427 1710 3459 ecundo.

2001 3499 2054 3528 Per
2071 3497 2222 3528 Concilium.

1296 3585 1414 3645 REX
1431 3580 1647 3615 Constabulario
1661 3579 1761 3611 Turris
1771 3577 1826 3609 suae
1847 3576 2009 3608 Londoniae
2024 3598 2034 3614 ,
2052 3575 2097 3605 vel
2115 3575 2173 3612 ejus
2192 3573 2345 3603 Locumte-

1367 3626 1445 3655 nenti
1461 3623 1585 3659 ibidem,
1600 3620 1733 3650 Salutem.

1331 3662 1500 3694 Mandamus
1512 3660 1590 3689 vobis
1603 3657 1682 3696 quod
1698 3654 1840 3685 Robertum
1858 3652 1993 3692 Girefine,
2012 3651 2142 3682 Eleetum
2169 3647 2345 3679 Meldenlem

1293 3700 1328 3731 de
1344 3702 1478 3735 Francia,
1505 3696 1665 3728 Venerabili
1690 3695 1719 3724 in
1741 3691 1857 3722 Christo
1876 3691 1952 3722 Patri
1970 3713 1980 3728 ,
2004 3692 2119 3719 Hem-ico
2146 3685 2345 3724 Archiepiscopo

1294 3737 1496 3778 cantuarienfi‚
1515 3737 1585 3766 etim
1600 3734 1690 3772 ipsum
1701 3731 1843 3762 Robertum
1858 3731 1938 3760 vobis
1951 3752 1961 3768 ‚
1983 3737 2017 3759 ex
2040 3736 2114 3766 parte
2134 3725 2243 3762 nostra,
2263 3726 2345 3754 Deli-

1294 3779 1388 3808 berare
1401 3775 1533 3811 voluerit,
1551 3772 1705 3813 Recipiatis
1715 3769 1841 3805 indilate,
1902 3807 1907 3811 η
2000 3805 2005 3809 1
2174 3802 2178 3806 ¹
2212 3802 2217 3806 .

1329 3816 1366 3847 Et
1383 3814 1471 3854 ipsum
1481 3836 1490 3851 ,
1508 3813 1585 3843 salvo
1599 3813 1632 3843 ὃς
1648 3811 1760 3846 secure,
1778 3809 1807 3838 in
1821 3806 1907 3837 Turri
1921 3803 2053 3848 praedicta
2070 3801 2231 3845 custodiatis
2245 3823 2257 3839 ,
2272 3810 2346 3838 quo-

1294 3854 1380 3892 usque
1393 3862 1447 3892 pro
1459 3853 1517 3890 ejus
1535 3850 1746 3881 Deliberatione
1761 3847 1838 3876 aliter
1853 3845 2010 3874 duxerimus
2034 3840 2241 3876 ordinandum,

1333 3891 1502 3927 Mandamus
1515 3889 1592 3920 enim
1607 3886 1730 3927 praefato
1752 3882 1950 3928 Archiepifiopo
1973 3879 2053 3919 quod
2073 3876 2221 3916 praefatum
2245 3877 2344 3907 Rober.

1291 3938 1370 3967 tum,
1388 3939 1422 3960 ex
1472 3935 1514 3959 rte
1530 3926 1622 3958 nostra
1632 3949 1642 3965 ‚
1659 3926 1741 3956 vobis
1755 3923 1861 3953 liberet.
2029 3955 2035 3960 .
2193 3955 2207 3959 ..

1326 3967 1415 4000 Teste
1459 3976 1510 4006 ege
1523 3965 1597 4006 apud
1610 3960 1878 4004 Wstmonasterium‚
1890 3957 1994 3988 ostavo
2007 3955 2052 3986 die
2068 3954 2220 3992 Februarii,

1974 4033 2028 4063 Per
2043 4030 2192 4062 Concilium.

1813 4089 1844 4121 O
2299 4086 2353 4114 Pro

2340 332 2403 355 Hen-
2422 317 2451 354 Ι6.

2369 1933 2502 1971 ¹¹X.318.

2379 2876 2453 2906 Am
2471 2876 2512 2915 Ὡς

2380 2925 2486 2981 Λῖἰΐέἒ·

2377 2999 2411 3021 H.
2427 2994 2455 3020 6.

2376 3031 2462 3066 Claus.
2485 3034 2513 3066 ι’,

2381 3075 2414 3098 H.
2431 3072 2457 3098 6,

2373 3119 2409 3138 m.
2428 3118 2470 3143 ¹9-

2403 3580 2465 3610 Ibin(u
