2562 4274
37 207 115 239 Ann.
130 205 169 236 D.

66 255 153 284 1422.

39 290 102 315 Heu.
123 286 150 313 6.

41 746 172 780 Ann.D.

38 796 146 827 {1422.

38 830 91 854 An.
115 837 139 854 1.

39 885 101 932 Pell.
115 886 121 892 ι

63 1393 82 1411 ²*
101 1393 139 1420 X.

44 1441 108 1469 ²57·

61 3051 138 3083 Ann.
150 3050 190 3083 D.

91 3100 177 3129 1422.

61 3133 115 3159 An.
135 3140 158 3157 i.

63 3173 98 3196 Η.
120 3170 147 3195 6.

63 3211 153 3234 franc.
174 3216 195 3233 i.

65 3249 101 3273 Η.
122 3246 149 3272 6.
163 3254 198 3271 m.

69 3292 113 3310 10.

185 123 236 163 82

189 205 378 237 cellentissimi
399 204 533 243 Principis
551 203 584 233 &
607 201 755 236 Domini,
781 197 871 242 Regis
896 199 934 226 H.
996 238 999 240 Ι
1107 235 1111 238 Δ

190 245 317 277 Franci-ae
333 245 361 273 in
376 243 524 280 Audiam,
545 251 593 279 per
609 239 697 269 Villas
712 240 745 269 Sc
761 237 900 267 Civitates
914 236 1077 279 pi'aediss'taS,
1096 238 1132 278 lic
1149 234 1256 264 ducen-

188 285 245 322 do,
263 284 296 315 &
309 282 382 321 apud
396 266 688 312 Vffestmonasterium
704 276 863 314 Sepeliend.
882 285 936 306 ccc
950 274 969 304 l.
989 283 1026 304 xii
1040 285 1061 303 ς.
1083 283 1111 304 Vl
1124 272 1152 302 d.

955 196 1058 234 Qiinti
1073 196 1108 226 de
1125 194 1254 225 Partibus

225 360 355 400 Johanm'
370 357 505 393 Ardern,
523 354 641 385 Clerico
653 353 866 391 operationum
880 350 990 389 Regis,
1009 352 1038 380 iri
1053 349 1211 392 Denariis,
1221 347 1256 392 fi'.

189 401 219 430 bi
235 399 372 434 liberatis,
391 405 439 433 per
456 403 554 424 manus
569 404 620 431 pro
643 393 712 429 rias,
730 401 784 429 pro
802 391 926 433 Fastura
936 390 1068 434 Tumbae
1089 390 1130 417 H.
1150 388 1257 432 Qinti

189 437 263 469 infra
276 434 431 467 Ecclesiam
447 433 521 463 Beati
537 432 613 463 Petri
673 429 941 461 estmonastei·ieniis
956 428 979 459 F
981 428 1080 465 ienda,
1098 428 1132 459 &
1148 426 1256 458 ibidem

191 474 350 516 Sepeliend.
369 473 437 503 xxiii
448 472 467 502 l.
488 473 550 504 vis.
570 471 620 502 viii
634 470 661 500 d.
679 469 750 499 und?
762 467 948 508 Respondebit.

217 595 376 630 particula
402 594 531 639 Proviso
560 596 591 625 in
620 590 799 626 Garderoba
825 602 879 636 pro
906 592 1131 623 Internamento
1150 591 1239 635 Regis

550 644 679 674 Henrici
689 639 871 688 supradiffl'.

191 730 268 795 IM
277 740 295 761 P
306 739 350 761 R1
360 738 389 761 M
398 738 409 759 1
418 739 431 761 s
440 753 450 766 ,
467 728 503 759 de
524 726 704 757 Wiellielmus
719 726 881 758 cantelowe
899 734 934 755 xx
954 724 1050 769 Peciae
1067 723 1104 755 de
1117 722 1258 756 Bokeram

242 769 324 809 nigiti
337 777 408 799 curt.
426 768 560 799 Precium
579 766 674 811 Pec.-iae
691 767 755 836 iiips.
775 766 804 810 iv
820 765 1030 834 ΑὰεΙένὲέ-ἐτέῑιῐιιι
1039 763 1152 842 ffongae
1188 800 1260 833 Pre-

192 806 812 887 cffifflffifflffiqmmff
1160 824 1170 842 ’

229 886 359 924 ITEM,
377 884 414 916 de
433 883 580 916 Willielmo
595 881 756 913 Caudewell
767 891 800 925 ‚iv
819 880 942 912 Bastard.
961 880 1027 912 Seli.
1045 889 1116 912 cum
1136 879 1257 912 Hernes.

193 926 278 957 Prec.
298 925 366 956 Pec.
387 925 453 954 xxvi
468 935 489 954 r,
505 924 553 953 viii
569 922 595 951 d.
616 921 646 952 C
661 922 692 952 vi
704 932 726 950 s.
744 921 794 950 viii
813 920 839 949 d.

231 964 304 995 ITE
316 973 344 995 M
358 987 367 1000 ,
393 962 487 993 eidem
508 960 657 991 Willielmo
681 970 733 998 pro
750 959 855 997 Opere
870 959 898 996 vj
918 957 1080 989 Tradtuum
1095 956 1262 1001 Conperto-

194 1014 258 1035 rum
273 1013 341 1033 cum
354 1002 484 1032 Tarterin
499 999 579 1031 Blod.
597 1009 650 1036 pro
666 999 684 1028 i.
703 997 818 1028 Ghaare
835 1007 888 1034 pro
903 1007 1026 1035 corpore
1044 995 1149 1035 Ketis,
1171 1004 1207 1026 xx
1221 1007 1243 1026 s.

218 1042 307 1087 ..I'TE
318 1049 349 1085 M.
362 1064 371 1079 ,
397 1039 491 1070 eidem
518 1036 668 1068 Willielmo
696 1046 749 1075 pro
765 1037 785 1066 ii
812 1035 859 1066 M.
877 1034 980 1067 Braker
1001 1035 1036 1067 Ν
1039 1035 1092 1065 aiu.
1112 1034 1193 1066 Prec.
1211 1033 1259 1065 M.

194 1091 246 1151 νιιΙι
257 1079 486 1156 ᾄεῖἴιιβῒβοηω
502 1118 603 1145 Daunt
619 1124 672 1153 pro
689 1113 878 1154 vapulatione
898 1112 935 1144 de
952 1121 1025 1157 ccxx
1044 1111 1134 1143 Ulnis
1152 1111 1188 1143 de
1204 1111 1261 1143 Va-

194 1158 267 1188 lenc.
286 1167 339 1195 pro
355 1156 484 1187 Herceiis
498 1155 606 1194 Regis,
623 1153 774 1191 videlicet,
791 1163 844 1197 pro
858 1151 937 1183 Ulna
952 1153 992 1197 itii
1006 1151 1031 1181 d.
1051 1153 1077 1182 xi
1092 1151 1111 1182 l.

229 1196 275 1226 Ιτ
287 1205 304 1225 Ε
314 1205 360 1234 M,
377 1195 470 1226 eidem
491 1192 598 1224 Thomae
620 1202 673 1230 pro
688 1192 876 1230 Vapulatione
894 1201 969 1221 xxvii
987 1190 1137 1221 Scuclions
1153 1189 1189 1220 de
1205 1189 1262 1220 Ar-

193 1237 247 1265 mis
263 1234 370 1274 Regis,
389 1234 538 1271 videlicet,
557 1242 610 1270 pro
625 1231 684 1262 Pec
713 1231 758 1261 ΧΑ.
776 1231 833 1261 xxii
848 1242 869 1261 5.
885 1230 958 1274 viqd.
1242 1269 1246 1273 ι

230 1273 275 1304 Ιτ
286 1283 304 1304 F,
315 1281 359 1312 M,
378 1273 473 1303 eidem
487 1270 594 1300 Thomae
616 1280 670 1309 pro
687 1269 876 1309 Vapulatiorie
898 1270 936 1298 vii
948 1268 1099 1299 Scuchons
1114 1267 1150 1298 de
1164 1267 1262 1298 Armis

191 1313 288 1344 Sanffi
305 1312 447 1351 Georgii,
467 1310 614 1348 videlicet,
631 1319 686 1347 pro
704 1308 772 1339 Pec.
792 1309 821 1338 iii
836 1308 862 1338 d.
883 1309 928 1338 xxi
945 1308 971 1338 d.
1137 1347 1141 1351 1
1193 1346 1198 1351 η

230 1351 274 1382 ΙΤ
285 1361 303 1381 E
315 1359 341 1381 M
351 1374 360 1389 ,
379 1350 473 1380 eidem
491 1348 599 1379 Thomae
615 1358 667 1385 pro
682 1346 869 1385 Vapulatione
885 1346 1078 1385 iiTrappours
1088 1369 1096 1384 ,
1115 1345 1264 1389 videlicet,

194 1390 235 1444 de·
248 1390 341 1446 Arinis
359 1390 377 1409 '³¹‘
397 1387 645 1457 ¹{busti—Edwardi
661 1388 695 1418 &
711 1387 820 1417 alterius
841 1386 876 1416 de
893 1385 988 1415 Armis
1003 1385 1102 1415 Saneti
1116 1383 1264 1415 Edmundi

197 1429 279 1513 Plffif
288 1428 362 1506 Elicit,
379 1439 475 1498 {idem
496 1438 603 1495 {imbue
626 1474 679 1504 pro
693 1463 882 1502 Vapulatione
898 1462 979 1492 unius
992 1462 1103 1493 Tunici
1119 1461 1155 1492 de
1168 1461 1264 1493 Armis

196 1507 342 1576 Rigmsifigi
353 1517 473 1584 ‚seidem
494 1541 600 1572 Thomae
623 1551 675 1579 pro
690 1539 878 1578 vapulatione
895 1540 943 1579 viij
961 1538 1143 1571 Vexillorum
1158 1538 1194 1570 de
1210 1539 1266 1570 Ar-

194 1587 249 1616 mis
266 1585 374 1623 Regis,
391 1582 542 1619 videlicet,
561 1591 614 1619 pro
627 1580 694 1610 Pec.
722 1589 768 1609 xr.
807 1579 837 1623 iv
851 1578 871 1608 l.
931 1616 937 1622 ·
1033 1617 1038 1623 ⁸

234 1624 279 1655 Ιτ
290 1632 362 1661 ΕΜ,
383 1622 475 1652 eidem
494 1619 600 1649 Thomae
619 1629 672 1656 pro
685 1617 873 1656 Vapulatione
891 1626 947 1655 xvj.
965 1616 1144 1661 vexillorum
1160 1617 1196 1647 de
1212 1616 1266 1660 ᾼτ-

194 1664 248 1694 mis
269 1662 367 1693 Sancti
387 1658 535 1692 Edmundi
556 1659 589 1689 &
613 1657 712 1688 Sanffl
735 1655 870 1688 Edwardi
893 1655 977 1687 Prec.
996 1655 1066 1687 Pec.
1086 1666 1137 1686 viii
1157 1667 1179 1685 s.
1201 1666 1230 1686 vi
1244 1655 1265 1685 l.

197 1712 248 1770 vul
258 1713 308 1770 ξιξ
319 1747 344 1768 M
359 1763 368 1776 ‚
396 1736 490 1768 eidem
508 1735 615 1766 Thomae
639 1745 692 1774 pro
716 1733 903 1774 Vapulatione
924 1734 1006 1764 unius
1020 1733 1102 1764 Scuti
1115 1731 1152 1763 de
1169 1731 1267 1762 Armis

198 1779 344 1847 Rigisssxixi
353 1789 475 1853 ,Leidem
489 1812 596 1844 Thomae
609 1823 663 1851 pro
677 1811 798 1843 Fadiura
811 1812 894 1843 unius
910 1809 1025 1841 Crestae
1046 1811 1080 1841 &
1096 1810 1179 1841 unius
1192 1809 1267 1840 Hel-

197 1866 252 1886 ωδε
267 1865 319 1894 pro
334 1854 417 1899 Rege
434 1854 552 1920 XXXiiihL
569 1853 598 1882 iv
612 1852 640 1881 ἄ·
689 1889 796 1920 ῐεέῖυτα
815 1889 844 1920 v'
876 1887 991 1919 Crestes
1005 1887 1043 1919 de
1059 1887 1155 1919 Armis
1169 1887 1266 1919 Sansti

197 1891 696 1972 G{otis}spiglejffmEguiiilbfisplgsec
726 1927 794 1959 Pec.
813 1899 876 1958 xijiil.
916 1937 966 1972 irs.
1144 1967 1149 1972 Ι

237 1971 283 2002 Ιτ
293 1982 309 2002 E
320 1979 345 2001 Μ
355 1995 364 2009 ,
384 1970 479 2000 eidem
499 1968 607 1998 Thomae
624 1978 677 2006 pro
692 1966 883 2004 Vapulatione
897 1966 1044 1997 dictorum
1059 1964 1125 1996 Seli.
1141 1976 1172 1996 iv
1185 1977 1208 1996 s.

236 2010 355 2041 ITEM.
369 2008 451 2039 dicito
472 2006 623 2037 Willielmo
645 2006 803 2037 Cantelowe
825 2015 880 2045 pro
901 2017 921 2039 v
943 2005 1011 2036 Pec.
1032 2003 1178 2036 Tarterin.
1198 2003 1268 2035 blod

198 2049 281 2081 Prec.
299 2048 368 2080 Pec.
405 2047 473 2078 xxvi
489 2057 511 2077 s.
527 2046 578 2078 viii
591 2046 619 2076 d.
959 2045 998 2075 vi.
1017 2042 1036 2072 l.
1056 2044 1139 2074 xiiis.
1158 2044 1187 2076 iv
1203 2044 1232 2074 d.

1033 2098 1116 2105 ——.

944 2120 1066 2153 Summa
1084 2120 1110 2154 L
1128 2098 1252 2153 m.

236 2203 321 2237 Dori.
339 2204 402 2237 &c.
422 2212 439 2235 a
453 2201 561 2243 Westm.
578 2199 606 2233 Ie
624 2200 650 2241 xj
667 2199 741 2240 Jour
754 2199 792 2232 de
805 2198 886 2231 Mars
898 2197 966 2230 l’An
980 2199 1096 2238 primer.

235 2282 326 2315 Sexto
345 2281 408 2313 Die
429 2280 528 2312 Martii
543 2305 553 2318 ,
572 2279 661 2311 Anno
684 2278 804 2317 Primo,
821 2287 836 2308 a
857 2276 894 2308 ud
911 2275 1174 2318 Wstmonasterium
1189 2276 1273 2309 Con-

198 2322 310 2353 cessum
322 2322 375 2352 fuit
391 2320 472 2360 quod
487 2319 535 2351 fiat
550 2319 735 2350 Warrantum
773 2317 822 2349 sub
863 2317 952 2348 rivato
966 2317 1084 2357 sigillo,
1105 2317 1274 2349 Executori-

198 2361 253 2392 bus
266 2360 446 2392 Testamenti
463 2362 542 2396 Regis
556 2357 687 2398 Defunffi
702 2381 712 2397 ‚
736 2341 827 2389 f’atris
843 2355 932 2396 Regis
947 2366 1025 2387 nunc
1064 2366 1093 2387 ut
1110 2357 1138 2387 in
1152 2357 1275 2396 Forma,

220 2410 254 2431 ro
268 2399 419 2430 Solutione
441 2398 477 2429 L.
494 2399 514 2430 l.
533 2399 566 2429 &
587 2398 635 2429 xix
649 2397 676 2427 d.
695 2395 886 2434 expositarum
902 2405 957 2435 pro
974 2381 1106 2440 Custode
1122 2395 1274 2427 Gardero-

199 2409 247 2470 ξε
260 2438 349 2479 Regis
366 2439 440 2469 circa
455 2437 653 2468 Provisionem
667 2435 859 2469 Parcellarutn
872 2433 1125 2473 Infrascriptarum.

239 2515 429 2548 Praesentibus
446 2514 586 2546 Dominis
599 2512 740 2553 Ducibus,

239 2555 425 2594 Glaucestriae,

243 2592 282 2623 Et
298 2595 416 2623 Exom'ae
424 2617 434 2629 ,

243 2631 433 2670 PVyntonienfi’
448 2630 573 2670 Epifiopo
583 2653 593 2668 ‚

245 2669 365 2700 Comite
383 2673 544 2700 Warrwicae
554 2691 563 2706 ,

206 2746 231 2779 P
242 2705 579 2778 tl'tptofg'ffilflungerford
589 2730 599 2744 ,
625 2705 804 2736 Cancellario
818 2728 829 2744 ,
853 2704 1042 2737 Thesaurario
1057 2728 1067 2745 ,
1089 2706 1124 2738 &
1145 2703 1275 2736 Custode

234 2756 313 2778 rivati
351 2756 380 2787 ig
411 2758 428 2778 ι.

527 2820 583 2851 Ad
589 2823 805 2859 procurationem
819 2822 932 2851 Domini
946 2823 1030 2851 Ducis
1048 2822 1172 2851 Exoniae.

217 2899 1275 2908 -ρ--ψ-,ᾲ-κῇὴ

505 2949 564 2980 Pro
583 2948 714 2979 Domino
732 2945 767 2978 de
785 2944 992 2989 Estouteville.

215 3035 271 3090 R
282 3031 365 3071 EX,
384 3042 433 3070 per
457 3031 563 3062 Literas
584 3031 641 3062 suas
656 3031 802 3068 Parentes7
822 3031 907 3070 usque
923 3029 1038 3061 Festum
1054 3031 1168 3062 Paschae
1185 3033 1281 3070 proxi-

291 3074 343 3102 mo
367 3072 494 3102 futurum
516 3070 660 3102 duraturas
676 3094 685 3107 ,
708 3070 825 3108 suscepit
840 3071 868 3100 in
882 3069 988 3100 salvum
1003 3071 1037 3101 &
1051 3070 1180 3101 securum
1197 3071 1282 3102 Con-

213 3110 334 3141 dustum
350 3110 447 3147 suum,
465 3120 498 3139 ac
515 3111 542 3138 in
562 3109 792 3146 Prooefflonem,
811 3108 999 3146 Tuitionern,
1018 3110 1052 3141 &
1074 3108 1281 3141 Defenfionem

217 3149 305 3189 Regis
318 3149 464 3186 speciales,
483 3147 644 3177 Nicholaum
656 3148 688 3176 de
706 3147 818 3187 Histroy
837 3147 1036 3186 Arinigerum‚
1055 3148 1088 3178 &
1104 3149 1282 3186 Reginaldum

216 3191 278 3217 Hue
296 3187 501 3225 Capelianum,
519 3196 596 3216 exrra
612 3186 749 3223 Regnum
765 3185 851 3224 Regis
866 3186 991 3216 Franciae
1014 3187 1045 3217 in
1061 3186 1203 3223 Regnum
1222 3188 1284 3218 Re-

217 3228 257 3265 gis
271 3226 381 3265 Angliae
391 3248 399 3263 ,
415 3235 499 3263 penes
515 3229 660 3255 Dominum
675 3224 906 3263 dElZouteville,
921 3224 955 3254 ad
974 3224 1150 3256 Porrandum
1169 3227 1218 3256 sibi
1230 3228 1284 3264 Jo-

220 3265 305 3301 calia,
326 3265 454 3301 Aurum,
471 3266 503 3294 &
527 3265 624 3294 omnia
638 3264 688 3293 alia
706 3263 800 3300 Bona,
820 3263 981 3300 veniendo,
1000 3263 1109 3294 ibidem
1127 3266 1285 3304 morando,

223 3304 256 3333 &
276 3303 376 3332 exinde
397 3304 499 3340 absque
508 3301 726 3332 Perturbatione
741 3302 786 3332 vel
802 3300 988 3340 Imperitione
1001 3312 1185 3340 quacumque
1198 3313 1286 3333 trans-

221 3341 316 3371 eundo
334 3353 343 3377 3
364 3341 477 3378 proviso
497 3341 604 3379 semper
620 3340 701 3378 quod
716 3339 847 3370 Personae
867 3340 1013 3376 prxdidhae
1029 3341 1102 3370 bene
1117 3342 1149 3371 &
1163 3341 1286 3372 honeste

221 3381 249 3410 se
264 3380 384 3409 habeant
397 3381 429 3410 &
445 3388 542 3418 gerant
557 3389 623 3416 erga
638 3378 751 3415 Regem
767 3380 799 3409 ὃς
816 3378 910 3410 fideles
920 3379 1024 3418 Ligeos
1034 3379 1138 3418 Regis,
1156 3381 1190 3410 &
1205 3382 1288 3418 quic-

221 3428 309 3456 quam
324 3417 402 3455 quod
419 3418 447 3447 in
463 3417 550 3456 Regis
566 3427 611 3448 aut
625 3417 799 3448 Statutorum
821 3418 855 3448 δε
867 3417 1091 3448 Ordinationum
1111 3418 1208 3455 Regni
1225 3419 1288 3449 Re„

222 3458 265 3494 gis
287 3456 415 3494 praediffi
439 3457 634 3494 praejudicium
654 3457 755 3486 cedere
780 3456 870 3487 valeat
883 3480 893 3494 ,
919 3455 980 3490 &a
993 3463 1079 3495 prout
1092 3459 1122 3485 in
1138 3461 1241 3488 ceteris
1254 3458 1287 3488 de

223 3495 363 3526 condudu
378 3497 491 3524 Literis.

258 3533 350 3566 Teste
365 3533 448 3572 Rege
460 3533 534 3571 apud
549 3532 823 3572 Wstmonasterium,
841 3541 943 3571 quarto
955 3532 1001 3563 di'e
1015 3532 1208 3564 Novembris.

718 3612 772 3640 Per
789 3609 892 3640 Billam
904 3610 937 3639 de
954 3613 1074 3640 Privato
1086 3609 1185 3649 sigillo.

262 3687 436 3719 Consimiles
452 3687 557 3718 Literas
569 3686 605 3716 de
619 3686 694 3717 salvo
715 3686 874 3717 Conduostu
890 3688 976 3717 habet
991 3691 1081 3717 Simon
1098 3687 1130 3717 de
1143 3688 1292 3728 GurySer—

229 3727 305 3759 viror
318 3727 522 3767 praediCtorum
539 3725 668 3757 Nicholai
683 3726 717 3758 &
731 3725 873 3763 Reginaldi
888 3725 938 3756 sub
953 3726 1052 3756 eadem
1068 3725 1153 3757 Data.

884 3804 938 3834 Per
950 3803 1062 3833 eandem
1074 3802 1186 3833 Billam.

606 102 1874 157 CONVENTIONE8,L1TERAE‚

2382 204 2459 244 Ann.
2474 213 2519 247 D.·

2402 261 2487 290 1422.

2381 296 2444 320 Hm.
2464 293 2494 321 6.

1301 357 1499 419 HEnricus
1513 383 1522 397 ,
1547 359 1607 390 Dei
1626 360 1714 399 gratia
1730 384 1742 400 ,
1758 362 1821 390 Rex
1834 358 1947 397 Angliae
1962 359 2002 396 ὠ·
2018 363 2163 401 Franciae,
2179 361 2215 393 «Sc
2231 363 2365 393 Dominus
2385 370 2435 396 An,
2458 378 2483 397 r.

1390 398 1547 441 Hiberniae,
1561 400 1716 438 omnibus,
1731 398 1768 431 ad
1781 409 1870 439 quOS,
1887 400 1948 431 &c.
1965 399 2103 431 Salutem.
2385 410 2418 433 H.
2439 408 2469 434 6.

1338 438 1440 468 Sciatis
1455 437 1553 475 quod,
2167 455 2171 459 >
2383 448 2442 472 Pat.
2461 454 2484 472 r.

1339 475 1422 507 Cum
1440 498 1450 513 ,
1473 476 1509 506 de
1529 475 1701 507 avisamento
1721 475 1848 510 Concilii
1870 475 1961 508 nostri
1977 501 1988 516 ,
2013 486 2068 515 pro
2081 477 2247 516 quibusdam
2262 477 2368 510 Arduis
2385 484 2519 520 H.6.p.r.'

1301 514 1335 545 &
1360 514 1393 545 U
1427 515 1538 558 entibus
1560 513 1696 552 Negotiis
1712 537 1723 552 ‚
1747 515 1817 547 Nos
1828 538 1839 554 ,
1864 516 1974 548 Statum
1996 516 2031 548 &
2045 515 2255 548 Defenfionem
2269 516 2368 557 Regni
2384 531 2423 551 m.
2436 530 2484 562 30.

1301 552 1391 583 nostri
1456 554 1538 592 gliae,
1554 563 1587 582 ac
1603 552 1737 584 Ecclesiae
1751 554 1936 594 Anglicanae,
1951 555 2182 593 contingentibus
2194 578 2205 594 ,
2221 555 2370 594 quoddam

1303 590 1523 623 parliamentum
1543 591 1675 622 nostrum
1688 616 1698 628 ,
1720 592 1795 631 apud
1818 593 2111 626 Westmonasterium
2134 617 2146 634 ‚
2175 594 2222 625 die
2251 595 2344 625 Lunae
2359 619 2372 632 ,

1301 632 1438 699 gesimo
1460 639 1524 675 ante
1547 630 1663 662 Festum
1678 630 1778 663 Sanffl
1791 630 1930 671 Martini,
1946 634 2083 671 proximo
2099 633 2246 673 futurum,
2261 632 2372 664 Tenen

1336 680 1348 699 r
1371 679 1540 700 inaverimus

1338 707 1376 739 Et
1396 709 1461 747 quia
1482 691 1574 745 verti,
1597 716 1714 746 propter
1732 715 1821 739 certas
1842 707 1958 746 causas,
1981 707 2018 740 ad
2031 709 2253 746 Parliamentum
2269 709 2374 750 praedi-

1303 747 1386 779 &um
1401 748 1580 785 personaliter
1593 757 1653 777 non
1669 748 1826 786 poterimus
1839 746 1986 786 interefle,

1341 786 1387 817 Ac
1408 785 1444 817 de
1465 785 1723 823 circumspeffione
1739 786 1772 817 &
1787 785 1939 825 industria,
1959 784 2090 817 cariffimi
2103 787 2250 820 Avunculi
2260 787 2371 827 nostri,

1303 823 1446 870 Humsn‘di
1460 827 1544 855 Ducis
1557 824 1726 865 Glaucestriae
1741 824 1856 863 plenam
1870 824 2003 856 fiduciam
2019 833 2193 863 reportantes

1341 863 1445 894 Eidem
1469 863 1624 895 Avunculo
1648 864 1749 895 nostro
1764 886 1774 903 ,
1798 864 1833 894 ad
1855 862 2078 904 Parliarneritum
2093 849 2282 905 praedieium,
2297 864 2371 897 No·
2407 892 2423 910 0

1303 903 1382 933 mine
1399 902 1496 934 nostro
1510 926 1520 941 ,
1544 902 1761 941 Inchoandum,
1780 902 1813 934 δε
1833 903 1863 933 in
1877 913 1913 933 eo
1929 902 2171 941 Procedendum,
2191 904 2211 923 ²¹¹²
2231 904 2265 935 &
2277 904 2312 934 ad
2329 906 2372 935 sa·
2433 893 2472 921 X·

1302 942 1440 972 ciendum
1464 942 1561 972 omnia
1576 943 1609 972 &
1625 942 1728 981 singula
1744 951 1809 980 quae
1824 951 1878 980 pro
1892 940 1992 972 Nobis
2003 943 2037 974 &
2051 951 2100 980 per
2112 942 2199 982 Nos,
2219 951 2273 980 pro
2288 943 2369 973 bono
2389 940 2425 970 ²5
2427 931 2455 960 8-

1304 979 1463 1019 Regimine
1484 981 1518 1011 &
1541 979 1762 1012 Gubernatione
1784 979 1882 1049 Reffii
1907 979 1998 1011 nostri
2022 980 2153 1019 praedieii
2167 1004 2178 1020 ,
2203 991 2236 1012 ac
2249 981 2371 1013 aliorum

1304 1017 1516 1050 Dominiorum
1538 1018 1704 1051 nostrorum
1725 1019 1820 1049 eidem
1872 1027 1947 1058 egno
1961 1019 2063 1051 nostro
2077 1020 2280 1058 pertinentium
2290 1043 2301 1060 ,
2318 1020 2373 1050 ibi-

1304 1057 1373 1088 dem
1386 1058 1491 1088 fuerint
1506 1057 1649 1096 facienda,

1342 1096 1473 1127 Necnon
1488 1097 1523 1127 ad
1541 1096 1764 1128 parliamentum
1777 1095 1846 1127 illud
1862 1095 2032 1127 Finiendum
2045 1097 2079 1128 &
2093 1096 2320 1128 Diffolvetidum
2328 1120 2340 1136 ,

1342 1134 1392 1166 De
1406 1135 1511 1165 assensu
1529 1134 1654 1165 Concilii
1668 1134 1775 1175 nostri,
1792 1135 2049 1174 plenam,Tenore
2063 1135 2373 1176 Praesentium,Com·

1306 1174 1448 1205 mittimus
1465 1173 1656 1213 Potestatem3

1346 1212 1455 1243 Danres
1478 1213 1596 1243 ulterius
1611 1236 1621 1251 ,
1647 1213 1684 1243 de
1705 1212 1809 1243 assensu
1826 1211 1952 1251 ejusdem
1968 1211 2097 1244 Concilii
2110 1212 2218 1253 nostri,
2236 1214 2295 1245 tam
2307 1214 2373 1245 uni-

1305 1252 1389 1282 versis
1410 1253 1443 1283 ὃς
1465 1251 1573 1291 singulis
1596 1251 1824 1290 Archiepiscopis
1837 1275 1847 1290 ,
1872 1250 2021 1290 Episcopis
2034 1276 2044 1290 ,
2069 1251 2248 1291 Abbatibus,
2265 1251 2372 1284 Priori-

1308 1291 1376 1329 buS,
1394 1290 1542 1328 Ducibus,
1562 1290 1729 1321 Comitibus
1744 1313 1754 1329 ‚
1773 1290 1944 1329 Baronibus,
1962 1291 1996 1322 &
2016 1289 2176 1330 Militibus,
2194 1293 2283 1330 quam
2301 1302 2371 1323 om-

1308 1330 1389 1360 nibus
1405 1331 1461 1360 aliis
1476 1340 1599 1368 quorum
1614 1329 1747 1368 interest,
1763 1330 1797 1360 ad
1812 1328 2034 1360 parliamentum
2049 1329 2179 1360 nostrum
2202 1331 2373 1368 praedictum

1308 1370 1492 1400 conventuris
1506 1392 1515 1407 ,
1542 1369 1682 1407 similiter,
1697 1369 1728 1399 T
1729 1378 1816 1398 enore
1831 1367 2031 1407 Praesentium,
2051 1368 2169 1400 firmiter
2185 1370 2214 1399 in
2231 1368 2374 1401 Mandatis

1330 1408 1505 1477 ucidde‘ziem
1528 1408 1683 1439 Avunculo
1703 1407 1804 1439 nostro
1826 1406 1970 1438 intendant
1991 1408 2021 1438 in
2044 1407 2195 1438 Praemiffis
2209 1430 2220 1447 ,
2236 1409 2267 1439 in
2280 1409 2374 1440 forma

1320 1456 1388 1483 upra
1411 1457 1437 1477 ic
1451 1456 1474 1476 a.

1349 1484 1380 1514 In
1398 1488 1493 1523 cujus,
1512 1484 1573 1515 ὅτε.

1345 1524 1436 1555 Teste
1448 1524 1531 1564 Rege
1546 1522 1620 1562 apud
1635 1522 1912 1564 Wistmonasterium,
1929 1524 2008 1554 sexto
2021 1522 2068 1554 die
2082 1522 2273 1555 Novembris.

1599 278 1649 309 De
1666 274 1872 309 Parliamento
1892 271 2068 314 inchoando.

1808 1602 1863 1631 Per
1877 1603 1974 1632 Breve
1992 1602 2024 1632 de
2034 1603 2155 1631 Privato
2169 1599 2272 1639 sigillo.

1590 1740 1651 1771 Pro
1669 1740 1819 1771 Katerina
1834 1739 1949 1784 Regina
1966 1737 2092 1782 Angliae.

1313 1823 1370 1879 R
1381 1822 1445 1855 EX
1471 1823 1634 1861 Omnibus,
1652 1822 1687 1853 ad
1703 1832 1792 1862 quos,
1810 1821 1873 1853 &c.
1886 1819 2022 1852 Salutem.
2392 1827 2470 1860 Arm·
2484 1827 2528 1860 D·-

1411 1864 1508 1894 Sciatis
1524 1863 1622 1902 quod,
2414 1876 2506 1906 1422.

1349 1901 1446 1940 Cslma
2396 1910 2450 1935 An.
2472 1917 2500 1935 1.

1346 1940 1382 1971 In
1401 1939 1528 1980 quodam
1550 1939 1633 1970 Pacis
1655 1938 1794 1970 Traeiatu
1807 1961 1817 1977 ,
1834 1938 1923 1977 inter,
1941 1936 2202 1970 Excellentiffimos
2217 1938 2251 1971 &
2266 1936 2380 1970 Praeca-
2399 1949 2434 1973 Η.
2454 1945 2486 1975 6,
2513 1972 2516 1978 Ἰ

1311 1980 1432 2011 riffimos
1448 1980 1612 2017 Dominos,
1632 1980 1749 2008 Parrum
1767 1978 1910 2009 &Avum
1925 1976 2040 2008 nostros
2054 1977 2190 2009 concluso
2204 1977 2238 2008 ὃς
2254 1987 2380 2009 concor-
2400 1982 2468 2012 Jbid.

1311 2020 1394 2057 dato,
1411 2021 1439 2049 in
1461 2018 1585 2049 Ecclesia
1606 2019 1680 2048 beati
1703 2017 1782 2048 Petri
1803 2016 1974 2054 Trecenfis,
1992 2018 2020 2045 V
2022 2015 2121 2055 icefimo
2127 2019 2216 2055 primo
2231 2017 2273 2048 die
2288 2019 2383 2055 Maii,
2403 2032 2442 2053 m,
2461 2029 2508 2059 ¹72

1313 2069 1386 2089 anno
1405 2057 1577 2088 Dominicae
1595 2056 1798 2088 Incarnationis
1814 2054 1978 2096 Millefimo,
1994 2054 2287 2096 Qadringentefimo‚
2305 2059 2387 2087 Vice-

1324 2108 1377 2127 mlo

1306 2097 1336 2140 s
1350 2120 1426 2167 lnier
1448 2143 1567 2167 caeteros
1589 2133 1733 2165 Articulos
1748 2158 1758 2172 ,
1772 2132 1855 2164 fuerit
1868 2131 2097 2171 concordatum,
2115 2134 2144 2164 in
2158 2132 2286 2172 effeetu,
2326 2132 2389 2165 uod

1316 2178 1458 2206 Katerina
1482 2177 1584 2212 Regina
1607 2172 1740 2211 Angliae‚
1763 2175 1863 2203 Mater
1884 2171 1975 2212 nostra
1986 2170 2180 2211 praecariffima
2195 2182 2286 2211 nuper
2353 2182 2389 2203 n-

1316 2215 1372 2246 sors
1394 2214 1526 2255 praedicti
1550 2213 1638 2244 Patris
1659 2212 1749 2243 nostri
1763 2233 1773 2251 ,
1788 2211 1822 2254 ,F
1824 2211 1868 2241 ilia
1886 2211 2014 2249 praedieti
2029 2211 2087 2242 Avi
2103 2211 2194 2242 nostri
2209 2211 2243 2243 &
2259 2210 2387 2252 Isabellae

1317 2263 1408 2293 nuper
1434 2252 1587 2284 Consortis
1606 2251 1662 2283 suae
1674 2275 1684 2290 ,
1716 2259 1877 2290 perciperet
1901 2250 1935 2281 &
1956 2249 2070 2281 haberet
2090 2248 2205 2282 Dotem
2220 2273 2231 2289 ,
2257 2251 2286 2280 in
2306 2250 2388 2282 dieto

1318 2293 1430 2331 Regno
1454 2292 1568 2330 Angliae
1582 2314 1592 2330 ,
1618 2298 1704 2329 prout
1717 2290 1844 2327 Reginae
1858 2288 1990 2328 Angliae,
2010 2288 2097 2328 usque
2110 2288 2145 2319 ad
2160 2288 2272 2320 dieium
2287 2293 2316 2321 V
2316 2288 2390 2331 iceli-

1317 2344 1389 2363 mum
1399 2334 1518 2371 primum
1540 2331 1609 2361 diem
1623 2333 1716 2368 Maii,
1734 2330 1882 2369 percipere
1896 2329 1930 2360 &
1944 2328 2049 2360 habere
2062 2328 2289 2368 consueverunt,
2307 2331 2388 2363 vide-

1313 2372 1384 2403 -licet

1357 2395 1461 2449 Usque
1479 2409 1514 2441 ad
1542 2409 1694 2440 Summam
1718 2407 1918 2448 Quadraginta
1938 2405 2052 2437 Milium
2069 2409 2232 2446 Scotorum,
2259 2417 2386 2447 quorum

1319 2450 1380 2481 duo
1395 2450 1504 2488 semper
1520 2449 1646 2480 valerent
1658 2458 1748 2478 unum
1760 2446 1858 2476 Nobile
1872 2444 2073 2489 Anglii-aqum,

1358 2489 1421 2528 Qui
1441 2488 1556 2527 quidem
1576 2487 1634 2518 Pax
1649 2510 1659 2524 ,
1677 2486 1846 2524 Tradtatus,
1866 2483 2046 2524 Conclusio,
2065 2486 2098 2517 δε
2115 2483 2301 2524 Concordia,
2318 2487 2389 2518 om-'

1321 2529 1424 2566 nesque
1442 2527 1565 2558 Articuli
1583 2526 1712 2557 contenti
1732 2527 1761 2555 in
1785 2524 1890 2555 eisdem
1906 2549 1915 2561 ,
1949 2524 1977 2554 in
2001 2523 2192 2555 parliamento
2210 2523 2280 2555 dieii
2302 2524 2390 2556 Patris

1320 2567 1410 2597 nostri
1423 2590 1432 2605 ,
1450 2565 1524 2604 apud
1542 2563 1837 2596 Westmonasterium
1850 2587 1860 2601 ‚
1884 2562 1998 2602 secundo
2018 2563 2061 2592 die
2081 2566 2176 2600 Maii,
2196 2574 2269 2593 anno
2289 2562 2388 2602 Regni

1321 2606 1360 2636 sui
1387 2609 1490 2643 Nono,
1522 2613 1602 2635 tento
1616 2627 1625 2642 ,
1652 2603 1831 2634 Aquritate
1852 2602 2178 2645 ejusdem‘Pariiamenti
2200 2602 2389 2642 Approbati,

1321 2644 1460 2682 Laudari,
1474 2644 1654 2674 Auctorizati
1668 2641 1778 2672 fuerant
1791 2642 1824 2672 &
1842 2641 2008 2678 Acceptati‚

1359 2683 1398 2714 Et
1421 2693 1494 2721 quos
1514 2682 1631 2719 quidem
1654 2680 1760 2711 Pacem
1775 2702 1786 2718 ,
1811 2679 1997 2716 Tractatum,
2014 2677 2236 2717 Concordiam,
2254 2679 2289 2710 &
2305 2678 2391 2710 Con-

1322 2722 1498 2758 clusionem,
1517 2722 1548 2750 iri
1561 2719 1697 2750 omnibus
1709 2719 1759 2748 suis
1774 2718 1925 2755 Articulis,
1944 2717 2004 2748 tam
2019 2717 2113 2748 didius
2127 2716 2209 2748 Pater
2223 2717 2319 2748 noster
2331 2742 2339 2755 ,
2357 2720 2388 2749 in

1320 2761 1413 2792 verbo
1430 2759 1543 2797 Regio,
1558 2759 1591 2789 &
1605 2758 1639 2788 ad
1656 2757 1757 2787 Sancta
1771 2756 1830 2786 Dei
1847 2756 2013 2794 Evangelia,
2032 2766 2081 2794 per
2096 2756 2187 2794 ipsum
2203 2758 2391 2794 corporaliter

1321 2799 1412 2836 taeta,
1430 2798 1457 2829 se
1470 2797 1681 2828 observaturum
1693 2796 1796 2833 juravit
1813 2795 1846 2825 δε
1860 2794 2005 2833 promisit,
2025 2795 2111 2832 quam
2121 2794 2195 2825 Tres
2211 2795 2304 2826 Status
2317 2795 2388 2826 dieti

1321 2837 1422 2875 Regni
1438 2837 1574 2874 Angliae;
1592 2835 1742 2874 videlicet,
1762 2833 1873 2864 Praelati'
1895 2836 1928 2866 &
1943 2832 2061 2871 Clerus,
2080 2832 2280 2872 Nobilesque‚
2297 2833 2389 2871 Mag-

1323 2885 1399 2907 nates
1416 2900 1425 2913 ,
1452 2886 1485 2906 ac
1509 2874 1741 2905 Communitates
1762 2872 1886 2910 ejusdem
1909 2871 2004 2911 Regni
2021 2871 2137 2915 „Angliae
2154 2895 2163 2910 ,
2178 2873 2222 2909 se,
2237 2873 2271 2903 &
2287 2882 2390 2903 eorum

1323 2915 1481 2954 quemlibet
1494 2939 1503 2952 ,
1529 2923 1582 2951 pro
1600 2913 1627 2944 se
1637 2936 1647 2952 ‚
1672 2912 1842 2942 Haeredibus
1856 2913 1888 2943 ὃ(
1903 2911 2116 2942 Successoribus
2131 2911 2199 2954 suis,
2215 2912 2290 2940 bene
2306 2911 2339 2941 &
2356 2911 2391 2942 fi-

1323 2955 1419 2985 deliter
1435 2977 1445 2992 ,
1472 2962 1611 2990 quantum
1632 2951 1666 2982 ad
1687 2961 1736 2982 eos
1757 2951 1790 2981 &
1813 2961 1915 2981 eorum
1928 2949 2083 2988 quemlibet
2097 2957 2232 2992 pertinet,
2250 2950 2393 2988 imperpe-

1324 2994 1408 3024 tuum
1432 2993 1629 3023 observaturos
1651 2991 1684 3022 δε
1704 2990 1872 3028 impleturos
1886 2991 1916 3019 in
1930 2989 2033 3018 eodem
2051 2986 2240 3017 Parliamento
2255 2989 2392 3025 promise-

1325 3041 1390 3062 runt
1403 3054 1412 3070 ,
1434 3041 1518 3069 prout
1540 3032 1568 3060 in
1594 3030 1708 3060 Rotulis
1724 3054 1734 3068 ,
1759 3028 1918 3066 Recordis,
1936 3027 1970 3057 &
1984 3026 2052 3056 adiis
2067 3026 2191 3064 ejusdem
2208 3025 2389 3059 Parliamenti

1325 3071 1435 3110 plenius
1449 3071 1626 3108 continetur,
1829 3105 1834 3110 ι
2279 3105 2284 3110 ¹

1363 3109 1454 3146 Nos,
1485 3109 1710 3139 consideratione
1729 3103 1944 3137 Praemifforum
1958 3127 1968 3142 ,
1992 3102 2029 3133 de
2052 3102 2169 3134 Assensu
2193 3103 2391 3136 Dominorurn

1327 3149 1519 3186 Spiritualium
1533 3149 1566 3179 ὅ(
1582 3146 1799 3183 Teniporalium
1809 3167 1818 3182 ,
1834 3153 1867 3173 ac
1877 3142 2102 3173 Communitatis
2121 3142 2211 3182 Regni
2227 3143 2314 3174 nostri
2330 3143 2393 3174 An—

1347 3190 1390 3218 lire
1405 3212 1415 3225 ,
1442 3189 1470 3217 in
1491 3186 1619 3224 praesenti
1641 3183 1832 3213 Parliamenro
1852 3181 1951 3212 nostro
1973 3180 2156 3212 existentium
2169 3204 2178 3219 ,
2204 3181 2240 3212 de
2256 3183 2393 3213 omnibus

1325 3198 1432 3258 {astris
1445 3248 1455 3263 ,
1480 3223 1652 3254 Honoribus
1666 3245 1675 3261 ,
1702 3221 1847 3252 Dominiis
1859 3244 1869 3259 ,
1893 3220 1971 3251 Villis
1984 3245 1994 3259 ,
2013 3219 2167 3258 Maneriis,
2185 3219 2308 3252 Comot.
2326 3221 2392 3252 Co-

1328 3267 1389 3296 mit.
1407 3263 1497 3294 Feodi
1517 3263 1617 3292 Firmis
1631 3286 1640 3297 ,
1659 3261 1823 3291 annualibus
1842 3259 2025 3298 Redditibus‚
2042 3258 2158 3296 Terris,
2176 3259 2209 3289 δε
2224 3258 2391 3291 Tenemen-

1328 3305 1378 3341 ris,
1397 3313 1430 3333 ac
1449 3301 1506 3332 aliis
1529 3299 1771 3337 Poi'seffionibus,
1800 3309 1864 3337 quae
1888 3299 2000 3329 fuerunt
2021 3297 2149 3336 praediffi
2173 3296 2260 3341 Patris
2281 3298 2390 3337 nostri,

1328 3343 1387 3373 tam
1408 3342 1445 3370 de
1467 3339 1588 3370 Corona
1605 3362 1615 3377 ,
1634 3339 1860 3376 principalitate,
1877 3339 1909 3369 St
1926 3337 2043 3367 Ducatu
2062 3334 2220 3366 Cornubiae
2232 3361 2239 3374 ‚
2253 3339 2340 3375 quam
2354 3337 2391 3368 de

1329 3379 1503 3412 Haereditate
1521 3377 1686 3409 Comitatus
1703 3376 1824 3408 Cesti-iae
1837 3400 1848 3415 ,
1867 3375 2034 3415 Concqlfimus
2050 3374 2087 3410 ὠ·
2101 3373 2306 3413 Affignavimus
2319 3384 2392 3413 prae-

1330 3420 1395 3449 farae
1412 3421 1506 3447 Matri
1527 3417 1622 3458 nostrae
1644 3419 1752 3455 Reginae
1774 3415 1887 3453 Angliae
1910 3414 2009 3445 Castra
2023 3437 2032 3452 ,
2063 3412 2215 3452 Honores,
2234 3412 2390 3451 Dominia,

1331 3457 1436 3495 Villas,
1458 3456 1605 3494 Manena,
1624 3456 1776 3486 Commot.
1796 3453 1886 3485 Com.
1907 3453 1996 3483 Feodi
2012 3452 2118 3483 Firmas
2152 3451 2293 3483 Annuales
2307 3449 2390 3495 Red-

1329 3498 1402 3528 ditus
1415 3521 1424 3532 ,
1450 3496 1555 3526 Terras
1569 3520 1578 3534 ‚
1605 3496 1638 3526 ὅτ,
1663 3495 1844 3525 Tenementa
1857 3517 1866 3532 ,
1891 3502 1926 3523 ac
1944 3492 2007 3522 alias
2022 3474 2210 3522 Poffesiiones
2223 3489 2392 3528 subscripta3

1352 3536 1463 3566 idelicet

1330 3548 1348 3568 v
1370 3559 1504 3604 Castru'm
1517 3571 1553 3602 de
1571 3571 1677 3610 Ledes‚
1696 3571 1730 3602 ad
1746 3571 1883 3602 Valorem
1898 3572 2004 3607 Viginti
2021 3567 2060 3604 ῤ’
2073 3574 2189 3607 quatuor
2201 3564 2373 3612 Librarum,

1372 3612 1506 3643 Castrum
1533 3611 1566 3640 &
1589 3610 1695 3640 Villam
1714 3610 1751 3642 de
1765 3608 1966 3647 Rouchestre,
1981 3607 2016 3639 ad
2028 3607 2165 3638 Valorem
2178 3605 2391 3646 quuagmta

1332 3650 1371 3688 όν
1388 3652 1517 3693 ‘Quinque
1531 3649 1698 3687 Librarum,

1372 3689 1406 3720 In
1420 3689 1569 3719 comitatu
1586 3687 1714 3726 Kantiae,
2127 3714 2131 3720 ,

1371 3727 1505 3758 Castrum
1522 3727 1555 3757 δε
1571 3726 1746 3756 Dominium
1760 3725 1796 3756 de
1812 3723 1994 3764 Hawardyn,
2012 3721 2074 3752 &c-
2172 3758 2177 3764 ι
2356 3748 2359 3750 .

1370 3766 1426 3803 Er,
1445 3765 1554 3802 insuper
1569 3789 1578 3802 ,
1607 3765 1685 3802 quod
1702 3765 1814 3802 praefata
1830 3767 1927 3793 Mater
1940 3761 2030 3803 nostro
2044 3758 2080 3802 de
2091 3757 2208 3804 [Tssfflsz
2225 3756 2396 3789 Tenemen-

1334 3806 1384 3842 tis,
1405 3804 1592 3841 Reddiribus,
1612 3805 1645 3835 ὅ(
1656 3803 1892 3839 Ροιῖειῖῐοειίῠυε,
1910 3810 1973 3839 quae
1988 3806 2115 3841 primitus
2130 3808 2156 3841 in
2174 3807 2272 3828 manus
2287 3797 2395 3828 nostras

1333 3845 1379 3874 seu
1401 3841 1560 3872 Haeredum
1582 3842 1747 3872 nostrorum
1768 3841 1931 3871 devenerint
1955 3838 1999 3868 seu
2021 3836 2173 3881 acciderint
2188 3860 2197 3873 ,
2223 3846 2272 3874 per
2293 3847 2345 3867 nos
2359 3838 2394 3868 δε

1335 3882 1428 3912 όίἑὶοε
1446 3881 1583 3911 Haeredes
1602 3881 1730 3918 nostros,
1751 3882 1777 3909 in
1795 3877 2010 3909 Deduetionem
2026 3875 2058 3905 ὃ(
2078 3876 2304 3905 satistac‘tionern
2321 3884 2394 3913 prae-

1336 3920 1483 3950 dierorum
1504 3923 1633 3949 Duarum
1655 3919 1765 3949 Milium
1782 3941 1791 3956 ,
1809 3920 2011 3952 Ducentarum,
2031 3914 2248 3953 Qtaterviginti
2263 3913 2294 3943 &
2311 3915 2396 3953 ,Qua-

1335 3959 1482 3989 tuordecim
1497 3958 1662 3995 Librarum,
1682 3960 1783 3986 Decem
1798 3956 1831 3986 &
1846 3955 1914 3983 Οδῖο
1928 3951 2076 3982 Solidorum
2089 3976 2097 3990 ,
2117 3956 2194 3982 unius
2209 3955 2344 3990 Demetrii,
2359 3954 2395 3984 ὅ(

1336 4000 1412 4027 uniur
1435 3996 1516 4025 oboli
1527 4020 1536 4035 ‚
1561 3996 1702 4035 tenendis,
1716 3996 1746 4026 in
1760 3995 1859 4025 dotem
1874 3991 1950 4022 suam
1966 3990 2152 4030 praedistam,
2168 3990 2348 4029 provideatur
2363 3991 2398 4021 &

1337 4035 1586 4073 recompensetur,
2323 4065 2343 4085 ᾖ
2364 4063 2400 4096 Et
