2562 4274
199 93 273 132 152

42 157 118 189 Arm.
135 158 175 190 D.

71 206 154 236 1415.

43 239 107 265 Heu.
123 246 152 273 5.

236 164 312 197 Non
330 166 364 197 ad
382 166 498 203 alicujus
512 165 593 204 Ligei
610 164 650 195 sui
663 163 895 195 Prosecutionem
906 164 952 196 seu
967 164 1141 203 Qierelam,
1159 165 1264 195 settan-

199 212 261 235 tum
278 206 311 236 ad
325 204 487 244 hujusmodi
507 204 710 241 Dampnorum
732 203 934 241 evitationem,
950 204 1150 242 cessationem,
1168 203 1201 234 &
1217 203 1265 233 de-

198 243 351 281 letionem,
372 244 405 274 &
422 243 523 279 Populi
539 241 576 272 sui
591 240 776 271 Securitatem
792 242 826 272 δε
842 241 979 280 Qietem
989 265 998 280 ,

237 282 392 320 Quandam
407 280 633 310 Restriffionem
651 278 771 316 Paffagii
791 282 926 310 omniurn
941 281 974 311 ὃς
997 279 1170 318 singulorum
1196 278 1262 309 Ho-

199 321 313 350 minum
327 320 362 350 de
378 319 490 357 Hansa,
507 320 536 348 in
559 317 633 348 Villa
648 317 742 348 nostra
757 316 793 347 de
813 317 918 349 saneto
933 318 1098 357 Botholpho
1122 326 1191 349 tunc
1205 318 1262 348 exi-

198 358 348 395 stentium,
364 357 399 387 ad
413 366 523 394 ternpus
539 355 597 387 fieri
610 355 818 395 demandasset,

234 396 274 426 Et
289 397 354 426 licet
367 395 554 433 postmodum
563 418 572 432 ,

233 433 311 464 Tam
324 433 491 473 quibusdam
508 433 663 464 Attornatis
675 433 708 464 ὃ(
724 431 958 463 Procuratoribus
972 431 1145 463 Communis
1165 431 1264 462 Socie-

197 480 225 504 ta
238 473 258 502 is
277 471 477 502 Mercatorum
492 472 527 502 de
535 471 629 502 Hansa
641 494 651 509 ,
669 472 697 501 in
711 470 792 501 dieto
808 471 877 500 loco
895 471 931 502 de
938 471 1127 502 Northberne
1141 479 1264 501 conver—

196 511 316 540 santium
329 511 361 541 &
381 509 578 546 residentium,
595 518 695 540 coram
719 509 801 539 dieto
822 512 948 539 Genitore
964 509 1050 550 nostro
1069 511 1103 541 &
1126 508 1264 539 Concilio

195 549 261 586 suo,
278 548 429 579 occasione
444 548 643 580 Restrifflonis
661 547 822 585 praedietae,
840 557 928 585 quam
950 549 1032 578 certis
1055 547 1147 587 Ligeis
1161 546 1264 576 nostris

196 587 282 617 distae
305 586 386 617 Villae
405 587 511 617 nostrae
529 589 565 617 de
592 586 709 624 Lenne,
727 595 826 615 coram
851 586 939 615 eodem
963 589 1089 616 Genitore
1108 585 1211 625 nestro,
1229 584 1263 614 &

197 624 338 655 Concilio
353 626 402 656 suo
414 626 574 665 praedicC-to,
591 626 626 655 de
646 624 784 655 Mandato
798 627 848 654 suo
867 623 1129 662 Comparentibus,
1147 624 1263 654 tandem

197 664 272 694 inter
287 662 383 695 Partes
419 664 547 695 raedietas
561 663 691 702 quaedam
705 661 869 693 Concordia
885 662 937 693 fuit
952 663 1021 693 inibi
1036 663 1182 701 Stabilita,

235 701 315 732 Sicut
332 712 380 740 per
411 703 602 743 nspeistionem
619 701 787 733 diversarum
803 700 957 731 Literarum
974 703 1054 739 ipsius
1069 704 1164 732 Patris
1172 699 1264 740 nostri,

198 739 292 771 eidem
305 740 440 772 Domino
456 741 549 772 vestro
564 744 659 771 Fratri
669 740 749 780 nestri
759 738 916 778 praedileaeflo
931 740 1021 771 inhac
1036 747 1111 778 parte
1126 738 1264 770 tranlmis-

197 778 306 817 sarum,
325 780 357 810 &
373 790 439 818 quas
453 780 569 818 quidem
591 779 694 809 Literas
717 779 792 808 idem
808 781 910 807 Frater
930 779 1016 820 noster
1032 777 1185 809 cariffimus
1220 787 1265 814 er,

197 816 352 848 discretum
376 820 488 856 virum,
516 818 686 856 Magistrum
715 819 842 854 Petrum,
860 815 1006 847 clei-icum
1023 818 1104 848 suum
1123 818 1155 847 δι’,
1212 827 1265 846 un-

197 856 293 894 cium,
312 857 543 895 prodiligentiori
559 857 638 895 supet·
652 855 923 885 illisExaminatione
932 854 1076 894 facienda,
1090 855 1264 894 jampridem

195 893 277 925 duxit
292 895 551 932 TransmittendaS,
571 895 679 931 plenius
697 894 799 931 porei-it
814 902 959 930 apparere,

235 933 362 971 Qiidam
387 942 500 970 tamen,
519 933 599 963 Pacis
620 933 652 962 ὃ(
673 932 787 969 Qietis
811 930 942 968 AEmuli,
968 929 1155 961 Dissentionis
1172 930 1265 970 hujus-

197 972 277 1001 modi
293 972 398 1002 Facem
416 972 602 1003 reaccendere
616 970 784 1008 satagentes,
804 968 864 998 Vos
883 968 1059 1007 coeterosque
1076 969 1111 1001 de
1127 969 1264 1000 Concilio

196 1010 279 1046 ipsius
294 1013 400 1039 Fratris
416 1010 496 1048 nostri
507 1033 516 1048 ,
533 1011 561 1039 in
577 1009 656 1039 dieto
679 1010 745 1038 loco
759 1007 796 1037 de
818 1006 1008 1037 Northberne
1023 1007 1184 1046 residentes,
1202 1019 1266 1040 ver-

197 1049 240 1078 bis
252 1048 285 1079 &
301 1048 512 1086 assertionibus,
532 1048 623 1077 minus
640 1046 787 1081 veridicis,
807 1053 837 1075 ut
859 1047 1037 1086 accepimuS,
1055 1046 1264 1085 informarunt,

197 1086 276 1124 quod
292 1086 407 1123 quidam
426 1087 506 1125 Ligei
520 1085 607 1116 nostri
622 1084 707 1114 dietae
730 1083 814 1114 Villae
827 1083 931 1114 nostrae
944 1086 978 1115 de
996 1085 1013 1103 ’¹‘
1030 1084 1131 1116 Lenne
1155 1084 1265 1123 (videli-

48 1121 110 1159 326·
198 1124 254 1162 cet)
277 1124 424 1163 Johannes
445 1128 557 1163 Copenot
572 1147 581 1162 ,
605 1123 752 1153 Nicholaur
776 1121 945 1161 Aldermon,
965 1124 998 1154 &
1025 1123 1145 1155 Thomas
1164 1127 1205 1155 Gr
1222 1135 1264 1162 m,

197 1163 315 1202 praefato
326 1166 453 1193 'Genitori
471 1163 558 1204 nostro
572 1172 606 1193 ac
625 1162 707 1200 ipsius
722 1160 858 1191 Concilio
876 1170 968 1191 certos
989 1161 1175 1200 Qucrelarum
1221 1163 1266 1193 rti-

197 1201 277 1232 culos
293 1209 493 1241 porrexerunt,
511 1210 629 1240 quarum
643 1202 761 1239 vigore,
778 1199 813 1230 ad
827 1199 971 1230 dictorum
982 1199 1137 1239 Ligeorum
1153 1202 1265 1232 nostro-

195 1250 261 1271 rum
275 1239 490 1272 Prosecutiones
504 1241 538 1272 &
556 1238 715 1278 Instantias,
733 1238 805 1269 faeta
828 1237 910 1269 fuerit
924 1237 1080 1269 Restrietio
1094 1239 1264 1278 supradieta3

234 1280 369 1315 Quarum
386 1278 578 1310 Affertionum
595 1286 732 1318 praetextu
755 1275 900 1316 praediei,
918 1276 1081 1316 Johannes,
1097 1278 1264 1317 Nicholaus‚

202 1317 236 1348 δε
258 1317 372 1348 Thomas
388 1341 398 1356 ,
419 1318 559 1348 nonnullis
582 1315 832 1355 Inquietationibus
855 1315 888 1346 δί
914 1316 1090 1355 Laboribus,
1105 1317 1140 1348 ad
1164 1327 1264 1349 eorum

204 1365 302 1396 graves
317 1355 424 1388 Costus
440 1357 540 1394 pariter
555 1355 588 1386 &
601 1353 757 1393 Expensas‚
775 1354 862 1383 indies
880 1353 943 1384 sunt
957 1355 1066 1392 vexati,

233 1394 281 1426 Ut
304 1395 389 1432 igitur
410 1394 509 1426 noscat
530 1394 620 1425 vestra
643 1393 770 1425 discretio
781 1391 913 1423 Veritatis
935 1393 1139 1424 continentiam
1158 1394 1188 1424 in
1207 1394 1265 1426 hoc

197 1433 303 1472 Paeto,
321 1433 354 1464 ad
371 1433 491 1464 vestram
507 1433 637 1463 notitiam
654 1432 839 1468 deducimus,
858 1439 907 1468 per
919 1430 1089 1470 Praesentes,
1107 1432 1186 1471 quod
1194 1442 1266 1473 prae-

197 1472 289 1511 dieti,
306 1471 467 1510 Johannes,
487 1471 655 1509 Nicholaus‚
675 1472 708 1502 ὃς
726 1469 839 1499 Thomas
850 1491 859 1506 ,
876 1467 1034 1507 hujusmodi
1050 1470 1192 1502 Articulos
1201 1472 1265 1502 riul-

202 1510 309 1542 latenas
325 1520 527 1550 porrexerunt,
542 1520 596 1540 nec
620 1508 698 1540 causa
716 1507 916 1539 Restrietionis
935 1507 1003 1538 illius
1026 1507 1178 1548 aliqualiter
1197 1512 1265 1542 exti-

199 1557 310 1586 terunt,
328 1549 366 1581 set
382 1550 456 1581 idem
470 1552 582 1580 Genitor
595 1547 690 1586 noster,
707 1556 742 1578 ex
756 1556 836 1577 mero
852 1554 934 1577 motu
943 1548 976 1578 &
990 1556 1065 1579 certa
1080 1547 1192 1580 scientia
1207 1549 1262 1588 sua,

198 1597 263 1619 eam
279 1587 338 1618 fieri
353 1588 531 1619 demandavit
546 1597 580 1618 ex
594 1586 679 1617 causis
693 1585 868 1625 supradietis,

237 1626 387 1665 Quodque
403 1626 563 1657 Relationes
573 1649 582 1665 ,
601 1624 791 1662 Affertiones,
806 1625 839 1656 ὃς
855 1624 1067 1657 Informationes
1086 1625 1264 1667 hujusmodi,

197 1662 217 1694 fi
231 1674 294 1704 quae
308 1665 426 1702 fuerint,
444 1666 570 1695 omnino
585 1672 679 1694 carent
694 1663 852 1701 primordio
865 1665 1006 1702 veritatis,
1022 1666 1175 1704 quoniam,
1195 1667 1263 1697 sicut

196 1705 332 1734 veraciter
355 1705 534 1741 accepimus,
559 1702 685 1741 praefatae
710 1700 912 1732 Restriffionis
938 1711 1083 1743 tempore,
1111 1707 1263 1736 memorati

196 1740 285 1779 nostri
303 1741 383 1781 Ligei
398 1741 511 1773 fuerunt
529 1743 556 1771 in
573 1741 694 1779 partibus
705 1739 875 1779 Norwegiae
889 1740 1058 1780 constituti;

235 1779 274 1810 Et
288 1780 344 1810 hoc
359 1780 440 1811 vobis
454 1781 487 1811 &
508 1780 642 1811 omnibus
664 1779 723 1809 aliis
738 1801 747 1816 ‚
771 1788 894 1818 quorum
919 1780 1046 1819 interest,
1066 1781 1265 1813 innotescimus

198 1826 248 1857 per
263 1817 414 1849 Praesentes
450 1819 566 1849 Privato
579 1817 678 1857 Sigillo
692 1817 790 1848 nostro
805 1818 989 1855 consignatas.

236 1856 311 1887 Data
329 1858 402 1895 apud
419 1843 561 1887 i³alatium
574 1857 690 1896 nostrum
705 1855 926 1896 Wstmonasterii
937 1856 1123 1888 Duodecimo
1133 1857 1192 1889 Die
1202 1857 1263 1890 De-

197 1896 338 1934 cembris,
359 1897 447 1927 Anno
462 1896 557 1936 Regni
572 1895 659 1926 nostri
674 1895 787 1926 Tertio.

235 1971 304 2002 Nos
320 1982 411 2004 autem
427 1972 576 2003 Tenorem
593 1972 751 2002 Literarum
766 1971 964 2011 praedictarum
981 1972 1113 2005 duximus
1131 1972 1182 2004 Ex
1192 1982 1210 2004 t:
1221 1981 1263 2004 Μ-

198 2018 248 2041 PL
260 2020 298 2041 112·
309 2020 344 2041 1c
358 2020 410 2042 AN
421 2020 471 2041 Du
484 2021 512 2043 M
529 2022 578 2051 per
590 2010 751 2042 Praesentes.

233 2048 266 2079 In
281 2051 374 2086 cuius,
394 2050 457 2080 &c.

250 2087 340 2120 Teste
353 2087 435 2128 Rege
450 2086 526 2127 apud
541 2086 815 2128 westmonasterium,
833 2088 890 2118 xiii.
904 2087 950 2118 die
963 2088 1143 2120 Decembris.

196 2215 256 2247 Pro
281 2215 394 2245 Comite
417 2212 453 2245 de
475 2216 547 2256 Eu,
576 2210 715 2245 Arthuro
737 2212 772 2245 de
794 2214 953 2251 Britania,
987 2217 1100 2247 Comite
1121 2214 1157 2248 de
1187 2217 1263 2249 Ven-

237 2261 360 2357 j-osme,
388 2264 474 2296 Duce
497 2261 533 2295 de
555 2258 692 2303 Burbon,
715 2264 752 2300 (ῥ’
773 2263 901 2294 Domino
925 2261 962 2295 de
978 2264 1162 2307 Touteville,
1192 2267 1263 2298 Pri·

258 2322 380 2344 onarns.

51 2402 128 2433 Ann.
143 2401 186 2432 D.

74 2450 157 2479 1415.

51 2484 104 2507 An.
124 2490 148 2516 3.

208 2394 348 2452 REX,
371 2406 420 2435 per
446 2397 552 2427 Literas
568 2396 624 2427 suas
651 2395 794 2435 Parentes,
821 2395 905 2434 usque
923 2396 1036 2429 Festum
1062 2397 1267 2429 Purificarionis

285 2435 375 2465 beatae
391 2434 491 2465 Μαῖα
503 2436 634 2474 proximo
653 2435 778 2466 futurum
794 2434 950 2473 duraturas,
966 2436 1084 2474 suscepit
1108 2438 1137 2466 in
1159 2437 1265 2468 salvum

203 2471 235 2500 &
260 2471 386 2503 securum
402 2473 589 2504 Conductum
603 2474 699 2512 suum,
719 2483 751 2503 ac
773 2474 801 2502 in
823 2473 1055 2512 Protefflonem,
1075 2476 1266 2515 Tuitionem,

201 2509 233 2539 &
262 2509 464 2541 Desensionem
491 2512 546 2542 suas
570 2511 711 2551 speciales,
738 2510 886 2547 Maillam,
907 2512 1064 2550 chemiche,
1091 2514 1125 2543 ὃς
1151 2514 1264 2553 Castus,

199 2547 354 2579 Servientes
371 2552 479 2578 Comitis
493 2550 524 2578 de
540 2552 584 2580 Eu
595 2573 603 2588 ‚
623 2550 655 2580 &
670 2548 795 2580 Arthuri
809 2552 918 2579 Fratris
934 2553 1016 2579 Ducis
1037 2554 1212 2590 Britanniae,
1230 2564 1263 2583 ac

199 2590 308 2616 Comitis
323 2587 356 2616 de
371 2587 530 2627 Vendofine,
548 2588 766 2618 Prisonariorum
785 2586 890 2626 Regis,
917 2588 949 2618 in
972 2588 1078 2628 Regno
1093 2589 1141 2620 Re
1165 2591 1185 2621 is
1203 2593 1264 2621 An-

200 2625 266 2661 gliae
284 2626 341 2662 jam
362 2624 524 2663 existentes,
542 2627 632 2656 versus
656 2635 744 2664 partes
771 2625 898 2656 Franciae
915 2648 924 2663 ,
954 2636 1006 2663 pro
1024 2628 1105 2658 certis
1166 2631 1263 2667 egotiis

198 2663 401 2701 praedidiorum
417 2667 548 2693 Comitum
566 2664 599 2693 ὅ(
617 2664 742 2693 Artlmri
757 2664 862 2693 ibidem
886 2665 1085 2703 expediendis,
1099 2666 1263 2698 Transeun-

197 2702 253 2739 do,
273 2702 305 2732 ἃ
328 2702 427 2732 exinde
450 2703 478 2732 iri
503 2702 612 2732 dietum
633 2702 768 2741 Regnum
790 2701 878 2739 Regis
901 2701 1030 2742 Angliae,
1048 2704 1212 2744 redeundo,
1229 2716 1262 2736 ac

198 2740 313 2777 Equos,
333 2740 407 2778 Res,
429 2739 524 2778 Bona,
541 2742 574 2772 &
591 2739 726 2771 Hernelia
740 2740 784 2770 sua
800 2749 1011 2779 quaecumque,

237 2778 415 2808 Dumtamen
429 2780 597 2817 quicquam,
617 2779 693 2817 quod
710 2780 739 2808 in
756 2778 844 2816 Regis
867 2777 1074 2817 Contemptum
1094 2781 1138 2812 vel
1155 2781 1262 2819 Praeju-

197 2816 324 2854 dicium,
343 2825 389 2847 aut
405 2816 507 2854 Populi
529 2818 567 2847 sui
582 2817 771 2855 Darnpuum,
788 2817 940 2854 aliqualiter
958 2819 1060 2849 cedere
1081 2820 1185 2859 valeat,
1203 2831 1263 2851 non

201 2863 386 2892 attemptent,
403 2855 448 2885 seu
465 2858 622 2893 attemptari
637 2857 736 2886 faciant
751 2857 851 2894 quovis
868 2856 967 2886 modo.

239 2893 326 2924 Teste
343 2892 428 2931 Rege
442 2894 515 2933 apud
537 2893 809 2936 Wstmonasterium‚
827 2894 883 2923 xvi.
902 2893 1094 2926 Diecembris.

52 2541 107 2593 1bid
110 2580 115 2584 .
124 2541 149 2583 ‘m
155 2578 161 2583 .

886 2972 938 3000 Per
955 2970 1038 3010 ipfitm
1057 2974 1159 3011 Regem.

205 3046 375 3078 Confimiles
395 3046 500 3077 Literas
518 3046 621 3092 Regis.
634 3047 668 3078 de
690 3047 772 3079 Salvo
791 3047 946 3081 Condueiu
959 3074 967 3088 ‚
988 3060 1037 3092 per
1055 3049 1132 3079 idem
1153 3059 1264 3088 tempus

240 3085 396 3121 duraturas,
414 3086 535 3123 habent,
553 3085 650 3115 Cadier
663 3085 700 3121 ό
717 3086 839 3116 Michael
846 3112 855 3126 ,
874 3089 1031 3121 Servientes
1047 3091 1131 3118 Ducis
1143 3089 1174 3117 de
1190 3091 1264 3118 Bur-

241 3124 310 3162 sam,
327 3124 474 3154 Prisonarii
492 3123 578 3164 Regis
592 3125 621 3154 in
638 3123 746 3162 Regno
763 3125 849 3165 Regis
862 3127 992 3166 Angliae,
1010 3126 1070 3162 &c.
1088 3133 1120 3156 ut
1131 3129 1226 3166 supra.

244 3199 333 3231 Teste
357 3208 388 3231 ut
402 3199 489 3238 supra.

868 3243 921 3271 Per
937 3241 1018 3281 ipfitm
1035 3243 1138 3279 Regem.

210 3313 379 3345 Consimiles
392 3314 499 3345 Literas
514 3314 603 3353 Regis
617 3315 652 3345 de
668 3315 753 3347 Salvo
764 3315 920 3348 Conduc‘hi
929 3341 938 3356 ,
955 3318 988 3348 δε
1003 3328 1051 3357 per
1066 3317 1141 3348 idem
1157 3325 1268 3354 tempus

246 3352 403 3390 duraturas,
421 3352 505 3383 habet
521 3353 665 3392 Johannex
679 3357 784 3392 Baroe,
803 3356 933 3386 Serviens
949 3359 1060 3386 Domini
1077 3357 1109 3385 de
1128 3354 1268 3385 Toutevil-

248 3389 290 3427 Ie,
308 3389 455 3433 Prisonarii
470 3391 577 3429 Regis,
595 3401 662 3422 curn
679 3403 737 3423 uno
754 3393 871 3424 Famulo
885 3395 915 3424 in
931 3393 1078 3425 Comitiva
1091 3388 1193 3431 suasim
1208 3393 1268 3423 Re-

245 3437 306 3468 gno
320 3428 407 3468 Regis
421 3429 534 3468 Angli-ae
543 3452 553 3469 ,
570 3429 631 3466 &a
643 3438 674 3459 ut
685 3430 773 3469 fiaepra.

247 3504 338 3535 Teste
357 3513 387 3536 ut
405 3505 492 3544 supra.

832 3548 885 3576 Per
901 3546 984 3586 ipficm
1002 3549 1106 3585 Regem.

402 3671 423 3692 *
443 3673 503 3704 Pro
527 3673 718 3716 Reparatione
742 3674 777 3704 V
777 3672 829 3704 illae
852 3671 888 3704 de
912 3671 1065 3716 Harefleu.

281 3754 364 3822 E},
381 3755 486 3823 diled'ici)
501 3755 566 3793 sibi,
584 3754 711 3794 Johanni
723 3754 868 3795 Colchestre
885 3754 1005 3794 Mason,
1022 3756 1155 3788 Salutem.

336 3804 389 3823 cias
423 3805 461 3824 uo
496 3804 562 3830 nos,

258 3829 304 3859 De
319 3804 448 3862 fidelitgte
463 3834 495 3863 &
510 3831 772 3869 Circumspefflone
787 3832 840 3862 tuis
856 3832 962 3868 plenius
977 3832 1167 3869 confidentes,

68 3884 102 3906 H.
128 3889 155 3915 5-
221 3866 425 3905 Affignavimus
438 3871 484 3901 Te
496 3870 530 3900 ad
546 3878 588 3901 tot
603 3870 775 3908 Lathomos,
792 3870 923 3900 Fadtores
932 3870 1131 3911 Tegularum,
1149 3869 1271 3908 Tegula-

67 3922 127 3945 Eat.
149 3927 175 3953 3·
218 3912 317 3946 tores,
336 3907 368 3936 ὃ(
390 3908 456 3937 alios
478 3908 680 3946 Laboratores,
699 3909 873 3946 ubicumque
895 3909 965 3937 inira
986 3908 1118 3946 Regnum
1141 3909 1270 3939 nostrum

67 3961 100 3983 H.
110 3962 195 3992 5-P-2·
215 3942 327 3980 Angliae
341 3945 459 3987 inveniri
472 3955 622 3984 poterunt,
640 3955 696 3976 tarn
711 3946 782 3976 infra
799 3946 969 3982 Libertate,
988 3948 1073 3984 quam
1093 3955 1185 3984 extra,
1199 3954 1269 3986 quot

66 4004 100 4022 m.
126 3995 166 4022 ιε,
174 3994 200 4022 Α,
214 3990 267 4020 pro
283 3980 470 4020 Reparatione
486 3985 520 4016 ὃ(
536 3983 743 4018 Emendatione
760 3984 933 4023 Murorurn,
953 3984 1136 4023 Domorum,
1155 3985 1188 4016 ὃς
1203 3985 1270 4017 alio-

68 3689 157 3717 ²¹1X.

68 3738 145 3795 32⁷5.
161 3764 202 3795 D.
223 3756 277 3810 R

88 3811 173 3842 1415.

67 3845 156 3877 An.3.

685 73 1486 124 CONVENTIONES‚
1542 75 1926 131 LITERAE,

1303 170 1368 191 rum
1381 159 1585 193 AEdificiorum
1595 163 1688 206 'Villae
1702 164 1805 195 nostrae
1818 166 1854 196 de
1867 163 2001 206 Harefleu
2022 165 2167 196 necessarii
2185 164 2307 203 fuerint,
2325 164 2368 196 A-
2392 159 2470 192 Assn·
2482 161 2525 193 D-

1303 199 1465 230 testandum
1479 201 1513 230 &
1529 199 1707 239 Capiendum
1718 226 1727 242 ‚
1745 204 1779 235 &
1792 213 1858 243 eos,
1873 206 1951 243 super
1965 203 2184 243 operationibus
2199 204 2299 234 nostris
2313 204 2369 234 ibi·
2409 209 2496 240 1415·

1307 237 1390 275 dem,
1406 247 1458 281 pro
1473 237 1605 270 Denariis
1619 241 1721 272 nostris
1732 265 1742 280 ,
1762 243 1791 272 in
1804 243 1857 274 hac
1874 251 1950 280 parte
1963 245 2098 282 prompte
2113 243 2145 274 ὀί
2169 243 2367 274 rationabiliter
2391 242 2454 268 Hm.
2467 249 2486 276 5
2489 261 2498 269 ·

1307 276 1463 319 solvenrdiS,
1482 275 1669 320 Ponendum,
1684 280 1731 311 seu
1749 283 1817 319 poni
1834 281 2016 318 faciendum3

1346 313 1384 344 Et
1398 313 1464 344 ideo
1479 314 1550 358 Tibi
1563 315 1747 355 Praecipimus
1760 319 1841 357 quod
1862 320 1935 349 circa
1948 318 2096 350 Praemissa
2115 319 2263 360 diligenter
2276 320 2369 350 inten-

1307 351 1372 389 das,
1387 352 1420 382 &
1439 362 1470 382 ea
1487 352 1570 383 factas
1583 355 1617 384 ὃς
1631 358 1771 394 exequaris
1784 359 1813 388 in
1825 358 1917 388 forma
1931 357 2078 393 praedicta:

1345 389 1458 434 Damus
1471 399 1564 421 autem
1579 391 1729 425 Universis
1749 395 1782 426 &
1804 396 1917 433 singulis
1932 394 2179 434 Vicecomitibus,
2195 395 2369 435 MaioribuS,

1309 427 1436 472 Balliiqis,
1461 427 1700 472 Constabulariis,
1717 442 1750 463 ac
1772 433 1829 464 aliis
1853 433 2007 464 Officiariis
2033 434 2067 465 &
2093 434 2231 465 Ministris
2253 435 2371 473 nostris„

1309 475 1367 510 tarn
1387 468 1458 496 infi‘a
1472 466 1641 511 LibertateS,
1662 471 1750 508 quarn
1769 481 1859 510 extra,
1877 472 1996 504 Tenore
2019 471 2207 503 Praesentium
2220 496 2230 511 ,
2255 473 2370 504 firmiter

1309 513 1338 534 in
1354 503 1498 534 Mandatis
1515 506 1596 543 quod
1613 507 1702 546 Tibi,
1717 510 1747 538 in
1763 512 1928 547 executione
1944 511 2156 542 Praemifforum
2167 534 2177 551 ,
2196 510 2372 543 Intendentes

1309 543 1379 581 sint,
1399 543 1602 586 ConsulenteS‚
1620 546 1654 577 &
1669 546 1856 587 Auxiliantes,
1874 557 1957 586 prout
1967 549 2064 587 decet,

1345 581 1379 612 In
1392 591 1469 617 cuius
1504 582 1566 612 &c.
1582 585 1717 622 quamdiu
1732 587 1813 616 nobis
1826 588 1958 624 placuerit
1970 588 2121 619 duraturas.

1320 629 1324 631 ·
1364 619 1454 650 Teste
1466 604 1551 659 Rege
1563 622 1636 659 apud
1653 622 1925 664 Wstmonasterium,
1943 627 1990 657 xvi
2004 626 2063 657 Die
2078 626 2257 658 Decembris,

1494 753 1551 784 Pro
1574 749 1780 784 servientibus
1805 754 1927 786 Comitis
1950 751 1986 785 de
2007 753 2176 799 Vendosme.
2394 770 2442 801 ,επ

1312 834 1362 888 R
1377 833 1402 865 E
1412 834 1460 872 X,
1480 845 1528 872 per
1544 835 1651 867 Literas
1665 836 1721 867 suas
1733 836 1879 875 Patentes,
1897 836 1979 876 usque
1996 836 2110 868 Festum
2122 838 2234 872 Sanstae
2248 841 2367 880 Julianae
2395 849 2462 881 Αῃῃ
2482 852 2513 883 D

1390 873 1512 941 Virginis
1530 876 1666 911 proximo
1678 876 1806 907 futurum
1820 876 1978 913 duraturas,
1997 875 2113 914 suscepit
2128 879 2157 908 in
2172 879 2315 912 salvum&
2327 883 2369 914 se-
2412 877 2490 929 141‘6
2516 876 2525 886 ’

1309 918 1410 940 curum
1463 912 1622 943 onductum
1643 914 1741 952 suum,
1759 925 1792 945 ac
1816 916 1846 945 in
1865 914 2095 953 Proteeiionem‚
2123 915 2314 957 Tuitionem‚
2336 922 2370 952 &
2390 931 2433 956 An
2492 915 2498 921 ’

1310 946 1513 980 Defensionem
1530 951 1587 981 suas
1608 952 1753 990 speciales,
2128 954 2287 993 Johannem
2302 958 2372 998 Les:
2392 970 2420 992 H
2437 951 2442 957 ’
2464 939 2490 967 3‘

1310 987 1404 1032 noille,
1421 987 1577 1032 Servientes
1597 993 1709 1020 Comitis
1726 992 1758 1021 de
1770 991 1911 1031 Vendofine
1927 991 2073 1022 Prisonarii
2089 991 2192 1033 Regis,
2209 995 2239 1025 in
2261 994 2371 1034 Regno
2392 977 2472 1034 Fr'asfc'

1309 1023 1462 1070 Regis'An
1484 1027 1526 1056 11ae
1534 1036 1598 1070 jam
1616 1028 1780 1068 existentes,
1797 1033 1888 1060 versus
1897 1038 1985 1068 partes
2001 1030 2144 1070 Franciae‚
2165 1042 2233 1063 cum
2249 1045 2308 1065 uno
2317 1035 2371 1067 Fa·
2413 1065 2417 1070 ,
2433 1028 2478 1076 Η·

1312 1065 1392 1094 mulo
1406 1075 1435 1108 in
1451 1035 1596 1109 &omitiva
1613 1066 1674 1104 sua,
1693 1076 1745 1106 pro
1758 1069 1840 1099 certis
1852 1067 1985 1107 Negotiis
1998 1069 2123 1107 praedicli
2143 1074 2251 1101 Comitis
2264 1072 2370 1105 ibidem
2392 1051 2429 1112 Ξ),
2442 1054 2506 1111 6:5⁶

1311 1103 1508 1141 expediendis,
1527 1103 1707 1144 transeundo,
1725 1107 1759 1137 ὃ(
1775 1107 1804 1136 in
1819 1106 1956 1145 Regnum
1968 1105 2057 1146 Regis
2071 1109 2240 1145 praeditfftum
2253 1112 2373 1144 redeun-

1310 1141 1369 1178 do,
1386 1141 1421 1172 ad
1441 1142 1552 1180 Equos,
1574 1141 1648 1181 Res,
1667 1143 1765 1182 Bona,
1783 1144 1962 1175 &Hernesia
1977 1144 2023 1175 sua
2038 1155 2243 1188 quaecumque,

1331 1180 1524 1224 'Dumtamen
1539 1181 1709 1220 quicquam,
1728 1183 1805 1221 quod
1826 1184 1854 1213 in
1873 1182 1960 1222 Regis
1973 1192 2172 1222 contemptum
2189 1189 2233 1218 vel
2244 1189 2380 1228 praejudi*

1309 1227 1403 1256 cium,
1422 1228 1467 1250 aut
1482 1218 1587 1255 Populi
1601 1219 1687 1260 Regis
1702 1222 1874 1260 dampnum,
1891 1221 2043 1261 aliqualiter
2062 1223 2163 1254 cedere
2185 1227 2293 1267 valcat,
2307 1239 2370 1260 non

1309 1265 1492 1296 attemptent‚
1512 1258 1556 1288 seu
1573 1261 1731 1298 attemptari
1745 1261 1846 1291 faciant
1859 1262 1960 1300 quovis
1977 1261 2076 1291 modo.

1347 1296 1436 1327 Teste
1452 1295 1534 1336 Rege
1555 1297 1628 1335 apud
1645 1298 1918 1340 Wfrmonasterium,
1936 1299 2012 1330 sexto
2027 1300 2073 1330 die
2086 1299 2220 1338 Januarii.

1771 953 1931 992 Johannem
1947 953 2062 983 Benard
2072 954 2105 985 δε

1990 1379 2044 1407 Per
2059 1377 2142 1417 ipficm
2159 1382 2265 1419 Regem.

1310 1508 1359 1541 De
1383 1507 1582 1554 computando
1605 1523 1674 1544 cum
1698 1513 1790 1604 Ducse}
1807 1510 1939 1555 Bedford
1956 1537 1966 1553 ‚
1996 1522 2053 1557 pro
2077 1489 2208 1559 tempore¹
2227 1491 2289 1560 qhuo'
2300 1514 2371 1559 fuit

1724 1563 1768 1593 Cu
1792 1572 1820 1591 os
1844 1564 1946 1606 Regni.

1309 1650 1466 1703 HEnri,
1487 1658 1535 1688 par
1555 1649 1578 1680 la
1594 1655 1675 1686 grace
1692 1644 1728 1676 de
1743 1644 1838 1684 Dieu,
1857 1649 1911 1686 Roy
1927 1646 2116 1685 d'Engleterre
2138 1645 2176 1682 &
2195 1648 2227 1678 de
2249 1652 2367 1689 France,
2387 1655 2464 1688 Αῃῃ,
2480 1657 2513 1688 D

1382 1686 1419 1721 εῖν
1439 1690 1561 1724 Seigneur
1582 1685 1725 1723 dirland,
1743 1694 1770 1715 as
1785 1685 1934 1724 Tresorer,
1953 1685 2076 1725 Barons,
2101 1687 2134 1718 &
2155 1685 2368 1720 Chamberlains
2418 1683 2523 1735 1416.'

1309 1723 1343 1753 de
1359 1725 1453 1755 nostre
1468 1726 1645 1764 Eschequm,
1662 1724 1753 1753 Saluz.
2390 1738 2442 1763 An.
2463 1746 2489 1772 3-

1347 1763 1463 1803 Corne,
1482 1775 1516 1795 au
1531 1766 1644 1802 Temps
1658 1772 1712 1800 que
1731 1761 1813 1792 Nous
1827 1760 1927 1791 estiens
1942 1772 1957 1792 a
1972 1761 2067 1793 nostre
2082 1763 2155 1794 Ville
2168 1763 2203 1794 de
2215 1763 2370 1805 Suthamp-
2391 1777 2425 1800 H.
2445 1783 2472 1808 5⁸

1309 1810 1361 1833 ton
1371 1825 1381 1841 ,
1396 1803 1440 1833 sur
1456 1803 1550 1834 nostre
1567 1803 1686 1841 departir
1698 1810 1758 1830 vers
1773 1801 1812 1832 les
1827 1799 1930 1830 Parties
1946 1800 1981 1831 de
1997 1799 2087 1838 Dela,
2105 1801 2238 1841 euffiens,
2253 1813 2305 1840 pur
2312 1814 2372 1835 cer·
2391 1817 2431 1839 Ex
2452 1813 2527 1849 (γι-ἔ,-

1309 1843 1395 1871 taines
1411 1840 1532 1879 Causes,
1548 1842 1603 1872 lors
1620 1840 1707 1871 Nous
1716 1847 1896 1876 moevantes,
1915 1838 2251 1871 donezenM-andement
2263 1843 2371 1880 a,nos-
2392 1855 2465 1878 fem,

1307 1888 1348 1910 tre
1362 1879 1500 1910 Trescher
1513 1881 1546 1912 &
1562 1879 1697 1910 Tres-ame
1713 1878 1733 1907 F
1735 1888 1812 1915 rere,
1830 1876 1927 1915 Johan
1942 1880 2004 1907 Duc
2019 1877 2053 1907 de
2068 1876 2209 1918 Bedfhrd,
2226 1890 2279 1917 pur
2291 1889 2308 1920 y
2324 1890 2374 1912 ent
2391 1887 2526 1918 cler-peu,

1307 1919 1447 1956 departir,
1464 1918 1499 1948 de
1513 1919 1607 1949 nostre
1621 1921 1771 1957 prelence,
1791 1916 1905 1955 Marsdy
1923 1915 1948 1945 le
1973 1915 2051 1955 Vynt
2073 1917 2106 1948 &
2125 1917 2238 1948 Second
2251 1918 2324 1957 Jour
2337 1920 2373 1950 de

1304 1957 1392 1996 Juill,
1410 1957 1516 1987 darrein
1533 1957 1644 1996 passez,
1664 1966 1712 1994 par
1730 1954 1828 1985 devers
1840 1956 1934 1985 nostre
1949 1953 2065 1985 Chastel
2079 1955 2115 1985 de
2131 1954 2333 1996 Kenilwortb,

1345 1996 1383 2027 Et
1397 1996 1493 2035 depuis
1509 2006 1560 2033 pur
1574 1996 1716 2031 attendte,
1734 2004 1768 2024 en
1779 1992 1872 2024 nostre
1888 1992 2018 2023 Absence
2028 2015 2038 2029 ‚
2056 2003 2176 2024 comme
2184 1995 2278 2026 nostre
2287 1996 2374 2027 Lieu-

1310 2043 1405 2067 tenant
1421 2036 1453 2065 &
1472 2034 1600 2065 Gardein
1615 2034 1649 2064 de
1664 2032 1758 2063 nostre
1775 2031 1920 2062 Roiaume
1933 2030 2144 2070 d‘Engleterre,

1348 2073 1498 2104 Preionant
1514 2083 1567 2111 pur
1584 2071 1792 2111 Supportacion
1812 2070 1849 2100 de
1870 2070 1918 2100 son
1941 2069 2036 2108 Estat,
2054 2080 2091 2100 en
2104 2071 2132 2101 le
2145 2070 2185 2102 dit
2199 2071 2314 2111 Office,
2330 2073 2371 2105 se-

1308 2113 1375 2144 lonc
1389 2097 1533 2142 l'Xfferant
1547 2112 1582 2143 de
1596 2110 1685 2151 Cynk
1701 2109 1783 2139 Mille
1798 2108 1894 2139 Mares
1907 2117 1956 2146 par
1971 2108 2035 2146 An,
2121 2148 2126 2153 η
2244 2135 2253 2137 s

1346 2150 1446 2189 Dont,
1465 2150 1570 2181 d’entre
1585 2150 1611 2180 le
1626 2150 1667 2179 dit
1680 2148 1758 2186 Vynt
1771 2148 1804 2178 &
1820 2147 1933 2177 Second
1946 2145 2019 2184 Jour
2036 2145 2071 2177 de
2080 2146 2164 2186 Juill,
2181 2147 2260 2178 &de
2271 2147 2372 2180 Seszis—

1308 2200 1356 2221 me
1369 2189 1442 2227 Jour
1456 2189 1492 2220 de
1507 2189 1682 2219 Novembre
1695 2187 1804 2217 darrein
1823 2185 1916 2223 paffez
1937 2185 2058 2224 (q’estoit
2081 2187 2106 2215 le
2124 2185 2199 2224 Jour
2214 2186 2251 2219 de
2275 2187 2371 2218 nostre

1310 2229 1457 2259 Arrivaille
1477 2228 1509 2258 &
1525 2227 1637 2258 Retour
1659 2237 1674 2256 a
1689 2223 1786 2255 nostre
1801 2224 1842 2254 dit
1858 2223 2022 2267 Roya-ume)
2042 2224 2062 2254 il
2077 2223 2186 2255 receust
2209 2224 2234 2254 la
2249 2224 2373 2256 Somme

1309 2268 1346 2299 de
1360 2266 1442 2298 Mille
1457 2266 1557 2298 Livres
1571 2274 1629 2296 tant
1645 2264 1799 2295 soulement
1809 2286 1818 2300 ,
1833 2272 1849 2292 a
1863 2273 1896 2293 ce
1912 2262 1958 2301 q'il
1974 2261 2032 2300 dit,

1350 2306 1369 2325 ²¹²
1387 2306 1417 2337 Si
1434 2305 1535 2336 volons
1550 2305 1583 2336 &
1600 2303 1679 2335 Vous
1694 2301 1840 2332 Mandons
1855 2311 1910 2340 que
1923 2310 1992 2331 vous
2002 2300 2134 2332 Acontez
2147 2300 2282 2332 duement
2297 2312 2371 2335 ovec

1310 2343 1406 2374 nostre
1419 2344 1499 2375 susdit
1518 2344 1619 2381 Frem,
1639 2352 1678 2372 ou
1693 2341 1815 2380 ovesque
1837 2350 1874 2370 un
1895 2349 1973 2370 autre
1995 2338 2118 2370 Persone
2135 2341 2311 2372 convenable
2335 2352 2370 2373 en

1309 2383 1360 2413 sori
1376 2382 1490 2421 Nonn,
1505 2382 1544 2413 du
1562 2383 1610 2420 dyt
1625 2381 1703 2420 Vynt
1721 2380 1754 2410 &
1772 2379 1873 2409 second
1886 2378 1958 2417 Jour
1973 2378 2009 2408 de
2018 2377 2085 2417 Juill
2101 2387 2204 2416 ratique
2224 2389 2257 2409 au
2272 2379 2372 2411 Seszii-

1311 2431 1358 2452 me
1371 2421 1442 2461 Jour
1457 2421 1493 2451 de
1501 2420 1674 2450 Novembre
1687 2417 1832 2455 dessusdit,
1849 2419 1882 2449 ὃ(
1902 2417 1937 2448 de
1956 2426 2015 2447 noz
2029 2417 2089 2447 ditz
2099 2416 2235 2454 DenierS,
2251 2427 2299 2454 par
2314 2418 2370 2449 Lui'

1311 2469 1413 2491 receuz
1428 2470 1475 2498 par
1491 2459 1561 2490 celle
1576 2459 1655 2489 cause
1666 2480 1675 2496 ,
1695 2458 1727 2488 ὃ(
1742 2457 1778 2487 de
1790 2466 1840 2493 ce,
1860 2465 1914 2493 que
1927 2464 1974 2492 par
1989 2455 2015 2484 le
2029 2455 2071 2486 dit
2085 2455 2200 2485 Aconte
2215 2456 2281 2486 serra
2293 2465 2369 2487 troe-

1310 2509 1366 2530 vez
1382 2509 1428 2536 par
1443 2498 1529 2529 Nous
1543 2497 1613 2528 estre
1629 2496 1867 2528 Resonsblement
1882 2493 1940 2524 duz
1961 2503 1976 2523 a
1989 2492 2083 2523 nostre
2098 2493 2141 2522 dit
2161 2495 2257 2530 Frere,
2277 2493 2314 2524 du
2329 2495 2370 2526 dit

1312 2537 1390 2577 Vynt
1407 2538 1440 2568 δε
1454 2536 1558 2567 second
1567 2535 1641 2574 Jour
1653 2536 1690 2565 de
1702 2533 1768 2572 Juill
1779 2533 1886 2571 jusques
1907 2541 1941 2561 au
1961 2531 2122 2570 susditJour
2143 2530 2180 2560 de
2201 2532 2295 2563 nostre
2313 2533 2371 2563 Ar-

1310 2575 1395 2605 rivaill
1405 2598 1413 2613 ,
1435 2574 1533 2612 Vous,
1549 2573 1689 2604 avantditz
1696 2572 1829 2602 Tresorer
1839 2571 1873 2601 ὃ(
1887 2569 2114 2606 Chamberlains‚
2133 2568 2188 2598 Lui
2198 2568 2277 2600 facez
2291 2572 2370 2601 avoir

1310 2613 1474 2650 Paiement‚
1495 2623 1534 2643 ou
1549 2609 1916 2648 sufficeantAffignement,
1928 2607 2022 2638 selonc
2034 2607 2224 2638 l'Afferantde
2234 2608 2272 2639 les
2281 2608 2368 2649 Cynk

1310 2652 1392 2683 Mille
1407 2651 1505 2681 Mares
1520 2650 1636 2680 susdites.

1349 2690 1428 2719 Den.
1445 2690 1512 2719 souz
1525 2687 1620 2718 nostre
1635 2686 1720 2718 Prive
1734 2685 1795 2717 Seal
1805 2696 1824 2714 a
1838 2682 1944 2724 Wstm.
1960 2684 1986 2715 le
1993 2685 2027 2714 xi.
2040 2683 2112 2723 Jour
2124 2683 2160 2714 de
2170 2683 2275 2722 Januer
2283 2685 2367 2724 ,l’An

1308 2737 1344 2759 ue
1359 2727 1454 2758 nostre
1469 2727 1572 2765 Regne
1590 2726 1689 2756 Tierz.

2391 2317 2410 2337 ⁴
2430 2320 2484 2348 IX.

2394 2358 2455 2396 328.

1346 2806 1398 2833 Per
1411 2809 1498 2836 Unum
1512 2802 1641 2843 Quarta·
1658 2801 1696 2837 ὠ·
1709 2804 1814 2831 xxxiv.
1828 2803 1914 2838 Dies,
1930 2806 1979 2838 per
1994 2801 2076 2829 Diem
2097 2799 2142 2831 iil.
2159 2802 2210 2830 iis.
2228 2801 2272 2829 vii
2281 2798 2309 2830 d.
2326 2799 2369 2830 ob.

1308 2844 1404 2884 quadr.
1431 2846 1476 2872 M.
1495 2841 1548 2872 liil.
1573 2849 1621 2871 κς.
1641 2844 1660 2870 ii
1674 2840 1702 2870 d.

1536 2974 1586 3006 De
1610 2969 1781 3005 Tmflando
1803 2981 1872 3002 cum
1897 2971 1973 3016 Rege
1999 2964 2133 3010 castelle,

1311 3063 1434 3123 REX
1453 3062 1620 3099 Omnibus,
1638 3060 1671 3090 ad
1687 3068 1773 3098 qum,
1793 3057 1851 3088 &c.
1871 3056 2005 3088 Salutem.
2385 3065 2462 3098 Arm·
2477 3066 2521 3100 D.

1408 3103 1506 3133 Sciatis
1523 3099 1602 3138 quod
1619 3099 1704 3133 Nos,
1757 3135 1762 3141 .
1905 3134 1910 3140 ¹
2013 3134 2018 3139 Ι
2092 3134 2097 3139 ⁴
2406 3105 2493 3146 1416.

1345 3140 1394 3171 De
1406 3140 1547 3176 fidelitate,
1565 3135 1820 3174 circumspeffione
1854 3134 1887 3165 δε
1903 3133 2053 3172 industria,
2071 3132 2241 3165 dile&orum
2254 3132 2365 3165 &fide-
2386 3148 2438 3172 An.
2461 3154 2488 3181 3,

1308 3180 1377 3210 lium
1394 3178 1555 3209 nostrorum
1566 3198 1575 3213 ‚
1587 3173 1728 3213 Johannis
1741 3175 1815 3211 Ttpto
1831 3181 1844 3202 t
1862 3172 1962 3202 Militis
1977 3172 2122 3203 Senescalli
2138 3171 2270 3204 Ducatfis
2278 3172 2366 3202 nostri
2386 3186 2420 3210 H.
2437 3191 2467 3218 5·

1312 3217 1486 3257 Aquitaniae‚
1515 3212 1658 3244 Willielmi
1682 3210 1798 3250 Cliffiird
1812 3211 1913 3241 Militis
1931 3210 2140 3241 Constabularii
2163 3210 2256 3241 Castri
2279 3210 2366 3241 nostri
2386 3224 2475 3249 Franc.
2491 3231 2517 3259 3⁴

1311 3255 1502 3291 Burdegaliae,
1518 3253 1549 3283 δε
1566 3251 1707 3290 Johannis
1726 3253 1806 3290 Seynt
1821 3248 1901 3288 John
1917 3248 2019 3279 Militis
2035 3248 2154 3286 Majoris
2169 3247 2298 3279 Civitatis
2311 3259 2366 3279 no-
2387 3261 2423 3288 H.
2435 3268 2464 3294 5·

1311 3295 1374 3324 strae
1387 3291 1570 3331 Berdegaliae,
1586 3300 1635 3326 ac,
1653 3288 1821 3319 dilectorum
1838 3286 2366 3326 nobis,MagistriBertrandideAsta,
2388 3305 2425 3324 m,
2443 3306 2471 3332 ς,

1310 3334 1343 3363 &
1360 3330 1491 3368 Magistri
1509 3328 1634 3359 Arnaldi
1657 3328 1690 3357 de
1711 3330 1831 3365 Meana,
1849 3325 2018 3358 Dodmrum
2036 3327 2067 3356 in
2091 3324 2242 3363 Decretis,
2259 3324 2368 3362 plenius

1311 3369 1483 3401 confidentes

1349 3408 1425 3447 Ipsos
1451 3392 1588 3446 Q’iinque
1611 3405 1762 3444 Quatuor,
1780 3403 1872 3442 Tres,
1889 3403 1923 3434 ὃς
1943 3402 2027 3446 Duos
2042 3409 2142 3432 eorum
2156 3400 2296 3444 ¹(quorum
2319 3399 2370 3431 ali-

1312 3457 1397 3486 quem
1414 3446 1614 3483 praedictorum
1630 3443 1792 3480 Senescalli,
1810 3441 2033 3477 Constabularii,
2052 3437 2217 3482 &·Majoris
2230 3447 2318 3468 unum
2326 3438 2369 3482 es-

1311 3488 1336 3517 se
1363 3483 1506 3521 volumus)
1535 3483 1679 3520 Fecimus,
1702 3481 1919 3518 Ordinavimus,
1943 3480 1977 3510 &
1996 3476 2220 3513 Constituimus,
2234 3484 2268 3505 ac
2287 3475 2368 3507 Fact-

1313 3534 1390 3561 mus,
1409 3523 1596 3558 Ordinamus,
1614 3522 1648 3552 &
1670 3519 1893 3556 Constituimus,
1911 3527 1960 3557 per
1981 3515 2149 3551 Praesentes,
2167 3513 2277 3543 nostros
2291 3514 2367 3545 Am-

1314 3562 1470 3593 baffiatores
1488 3560 1521 3590 &
1536 3559 1571 3589 N
1575 3561 1674 3589 uncios
1687 3558 1829 3596 speciales,
1993 3591 1998 3597 ¹

1349 3600 1455 3630 Dantes
1478 3598 1510 3628 δε
1533 3596 1732 3628 Concedentes
1754 3595 1857 3626 eisdem
1881 3592 2102 3627 Austoritatem,
2117 3588 2314 3633 potestatem,
2333 3601 2367 3624 ac

1313 3638 1482 3669 Mandatum
1507 3636 1635 3674 speciale,
1654 3635 1688 3665 ad
1713 3631 1972 3668 Conveniendum‚
1995 3627 2270 3671 Comunicandum,
2292 3629 2367 3673 Tra-

1312 3676 1465 3713 &andum,
1484 3675 1517 3706 &
1532 3673 1789 3713 Apponeuandum
1814 3678 1883 3700 cum
1908 3666 2174 3710 Ambassiatoribus,
2193 3665 2368 3699 Commiffi-

1314 3717 1375 3752 riis,
1394 3713 1560 3752 Deputatis,
1578 3714 1621 3742 seu
1640 3711 1782 3748 Nunciis,
1799 3705 1967 3739 Sereniffimi
1981 3704 2132 3749 Brincipis,
2150 3707 2226 3742 Regis
2243 3705 2366 3745 Castellae

1313 3753 1351 3788 ely
1366 3755 1507 3789 Legionis,
1526 3750 1735 3789 Consanguinei
1755 3746 1842 3778 nostri
1863 3743 2021 3786 Cariffimi,
2037 3741 2221 3773 sufficientem
2243 3743 2369 3775 Potesta-

1313 3800 1372 3822 tem
1386 3791 1419 3821 &
1435 3789 1642 3820 Aueroritatem
1664 3789 1700 3818 ab
1718 3785 1821 3816 eodem
1837 3782 2058 3820 consanguineo
2079 3780 2179 3824 nostro
2194 3781 2227 3812 ad
2240 3781 2297 3812 hoc
2319 3783 2368 3813 ha.

1313 3829 1457 3864 bentibus,
1475 3828 1512 3857 de
1527 3828 1558 3857 ὃς
1574 3828 1650 3865 super
1666 3823 1874 3861 Prorogatione
1888 3820 2083 3864 Treugarum,
2101 3827 2171 3849 inter
2180 3819 2284 3857 Regna
2291 3830 2364 3860 prae-

1314 3867 1389 3897 dieta
1407 3867 1509 3895 ultimo
1523 3873 1683 3901 captarum,
1699 3864 1742 3893 seu
1757 3862 1840 3892 etiam
1854 3858 1887 3888 ad
1900 3858 1963 3888 alias
1982 3857 2125 3896 TreugaS,
2144 3857 2298 3888 secundum
2306 3859 2366 3890 for-

1313 3914 1390 3934 mam
1406 3905 1531 3941 priorum
1545 3902 1736 3940 Treugarum,
1753 3900 1798 3929 seu
1815 3898 1924 3927 meliori
1936 3895 2026 3925 modo
2041 3895 2188 3934 deforma,
2205 3896 2224 3927 fi
2239 3896 2297 3927 fieri

1313 3944 1391 3980 terit,
1408 3942 1443 3972 de
1457 3941 1553 3971 Novo
1567 3939 1746 3976 Capiendurn
1762 3936 1797 3967 ad
1810 3943 1918 3967 tantum
1940 3942 2050 3972 tempus
2086 3942 2171 3972 prout
2186 3935 2257 3965 inter
2271 3935 2299 3965 di
2332 3944 2366 3965 os

1314 3980 1532 4014 Ambaffiatores
1545 4001 1555 4016 ‚
1583 3976 1814 4015 Commiflarios‚
1842 3973 1999 4012 Deputatos
2011 3994 2022 4011 ,
2046 3957 2092 4004 lieu
2112 3972 2246 4004 Nuncios
2266 3973 2364 4041 amrffi
