2562 4274
644 107 1454 156 CONVENTIONES,
1510 107 1900 159 LITERAE,

1317 192 1432 224 Decem
1451 193 1551 224 Libras
1563 192 1746 224 Turonenses
1763 192 1863 223 Annui
1880 191 2045 232 Redditus,
2062 203 2130 232 quas
2144 193 2285 224 habebam
2309 193 2346 224 ad
2361 191 2438 223 Ann.
2449 192 2492 224 D.

1279 230 1462 308 {gacica'rium
1482 232 1580 263 Sancti
1601 231 1752 264 Michaelis
1775 233 1804 262 in
1827 230 2040 263 vicecomitatu
2060 233 2156 272 Aquae
2180 230 2347 263 Rothoma-
2361 240 2473 308 5222}-

178 127 229 173 75

24 207 102 238 Arm.
117 204 159 236 D.
177 205 363 237 Testimonio
383 204 501 241 reponi,
521 202 652 239 Regente
676 210 746 230 tunc
767 198 903 235 temporis
924 197 1058 228 &indiam
1073 196 1240 227 Rothoma-

48 255 134 284 1422.
176 245 290 282 genscm
307 243 462 274 Ecclesiam
478 239 624 284 lds'illielaezqq
641 237 860 282 A2·chis›pisiopo,
882 235 1059 275 Miffimque
1074 237 1102 265 in
1126 235 1239 273 praefata

26 289 88 313 Hm.
108 294 136 320 5.
175 283 339 314 Festivitare
353 284 379 312 in
395 280 536 311 Cathedra
552 278 711 315 Episcopali
723 277 899 312 celebrante,

211 321 338 358 Ideoque
357 320 466 350 cunffis
489 317 627 347 Ministris
647 316 717 346 meis
730 315 865 354 praecipio
878 323 962 352 atque
975 312 1114 352 prohibeo
1127 322 1164 343 ne
1179 311 1237 342 ullo

174 360 265 391 modo
277 358 380 397 aliquid
394 358 460 388 inde
472 357 622 394 accipiant.

212 436 410 467 Imm-:xmus
427 434 539 464 ulterius
554 431 697 470 quandam
710 431 791 461 aliam
806 429 942 468 Cartam,
958 428 1080 468 ejusdem
1093 427 1238 466 Progeni-

175 477 244 508 toris
260 474 365 512 nostri,
383 473 486 503 fastam
504 474 532 502 in
545 472 607 502 brec
622 471 726 509 verba,

210 556 245 582 In
264 554 381 580 Nomine
407 551 514 580 Safflae
542 547 580 583 εἰ»
598 548 750 578 individua»
773 549 910 584 Trinatir,
932 554 988 585 ego
1011 543 1143 575 Robertus
1167 547 1236 573 Dux

176 594 413 626 Normannorum,
432 589 518 619 Filius
533 586 677 617 willielmi
691 590 768 625 Regis
790 585 960 628 Anglqrunz,
979 594 1032 622 pro
1052 583 1147 614 Salute
1167 584 1238 621 ejus-

173 630 241 660 dem
263 628 351 659 Patris
375 629 431 657 mei
453 628 485 658 δε
510 626 611 657 Matris
627 636 718 663 meze,
738 625 1014 661 Antecesiorumque
1030 631 1184 660 meorum,
1203 623 1237 653 &

169 678 222 706 pro
245 667 339 698 Salute
363 666 480 697 Animae
502 675 575 695 ine-„e
600 663 861 702 Succeffortimque
892 671 1049 698 meorum,
1082 660 1176 691 Dono
1203 660 1236 690 &

171 706 335 744 Concedo,
354 706 382 735 in
398 704 586 735 Praebendam
597 727 606 741 ‚
621 712 757 741 perpetuo
768 702 854 741 jure,
874 701 986 732 Sanctae
1001 699 1104 743 Mariae
1121 699 1238 743 Rotho-

174 745 314 784 magensi,
339 753 422 782 atque
444 742 592 773 lVillielmo
615 741 681 773 Filio
703 745 784 780 ogeri
809 741 931 779 ejusdem
946 739 1083 784 Ecclesiae
1105 737 1238 769 Canoni—

173 794 229 821 co,
249 783 438 820 omnibusque
452 782 666 813 Succefforibus
688 781 739 812 suis
761 780 934 818 Canonicis‚
952 778 1088 817 quicquid
1109 779 1238 808 Osbertus

173 823 310 854 Presbiter
323 822 367 852 vel
382 821 465 851 Filius
475 822 531 861 eju:
545 822 704 851 habuerunt
718 820 750 850 &
762 828 913 850 tenuerunt
927 818 963 849 de
977 819 1060 849 Patre
1074 826 1142 848 meo
1154 819 1186 850 &
1202 817 1238 848 de

175 862 232 893 Me
246 863 275 892 in
291 860 383 892 Melfa
397 861 430 891 &
447 862 476 890 in
490 859 678 899 adjacentibus
691 858 813 897 ejusdem
832 857 934 888 Melfae
944 880 953 896 ,

212 900 270 939 Et,
288 909 318 931 ut
334 900 393 930 hoc
410 900 517 929 Rarum
533 900 565 930 &
580 898 684 931 Stabile
706 896 899 935 perpetualiter
917 897 1071 934 habeatur,
1089 895 1238 926 Cartulam

169 940 266 977 hanc,
285 950 339 977 pro
352 938 556 977 Testimonio,
574 936 678 968 Crucis
690 934 874 974 impreffione
887 935 986 966 Firmo
996 957 1005 974 ‚
1025 935 1058 966 &
1074 934 1166 972 Sigilli
1180 935 1239 965 mei

171 977 326 1017 Privilegio
339 979 455 1015 munio,
922 1013 927 1018 ⁶

210 1016 247 1048 Et
260 1018 392 1047 omnibus
407 1015 612 1045 Obturnatibus
625 1014 709 1052 meis,
726 1015 785 1043 tam
802 1013 982 1053 praesentibus
992 1036 1001 1050 ,
1020 1013 1106 1050 quam
1121 1012 1242 1045 absenti—

174 1056 244 1094 bus,
271 1065 319 1093 ut,
347 1065 400 1095 pro
420 1054 605 1085 Testiinonio
623 1053 692 1090 suo,
715 1051 826 1084 Cruces
845 1053 894 1083 hic
914 1053 1017 1082 faciant
1031 1075 1040 1091 ,
1067 1051 1182 1083 Mando
1207 1053 1241 1084 δε

175 1095 266 1125 Praeci
289 1096 327 1124 io.

212 1104 288 1163 Haeg
303 1141 398 1162 autem
419 1131 549 1162 Donatio
570 1131 643 1161 faeta
666 1130 725 1168 est,
745 1130 834 1161 Anno
856 1130 892 1160 ab
905 1129 1101 1160 Incarnatione
1118 1129 1240 1161 Domini

175 1171 223 1202 M.
245 1170 315 1201 XC.
337 1170 390 1201 VI.
407 1172 438 1200 in
453 1170 589 1201 Nomine
603 1169 728 1200 Domini
747 1169 836 1199 nostri
848 1168 914 1207 Jesu
931 1168 1058 1207 Christi,
1076 1169 1109 1200 ὃς
1129 1170 1158 1199 in
1176 1169 1242 1200 Ho-

173 1220 244 1240 nore
256 1209 416 1241 Genetricis
432 1219 488 1247 ejus
500 1210 608 1247 semper
622 1208 746 1245 Virginis
763 1207 882 1246 Mariae,
899 1218 978 1247 quoe,
991 1218 1059 1238 cum
1075 1207 1179 1238 eodem
1194 1208 1243 1238 Fi-

175 1248 214 1278 lio
227 1249 277 1278 suo
292 1248 444 1285 Regnans,
460 1247 565 1278 assidue
580 1246 736 1287 interpellat
751 1257 804 1284 pro
818 1247 1015 1278 Dilectoribus
1028 1247 1061 1278 ὃς
1083 1246 1243 1285 Reparazo-

175 1288 250 1318 ribus
264 1287 399 1319 Eccleiiae
413 1287 478 1318 suae.

213 1365 332 1404 Signum
348 1369 385 1399 -i-
398 1363 615 1404 Rothon:agenfis
631 1366 672 1394 W
672 1362 776 1393 illielmi
794 1363 998 1403 Archiepifiopi.

208 1404 329 1441 Signum
345 1405 458 1434 Robrrti
473 1407 582 1433 Consitxs
596 1405 632 1432 -l-

209 1444 312 1473 Odor-is
330 1446 366 1476 -l-
383 1443 504 1482 Eriscopi
523 1440 673 1481 quocenfis
688 1439 828 1479 Signum,

209 1481 333 1519 Signum
349 1482 478 1520 Stephani
497 1481 529 1510 de
546 1478 702 1510 Albansala
718 1482 754 1510 -l-

211 1520 331 1559 Signum
347 1520 491 1551 willielmi
510 1520 543 1549 de
554 1518 656 1549 Archis
674 1521 783 1547 Comitis
799 1521 836 1549 ἡ·

212 1560 331 1598 Signum
348 1562 494 1589 Grentonis
507 1556 695 1597 Duvfionenfis
709 1556 834 1586 Abbatis
849 1559 886 1590 -1-

212 1598 332 1635 Signum
347 1598 458 1627 Roberti
474 1596 536 1626 Filii
554 1595 707 1626 Alunardi.

212 1637 333 1676 Signum
348 1636 483 1675 Radulphi
495 1634 674 1671 cancellarii,
694 1637 731 1667 -l-

213 1676 332 1713 Signum
347 1678 467 1709 Hugonis
482 1675 513 1703 de
528 1676 632 1703 Revers
642 1675 679 1705 4-

211 1714 331 1754 Signum
346 1714 455 1752 Helgoti
468 1712 588 1744 Abbatis
604 1711 702 1743 Sancti
717 1710 860 1743 Audoeni.

209 1791 407 1821 INSPEXIMUS
419 1798 550 1830 praeterca
566 1789 708 1829 quandam
722 1791 805 1821 aliam
827 1788 963 1829 Cariam,
981 1790 1089 1822 inclitae
1111 1792 1242 1823 recorda-

173 1831 274 1867 tionis,
292 1830 406 1859 Ricardi
429 1831 505 1867 Regis
528 1828 702 1867 Anglorum‚
721 1828 842 1861 Nobilis
863 1829 951 1860 etiam
972 1828 1164 1870 Progenitoris
1185 1841 1242 1863 no-

173 1868 236 1908 stri,
251 1869 375 1900 similiter
391 1868 496 1900 faciam
509 1869 538 1898 in
551 1868 615 1899 haec
632 1869 738 1907 verba,

171 1946 354 2003 RIcardur,
380 1945 440 1977 Dei
462 1945 568 1985 gratia,
592 1949 653 1976 Rex
678 1945 810 1985 Angliae,
834 1949 904 1976 Dux
931 1946 1128 1988 Normanniae,
1147 1951 1242 1989 Aqui-

247 1989 350 2023 taniae,
365 1989 457 2016 Comes
477 1986 672 2024 Andegaviae‚
692 1985 941 2023 Archiepiscopis,
959 1984 1122 2026 Episcopis,
1142 1987 1242 2019 Abba-

171 2024 264 2063 thus,
283 2023 466 2063 Comitibus,
487 2024 659 2062 Batonibus,
673 2023 852 2062 Justiciariis,
872 2023 1122 2064 vicecomitibus,
1141 2027 1242 2058 Senes-

168 2062 264 2133 ἓὲῑιὶίε,
282 2063 460 2104 Praepoffis,
478 2062 608 2101 Ballivis‚
622 2062 656 2094 &
669 2063 806 2094 omnibus
821 2061 962 2094 Ministris
974 2064 1008 2095 &
1024 2064 1048 2095 F
1050 2064 1166 2096 idelibus
1179 2066 1231 2097 suis

216 2111 305 2133 utem.

206 2140 305 2173 Sciatis
318 2140 386 2172 Nos
401 2139 596 2178 Concessisse,
614 2141 648 2173 ὃ(
665 2141 696 2172 in
712 2149 877 2179 perpetuam
891 2139 1101 2173 Eleemofinam
1122 2142 1242 2175 Dedisse

170 2178 239 2212 Deo
257 2180 291 2212 &
311 2179 448 2211 Ecclesiae
469 2181 560 2212 beatae
581 2179 685 2210 Mariae
701 2179 948 2219 Rothomagensi,
967 2190 1021 2219 pro
1034 2181 1142 2213 Anima
1158 2183 1241 2222 mea,

169 2219 202 2249 &
224 2219 466 2258 Antecessorurn,
484 2220 517 2250 &
537 2218 743 2250 Successorum
765 2218 931 2250 nostrorum
951 2220 983 2250 &
1004 2230 1057 2258 pro
1073 2221 1242 2253 Anniversa-

169 2258 212 2289 rio
234 2257 335 2289 nostro
350 2282 360 2297 ,
389 2259 422 2290 &
447 2268 501 2296 pro
523 2257 740 2289 Restauratione
760 2257 941 2288 Amissorum
957 2259 990 2290 &
1011 2258 1240 2300 Dampnorum,

169 2306 233 2334 quae
248 2296 393 2328 Dominus
409 2296 506 2327 noster
521 2295 656 2335 Philippus
676 2299 736 2326 Rex
751 2300 874 2327 Franciae
892 2296 961 2328 fecit
978 2298 1184 2339 Archiepiscopo
1206 2301 1240 2332 &

171 2335 292 2376 Ecclejfiae
315 2335 534 2377 Rothomagcnfi,
554 2344 683 2373 tempore
705 2334 829 2366 Guerrae
849 2337 921 2366 inter
941 2335 1010 2367 Nos
1031 2337 1064 2368 &
1088 2339 1239 2377 praefatum

170 2373 283 2413 Regem
320 2375 494 2406 Trescentos
515 2374 634 2405 Modios
658 2375 740 2412 Vini,
760 2374 975 2413 percipiendos,
994 2376 1106 2416 singulis
1133 2378 1242 2416 Annis,

171 2414 199 2444 in
224 2398 408 2445 Modiatione
428 2413 524 2445 nostrii
547 2413 777 2457 Rothomagenli
799 2424 848 2450 per
870 2415 978 2451 integra
996 2414 1102 2454 Dolia,
1122 2416 1190 2447 ficut
1210 2428 1242 2448 ea

172 2453 294 2495 recipere
305 2453 453 2520 stsolemus,
471 2452 504 2484 &
525 2452 584 2484 talis
606 2451 674 2483 Vini
697 2452 779 2490 quale
798 2454 924 2492 recipere
939 2453 1060 2485 solemus
1075 2456 1105 2485 in
1123 2454 1243 2487 Modia-

172 2500 250 2522 tione
262 2502 302 2521 no
330 2502 358 2521 ra

209 2529 248 2559 Ita
265 2515 420 2566 (videlicet)
438 2530 517 2568 quod
533 2527 750 2569 Archifpiftopus
764 2529 798 2560 ad
818 2529 897 2561 Usus
916 2531 1049 2570 proprios
1070 2532 1185 2564 habebit
1206 2533 1242 2565 de

173 2567 275 2597 eodeni
292 2568 367 2598 Vino
387 2568 515 2599 Centum
532 2568 653 2599 Modios
668 2569 779 2607 lingulis
794 2569 900 2604 Annis,
919 2571 953 2601 &
975 2569 1119 2602 Canonici
1136 2573 1171 2602 ad
1193 2572 1243 2603 U-

171 2606 214 2674 gus
231 2605 292 2674 [ιίῗρ
308 2606 340 2636 &
357 2605 566 2637 Conimuniam
579 2607 655 2638 suam
669 2608 815 2639 habebunt
836 2607 978 2647 Reliquos
999 2608 1149 2642 Ducentos
1170 2611 1243 2643 Mo-

193 2653 235 2674 ios
278 2654 315 2674 ini

213 2682 244 2713 Si
269 2667 340 2713 veri)
363 2682 478 2720 praefata
500 2682 645 2713 Modiatio
667 2683 764 2715 nostra
776 2695 838 2715 non
851 2687 955 2724 poterit
968 2686 1096 2718 sufficere
1109 2687 1143 2717 ad
1159 2687 1242 2725 perfi-

175 2720 292 2752 ciendos
315 2720 490 2751 Trescentos
511 2720 632 2752 Modios
657 2721 742 2758 Vini,
763 2723 891 2760 praefatus
907 2725 1124 2765 Archiepifiopus
1138 2726 1171 2757 ὅ(
1187 2730 1242 2756 Ca-

173 2763 260 2790 nom'ci
275 2759 447 2798 percipient,
464 2769 515 2796 pro
531 2760 644 2796 lingulis
660 2759 787 2800 Modus,
805 2763 853 2799 qui
867 2761 1024 2801 defuerint,
1045 2764 1151 2803 Viginti
1168 2764 1242 2795 Soli-

174 2798 226 2828 dos
242 2797 415 2836 Andegaviae
430 2808 445 2828 a
458 2798 559 2828 Nobis
569 2799 603 2830 δε
620 2798 791 2830 Haeredibus
805 2799 924 2838 nostris,
940 2801 1036 2832 donec
1055 2803 1165 2839 integre
1178 2812 1243 2842 per-

174 2836 305 2868 ficiantur
322 2839 340 2856 ³
356 2836 506 2868 Trescenti
522 2836 619 2868 Modii
636 2837 722 2876 Vini,
740 2839 775 2870 &
790 2838 854 2870 illos
867 2837 1009 2871 Denarios
1024 2842 1183 2880 percipient
1206 2841 1243 2873 de

174 2875 304 2907 Redditu
319 2875 419 2907 nostro
435 2874 675 2915 Rothomagenli.

629 2952 767 2986 Testibus
775 2977 785 2993 ,

216 3035 330 3063 Warino
342 3055 350 3069 ,
367 3031 533 3073 Ebroicenfi,

214 3074 254 3102 H.
273 3070 457 3111 Xantonenfi,

216 3109 380 3147 Episcopis,

219 3151 260 3177 A.
279 3151 390 3177 Decano
407 3148 567 3186 ῚῖῐνοποηΙῑ,
808 3168 811 3170 -

216 3186 361 3225 Magistro
378 3186 494 3225 Philippo
510 3185 667 3217 cantuariae
682 3185 900 3225 Archimeam,

219 3228 255 3254 G.
274 3229 371 3254 Sarum
385 3229 511 3259 Derane,

221 3263 372 3293 Willielmo
389 3263 457 3293 Filio
469 3261 624 3301 Radulphi,
643 3270 712 3293 tunc
728 3262 884 3294 Senescallo
897 3262 933 3293 Ν
935 3265 1108 3303 ormanniae,

223 3303 267 3330 W
267 3301 315 3331 illi,
322 3301 374 3331 lmo
391 3302 554 3341 filarefiallo
566 3324 576 3339 ,

225 3339 373 3369 Willielmo
388 3340 420 3369 de
438 3343 557 3379 Humet,
575 3339 795 3370 Constabulario
810 3339 1003 3371 Normanniae
1013 3364 1023 3380 ,

224 3377 375 3408 Wfllielmo
388 3378 420 3407 de
433 3382 533 3417 Stagna
542 3402 551 3417 ,

223 3415 262 3446 Et
280 3415 407 3455 pluribus
422 3416 488 3446 aliis.

223 3453 317 3492 Data,
343 3464 392 3493 per
411 3453 535 3485 Manum
560 3455 718 3493 Willielmi,
743 3455 906 3496 Ebroicenfir
922 3454 1060 3495 Episcopi,
1081 3455 1249 3487 Cancellarii

188 3494 293 3533 nostri,
313 3493 386 3531 apud
400 3492 593 3532 Rothonmgum
604 3517 613 3533 ,
630 3494 718 3525 Anno
733 3494 809 3524 sexto
825 3494 921 3533 Regni
934 3495 1032 3524 nostri.

226 3570 425 3601 Inspexrnus
441 3571 526 3600 etiarn
542 3571 671 3608 quasdam
686 3571 790 3601 Literas
802 3570 946 3609 Parentes,
963 3571 1123 3602 recolendae
1139 3581 1252 3603 memo-

193 3610 258 3647 rite,
276 3609 426 3646 Ludovici,
445 3609 590 3646 quondam
612 3613 688 3647 Regis
708 3613 828 3639 Franciae
839 3632 849 3647 ,
865 3610 986 3641 Nobilis
1006 3612 1093 3641 etiam
1108 3610 1253 3649 Progeni—

195 3649 262 3678 toi·is
277 3648 382 3685 nostri,
402 3648 527 3677 {imiliter
542 3647 628 3677 faecas
642 3649 670 3677 in
684 3647 746 3677 haec
761 3648 864 3684 verba,

232 3687 403 3722 Ludo-vicus,
423 3686 481 3715 Dei
493 3685 596 3725 gratia,
615 3688 735 3715 Franciae
752 3689 810 3714 Rex
821 3711 830 3724 ,
847 3686 966 3716 Notum
982 3687 1100 3718 facimus
1113 3687 1254 3725 universis,

196 3725 255 3754 tiim
271 3726 464 3762 praesenribus,
483 3725 569 3762 quam
594 3724 707 3760 futuris,
727 3724 805 3761 quod
832 3724 900 3755 Nos
920 3725 1044 3764 Literas,
1062 3725 1199 3756 Almarici
1223 3727 1254 3756 de

200 3763 338 3793 Meulemo
353 3763 468 3801 Militis,
487 3763 609 3793 vidimus
625 3763 653 3792 iu
667 3762 730 3792 haec
745 3763 847 3800 verba,

233 3840 373 3869 Noverint
391 3851 498 3877 omncs,
515 3839 658 3877 praesentes
672 3839 705 3870 &
719 3838 818 3875 futuri,
839 3839 918 3875 quod
936 3848 1009 3877 ego,
1027 3843 1207 3871 Amaurricus
1226 3842 1258 3870 de

201 3877 357 3913 Meulento,
377 3879 516 3908 Vendidi.
535 3879 567 3908 &
586 3878 709 3907 omnino
725 3876 879 3913 Conceffi,
900 3878 933 3908 &
951 3879 1005 3907 hac
1028 3880 1155 3914 praesenti
1175 3880 1260 3910 Carta

203 3912 400 3952 confirmavi,
418 3916 492 3946 Viris
509 3916 721 3946 venerabilibus
736 3916 770 3946 &
786 3914 934 3951 Discretis,
951 3919 1059 3945 Decano
1075 3916 1113 3951 (ἕν
1138 3917 1259 3957 Capituli)

202 3952 426 3989 Rothomagenfi
437 3977 446 3992 ,
466 3964 519 3991 pro
534 3955 648 3985 Novies
660 3954 769 3993 Viginti
783 3953 877 3984 Libris
889 3954 1103 3985 Turonenlibus
1113 3980 1122 3993 ‚

242 3989 290 4019 De
304 3991 403 4026 quibus
420 4001 504 4023 teneo
519 4003 566 4025 me
581 4003 634 4031 pro
655 3992 780 4033 Pagato,
799 3992 984 4024 Renuncians
1003 3991 1178 4032 Exceptioni
1199 4004 1261 4026 non

201 4027 369 4060 Numerasae
379 4029 511 4061 Pecuniae
519 4054 528 4069 ,

1315 307 1429 347 ITEM,
1447 308 1583 347 quicquid
1593 309 1668 348 Juris
1682 308 1856 348 Habebam,
1874 309 1908 339 &
1933 308 2051 340 Habere
2072 317 2220 348 poteram,
2238 307 2346 340 Recla-

1279 348 1412 386 mabam,
1426 348 1461 378 &
1474 347 1643 379 Reclamare
1657 357 1802 386 poteram,
1820 349 1850 378 in
1864 347 2076 379 Vicecomitatu
2089 348 2244 386 praedicto,

1314 387 1500 425 percipiendas
1515 387 1548 418 &
1563 386 1732 426 Habendas,
1747 386 1783 417 de
1794 395 1918 426 cetero,
1936 385 2042 417 eildem
2062 389 2174 417 Decano
2199 386 2238 423 ὠ·
2259 389 2342 426 Capi-

1278 425 1351 462 tulo,
1372 426 1406 455 ὅ(
1424 424 1639 456 Successoribus
1653 425 1720 464 suis,
1737 426 1756 455 fi
1798 427 1848 456 ulis
1866 426 1956 456 Annis
1969 427 2198 464 imperpetuum,
2214 427 2290 457 bene
2307 427 2344 458 &

1278 463 1411 507 in-Pace,
1430 463 1519 494 libere
1533 464 1566 494 &
1580 464 1675 500 quiete
1685 487 1694 500 ,
1712 465 1744 494 &
1758 434 1796 495 ἓξ
1809 464 1973 496 faciendum
1988 464 2090 495 exinde
2106 463 2194 502 (salvo
2202 465 2266 504 jure
2274 464 2344 496 Do-

1279 504 1401 539 minico)
1415 502 1491 533 suam
1509 503 1620 540 penitus
1637 502 1830 541 voluntatem,

1315 540 1354 571 Et
1375 550 1429 580 ego
1452 541 1603 578 prcedictus
1626 544 1824 580 Amaurricus,
1840 542 1874 573 &
1888 541 2028 573 Haeredes
2040 542 2117 580 mei,
2131 541 2214 572 distis
2231 543 2344 574 Decano

1276 577 1316 614 ὠ
1339 580 1480 618 capitulo,
1497 581 1531 611 &
1556 579 1770 610 Succefforibus
1782 580 1847 619 suis,
1862 581 2033 618 praedi&um
2056 579 2232 619 Redditum,
2248 581 2279 611 in
2298 581 2342 612 di-

1278 618 1328 647 ὁὶο
1344 617 1573 656 Vicecomitatu,
1589 619 1625 649 ad
1642 618 1751 649 dictum
1765 617 1957 658 Terminum,
1976 627 2077 650 contra
2093 629 2196 651 omnes
2214 628 2343 650 tenemur

1278 654 1479 696 Garantizare,
1497 658 1532 688 ab
1553 657 1689 688 omnibus
1712 657 1928 695 Impedimentis
1950 659 1983 690 &
1998 657 2232 698 obligationibus
2245 657 2345 696 acqui-

1277 702 1343 725 tare.

1317 733 1408 773 Quod
1417 758 1427 773 ,
1445 742 1476 765 ut
1490 735 1600 765 Rarum
1614 734 1645 764 sit
1661 735 1695 766 δε
1715 733 1837 773 Stabile‚
1856 734 2022 773 praesentem
2035 733 2154 768 Cartam
2169 735 2274 768 eisdem
2288 743 2344 767 tra—

1278 771 1355 810 didi,
1373 772 1464 813 Sigilli
1477 775 1534 805 mei
1549 774 1711 804 munimine
1724 772 1932 805 confirmatam.

1317 850 1427 882 Actum
1450 851 1540 884 Anno
1563 850 1687 882 Domini
1710 850 1888 890 Millesimo,
1913 849 2144 891 Ducentefimo,
2166 849 2346 892 Sexagefimo

1279 888 1377 921 Nono
1386 913 1396 929 ,
1412 889 1515 922 Mense
1530 890 1638 922 Martii.

1319 969 1389 1002 Nos
1410 973 1501 1010 verb,
1517 972 1552 1003 ad
1571 971 1801 1010 Requifitionem
1817 970 1933 1011 praesati
1949 971 2067 1012 Militis,
2083 969 2251 1009 praedictam
2266 968 2347 1001 Ven-

1281 1008 1422 1041 ditionem
1437 1033 1448 1050 ,
1472 1019 1556 1049 prout
1575 1011 1698 1050 superius
1721 1011 1884 1042 continetur
1897 1033 1908 1050 ,
1938 1010 2045 1043 Ratam
2064 1011 2201 1042 habemus
2225 1010 2259 1041 &
2284 1018 2349 1047 gra-

1281 1056 1357 1087 tam,

1319 1086 1471 1126 Volentes,
1487 1096 1625 1126 quantum
1643 1089 1673 1119 in
1688 1088 1771 1119 nobis
1785 1087 1843 1126 est,
1860 1086 1949 1118 divini
1963 1088 2079 1120 Amoris
2093 1087 2194 1119 intuitu
2228 1087 2263 1119 ὃ(
2276 1095 2349 1118 con·

1283 1125 1413 1156 cedentes
1435 1128 1515 1165 qubd
1537 1127 1605 1157 dieti
1629 1130 1756 1158 Decanus
1779 1125 1817 1162 ὠ·
1833 1125 1986 1165 Capitulum
2000 1126 2172 1166 praediCtum
2191 1109 2352 1156 Redditum

1284 1164 1399 1195 Tenere
1419 1166 1530 1197 valeant
1550 1167 1762 1205 Imperpetuism,
1781 1176 1814 1196 ac
1835 1164 1953 1203 pacifice
1974 1166 2129 1204 possidere,
2146 1164 2249 1203 absque
2271 1162 2351 1194 Coa-

1283 1204 1380 1235 ctione
1393 1204 1486 1242 aliqu-:³
1504 1203 1651 1236 Vendendi
1661 1230 1671 1243 ,
1687 1205 1734 1236 vel
1749 1214 1825 1236 extra
1838 1204 1963 1235 Manum
1981 1205 2057 1236 suam
2071 1204 2216 1244 ponendi,
2233 1203 2309 1235 salvo
2321 1203 2353 1234 in

1283 1244 1419 1273 omnibus
1433 1243 1490 1274 aliis
1501 1243 1571 1282 Jure
1586 1243 1684 1274 nostro
1700 1245 1733 1275 δε
1748 1245 1834 1275 etiam
1848 1244 1949 1274 alieno.

1321 1281 1432 1321 Quod,
1451 1292 1481 1313 ut
1499 1282 1608 1313 Rarum
1622 1284 1655 1314 δε
1673 1282 1779 1314 Stabile
1793 1291 1953 1319 permaneat
1967 1284 1998 1314 in
2009 1282 2151 1321 futurum,
2168 1280 2352 1320 praesentibus

1284 1320 1385 1352 Literis
1401 1321 1531 1351 nostrum
1552 1322 1670 1353 fecimus
1683 1323 1788 1360 apponi
1803 1321 1945 1359 Sigillum,

1323 1359 1431 1390 Actum
1452 1359 1525 1400 apud
1549 1363 1651 1397 Vicen,
1671 1360 1760 1391 Anno
1786 1360 1912 1391 Domini
1933 1358 2109 1398 Millefimo,
2126 1358 2353 1397 Ducentesimo,

1284 1397 1463 1438 Sexagelimo
1481 1398 1596 1438 Nono,
1614 1399 1716 1431 Mense
1730 1399 1838 1431 Martii.

1321 1474 1522 1507 INSPEXIMUS
1540 1476 1652 1508 ulterius
1666 1476 1799 1515 quasdam
1811 1476 1874 1508 alias
1888 1475 1996 1508 Literas
2009 1475 2139 1508 Patentes
2152 1475 2276 1515 ejusdem
2291 1477 2353 1506 Lu-

1286 1514 1376 1544 dovici
1387 1518 1465 1554 Regis
1482 1515 1607 1547 similiter
1623 1516 1708 1547 facias
1727 1517 1757 1546 in
1770 1516 1833 1547 haec
1847 1515 1950 1554 verba,

1320 1591 1494 1630 Ludovicus‚
1514 1591 1572 1622 Dei
1588 1591 1706 1630 Gratia,
1724 1595 1848 1622 Franciae
1861 1595 1932 1623 Rex.

1324 1631 1466 1660 Noverint
1483 1630 1620 1673 universi,
1639 1631 1786 1669 pra-’sentes
1798 1631 1832 1661 &
1848 1630 1953 1670 futuri,
1972 1630 2054 1670 qubd
2071 1630 2158 1675 N9⁵²
2299 1666 2319 1698 h

1287 1708 1415 1750 magense
1433 1707 1575 1752 sustinuit,
1602 1709 1662 1738 ram
1683 1709 1712 1738 in
1735 1708 1900 1751 DomibuS,
1925 1679 2033 1739 i'lgcldizs
2044 1668 2215 1747 ‚Cffii-iliiiiis‘
2227 1667 2354 1745 ‚Rgttiag

1286 1739 1508 1776 Possessionibus
1530 1747 1562 1777 &
1588 1745 1691 1777 Rebus
1712 1747 1771 1778 aliis
1792 1745 2041 1785 quibuscumque,
2071 1748 2181 1778 ratione
2201 1745 2354 1790 Hallarum

1285 1784 1446 1815 nostrarum
1462 1784 1741 1819 Rothomaaenfium
1752 1809 1761 1824 ,
1778 1785 1814 1816 de
1829 1795 1912 1816 novo
1926 1783 2158 1829 constructarum
2172 1784 2280 1828 ibidem

1322 1824 1453 1853 Dedimus
1468 1824 1502 1855 &
1518 1823 1686 1868 Conceffimus
1702 1825 1797 1856 eidem
1811 1820 1948 1862 Capitulo
1963 1823 2149 1867 Qindemm·
2166 1822 2265 1867 Libras
2286 1805 2355 1853 ²I'u-

1286 1862 1433 1906 ronenseS,
1443 1862 1546 1908 'Annui
1558 1862 1715 1910 Redditfm,
1733 1862 1809 1902 apud
1825 1861 2050 1931 Rothcbmagum
2066 1860 2356 1931 Pegrpoendaffissn—

1286 1900 1717 1985 glcbacficiiffiishil'otiigrpipoagfflpssr
1731 1900 2082 1973 ffiaffidueinssallizitliltrildsffi
2095 1900 2357 1978 Roriggssagngffirg

1285 1979 1734 2087 ςυίἓυὲίῃῗῗέεετὲῗεῗῐςίιζῖἓιιὲῗιῖὶἓῐῇ
1747 2018 1895 2058 praesentes
1906 2018 2014 2051 Literas
2025 2017 2117 2056 Sigilli
2132 2016 2224 2049 nostri
2235 2015 2359 2047 fecimus

1284 2067 1469 2127 lmigrgtuissn}
1483 2067 1661 2126 Tdmlgoliztem
1684 2096 1798 2134 Arche,
1820 2095 1911 2129 Anno
1934 2095 2062 2127 Domini
2087 2095 2266 2141 Millesimo,
2289 2091 2355 2124 Du-

1285 2134 1458 2175 centesimo,
1515 2135 1681 2174 onagesimo
1694 2135 1808 2174 Nono,
1825 2134 1928 2168 Mense
1939 2134 2109 2174 Septembri.

1320 1667 1354 1697 ln
1375 1668 1687 1706 Recompeniationem
1706 1669 1914 1707 Dampnorum

1321 2211 1523 2244 InsPExmus
1537 2213 1648 2252 insuper
1662 2212 1805 2253 quandam
1821 2214 1840 2233 ²¹³
1858 2211 1996 2252 Carnam,
2013 2211 2163 2252 cujusdam
2177 2214 2300 2250 Hugonis
2322 2209 2356 2241 de
2389 2218 2408 2239 πε
2426 2219 2464 2250 χ,

1284 2253 1428 2291 Gornayo,
1447 2251 1570 2283 similiter
1587 2252 1693 2284 factam
1709 2255 1739 2282 in
1753 2252 1818 2283 haec
1831 2253 1936 2291 verba,

1301 2330 1306 2335 .
1322 2289 1451 2359 Huggalde
1471 2293 1597 2333 Gornayo
1620 2291 1769 2331 univerfis,
1786 2291 1822 2322 ad
1845 2301 1918 2330 quos
1934 2290 2081 2330 praesentes
2097 2290 2204 2322 Literae
2219 2298 2356 2328 pervene-

1285 2338 1340 2360 rint
1350 2353 1359 2366 ,
1426 2338 1514 2361 utem.

1324 2369 1431 2398 Notum
1441 2367 1483 2409 fit
1504 2369 1639 2407 omnibus,
1655 2369 1715 2400 tam
1738 2369 1939 2408 praesentibus‚
1956 2369 2044 2407 quam
2064 2367 2180 2406 futuris,
2195 2366 2274 2406 quod
2297 2375 2357 2404 ego

1285 2409 1366 2445 Hugo
1381 2407 1414 2436 de
1426 2411 1552 2448 Gornayo
1563 2408 1637 2438 Dedi
1654 2407 1811 2439 Canonicis
1825 2410 1915 2439 bffltae
1931 2407 2035 2439 Mariae
2050 2405 2311 2450 Rothomagensis,
2324 2407 2358 2435 in

1285 2455 1453 2484 perpetuam
1476 2446 1702 2485 Eleemofinam‚
1722 2446 1916 2487 Quadraginta
1938 2446 2051 2477 Solidos
2073 2445 2357 2491 Andegaviaenreci:

1285 2484 1405 2522 piendos
1417 2487 1560 2516 annuatim
1571 2510 1581 2524 ,
1599 2486 1635 2516 ad
1649 2485 1764 2516 Festum
1780 2485 1877 2518 Sancii
1893 2485 1979 2517 Remi
2002 2486 2037 2523 ii,
2053 2485 2084 2516 in
2099 2484 2284 2522 Praepohtura
2293 2491 2358 2513 mm

1286 2525 1321 2553 de
1339 2523 1481 2564 Gornayo
1492 2549 1500 2562 ,
1519 2535 1574 2564 pro
1590 2525 1789 2557 Anniversario
1802 2524 1894 2557 Patris
1909 2525 1943 2556 δε
2001 2525 2063 2555 atris
2075 2525 2109 2556 &
2124 2523 2218 2561 Meo,

1323 2561 1370 2593 Ut
1384 2572 1479 2594 autern
1493 2563 1618 2594 Donum
1631 2573 1730 2594 meum
1748 2563 1880 2596 Firmum
1896 2565 1930 2596 &
1956 2563 2060 2594 Stabile
2083 2564 2203 2605 fit,.eg0
2223 2562 2302 2604 {lugo
2322 2557 2355 2588 de

1283 2603 1410 2679 {formast
1426 2602 1518 2640 ipsum
1531 2602 1674 2641 praedictis
1690 2602 1863 2641 Canonicis,
1881 2601 2064 2640 impreffione
2083 2599 2172 2639 sigilli
2188 2608 2246 2630 mel
2256 2620 2268 2636 2
2285 2601 2356 2628 cm‘

1306 2650 1409 2670 rnlavl-

1742 2716 1879 2749 Testibus
1885 2741 1896 2755 ,

1325 2793 1441 2823 Ricardo
1459 2793 1574 2823 Abbate
1593 2794 1625 2823 de
1643 2793 1760 2832 Belbec,

1325 2832 1364 2863 Et
1385 2831 1526 2870 Raa'ulpho
1543 2834 1654 2871 Priore,

1324 2870 1442 2901 Roberto
1461 2870 1668 2912 Rothomagenfi
1683 2871 1886 2902 Archidiacono
1899 2893 1910 2909 ‚

1325 2912 1369 2939 W
1369 2908 1479 2939 illielmo
1498 2909 1531 2939 de
1549 2912 1671 2939 Hoettur
1683 2933 1693 2948 ‚

1325 2949 1444 2978 Girardo
1462 2949 1495 2978 de
1512 2948 1629 2989 Roftyo,

1327 2986 1442 3017 Galtero
1459 2990 1570 3017 Decano
1589 2988 1622 3017 de
1639 2990 1783 3029 Gornayo,

1326 3025 1450 3064 Radulfo
1467 3025 1665 3066 Thesaurario,

1328 3064 1462 3095 Nicholao
1479 3065 1511 3094 de
1530 3068 1623 3108 Agya-

1329 3141 1525 3173 INSPExmus
1547 3142 1680 3181 praeterea
1700 3138 1841 3178 quandam
1859 3138 1942 3168 aliam
1966 3135 2105 3176 Cariam,
2123 3135 2267 3180 cujusdam
2281 3134 2361 3165 Wal-

1292 3181 1503 3251 2eerribia1luondam
1516 3179 1733 3219 Rothomagenfis
1750 3175 1948 3217 Archiepiscopi
1958 3199 1968 3215 ,
1988 3176 2111 3208 similiter
2130 3175 2237 3206 factam
2250 3184 2280 3205 in
2294 3174 2359 3205 haec

1387 3242 1397 3257 2

1331 3296 1462 3326 Omnibus
1479 3294 1578 3337 Christi
1599 3295 1748 3332 fidelibus,
1765 3293 1800 3324 ad
1825 3303 1898 3331 quos
1919 3292 2039 3331 praesens
2059 3292 2204 3329 Scriptum
2220 3299 2360 3329 pervene-

1292 3334 1518 3402 rithalrerm,
1536 3336 1594 3366 Dei
1615 3335 1718 3374 gratia,
1735 3331 1954 3374 Rothomagenfis
1976 3330 2215 3370 Archiepifiom,
2233 3329 2360 3361 Salutem

1293 3384 1323 3404 in
1375 3382 1488 3403 omino.

1324 3410 1440 3450 Justum
1463 3411 1506 3441 est
1527 3420 1558 3442 ut
1577 3410 1711 3451 Prospera
1726 3411 1948 3442 communicent
1961 3409 2010 3448 qui
2028 3408 2153 3440 Adversa
2168 3407 2362 3451 communiter

1294 3450 1356 3481 sunt
1368 3451 1503 3490 perpelli,
1524 3451 1585 3490 QJi
1600 3453 1678 3481 enim
1692 3450 1830 3481 Passionis
1843 3449 1902 3480 fere
1914 3448 2074 3487 consortes,
2082 3445 2294 3478 Consolationis
2304 3442 2363 3474 effe

1293 3499 1355 3520 non
1369 3489 1476 3520 debent
1492 3489 1666 3527 aliquatenus
1681 3490 1848 3527 inexpertes.

1332 3527 1484 3566 Qioniam
1501 3530 1598 3567 igitur,
1617 3528 1751 3559 karissimi
1770 3527 1834 3558 Filii
1844 3525 1952 3565 nostri,
1970 3524 2108 3557 Ecciefiae
2122 3522 2228 3555 nostiae
2242 3518 2359 3551 Rotho-

1295 3567 1432 3605 magensis
1446 3566 1590 3597 Canonici
1599 3589 1609 3604 ,

1330 3605 1415 3636 Dum
1430 3615 1483 3643 pro
1496 3605 1603 3636 tuendo
1617 3604 1753 3636 Ecclefiae
1768 3603 1872 3635 nostrae
1885 3603 2078 3645 patrimonio,
2093 3609 2192 3631 contra
2209 3597 2306 3641 Reges
2319 3596 2360 3641 ¹&

1294 3644 1429 3675 Praelides
1442 3667 1452 3682 ,
1478 3645 1586 3683 magnis
1608 3643 1744 3682 Expensis
1760 3666 1770 3682 ,
1792 3642 1960 3682 graviffirnis
1977 3639 2133 3671 Sudonbus
2150 3639 2184 3669 &
2205 3635 2362 3675 Pencuhs,

1294 3692 1462 3714 certaremus

1335 3707 1503 3752 Nobiscu’m
1528 3722 1558 3750 in
1580 3720 1837 3758 Temptationibus
1856 3717 1957 3748 nostris
1977 3716 2091 3747 viriliter
2103 3714 2138 3744 &
2158 3711 2274 3744 fideliter
2295 3722 2362 3751 per-

1298 3760 1481 3796 manserunt,
1503 3759 1623 3798 dignum
1643 3761 1677 3791 &
1696 3759 1805 3797 justum
1829 3757 1870 3788 est
1892 3765 1923 3800 ut
1941 3778 1950 3794 ,
1976 3753 2055 3793 quod
2077 3751 2114 3796 de
2136 3751 2284 3802 Laborum
2305 3761 2361 3783 no-

1299 3799 1424 3829 strorum
1444 3797 1656 3835 Proventibus,
1671 3797 1817 3828 auxiliante
1831 3795 1982 3831 Domino,
2007 3790 2108 3836 nostris
2128 3792 2291 3834 utiiitatibus
2311 3790 2363 3821 ad-

1299 3839 1404 3873 crevit,
1422 3847 1483 3866 non
1505 3837 1536 3867 sit
1556 3838 1594 3867 eis
1617 3837 1727 3874 penitris
1750 3836 1890 3871 alienum,
1908 3832 1971 3869 sed,
1988 3839 2037 3874 qui
2054 3839 2083 3859 in
2096 3830 2278 3877 parturiendo
2293 3827 2362 3860 No—

1300 3878 1343 3944 ἱέἰε
1360 3876 1589 3914 condoluerunt,
1605 3874 1707 3906 Partus
1722 3873 1811 3904 nostri
1824 3871 1932 3903 FruCtu
1945 3878 2046 3907 pariter
2066 3869 2099 3900 &
2125 3868 2239 3899 Laetitia
2259 3876 2364 3906 jocun-

1323 3925 1358 3944 ΕΠ
1372 3925 1413 3944 UT.

1343 3925 1414 3983 liide
1428 3952 1468 3982 est
1483 3952 1580 3991 quod,
1595 3951 1631 3983 de
1644 3953 1727 3983 omni
1740 3948 1866 3981 Redditu
1881 3948 1916 3978 ὃ(
1931 3946 2099 3986 Proventu,
2117 3955 2203 3990 quem
2216 3944 2254 3976 de
2271 3943 2366 3982 Diep-

1303 4002 1338 4029 pa
1362 3993 1395 4022 &
1417 3990 1547 4030 Botellis,
1565 3992 1598 4022 &
1619 4000 1715 4021 earum
1737 3987 1930 4023 pertinentiis,
1950 3985 2059 4025 singulis
2084 3987 2192 4023 Arinis,
2214 3983 2260 4014 vel
2280 3982 2369 4019 Nos,

1305 4031 1349 4063 vel
1369 4030 1547 4064 Successores
1569 4029 1672 4068 nostri,
1687 4028 1786 4075 futuris
1806 4025 2004 4063 temporibus,
2020 4024 2056 4058 ad
2076 4024 2138 4057 usus
2150 4023 2279 4062 proprios
2293 4030 2369 4090 cosrg
