2562 4274
795 158 895 198 ET
981 156 1246 196 ACTA

1332 148 1807 200 PUss'LICA.
2289 175 2341 214 97

30 255 107 285 Arm.
120 251 162 282 D.
181 259 251 281 tunc
265 247 301 278 de
315 244 528 283 Superplusagio
543 241 625 279 inde,
645 242 665 272 si
688 241 766 280 quod
789 242 887 280 fuerit,
905 242 1004 273 Nobis
1028 243 1169 273 annuatim
1192 252 1234 272 re-
1275 239 1388 271 Eodem
1402 241 1492 272 modo
1508 242 1676 281 assignantur
1689 243 1829 280 subscripti
1845 245 1874 274 in
1883 242 2073 275 Comitatibus
2088 244 2258 285 subscriptis,
2277 246 2326 276 sub
2343 245 2418 276 Ann.
2432 245 2473 276 D,

53 301 137 331 1419.
182 287 358 329 spondeatur·
604 301 614 315 ·

221 325 254 356 In
267 332 363 361 quuS,
382 320 442 351 &c.
1214 356 1219 362 '

221 362 311 394 Teste
332 359 416 397 Rege
437 357 511 396 apud
533 360 683 388 Civitatem
702 356 784 397 fimm
803 356 1040 397 Rothomagensem
1068 366 1166 395 quarto
1192 356 1238 386 die

186 401 293 433 Martii.

33 337 95 360 Hen-
113 339 140 366 5.

681 473 734 501 Per
754 475 845 502 Breve
859 472 890 501 de
904 475 1022 502 Privato
1036 470 1135 510 Sigillo.

562 618 610 649 De
634 619 722 663 Regio
746 617 864 662 aſjensn.

43 706 167 738 Ann.D.
196 708 312 767 REX
326 731 336 746 ,
358 712 468 738 cantori
491 706 528 743 ό
550 708 671 747 Capitulo
695 709 814 750 Ecclefiae
841 709 1013 740 cathedralis
1037 708 1242 749 Constantienfis

67 754 154 784 1419.
275 747 347 778 Sede
358 747 611 785 ibidem‘vacante,
629 748 762 779 Salutem.

41 789 94 812 An.
110 788 138 813 6.
233 785 330 817 Sciatis
352 786 430 823 quod
456 784 615 823 Eleftioni,
639 797 727 824 nuper
750 787 831 818 factae
853 788 881 816 in
908 785 1031 817 Ecclefia
1052 785 1244 816 Conventuali

41 827 76 850 H.
100 831 130 857 5.
197 824 367 855 Monasterii
383 825 472 854 beatae
482 823 582 854 Mariae
597 829 632 854 de
648 834 737 862 voto,
755 827 827 860 iuxta
837 824 942 854 Cesaris
956 823 1244 863 burgum,Constan-

44 864 102 888 Pat.
195 863 273 893 tiensi
296 862 442 900 Dioecese,
461 873 577 893 vacante
596 873 645 900 per
666 862 812 899 Mortem,
830 864 916 892 bonae
941 863 1086 892 memoriae
1100 885 1109 900 ,
1128 862 1243 900 Philippi

43 903 133 927 Norm-
149 900 175 926 6-
194 901 282 931 ultimi
299 901 423 930 Abbatis
434 904 502 930 Lori
516 901 598 937 illius,
616 901 651 930 de
676 901 810 930 fllichaele
833 901 970 938 Souberti,
989 901 1140 930 Monacho
1163 900 1243 929 Prio-

44 941 173 973 H.5.p.2.
194 939 269 971 ratsis
290 940 326 969 de
342 940 395 970 hac
414 941 442 969 in
466 940 584 976 Analia,
599 939 628 968 in
645 939 786 970 Abbatem
805 939 880 970 Loci
894 939 980 977 illius,
1000 939 1127 977 Regium
1145 938 1245 969 Arsen-

45 985 80 1003 m.
90 984 134 1008 29·
194 977 256 1009 sum
271 978 450 1008 adhibuimus
463 980 496 1009 &
537 987 668 1015 avorem3
1069 979 1072 982 ⁴

231 1016 268 1047 Et
288 1017 346 1046 hoc
369 1016 468 1053 vobis,
486 1015 601 1045 Tenore
625 1014 821 1054 Praesentium,
842 1015 1042 1055 significamus,
1059 1024 1090 1047 ut
1103 1015 1181 1054 quod
1198 1025 1247 1046 ve-

193 1054 281 1085 strum
293 1055 334 1084 est
351 1055 379 1084 in
393 1054 446 1084 hac
461 1062 539 1091 parte
554 1055 738 1091 exequamini.

230 1092 265 1123 In
279 1094 375 1131 cujus,
393 1093 454 1123 &c.
779 1124 780 1129 ¹

229 1131 320 1161 Teste
336 1131 418 1169 Rege
431 1130 504 1168 apud
518 1130 638 1170 Castrum
648 1129 727 1169 ficum
740 1131 771 1160 de
786 1134 877 1161 Rauen
896 1141 997 1169 quarto
1010 1131 1054 1162 die
1074 1131 1182 1162 Martii.

240 1277 290 1309 De
314 1277 511 1308 Arraiatione
524 1275 668 1320 facienda
678 1303 688 1319 ‚
713 1286 815 1309 contra
833 1278 1003 1309 Armatam
1021 1277 1057 1309 de
1071 1278 1204 1323 [ἡλικία.

45 1362 122 1393 Ann.
133 1360 174 1391 D.

2 1410 4 1413 ·
66 1410 152 1440 1419.

44 1445 96 1467 Aa.
113 1442 140 1466 6.

45 1484 80 1506 H.
102 1488 129 1512 5.

44 1521 103 1543 Pet.
124 1516 151 1542 6.

45 1558 79 1581 Η.
99 1564 126 1589 5.
142 1563 178 1582 m.

198 1360 334 1419 REX,
351 1360 459 1391 dilec'ns
481 1363 514 1393 &
537 1361 662 1391 fidelibus
683 1361 752 1398 suis,
771 1361 875 1390 Thomae
898 1365 1034 1401 Cammoys
1049 1361 1198 1401 Chivaler,
1216 1364 1249 1394 &

275 1399 382 1429 Thomae
405 1401 538 1437 Ponynges
562 1399 695 1429 Chivaler
717 1403 831 1429 Domino
852 1400 884 1428 de
906 1401 1003 1429 Snnfflo
1027 1401 1158 1439 Johanne
1173 1424 1182 1440 ,
1200 1412 1250 1441 ac,

195 1438 303 1468 dilectis
326 1438 391 1473 sibi,
409 1437 537 1475 Johanni
556 1437 670 1467 Vuedale
681 1462 690 1475 ,
708 1438 853 1467 Edwardo
878 1439 998 1478 Condray
1009 1461 1018 1475 ,
1035 1439 1169 1468 Richardo
1187 1444 1250 1481 Spy-

197 1487 253 1514 cer,
270 1478 302 1508 &
319 1476 465 1506 Willielmo
481 1479 600 1515 Brocas,
619 1486 734 1507 necnon
751 1477 924 1507 Vicecomiti
946 1476 1044 1508 nostro
1067 1478 1252 1516 Suthampto-

199 1518 270 1551 niae,
287 1515 421 1545 Salutem.

235 1553 331 1591 Qia,
349 1561 434 1589 prout
455 1553 662 1591 informamur,
681 1556 741 1582 Rex
760 1551 883 1591 Castellae
906 1551 944 1587 (ᾤ’
966 1555 1088 1590 Legionis
1109 1555 1251 1592 quandam

197 1600 329 1630 magnam
348 1600 489 1628 paraverat
508 1591 534 1620 A
544 1599 601 1620 RM
612 1601 632 1621 Α
645 1600 667 1621 τ
678 1601 697 1621 Α
707 1599 734 1621 Μ
755 1591 884 1621 Navium
899 1593 933 1623 &
948 1591 1087 1622 Vasorum
1105 1593 1140 1622 de
1160 1593 1252 1631 Ispan-

196 1631 258 1668 nia,
273 1639 341 1660 curn
363 1639 424 1659 non
447 1630 565 1659 modico
589 1639 710 1660 numero
734 1630 918 1660 [nimicorum
933 1630 1114 1669 nostrorum,
1133 1632 1167 1662 ὃς
1189 1643 1252 1662 eam

195 1677 360 1706 promptam
375 1669 408 1699 ὃς·
422 1676 542 1705 paratam
556 1667 589 1697 ad
606 1667 684 1698 Mala
699 1667 795 1698 Nobis
813 1669 845 1698 ὃς
862 1668 977 1698 Nostris
994 1669 1082 1707 (quod
1095 1670 1174 1708 absr)
1189 1682 1253 1708 per-

196 1707 344 1745 petranda,
361 1706 395 1737 &2
410 1707 438 1735 in
452 1705 559 1743 speciali
573 1705 606 1735 ad
624 1706 722 1736 Naves
736 1706 841 1736 nostra}
856 1709 888 1736 &r
903 1707 1061 1746 Navigium
1080 1707 1175 1742 Regni
1198 1719 1253 1739 no-

195 1744 261 1784 stri,
278 1755 312 1776 ac
333 1744 484 1782 praesertim
504 1743 604 1774 Naves
625 1745 729 1775 nostras
743 1743 815 1782 apud
833 1745 1079 1783 Suthamptoniam
1094 1748 1126 1777 &
1142 1746 1255 1778 Portes-

181 1784 279 1815 ,muth
301 1784 447 1814 existentes
461 1805 471 1820 ,
505 1792 558 1820 pro
578 1783 683 1813 viribus
703 1782 946 1813 comburendum
967 1785 999 1814 δε
1024 1784 1254 1825 Demaenetum,

195 1832 312 1852 necnon
335 1821 468 1859 Regnum
492 1820 620 1851 nostrum
642 1821 809 1859 praedietum
831 1821 1025 1852 lnvadendum
1039 1846 1048 1861 ,
1067 1824 1100 1853 ad
1122 1824 1254 1861 Dampna

197 1870 263 1898 quae
283 1868 417 1898 poterunt
433 1859 557 1890 similiter
576 1859 775 1898 Inferendum,
794 1860 931 1891 destinare
946 1863 1080 1901 proponit
1101 1862 1172 1893 infra
1187 1864 1254 1894 Bre—

198 1909 252 1936 ve,
782 1935 785 1937 ¹
1120 1929 1127 1938 ,

237 1936 307 1967 Nos
334 1936 466 1974 (Malitiae
490 1935 678 1968 Inimicorum
703 1937 866 1968 nostrorum
889 1938 1093 1976 praediCtorum
1108 1962 1118 1977 ,
1150 1941 1181 1970 in
1200 1940 1254 1970 hac

198 1985 274 2013 parte
289 1998 298 2013 ,
319 1974 387 2005 Deo
406 1976 515 2012 praevio
529 1998 539 2014 ,
556 1976 673 2006 obviare
692 1976 829 2013 volentes)
856 1977 1065 2015 Affignavimus
1090 1988 1138 2008 vos
1150 2001 1159 2016 ,
1181 1988 1254 2009 con-

195 2014 335 2053 junCtim,
354 2015 387 2044 δε
411 2013 540 2052 divisim,
559 2014 592 2044 ad
614 2024 713 2044 omnes
734 2015 766 2045 &
791 2015 912 2051 singulos
936 2014 1080 2046 Homines
1101 2016 1135 2046 ad
1151 2017 1254 2055 Arma,

199 2063 233 2083 ac
249 2052 314 2083 alios
328 2052 471 2082 Homines
485 2051 693 2093 Defensabiles,
711 2061 770 2082 tam
786 2052 1070 2092 Hobelarios,quam
1086 2054 1256 2093 Sagittarios,

201 2091 271 2121 infra
293 2089 472 2121 Comitatum
492 2091 676 2130 praedietum,
694 2100 752 2121 tam
775 2091 845 2122 infra
869 2092 1042 2131 Libertates,
1061 2093 1149 2131 quam
1166 2103 1257 2133 exn'a,

202 2138 430 2166 commorantes,
451 2128 633 2160 Arraiandum
646 2131 680 2161 &
695 2129 872 2169 Triandum,

237 2167 274 2198 Et
291 2177 355 2206 eos,
375 2168 412 2197 lic
428 2167 585 2206 Arraiatos,
604 2169 741 2199 continue
754 2170 783 2198 in
797 2169 969 2200 Arraiatione
983 2169 1161 2209 hujusmodi,
1176 2179 1207 2202 ut
1229 2172 1257 2201 in

205 2205 349 2244 Millenis,
364 2205 515 2243 Centenis,
534 2207 566 2236 &
587 2206 735 2245 Vintenis,
756 2207 789 2238 &
808 2207 902 2246 aliter,
917 2216 1001 2246 prout
1027 2210 1200 2240 conveniens
1223 2210 1256 2240 ὅ(

205 2244 317 2275 necesse
335 2245 433 2283 fuerit,
452 2246 539 2274 teneri
554 2246 587 2275 ὃς
603 2247 673 2283 poni
688 2245 879 2283 Faciendum,

245 2283 263 2302 *
285 2282 329 2314 Ac
343 2283 427 2312 etiam
444 2283 478 2312 ad
493 2292 559 2320 eos,
575 2291 632 2314 tarn
648 2284 683 2314 ad
700 2283 852 2315 Costeram
868 2284 973 2323 Maris,
992 2295 1077 2323 quam
1097 2285 1146 2315 alia
1162 2286 1258 2324 Loca,

183 2345 186 2355 .
206 2322 257 2352 ubi
279 2322 312 2352 &
333 2322 462 2360 quotiens
481 2321 590 2351 neceffe
604 2322 705 2360 fuerit,
723 2322 758 2352 ad
771 2323 862 2353 dietos
876 2323 1012 2353 Inimicos
1028 2324 1139 2354 nostros
1156 2324 1260 2362 Expel-

206 2360 339 2397 lendum,
358 2359 585 2397 Debellandum,
605 2361 638 2391 &
650 2360 877 2399 Destmendum,
896 2363 932 2391 de
945 2371 1073 2402 tempore
1088 2364 1116 2392 in
1131 2370 1261 2401 tempus,

203 2409 274 2468 <<ium
297 2398 409 2437 aliquod
430 2397 594 2430 Periculum
613 2400 776 2438 immineat,
797 2399 973 2431 Ducendum
989 2424 999 2440 ,
1015 2402 1048 2432 δε
1068 2401 1135 2431 duci
1156 2400 1263 2432 facien-

225 2448 289 2475 um,

242 2475 280 2506 Et
293 2474 328 2505 ad
344 2475 510 2507 Monstrum
529 2477 584 2507 five
601 2476 843 2508 Monstrationem
861 2477 1027 2507 eorumdem
1047 2477 1214 2508 Hominum
1229 2478 1263 2508 ad

204 2514 309 2552 Arma,
327 2514 566 2554 Hobelariorum,
586 2515 618 2545 &
633 2515 861 2553 Sagittariorum,
879 2515 915 2545 de
930 2525 1058 2554 tempore
1081 2518 1108 2546 in
1133 2525 1262 2556 tempus,

205 2554 336 2591 quotiens
349 2553 521 2591 indiguerit,
536 2554 682 2593 diligenter
699 2554 872 2586 Faciendum
888 2555 921 2585 δε
935 2553 1200 2594 Supervidendum3

244 2591 282 2621 Et
305 2591 370 2621 ideo
394 2592 475 2622 vobis
497 2593 530 2623 &
552 2593 668 2623 cuilibet
691 2592 831 2631 vestrum,
849 2592 996 2623 distristius
1019 2603 1078 2630 quo
1099 2594 1261 2630 pollurnus,

209 2630 378 2668 injungimus
392 2631 425 2660 ὃς
442 2631 605 2660 mandamus
620 2631 696 2669 quod
711 2630 820 2668 statim,
836 2631 898 2662 vifis
922 2630 1128 2670 Praesentibus,
1147 2642 1198 2662 vos
1221 2633 1263 2669 ip-

187 2690 189 2692 .
207 2669 250 2699 sos
266 2668 382 2698 Arraiari
394 2670 426 2700 ὃς
443 2669 569 2707 Armati,
588 2679 620 2700 ac
636 2679 737 2699 omnes
753 2671 786 2701 &
802 2670 921 2708 singulos
934 2669 1076 2699 Homines
1101 2670 1262 2701 Comitatus

211 2706 356 2745 praediffi,
374 2707 407 2737 ad
425 2707 626 2738 Laborandum
643 2708 794 2746 Potentes,
812 2717 911 2738 coram
925 2708 1006 2737 vobis
1019 2710 1134 2747 venire,
1152 2710 1184 2740 ὃ(
1203 2711 1265 2746 jux-

208 2755 237 2776 ta
253 2746 324 2775 sanas
335 2745 513 2776 discretiones
531 2746 633 2777 vestras
645 2748 770 2785 arraiari,
787 2747 905 2783 armari,
923 2747 956 2777 &
975 2747 1094 2786 muniri,
1111 2749 1140 2777 in
1156 2749 1266 2778 Arraia—

208 2786 286 2814 'tione
300 2783 458 2821 hujusmodi
474 2787 560 2815 teneri
574 2786 692 2823 faciatis,

245 2822 282 2852 Et
300 2823 406 2861 inluper
421 2822 524 2861 Signa,
542 2831 643 2853 vocata
659 2824 781 2864 Bekyns,
800 2824 830 2853 in
850 2823 936 2854 Locis
957 2823 1094 2854 consuetis
1120 2826 1182 2862 (per
1200 2835 1264 2862 quie

211 2860 322 2892 Gentes
336 2861 438 2891 Patriae
455 2861 490 2892 de
507 2861 641 2892 Adventu
661 2862 846 2899 inimicorum
860 2862 1018 2900 hujusmodi
1037 2872 1168 2901 poterunt
1193 2874 1266 2894 con-

211 2901 286 2938 gruis
303 2900 478 2936 temporibus
495 2901 668 2937 praemuniri)
685 2901 770 2938 poni,

249 2937 287 2968 Et
309 2938 423 2968 eosdem
446 2937 611 2977 Homines,
629 2939 667 2969 sic
689 2938 829 2967 Arraiatos
845 2962 854 2976 ,
872 2938 1007 2969 Armatos
1023 2961 1033 2977 ,
1059 2940 1092 2970 &
1115 2939 1263 2979 Munitos‚

215 2985 284 3005 cum
301 2976 464 3007 Periculum
475 2978 637 3014 immineat,
656 2978 684 3006 in
700 2976 904 3007 Defensionem
919 2978 951 3007 &
969 2977 1158 3008 Salvationem
1170 2978 1264 3017 Regni

214 3014 247 3043 ὃς
270 3013 369 3043 Patriae
391 3015 609 3053 praedicatorum,
626 3015 664 3046 de
682 3024 811 3052 ternpore
835 3016 863 3044 in
887 3024 1016 3053 tempus,
1034 3025 1093 3045 tam
1112 3016 1145 3046 ad
1162 3017 1267 3048 Coste-

213 3061 272 3081 ram
285 3051 389 3090 Maris,
406 3053 491 3090 quam
504 3054 555 3083 alia
575 3054 671 3092 Loca,
690 3053 740 3084 ubi
756 3054 841 3092 magis
856 3054 967 3084 necesse
983 3054 1081 3092 fuerit,
1097 3064 1183 3092 prout
1199 3056 1264 3086 hac-

210 3099 292 3120 tenus
305 3089 334 3119 in
353 3089 427 3132 Casu
443 3092 580 3122 confimili
600 3092 797 3123 rationabiliter
822 3091 880 3122 fieri
893 3093 1035 3124 consuevit
1041 3114 1051 3130 ,
1069 3094 1103 3124 ὃς
1119 3094 1266 3126 neceffita-

192 3155 195 3157 .
210 3130 244 3159 tis
257 3136 374 3158 eventus
389 3131 529 3167 exegerit,
545 3130 613 3161 duci
625 3131 745 3168 faciatis,

248 3166 291 3196 Ita
311 3166 406 3204 quod,
425 3169 478 3204 'pro
501 3167 613 3199 defectu
639 3168 819 3199 Defensionis
832 3191 841 3208 ,
860 3170 893 3201 ὃς
912 3169 1092 3200 Arraiationis
1105 3193 1114 3208 ,
1131 3170 1177 3201 seu
1200 3170 1266 3202 Du-

210 3205 316 3235 &ionis
344 3205 489 3235 dierorum
518 3205 683 3239 Hominum
706 3229 716 3244 ,
750 3208 795 3237 vel
819 3217 867 3244 per
896 3208 1090 3248 negligentiam
1120 3210 1241 3240 vestram
1255 3233 1264 3248 ‚

211 3243 346 3280 Dampna
364 3242 464 3274 Patriae
482 3243 638 3282 praedit‘tae,
653 3254 700 3275 aut
715 3245 795 3283 alias,
815 3256 863 3284 per
876 3246 1013 3277 Inimicos
1029 3247 1264 3280 nostrosamodo

212 3292 271 3312 non
286 3282 414 3312 eveniant
428 3282 485 3311 ullo
498 3282 607 3319 modo:¹

249 3320 359 3350 Damus
373 3328 466 3349 autem
481 3321 611 3350 universis
625 3322 658 3352 δε
681 3321 793 3358 singulis
809 3321 992 3360 ComiribuS,
1011 3323 1181 3363 Baronibus,
1200 3325 1262 3355 Mir-

210 3360 320 3396 litibus,
339 3357 514 3396 MajoribuS,
534 3357 659 3397 Billivis,
677 3359 832 3398 Ministris,
849 3361 883 3391 &
899 3361 954 3391 aliis
971 3362 1109 3393 Fidelibus
1124 3365 1264 3401 &Ligeis

211 3397 312 3428 nostris
335 3395 498 3427 Comitatfis
520 3397 648 3434 praedicti
665 3419 675 3434 ,
693 3406 750 3428 tam
772 3399 843 3428 infra
864 3399 1021 3430 Libertates
1034 3423 1043 3438 ,
1062 3404 1147 3439 quam
1170 3412 1262 3442 eXtra,

211 3436 331 3466 Tenore
345 3435 544 3471 Praesentium,
564 3435 677 3465 firmiter
694 3437 722 3465 in
738 3435 898 3474 Mandatis,
916 3437 994 3475 quod
1009 3440 1106 3478 vobis,
1125 3442 1158 3471 &
1183 3442 1262 3471 cuili-

212 3475 260 3505 bet
274 3473 416 3512 vestrum,
435 3475 462 3503 in
479 3473 654 3504 Executione
666 3473 895 3513 Praemifforum,
910 3475 1090 3508 Intendentes
1103 3479 1263 3516 sint,C0n-

210 3513 343 3550 sulentes,
361 3514 393 3543 &
410 3512 600 3551 Auxiliantes,
617 3521 702 3550 prout
714 3513 806 3544 decet.

246 3551 280 3581 In
294 3552 388 3589 cujus,
406 3553 466 3582 &e

247 3588 336 3620 Teste
345 3588 465 3630 praefato
479 3588 589 3629 Custode
605 3589 679 3627 apud
693 3588 948 3629 Westmonasteriam
968 3592 1070 3629 quinto
1089 3592 1136 3623 die
1153 3592 1262 3624 Martii.

55 2285 75 2303 ⁵¹
94 2285 149 2315 lx.

52 2332 117 2360 703.

889 3669 944 3696 Per
956 3667 1038 3707 ipficm
1054 3671 1157 3706 Regem.

215 3741 354 3808 REiX,
368 3742 474 3788 dileeto
489 3744 523 3773 &
538 3743 611 3773 fideli
628 3743 692 3781 suo,
709 3741 856 3788 Willeelyza
868 3742 970 3782 cheyne
981 3744 1130 3783 Chivaler,
1148 3755 1181 3776 ac
1192 3768 1201 3783 ,
1219 3745 1263 3776 di-

301 3780 369 3810 effihs
383 3780 451 3820 fibi,
468 3781 582 3811 Roberto
597 3781 758 3817 Andr-owe,
776 3780 923 3811 Wzllzelmo
936 3782 1051 3820 Darell,
1067 3783 1174 3812 Thomae
1190 3787 1264 3814 Bon-

210 3816 290 3886 fam,
308 3818 341 3848 ὃς
363 3818 468 3848 Thomae
483 3821 655 3859 Ryngwode,
673 3830 706 3851 ac
728 3820 903 3851 vicecomiti
923 3819 1023 3851 nostro
1042 3822 1196 3861 Wilteliae,
1215 3823 1264 3853 Sa-

223 3863 309 3884 utem.

58 3748 120 3777 thid.

233 3893 344 3937 'Quia,
359 3891 418 3927 &c.
437 3901 469 3924 ut
482 3895 567 3935 fiapra
589 3897 667 3938 usque
686 3897 740 3935 ibi,
758 3895 853 3934 Regni
877 3895 984 3934 nostri,
1003 3896 1041 3932 ὠ
1057 3905 1120 3928 tunc
1132 3899 1188 3940 fic,
1208 3909 1260 3939 pro

210 3929 572 4006 w‘irssglfigsstrii‘bssirzendum
587 3937 621 3967 ὃς
635 3935 847 3967 Destruendum
855 3956 866 3972 ,
884 3933 947 3969 &c.
965 3943 999 3965 ut
1004 3936 1098 3976 fhpra.

245 4086 308 4118 Tm
330 4086 376 4115 IV
399 4086 423 4113 P
448 4086 499 4114 111
886 4051 938 4080 Per
953 4044 1035 4089 if'st‘nl
1053 4052 1156 4088 Regem.

1592 281 1672 311 Datis
1684 281 1857 320 subscriptis,
1868 283 2011 321 videlicet,
2364 293 2416 323 141
2423 295 2448 322 9.

1315 358 1470 397 Radusplius
1486 362 1627 399 Botvyaux
1643 360 1791 399 Cliivaler,
2342 330 2375 353 H·
2393 334 2423 360 ἰ,

1311 396 1424 426 Thomas
1437 398 1579 428 Aruudell
1592 398 1742 437 Cliivaler,
1761 401 1821 430 &c.

1438 524 1486 555 De
1499 522 1668 556 Trac‘hzndo
1683 534 1753 556 cum
1774 525 1981 570 Commfflcrfis
2002 525 2166 572 Dauphini.

1281 606 1402 668 REX
1423 608 1585 652 Omnibus,
1605 608 1639 652 ad
1654 619 1741 647 quos,
1760 610 1820 640 &c.
1839 609 1970 641 Salutem.
2014 649 2019 654 .
2171 652 2175 656 ,
2193 651 2198 657 ι
2252 636 2264 656 ¹.
2308 650 2313 656 Ι
2348 623 2476 654 ΑΜᾹ)ι

1381 648 1478 676 Seiatts
1494 647 1570 683 quod
1592 647 1719 685 pridem,
1736 658 1788 685 pro
1813 656 1904 686 parre,
1922 648 2033 678 Illustris
2050 650 2082 680 &
2105 649 2200 680 Incltti
2219 650 2330 681 Princi-
2373 670 2461 701 1419·

1282 685 1323 721 pis
1335 711 1341 720 ‚
1359 684 1569 723 Consanguinei
1585 685 1688 723 nostri,
1707 685 1845 723 Dauphini
1858 687 1889 715 de
1905 690 2013 715 Vienna
2024 710 2033 725 ,
2049 687 2108 721 ὠς.
2125 690 2202 727 usque
2216 689 2271 727 ibi,
2342 706 2383 730 An
2412 702 2442 727 6,

1318 721 1366 752 De
1383 723 1544 761 Fidelitate,
1562 722 1707 754 Probitate
1721 748 1729 761 ‚
1751 726 1783 755 ὃς
1806 723 2077 763 Circumspectionis
2098 726 2250 765 Industria,
2269 727 2329 757 Re-
2346 745 2374 768 H
2389 724 2428 775 '5‚

1281 760 1471 790 verendiffimi
1494 762 1522 790 in
1546 759 1661 792 Christo
1682 762 1785 800 Patris,
1806 762 1928 792 Domini
1943 766 2054 792 Henriti
2070 763 2126 794 Dei
2139 765 2242 802 gratia,
2260 770 2333 795 Can-
2348 763 2405 806 P„-

1281 797 1420 836 tuarienfis
1443 798 1640 838 Archiepissopi
1655 823 1665 837 ,
1691 802 1775 831 totius
1798 800 1913 837 Angliae
1936 801 2083 840 Primatis,
2101 803 2134 833 ὃς
2158 802 2332 839 Apostolicae
2349 822 2426 845 Norm
2450 816 2476 841 5,

1281 835 1358 866 Sedis
1379 837 1494 875 Legati,
1513 836 1723 868 Venerabilium
1745 840 1772 868 in
1798 839 1914 868 Christo
1933 839 2068 878 Patrum,
2085 843 2213 877 Henrici,
2231 841 2331 871 eadem
2348 860 2376 882 H
2392 864 2408 890 5
2427 838 2480 891 ff„

1282 874 1383 914 gratia,
1402 875 1595 915 Wintonienfis
1617 876 1735 916 Epifiopi
1756 877 1886 907 cariffimi
1910 878 2052 908 Avunculi
2078 879 2188 916 nostri,
2208 882 2333 917 Henrict',
2349 878 2382 921 m*
2401 876 2450 926 [9

1282 913 1381 943 eiidem
1394 913 1508 951 Gratia,
1529 914 1648 953 Epistopi
1663 914 1845 955 Ciceslrenfis,
1863 916 1957 946 diledti
1979 918 2011 946 ὃς
2036 916 2120 946 fidelis
2138 917 2240 955 nostri,
2258 917 2336 947 Wal-
2379 915 2384 920 ”

1282 955 1334 980 teri
1358 952 1536 990 Hungerford
1551 953 1696 984 Senescalli
1716 953 1837 991 Hospitii
1857 954 1959 990 nostri,
1977 954 2107 993 A‘lagistri
2131 955 2235 984 Thomae
2254 956 2334 986 felde

1286 989 1401 1026 Legum
1422 991 1573 1029 Dofftoris,
1591 993 1624 1023 &
1650 991 1778 1031 Magistri
1798 993 1913 1032 Ricardy
1940 993 2059 1032 Coudray
2082 992 2188 1024 Clerici
2211 993 2337 1024 Concilii

1286 1028 1393 1066 nostri,
1412 1028 1603 1068 confidentes,

1323 1066 1398 1104 Ipsos
1411 1066 1482 1105 Sex,
1502 1068 1651 1106 Quatuor,
1670 1077 1717 1100 aut
1728 1069 1801 1099 Tres
1816 1079 1933 1106 eorum,
1952 1068 2063 1109 nostros
2083 1069 2230 1109 Fecimus,
2250 1070 2339 1100 Ordi-

1286 1106 1429 1143 navimus,
1448 1107 1481 1136 ὃς
1498 1106 1722 1144 Depuravimus,
1739 1117 1771 1137 ac
1788 1107 1934 1146 Facimus,
1952 1109 2340 1147 Oi‘dinamus,Deputamus,

1287 1144 1321 1174 ὃ(
1343 1142 1552 1175 Constituimus
1575 1154 1664 1175 certos
1685 1146 1717 1175 ὃς
1732 1145 1864 1176 indubios
1878 1146 2114 1185 Ambiffiitores,
2131 1147 2165 1177 N
2170 1149 2286 1186 uncios,
2304 1148 2338 1178 δε

1289 1180 1506 1213 commissarios
1514 1207 1523 1219 .,
1543 1192 1591 1219 per
1606 1183 1755 1213 Praelentes
1765 1207 1773 1221 ,

1324 1219 1433 1250 Dantes
1456 1221 1489 1252 &
1513 1219 1712 1251 Concedentes
1736 1222 1838 1252 eisdem
1856 1221 1925 1259 Sex,
1946 1223 2096 1262 Qatuor,
2109 1232 2155 1254 aut
2169 1223 2275 1254 Tribus
2292 1234 2342 1255 eo-

1287 1258 1435 1296 rumdem,
1449 1259 1560 1298 plenam
1581 1259 1774 1298 potestatem,
1794 1261 2017 1299 Autronium,
2035 1263 2068 1293 &
2088 1261 2257 1292 Mandatum
2278 1263 2340 1300 spe-

1287 1297 1372 1335 ciale,
1390 1307 1442 1333 pro
1465 1296 1563 1327 Nobis
1581 1298 1614 1327 δε
1634 1297 1769 1328 Nomine
1790 1298 1904 1335 nostro,
1924 1310 1977 1329 una
1998 1310 2066 1330 cum
2083 1301 2336 1331 Ambaffiatoribus

1289 1334 1332 1365 seu
1349 1335 1557 1365 Commiffariis
1573 1335 1700 1372 praediCti
1715 1335 1872 1374 Dauphim',
1892 1338 1910 1355 *
1930 1337 2139 1377 Consanguinei
2156 1340 2258 1376 nostri,
2278 1339 2338 1369 Re·
2353 1333 2372 1353 ²¹⁴
2393 1335 2445 1362 lx·

1288 1375 1378 1412 gentis
1391 1383 1420 1403 ut
1435 1373 1553 1412 dicitur,
1572 1375 1684 1411 plenam
1701 1375 1734 1404 δε
1747 1374 1933 1404 sufficientem
1950 1377 1980 1405 in
1996 1377 2049 1405 hac
2066 1386 2140 1412 parte
2163 1378 2337 1408 Potestatem
2353 1382 2420 1408 704·

1289 1413 1324 1441 ab
1338 1412 1440 1442 eodem
1455 1412 1637 1451 habentibus,
1655 1412 1690 1443 de
1709 1413 1742 1443 &
1756 1413 1833 1450 super
1846 1413 1966 1452 Treugis
1982 1414 2036 1444 sive
2053 1414 2226 1446 Guerrarum
2244 1416 2342 1446 Absti-

1290 1451 1406 1488 nentiis,
1427 1451 1600 1488 generalibus
1614 1451 1659 1482 vel
1673 1452 1895 1489 particularibus,
1914 1462 1961 1488 per
1980 1451 2074 1490 Mare,
2091 1454 2210 1484 Terram
2217 1477 2228 1492 ,
2244 1455 2290 1485 seu
2299 1455 2341 1484 A-

1291 1499 1375 1526 quas,
1393 1499 1424 1519 ac
1447 1499 1524 1519 tanto
1543 1499 1673 1527 tempore
1695 1489 1851 1528 duraturis,
1870 1490 2022 1519 secundum
2038 1491 2115 1528 quod
2132 1493 2202 1522 inter
2218 1503 2265 1522 eos
2278 1503 2340 1523 tne-

1291 1527 1341 1557 lius
1359 1530 1391 1557 ὅῑ
1408 1526 1546 1557 „nicasius
1563 1529 1662 1565 poterit
1679 1527 1866 1566 concordari,
1885 1539 1938 1566 pro
1954 1527 2066 1566 Nobis,
2087 1529 2209 1569 Regnis,
2226 1532 2339 1569 Terris,

1294 1565 1456 1604 Dominus,
1469 1566 1607 1604 Subdivs,
1626 1566 1767 1604 Vaffallis,
1786 1567 1909 1605 Amicis,
1928 1567 2066 1605 AlligatiS,
2084 1569 2117 1598 &c
2134 1567 2344 1601 Confoederatis

1292 1604 1392 1634 nostris
1417 1616 1435 1642 t,
1448 1605 1655 1643 iibuicumque,
1674 1607 1809 1635 omnibus
1835 1604 1958 1635 honestis
1979 1605 2070 1636 modo
2084 1629 2094 1644 ,
2112 1606 2158 1637 via
2171 1631 2181 1645 ,
2198 1608 2231 1638 ὃς
2253 1608 2345 1639 forma

1313 1643 1392 1673 uibus
1410 1644 1479 1673 inter
1496 1647 1522 1673 ie
1537 1645 1709 1674 concordare
1724 1652 1871 1681 porerunt,
1889 1643 2064 1682 Tractandi,
2080 1644 2344 1686 Communicandi,

1345 1681 1561 1720 ⁴xjoiicludeuei,

1330 1719 1367 1750 Et
1383 1720 1448 1757 ipsas
1465 1718 1591 1759 Treugas
1602 1743 1611 1758 ,
1630 1721 1701 1750 inter
1717 1720 1742 1750 se
1758 1720 1913 1759 Capiendas
1927 1720 2206 1763 &Concordandas,
2222 1734 2272 1762 per
2280 1734 2347 1755 om—

1293 1759 1338 1788 nia
1361 1757 1408 1788 Re
1428 1770 1479 1797 na,
1496 1759 1615 1797 Terras,
1630 1760 1663 1789 ὃς
1685 1758 1824 1794 Dominia
1848 1760 1942 1790 nostra
1967 1761 2135 1798 proclamari
2151 1763 2184 1793 <Sc
2206 1763 2345 1800 publicari

1293 1796 1396 1826 Facien
1418 1799 1443 1836 i,
1460 1798 1635 1835 ubicumque
1649 1807 1720 1835 opus
1736 1799 1805 1836 erit,

1331 1836 1376 1866 Ac
1397 1838 1497 1874 etiam,
1516 1845 1544 1866 ut
1568 1846 1603 1866 eo
1623 1836 1728 1866 firmius
1754 1846 1836 1874 atque
1859 1836 2042 1866 inviolabili-„is
2065 1837 2191 1878 Treugae
2203 1838 2346 1877 praedistae

1290 1873 1494 1906 conserventur
1505 1898 1515 1912 ,
1532 1884 1590 1905 tarn
1605 1884 1654 1913 per
1671 1874 1809 1912 Terram,
1827 1875 1912 1913 quam
1928 1885 1977 1912 per
1995 1874 2096 1913 Mare,
2114 1879 2148 1909 &
2161 1888 2209 1916 per
2218 1878 2348 1916 Aquam,

1292 1911 1326 1942 ad
1346 1912 1536 1952 Faciendum,
1554 1913 1773 1956 Qrdinandum,
1793 1915 1825 1943 δε
1844 1912 2049 1950 Deputandum
2065 1924 2108 1945 tot
2124 1917 2157 1947 ὃς
2174 1917 2239 1947 tales
2266 1915 2349 1947 Con-

1293 1950 1441 1981 servatores
1457 1952 1489 1982 &
1502 1951 1616 1989 Judices
1630 1952 1771 1982 dicstarum
1786 1952 1982 1989 Treugarum,
1998 1953 2137 1989 generales
2154 1956 2198 1986 vel
2212 1955 2350 1993 speciales,

1294 1989 1326 2019 ὅτ
1345 1989 1374 2019 in
1388 1997 1465 2020 tanto
1480 1990 1634 2028 Numero,
1652 1998 1736 2030 prout
1751 1991 1788 2019 eis
1807 1989 1878 2028 Sex,
1895 1990 2045 2029 Qatuor,
2065 1992 2223 2023 aatTribus
2236 2003 2350 2022 eorum-

1293 2026 1359 2057 dem
1379 2049 1387 2063 ,
1414 2029 1512 2058 melius
1539 2028 1667 2066 expedire
1690 2028 1855 2066 videbitur,
1887 2031 1921 2058 ad
1953 2027 2164 2066 Corrigendurn
2186 2032 2219 2061 ὃς
2245 2031 2352 2061 Refor-

1295 2065 1433 2096 mandum
1448 2075 1541 2097 totum
1554 2069 1586 2098 δε
1603 2066 1741 2105 quicquid
1757 2075 1856 2097 contra
1872 2067 1958 2097 dietas
1979 2067 2105 2107 Treugas
2128 2069 2211 2100 fuerit
2230 2078 2352 2107 attemp-

1296 2110 1400 2135 tatum:

1334 2142 1369 2173 Et
1390 2143 1604 2182 Promittimus,
1621 2142 1699 2173 bona
1721 2142 1791 2181 fide,
1810 2144 1844 2173 ad
1866 2143 2038 2174 Tenendum
2051 2167 2060 2182 ,
2080 2145 2113 2175 δὲ
2135 2146 2223 2176 teneri
2246 2146 2351 2176 facien-

1297 2180 1383 2218 dum,
1403 2182 1530 2218 Ratum,
1549 2182 1695 2220 Firmum,
1713 2183 1745 2213 &
1763 2182 1868 2212 Stabile
1884 2191 1977 2212 totum
1993 2186 2025 2213 ὃς
2040 2184 2175 2220 quicquid
2191 2194 2239 2222 per
2259 2184 2352 2215 die‘tos

1298 2219 1538 2257 Ambaffiatores,
1565 2222 1609 2250 seu
1630 2220 1849 2250 Commiffarios
1878 2220 2013 2259 nostros,
2039 2221 2115 2258 Sex,
2147 2222 2279 2260 Qiatuor
2304 2231 2352 2254 aut

1297 2258 1372 2288 Tres
1394 2257 1561 2289 eorumdem
1575 2281 1586 2297 ,
1604 2261 1634 2288 in
1657 2258 1807 2289 Praemiffis
1829 2259 1874 2289 seu
1899 2259 1993 2297 aliquo
2014 2259 2225 2291 Praemissorum
2243 2261 2353 2292 fat-‘tum

1299 2297 1379 2326 fuerit

1337 2334 1373 2365 Et
1388 2320 1464 2372 {quod
1482 2334 1548 2365 Nos
1563 2334 1783 2373 Concedemus,
1802 2335 1835 2365 δε
1846 2335 2005 2373 Faciemus,
2023 2335 2068 2365 seu
2084 2335 2142 2366 fieri
2157 2337 2294 2368 faciemus
2305 2338 2356 2368 Li-

1300 2381 1370 2404 teras
1385 2373 1616 2404 Confirmatorias
1626 2397 1635 2412 ,
1649 2374 1699 2403 sub
1716 2373 1831 2411 Magno
1849 2374 1951 2410 Sigillo
1970 2374 2085 2415 nostro,
2102 2375 2137 2405 de
2151 2376 2184 2406 &
2197 2376 2276 2414 super
2291 2386 2357 2406 orn-

1301 2413 1384 2442 nibus
1396 2414 1429 2444 ὃς
1446 2412 1559 2448 lingulis
1578 2412 1711 2442 Articulis
1729 2413 1762 2442 δε
1782 2412 1910 2449 PunCtis,
1929 2413 1964 2442 de
1982 2414 2083 2450 quibus
2107 2414 2177 2443 inter
2198 2423 2247 2444 eos
2272 2415 2355 2445 fuerit

1303 2453 1527 2488 concordatum,
1546 2451 1578 2481 ὃς
1591 2450 1626 2479 de
1642 2450 1816 2488 Exequendo
1833 2451 1930 2481 eadem
1945 2460 2012 2480 cum
2030 2450 2122 2481 debita
2141 2452 2297 2491 diligentia,
2316 2453 2355 2483 se-

1304 2489 1431 2519 cundum
1446 2489 1476 2518 T
1479 2498 1594 2518 errorem
1610 2489 1642 2519 &c
1659 2488 1793 2518 Formam
1808 2490 1974 2519 eorumdem
1990 2490 2017 2518 in
2034 2498 2168 2527 quantum
2189 2492 2223 2521 ad
2246 2501 2297 2522 nos
2314 2492 2357 2521 di-

1305 2528 1428 2558 noscitur
1441 2529 1578 2566 pertinere
1589 2550 1599 2564 ,

1343 2566 1379 2596 Et
1405 2567 1461 2596 hoc
1485 2565 1682 2596 promittimus
1703 2566 1786 2596 etiarn
1805 2564 1856 2595 sub
1877 2564 2018 2596 Cautione
2036 2567 2069 2596 &
2091 2566 2275 2605 Obligatione
2292 2576 2358 2597 om-

1306 2606 1385 2634 nium
1408 2604 1554 2635 Bonorum
1576 2603 1739 2634 nostrorum
1753 2627 1762 2641 ,
1781 2603 1929 2634 mobilium
1953 2605 1986 2634 &c
2005 2605 2198 2634 immobilium
2212 2627 2222 2642 ,
2241 2605 2360 2643 praesen-

1304 2644 1374 2673 tium
1388 2643 1420 2673 &
1436 2643 1611 2680 futurorum,
1630 2643 1668 2673 ita
1688 2644 1764 2680 quod
1781 2652 1944 2680 nunquam,
1960 2652 2008 2679 per
2032 2642 2117 2680 Nos,
2135 2644 2178 2673 vel
2200 2644 2285 2673 alium
2306 2654 2359 2674 no-

1305 2683 1382 2712 mine
1404 2681 1521 2719 nostro,
1538 2680 1681 2718 dicemus,
1698 2683 1832 2711 faciemus
1846 2704 1855 2719 ,
1873 2691 1918 2711 aut
1942 2690 2134 2718 proponemus
2145 2705 2154 2719 ,
2179 2683 2208 2711 in
2226 2682 2359 2721 judicio,

1307 2720 1350 2752 vel
1365 2729 1454 2757 cxn‘a,
1472 2722 1624 2758 quicquam
1642 2721 1670 2749 in
1687 2721 1877 2757 contrarium,

1347 2758 1513 2789 Mandantes
1537 2758 1671 2788 omnibus
1691 2759 1725 2788 δε
1743 2758 1852 2797 singulis
1871 2757 2033 2796 justiciariis
2049 2759 2081 2788 δε
2105 2757 2227 2788 Subditis
2240 2759 2358 2797 nostris,

1307 2798 1435 2835 quatinus
1451 2797 1532 2826 dietis
1549 2796 1758 2826 Commiss'ariis
1773 2797 1874 2826 nostris
1887 2797 1920 2827 &
1935 2796 2098 2834 DeputatiS,
2117 2806 2148 2826 ac
2164 2806 2263 2827 eorum
2281 2798 2359 2828 Lite-

1308 2838 1343 2866 ris
1356 2836 1388 2866 &
1404 2835 1565 2872 Mandatis,
1582 2834 1715 2865 obediant
1728 2836 1761 2866 ὃς
1777 2834 1923 2865 intendant
1939 2836 1968 2864 in
1985 2836 2118 2865 omnibus
2134 2835 2287 2873 diligenter.

1344 2873 1377 2902 ln
1395 2874 1491 2912 cujus,
1509 2875 1569 2904 &c.

1343 2912 1432 2943 Teste
1448 2912 1529 2951 Rege
1542 2912 1615 2950 apud
1628 2911 1750 2951 Castrum
1759 2911 1840 2951 sicum
1858 2910 2032 2949 Rothomagi,
2050 2911 2157 2942 oe‘tavo
2169 2911 2215 2941 die
2229 2911 2336 2942 Martii.

1990 2989 2044 3017 Per
2056 2987 2138 3027 ipfimt
2153 2991 2256 3025 Regem.

1380 3117 1427 3147 De
1455 3113 1594 3157 Potestate
1627 3113 1793 3152 Cominfffus
1824 3110 2092 3195 Zmbaffiatoribus
2124 3110 2281 3159 Dauphim'

1741 3174 1824 3194 conce
1846 3163 1924 3195 endi.

1309 3247 1443 3305 REX,
1467 3247 1676 3278 Venarabilibus
1690 3247 1838 3285 Patribus,
2377 3252 2450 3283 Αηῃ,
2462 3254 2502 3285 D,

1402 3289 1518 3316 ansrico
1542 3286 1710 3325 Archicpisco
1732 3289 1916 3315 Cantuariem
1936 3309 1945 3324 ,
1970 3285 2055 3316 totius
2079 3284 2191 3325 Angliae
2214 3284 2332 3317 Primam*
2348 3310 2357 3325 ,
2394 3302 2479 3332 1419,

1305 3325 1337 3355 ὃς
1357 3327 1473 3355 Hemico
1496 3325 1619 3364 Epifiopo
1634 3328 1675 3355 W
1676 3324 1815 3364 intonienfi
1820 3348 1830 3362 ,
1847 3324 2002 3355 Avunculo
2017 3323 2114 3354 nostro
2130 3324 2290 3363 carissimo,
2310 3325 2359 3355 Sa-
2371 3336 2422 3360 Aa.
2438 3340 2465 3360 0.

1305 3364 1392 3393 lutem
2373 3375 2406 3397 H.
2448 3396 2453 3400 ι

1341 3401 1390 3432 De
1401 3387 1511 3433 ²vestris
1534 3401 1689 3440 fidelitate¹',
1705 3400 1868 3439 prudentia,
1883 3400 2136 3438 circumspectione
2148 3425 2158 3439 ,
2175 3401 2208 3432 &
2228 3400 2359 3432 industria
2372 3382 2458 3439 ›gorg-,-
2475 3413 2503 3437 ,χ

1305 3440 1458 3476 plurimum
1473 3440 1664 3477 confidentes,
2113 3476 2123 3484 ,
2198 3477 2202 3482 ·
2336 3479 2340 3483 Ι
2368 3454 2402 3475 H.
2414 3459 2501 3485 54¹2·

1345 3480 1389 3509 Ad
1409 3479 1545 3509 Dandum
1561 3480 1594 3510 ὃς
1620 3476 1849 3508 Concedendum
1871 3476 1946 3508 Salvi
1970 3476 2142 3508 Conducstus
2168 3477 2273 3507 Literas
2294 3487 2357 3514 qui·
2369 3497 2404 3516 m·
2422 3498 2466 3517 ω-

1306 3517 1480 3555 buicumque
1496 3517 1620 3547 Personis
1632 3516 1840 3554 Consanguinei
1857 3515 1943 3545 nostri
1961 3515 2098 3553 Dauphini
2114 3517 2145 3545 de
2163 3518 2191 3546 V
2191 3514 2357 3552 ien71a,Re-

1305 3557 1394 3594 gentis
1407 3556 1533 3586 Franciae
1547 3564 1575 3584 ut
1590 3556 1707 3592 dicitur,
1727 3553 1925 3592 cujuscumque
1940 3553 2022 3584 status
2036 3554 2154 3591 fuerint,
2172 3554 2218 3591 qui
2235 3562 2268 3582 ex
2282 3562 2358 3589 parte

1305 3593 1426 3632 ejusdem
1439 3593 1578 3630 Dauphini
1595 3593 1759 3631 mittentur,
1773 3601 1856 3630 prout
1876 3595 1954 3630 quta
1971 3592 2148 3623 discretiones
2172 3590 2273 3622 vestras
2295 3591 2356 3622 fore

1305 3631 1428 3663 videritis
1440 3631 1598 3662 faciendum
1607 3653 1616 3669 ,

1342 3669 1432 3700 Vobis
1447 3671 1480 3701 ὃς
1495 3670 1571 3699 alteri
1588 3667 1730 3707 vestrum,
1746 3668 1865 3699 Tenore
1878 3667 2076 3706 Praesentium,
2095 3667 2205 3697 Damus
2226 3666 2259 3697 δί
2272 3666 2354 3698 Con-

1306 3709 1433 3738 cedimus
1448 3708 1559 3746 plenam
1575 3706 1748 3737 Potestatem
1763 3708 1796 3738 &
1811 3707 2034 3744 Auctoritatem,
2173 3743 2178 3748 ι

1342 3747 1541 3777 Promittentes
1558 3756 1610 3776 nos
1626 3745 1753 3783 Rarum,
1765 3745 1906 3783 Gratum,
1925 3748 1957 3777 δε
1973 3745 2101 3789 Firmum
2117 3742 2257 3786 babituros
2272 3745 2356 3780 quic-

1304 3785 1372 3822 quid
1398 3784 1528 3815 Nomine
1550 3784 1649 3814 nostro
1672 3784 1811 3822 feceritis,
1824 3785 1869 3814 seu
1886 3784 1953 3813 alter
1974 3782 2100 3813 vestrum
2121 3786 2217 3811 recent
2233 3791 2261 3810 in
2276 3782 2353 3814 Pi-ae-

1304 3823 1406 3861 miffis,

1342 3860 1375 3890 ln
1393 3862 1484 3899 cujus,
1502 3861 1562 3892 &c.
2105 3895 2109 3900 ³
2227 3897 2243 3902 ..

1341 3899 1428 3930 'l'este
1444 3899 1525 3939 Rege
1540 3899 1614 3938 apud
1625 3897 1825 3938 Castrumfimm
1838 3896 1870 3925 de
1883 3899 1971 3926 Rauen
1988 3904 2068 3924 nono
2083 3894 2128 3924 die
2145 3893 2253 3926 Mami.

1977 3973 2029 4000 Per
2046 3971 2128 4011 zpfimz
2147 3974 2248 4013 Reflm.

2301 4086 2356 4114 Pu
