2562 4274
749 228 858 269 ET
948 225 1211 269 ACTA

4 309 79 342 Arm.
92 307 133 337 D.
146 305 296 342 mentiarios
310 312 477 351 ρτεὲάἱξῒος,
494 314 528 343 ad
545 312 691 343 utilitatem
701 312 844 351 nostram,
863 312 1071 344 Investiendum
1087 313 1130 344 seu
1144 313 1204 343 De-

26 356 107 386 1433·

5 393 66 417 Her),
84 394 110 410 0.

149 350 342 387 vestiendum,
357 360 440 388 prout
459 352 495 381 de
513 354 569 389 jure
584 352 618 381 δε
639 351 793 382 secundum
815 351 904 382 Foros
928 353 961 383 &
983 351 1206 383 Consuetudines

151 389 251 424 pertin.
266 389 371 419 ibidem
387 389 471 420 fuerit
487 389 671 427 faciendum,

189 425 420 457 Contradit‘rores
435 430 503 458 vero
519 430 550 458 &
566 428 792 465 Contrariantes,
809 429 838 458 in
860 428 912 458 hac
930 437 1021 466 parte,
1039 429 1113 465 iurrta
1133 428 1207 466 Juris

150 464 182 494 δε
200 464 288 495 Casus
304 466 472 502 exigentiam
482 489 491 503 ,
509 467 603 497 debite
617 467 848 504 compellendum
862 467 894 496 &
910 466 1129 505 Castigandum,

189 503 233 532 Ac
250 504 282 532 ad
306 502 458 542 Redditus,
477 506 510 534 δε
532 504 709 542 proventus,
726 514 758 534 ac
780 505 828 534 alia
855 514 1061 543 quaecumque,
1078 506 1160 534 nobis
1178 505 1208 534 in

153 539 205 570 hac
220 551 298 578 parte
314 544 495 580 pertinentia,
515 553 562 580 per
580 553 631 573 vos
648 542 773 580 (praefate
797 542 1024 577 Constabularie)
1047 544 1090 574 seu
1110 543 1208 581 Depu-

154 588 243 609 tatum
262 580 401 619 vestrum,
418 581 453 611 de
467 590 597 618 tempore
610 582 637 610 in
653 590 778 618 tempus,
797 581 978 617 Levandum,
997 581 1210 620 Colligendiim,

156 618 187 659 δε
207 617 434 659 Recipiendurn,
451 621 484 651 ὃς
499 620 582 649 nobis
595 619 660 649 inde
674 619 806 658 fideliter,
824 619 1021 657 proutjustum
1035 620 1134 659 fuerit,
1152 620 1213 650 Re-

150 656 373 694 spondendum,

19 932 150 969 ‘'X-545-

25 1398 103 1429 Ann.
113 1395 154 1426 D.

24 1445 83 1503 *4114
86 1444 137 1503 33..

25 1517 60 1541 H.
77 1514 103 1539 6.

24 1553 93 1588 Vasa.
116 1560 157 1578 ιι.

24 1595 58 1618 H.
75 1591 102 1617 6.

25 1639 62 1656 m.
86 1637 128 1656 ιι.

32 2680 110 2713 Ann.
124 2678 168 2708 D.

34 2727 151 2785 Asel:

38 2800 73 2823 H.
88 2797 115 2823 6.

64 2834 130 2862 leid.

47 3573 105 3601 *K
116 3573 184 3608 546.

53 3658 130 3689 Ann.
142 3655 183 3686 D.

51 3704 167 3763 25³3:

54 3777 89 3800 H.
106 3773 132 3799 6.

55 3812 136 3838 Franc
149 3819 156 3836 1
168 3818 191 3837 ι.

57 3853 91 3878 11.
107 3849 135 3874 6.

59 3896 95 3913 m.
111 3895 137 3921 7.

198 694 304 726 Dantes
323 697 407 726 etiam
423 697 456 728 &
470 695 659 726 concedentes
676 695 756 726 vobis
779 695 889 734 plenam
910 695 1083 726 Potestatem
1104 697 1137 727 &
1154 695 1216 726 Au-

161 731 321 764 ctoritatem
337 735 525 764 constituendi
549 735 581 764 &
598 734 784 764 Substituendi
800 734 923 773 Unum,
944 735 1042 772 Duos,
1060 734 1149 771 Tres,
1169 734 1215 764 vel

161 771 268 809 plures,
288 772 463 803 consimilem
478 772 650 803 Potestatem
663 775 692 802 in
709 772 839 802 omnibus
856 783 872 802 a
889 773 969 803 vobis
981 773 1112 803 habentes
1123 775 1218 809 &op-

162 809 298 848 tinentes,
316 810 350 840 ad
365 811 461 840 omnia
477 810 622 841 Praemiffa
639 813 668 841 in
684 810 776 841 forma
794 811 928 848 praedieta
948 811 1120 842 Faciendum
1131 834 1141 850 ,
1160 811 1218 840 Ex-

161 848 348 885 cei-cendum,
370 848 403 879 &
417 848 639 888 Exequendum,

201 885 238 916 Et
253 886 366 916 ulterius
380 887 488 917 Dantes
502 889 634 917 omnibus
648 888 681 917 &
698 887 809 924 singulis
818 886 979 925 justiciariis
992 887 1155 919 &Subditis
1166 898 1221 918 no-

167 923 227 953 stris
240 923 371 955 DucatCis
392 925 481 956 nostri
500 925 645 963 praedisti,
663 925 782 955 Tenore
800 925 1000 962 Praeientium,
1017 928 1036 945 *-
1052 926 1170 956 firmiter
1190 928 1220 956 in

168 960 310 993 Mandatis
324 962 405 1002 quod
424 964 516 1000 vobis,
536 964 581 993 seu
600 963 748 1000 Deputatis
765 962 875 1000 vestris,
894 964 1005 993 insimul
1029 964 1072 994 vel
1093 964 1221 1002 divisim,

165 998 332 1040 intendant,
348 1000 482 1040 Pareant,
500 1004 532 1032 &
548 1001 692 1032 Obediant
712 1002 742 1030 in
757 1002 891 1032 omnibus
911 1003 1077 1040 diligenter,
1096 1004 1224 1040 quotiens

165 1037 244 1106 suffer
260 1039 333 1082 hoc,
351 1048 473 1108 {parte
486 1039 596 1078 nostra,
609 1040 804 1071 rationabiliter
821 1040 923 1071 fuerint
940 1042 1110 1078 praemuniti.

220 1087 236 1106 n
250 1087 344 1114 cuius,
394 1086 419 1107 c.

204 1114 292 1147 Teste
306 1115 385 1155 Rege
401 1115 474 1156 apud
489 1115 764 1157 westmonasterium,
782 1116 827 1154 xiij
844 1116 890 1148 die
906 1116 1014 1147 Martii.

650 1188 703 1216 Per
719 1188 812 1215 Breve
829 1186 861 1216 de
876 1188 995 1216 Privato
1009 1185 1107 1224 Sigillo.

172 1317 229 1347 Pro
252 1315 430 1357 Consiliariis
452 1318 487 1353 (ῤ’
507 1314 669 1361 Officiarlis
685 1319 716 1349 in
736 1317 898 1362 Vasbonia,
925 1316 962 1350 a'e
974 1317 1227 1361 Praejerramento·

177 1390 300 1450 REX
326 1391 544 1424 Constabulario
565 1393 616 1424 suo
640 1392 827 1431 Burdegaliae,
854 1394 886 1424 &
909 1394 966 1432 ejus
990 1394 1230 1433 Locumtenenti,

253 1431 301 1468 qui
317 1441 393 1462 nunc
409 1432 489 1470 sunt,
507 1432 554 1463 vel
589 1433 617 1462 ui
651 1442 682 1461 ro
697 1441 825 1471 tempore
840 1441 935 1470 erunt,
953 1432 1086 1463 Salutem.

211 1468 287 1507 Quia
305 1468 445 1501 Volumus
458 1470 537 1508 quod
584 1481 623 1501 on
635 1470 713 1500 iliarii
728 1471 761 1501 &
776 1469 914 1500 officiarii
928 1471 1015 1501 nostri
1034 1471 1164 1502 Ducatsis
1178 1481 1231 1502 no-

175 1505 222 1536 stri
238 1508 401 1545 Aquitaniae
422 1511 451 1539 in
474 1509 668 1540 Solutionibus
685 1508 859 1546 Vadiorum,
877 1510 914 1539 eis
932 1510 1037 1541 ratione
1057 1510 1231 1540 Officiorum

173 1545 288 1576 suorum
307 1547 487 1585 debitorum,
505 1557 563 1585 prae
585 1547 719 1578 omnibus
735 1548 811 1584 aliis,
826 1549 928 1578 virtute
950 1547 1106 1586 aliquarum
1126 1550 1232 1580 Litera-

175 1595 238 1615 rum
253 1585 410 1623 regiarum,
429 1587 466 1615 eis
480 1595 527 1622 per
542 1595 621 1616 antea
637 1585 851 1623 confectarum,
870 1585 1067 1624 praeferantur,

215 1622 321 1661 Vobis,
339 1624 375 1654 de
383 1624 553 1654 avisamento
566 1624 709 1655 &assensu
718 1623 835 1654 Confilii
851 1624 954 1662 nostri,
974 1623 1145 1655 Mandamus
1153 1625 1233 1662 quod

173 1661 226 1692 illis
243 1660 414 1692 Coniiliariis
429 1663 461 1693 δε
478 1661 631 1693 Officiariis
646 1663 764 1699 nostris,
782 1663 829 1702 qui
851 1661 938 1692 Vadia
959 1662 994 1692 de
1011 1664 1108 1700 nobis,
1127 1672 1233 1694 ratione

173 1700 352 1731 Officiorum
376 1702 506 1739 suorum,
533 1702 674 1738 percipere
688 1700 792 1730 debent
810 1700 844 1730 &
863 1700 981 1737 habere,
1000 1700 1045 1739 id,
1065 1702 1142 1740 quod
1163 1703 1201 1731 eis
1218 1711 1234 1731 a

173 1748 249 1769 retro
263 1738 304 1768 est
320 1738 363 1768 vel
382 1740 433 1769 erit
447 1739 482 1769 de
499 1738 590 1769 Vadiis
605 1740 656 1768 suis
671 1738 849 1776 hujusmodi,
867 1738 902 1769 de
920 1738 1063 1777 Exitibus,
1086 1740 1233 1777 Proficuis,

173 1778 208 1809 &
232 1777 432 1813 proventibus,
452 1777 488 1806 de
508 1776 611 1806 Castro
626 1775 723 1806 nostro
737 1775 907 1813 Burdegaliae
923 1779 1164 1816 provenientibus,
1184 1788 1233 1808 ex-

171 1826 249 1846 nunc
264 1815 375 1853 singulis
390 1815 496 1851 Annis,
516 1814 649 1853 quamdiu
667 1815 695 1844 in
704 1813 817 1844 Officiis
832 1813 884 1844 suis
897 1813 1039 1854 steterint,
1054 1825 1117 1847 ante
1131 1827 1233 1846 omnes

172 1855 234 1883 alias
257 1852 404 1890 Personas,
428 1851 537 1883 Colore
561 1852 715 1890 aliquarum
738 1852 894 1883 Literarum
920 1853 1091 1892 Regiarum,
1110 1856 1147 1886 eis
1169 1863 1233 1886 ante

173 1892 237 1922 haec
254 1899 380 1928 tempora
394 1890 609 1926 confectarum,
626 1890 661 1921 de
676 1899 805 1930 tempore
817 1891 845 1921 in
858 1899 985 1930 tempus,
1003 1893 1126 1931 solvatis,

209 1929 392 1968 Recipientes
406 1938 421 1958 a
439 1929 567 1968 quolibet
585 1928 819 1960 Consiliariorum
840 1930 874 1959 &
889 1929 1103 1961 Officiariorum
1119 1931 1230 1962 nostro-

173 1978 239 2000 rum
254 1967 456 2005 praedictorum
476 1967 582 1998 Literas
603 1967 663 1998 suas
678 1967 900 2007 Acquietantiae,
920 1968 1035 2008 singulas
1054 1970 1232 2008 Solutiones‚

174 2017 243 2046 quas
258 2007 295 2035 eis
310 2006 345 2036 sic
358 2005 496 2043 feceritis,
513 2005 725 2044 Testificantes,

214 2045 268 2075 Per
282 2054 348 2082 quas
365 2044 398 2074 &
434 2044 530 2074 raesens
543 2044 712 2075 Mandatum
728 2044 872 2083 nostrum,
888 2045 969 2075 vobis
981 2046 1047 2077 inde
1058 2069 1067 2084 ,
1086 2047 1114 2077 in
1137 2045 1233 2076 Com-

173 2092 247 2123 poto
261 2082 374 2120 vestro,
392 2092 406 2111 a
443 2081 621 2113 Scaccarium
633 2082 761 2114 nostrum
778 2083 905 2124 Angliae,
923 2084 958 2115 de
973 2094 1102 2122 tempore
1118 2086 1148 2115 in
1163 2093 1235 2116 tem-

174 2132 244 2162 pus,
263 2121 386 2152 debitam
403 2119 613 2151 Allocationem
629 2122 732 2152 habere
750 2121 895 2152 faciemus.

214 2159 303 2192 Teste
318 2160 403 2198 Rege
416 2159 489 2198 apud
503 2159 774 2201 Westmanasterium,
794 2161 857 2199 xxiij
871 2159 918 2190 die
932 2159 1040 2192 Martii.

633 2231 687 2259 Per
705 2232 798 2260 Breve
815 2229 847 2259 de
866 2232 985 2260 Privato
1002 2230 1104 2270 Sigillo.

180 2305 303 2367 REX
320 2305 505 2338 Thesaurario
523 2307 557 2338 &
578 2306 733 2338 Batonibus
758 2306 810 2337 suis
839 2307 874 2338 de
893 2306 1044 2339 Scaccario
1063 2307 1163 2339 nostro
1176 2307 1239 2339 An-

247 2346 332 2384 giiae,
349 2346 487 2376 Salutem.

216 2383 311 2422 Qiia,
326 2382 386 2419 &ta
404 2391 435 2413 ut
446 2383 550 2424 [ἂρ-α,
568 2386 680 2415 mutatis
697 2384 846 2415 mutandis.

214 2421 305 2454 Teste
322 2430 354 2454 ut
365 2422 451 2461 supra.

820 2463 874 2492 Per
890 2461 959 2493 idem
977 2465 1079 2492 Breve.

234 2596 284 2627 De
297 2595 393 2640 salva
420 2594 538 2628 Gardict
554 2605 609 2642 pro
632 2595 796 2642 Officiariis
821 2598 959 2630 Ducatus
983 2597 1168 2642 Aquitaniae.

283 2683 315 2714 X
335 2684 493 2722 Omnibus,
510 2685 544 2716 ad
555 2694 641 2722 quos,
658 2685 719 2715 δίε,
738 2684 873 2716 Salutem.

190 2683 246 2737 R
286 2722 384 2753 Sciatis
397 2723 495 2763 quod>
510 2734 563 2761 pro
574 2723 667 2753 debita
682 2723 715 2753 ὃ(
731 2723 791 2754 sana
807 2723 1022 2754 Gubernatione
1041 2724 1154 2763 Jtirium
1174 2724 1239 2755 Du-

184 2759 266 2789 catfis
287 2760 378 2790 nostri
393 2761 567 2800 Aquitaniae,
584 2770 618 2791 ac
679 2762 751 2792 uiete
771 2763 804 2792 ὅ(
828 2763 906 2793 bono
928 2762 1079 2801 Regimine
1099 2764 1238 2794 Fidelium

185 2798 342 2836 Ligeorum
360 2799 520 2830 nostrorum
534 2799 660 2836 ibidem,
700 2800 854 2839 uscepimus
868 2802 897 2830 in
914 2800 1149 2839 Proteffionem,
1166 2802 1240 2832 Tui—

184 2838 292 2867 tionem
301 2860 310 2875 ,
328 2837 361 2867 &
371 2836 575 2868 Defensionem
583 2861 593 2876 ,
610 2848 643 2868 ac
653 2837 764 2868 Salvam
776 2837 911 2869 Gardiam
925 2839 1030 2870 nostras
1041 2840 1166 2878 speciales
1174 2849 1240 2869 om-

182 2885 231 2905 nes
254 2876 289 2906 &
313 2874 433 2914 singulos
451 2874 581 2913 Judices,
605 2875 788 2914 Officiarios,
816 2876 1012 2915 Confiliarioe,
1031 2879 1063 2909 &
1092 2878 1241 2908 Ministros

182 2913 294 2944 nostros
311 2911 439 2944 Ducatfis
454 2913 542 2944 nostri
555 2914 681 2951 praedicti
692 2937 701 2951 ,
719 2924 770 2951 pro
785 2916 996 2946 conservatione
1006 2916 1117 2955 Jurium
1128 2916 1243 2946 nostro-

183 2962 247 2983 rum
260 2951 463 2991 praedietorum
479 2951 538 2982 Affi
559 2961 637 2982 natos
658 2952 691 2982 &
712 2952 889 2991 Deputatos,
907 2963 939 2983 ac
961 2954 1106 2984 Homines
1126 2955 1159 2985 &
1174 2955 1239 2983 Ser-

183 2992 289 3021 vientes
309 2990 388 3029 suos,
406 3000 519 3021 necnon
573 3000 662 3027 erras,
679 2990 877 3029 Tenemenm,
903 2991 980 3030 Res,
998 2992 1136 3023 Redditus
1143 3015 1154 3031 ,
1174 2991 1242 3023 Pos-

184 3028 332 3066 essiones,
349 3030 382 3059 ὃς
398 3028 475 3059 Bona
488 3028 533 3059 sua
550 3038 753 3067 quaecumque,

220 3066 366 3097 Omnibus
380 3067 412 3097 δε
429 3067 554 3106 singulis,
572 3067 774 3104 cujuscumque
789 3066 970 3097 Conditionis
984 3067 1118 3107 existant,
1136 3069 1185 3099 sub
1198 3070 1242 3100 fo-

186 3105 327 3135 risfactura
341 3107 475 3135 omnium
516 3115 558 3135 uae
580 3106 662 3135 nobis
682 3105 843 3136 forisfacere
865 3115 1014 3144 poterunt,
1033 3106 1190 3137 inhibentes
1205 3109 1242 3137 ne

185 3142 287 3174 eisdem
304 3142 455 3181 judicibus
481 3143 483 3146 ’
521 3143 658 3182 fficiarfis,
676 3142 860 3180 Confiliariis,
885 3144 930 3174 seu
956 3143 1108 3184 Ministris,
1126 3154 1171 3176 aut
1194 3156 1242 3176 eo-

186 3191 250 3211 rum
279 3181 433 3219 cuiquam,
458 3166 608 3220 injuriam,
631 3181 815 3220 Molestiam,
837 3182 1025 3221 Dampnum,
1050 3183 1240 3222 Violentiam,

186 3219 425 3259 Impedimentum
438 3219 548 3263 aliquod
558 3242 568 3257 ‚
586 3221 631 3250 seu
641 3219 803 3250 Gravamen
814 3242 824 3258 ,
839 3222 866 3250 in
883 3219 1077 3258 Corporibus,
1094 3221 1244 3252 Poffeffio-

187 3259 286 3302 nibus,
302 3257 360 3325 ἕνα
375 3257 478 3296 Bonis,
496 3258 632 3296 inferant,
648 3258 694 3289 seu
706 3258 801 3289 inferri
814 3259 930 3298 faciant,
945 3268 990 3290 aut
1003 3269 1156 3299 procurent
1173 3270 1245 3299 quo-

192 3306 235 3327 vrs
250 3305 300 3325 mo
320 3305 348 3325 o.

225 3333 259 3364 In
276 3335 354 3370 cujus
389 3334 450 3365 &c.

244 3371 334 3402 Teste
347 3357 432 3410 Rege
446 3372 520 3411 apud
537 3372 811 3413 westmonasterium,
829 3375 892 3413 xxiij
906 3374 951 3404 die
968 3374 1074 3406 Martii.

649 3443 702 3471 Per
721 3444 814 3472 Breve
832 3443 864 3471 de
881 3444 999 3473 Privato
1017 3443 1118 3482 Sigillo.

491 3563 519 3590 ἔ*
535 3566 593 3596 Pro
617 3563 751 3611 Epiftopo
774 3565 953 3612 Bangorensi.

198 3648 364 3713 JOhannes
379 3650 518 3694 Episqopus
527 3649 709 3694 ‘Bangorensis
715 3673 725 3687 ,

274 3689 354 3755 Qffi,
371 3689 405 3733 de
422 3690 549 3733 Licentia
566 3687 670 3726 Regis,
687 3688 721 3718 ad
732 3687 865 3732 Generqle
881 3687 1025 3732 Concilium
1033 3688 1189 3733 szfiliense,
1201 3699 1253 3734 pro

201 3722 302 3801 &elegio
315 3728 530 3796 egglriiAgffliiff
537 3727 737 3795 hpaeffiffiusrus
751 3727 810 3765 est,
828 3727 936 3757 ibidem
958 3737 986 3757 in
1006 3728 1143 3766 obsequio
1162 3728 1255 3766 Regis

702 3787 711 3802 2

238 3799 334 3831 Habet
350 3801 453 3835 Liteias
468 3804 556 3842 Regis
567 3803 604 3834 de
616 3802 799 3841 Protefflone
817 3802 898 3839 (cum
914 3801 1041 3835 Clausula
1056 3802 1192 3841 Volumus)
1208 3812 1257 3843 pei·

204 3839 427 3907 unlgtrrngxrgggm
441 3843 585 3873 duraturas

258 3914 345 3946 Teste
361 3914 442 3955 Rege
456 3918 528 3956 apud
543 3917 815 3958 westmonasterium,
834 3918 899 3948 xxiv
915 3918 962 3949 die
978 3917 1087 3949 Martii.

644 3998 697 4026 Per
718 3994 871 4026 Billam'de
889 3996 1006 4026 Privato
1030 3995 1130 4034 Sigillo.

244 4138 315 4165 Tom-
335 4137 383 4168 IV.
410 4137 443 4167 P.
460 4138 508 4168 IV.

1296 223 1783 275 PUBLICA.
2231 242 2304 290 '¹93

1296 404 1345 434 De
1367 402 1614 435 communicando
1636 416 1704 436 cum
1729 408 1939 452 Commissatriis
1962 411 2054 441 Ducis
2080 411 2249 441 Britannice.

1267 485 1351 538 RE
1364 485 1413 523 x,
1433 485 1552 531 Djieciis
1565 487 1599 532 sc
1615 488 1740 532 fideii-bus
1759 490 1828 534 suis,
1849 490 1986 536 Magistro
2001 491 2149 537 wari-fimo
2167 492 2306 532 Lynwode
2325 486 2397 517 Arm·
2411 480 2452 517 D.

1346 524 1466 554 Custodi
1482 525 1585 568 Privati
1603 526 1691 564 sigilli
1711 528 1816 565 nostri,
1836 529 1974 569 Magistro
1993 529 2139 566 Regmaldo
2155 531 2307 560 Kentwnde
2345 534 2430 564 ¹433-

1255 557 1377 591 Decano
1396 562 1529 594 Ecclei-iae
1547 564 1718 595 Cathedralis
1739 566 1832 596 Sanc‘ti
1859 568 1937 598 Pauli
1958 568 2135 606 Londoniae‚
2163 569 2310 599 Willielm'o
2325 567 2373 591 An.
2398 573 2439 592 ¹¹·-

1256 598 1379 638 Estsda',
1394 600 1521 639 Johanni
1546 602 1660 642 Wllys,
1681 603 1818 642 Magistro
1831 605 1936 635 Thomae
1953 607 2107 646 Bekyngton
2127 606 2253 638 officiali
2273 607 2308 638 de
2326 606 2358 629 H·
2380 603 2407 627 ⁶·

1258 637 1388 668 Arcubus
1411 639 1590 679 Londoniae,
1609 640 1729 671 Waltero
1751 642 1815 672 Pale
1836 643 1942 683 Militi,
1966 645 1999 674 &
2023 645 2162 683 Magistro
2183 645 2310 683 Johanni
2325 644 2456 667 mefl‘*

1258 677 1350 705 Stokes
1357 700 1367 713 ,
1386 677 1520 707 Salutem.

1294 713 1392 752 Cum,
1411 725 1511 753 praeter
1525 718 1559 748 ὃς
1574 725 1672 748 contra
1690 716 1793 747 Pacem
1808 719 1919 749 finalem
1934 721 1966 751 ὃ(
1984 726 2162 760 perpetuam,

1297 755 1375 782 Inter
1387 756 1463 791 Nor,
1486 754 1603 794 Ligeos,
1622 758 1654 786 &
1670 757 1800 786 Subditos
1817 757 1944 796 nostros,
1965 760 2015 796 &,
2034 758 2203 790 carissimum
2216 759 2315 790 Avun'-

1260 791 1498 832 culum-nostrum
1508 815 1517 830 ,
1535 793 1692 831 Johannem
1708 797 1809 824 Ducem
1826 798 1980 826 Britanniae
1990 821 2000 835 ,
2018 807 2050 827 ac
2064 798 2236 829 Subditos&
2247 796 2315 829 Vai-

1262 829 1339 858 {allos
1355 832 1415 859 iuos
1429 830 1565 861 firmatam
1575 854 1584 869 ‚

1300 866 1383 897 Plura
1395 869 1430 910 .&
1446 868 1549 900 diversa
1565 870 1736 907 Attemptata
1751 871 1874 907 (utpote)
1889 871 2052 903 Homicidia
2062 896 2071 910 ,
2088 873 2316 911 Captivationes,

1263 904 1298 934 ὅ(
1315 904 1561 943 Imprisonamenta
1576 907 1741 938 Hominum
1751 931 1760 946 ,
1777 909 1931 947 Captiones
1945 912 1976 940 ὃς
1986 911 2168 947 Spoliationes
2178 912 2319 950 Navium,

1265 942 1410 986 Bonorum
1419 967 1428 982 ,
1437 946 1469 975 &
1481 944 1718 975 Mercandisarum
1728 969 1738 984 ,
1753 957 1785 977 ac
1799 948 1849 977 alia
1858 947 1987 987 Dampna
1995 971 2005 986 ‚
2024 949 2150 987 injuriae,
2168 950 2200 980 &
2209 949 2318 981 Grava-

1267 991 1342 1012 mina
1359 982 1430 1012 faeta
1445 983 1498 1013 sint
1511 985 1545 1014 ὃ(
1560 992 1728 1022 perpetrata,

1304 1019 1362 1050 Pro
1375 1030 1498 1058 quorum
1515 1022 1730 1052 Reformatione
1737 1023 1881 1060 praedic‘lur
1897 1023 2061 1054 Avunculus
2081 1025 2166 1064 noster
2182 1035 2271 1055 certos
2285 1026 2319 1056 &

1266 1058 1394 1095 speciales
1410 1058 1624 1090 Commissnrios
1636 1061 1668 1090 ὃς
1685 1060 1819 1091 Nuncios
1832 1063 1893 1092 suos
1903 1085 1912 1100 ,
1928 1073 1980 1100 pro
1995 1073 2070 1100 parte
2084 1064 2144 1100 sua,
2160 1064 2193 1092 ad
2202 1063 2321 1094 (Ic-rive-

1269 1097 1403 1126 niendum
1414 1120 1422 1134 ,
1440 1098 1653 1136 Traeiandum,
1669 1099 1945 1139 Appuncstuandum,
1960 1111 1992 1131 ac
2007 1101 2121 1132 finaliter
2138 1101 2321 1131 Concluden-

1270 1144 1357 1172 num,
1376 1134 1592 1174 Decidendum,
1614 1138 1646 1167 &
1672 1137 1929 1169 Determinandum
1953 1148 2020 1169 cum
2046 1138 2249 1170 Commiffariis
2276 1139 2322 1170 seu

1270 1172 1419 1211 Deputatis
1433 1174 1546 1212 nostris,
1564 1176 1618 1212 jam
1635 1176 1824 1215 tranimiserit,

1308 1210 1392 1249 Nos,

1309 1250 1370 1288 Qii
1386 1250 1489 1280 Pacem
1505 1251 1667 1288 praedictam
1684 1253 1711 1282 in
1729 1255 1879 1291 omnibus,
1896 1262 2031 1292 quantum
2053 1256 2081 1285 in
2096 1255 2178 1285 nobis
2196 1254 2254 1293 est,
2270 1265 2324 1285 vo-

1271 1286 1362 1317 lumus
1377 1290 1409 1318 &
1425 1289 1589 1319 affectamus
1602 1290 1794 1321 inviolabiliter
1816 1293 1973 1331 observari,

1310 1325 1401 1371 Vobis
1420 1327 1552 1364 Septem,
1578 1327 1650 1365 Sex,
1669 1329 1825 1367 Quinque,
1847 1331 1991 1369 Quatuor,
2007 1331 2129 1368 Tribus,
2148 1332 2181 1362 &
2203 1331 2326 1362 Duobus

1272 1364 1417 1433 κύεῑῖῐυῐη,
1442 1375 1566 1404 quorum
1589 1376 1656 1404 vos,
1673 1368 1788 1404 praefate
1814 1368 1964 1399 Wdlaelme
1985 1371 2142 1408 Lynwode,
2160 1379 2250 1400 unum
2269 1369 2326 1400 esse

1303 1413 1321 1432 0
1333 1413 1430 1441 umus,

1312 1440 1361 1471 De
1384 1451 1506 1480 quorum
1525 1441 1653 1474 fidelitate
1670 1466 1680 1480 ,
1703 1443 1956 1483 circumspefflone
1979 1446 2106 1484 provida,
2135 1444 2167 1477 δε
2192 1445 2328 1477 Industria

1274 1480 1387 1518 plenam
1402 1480 1533 1510 fiduciam
1546 1491 1565 1510 o
1585 1482 1706 1512 tinemus
1717 1505 1726 1519 ,

1312 1517 1527 1549 Cottimittimus
1576 1521 1632 1549 ices
1653 1519 1774 1558 nostras,
1800 1530 1833 1551 ac
1851 1520 1978 1560 plenam,
1997 1522 2113 1553 Tenore
2131 1521 2327 1560 praesentium,

1276 1557 1499 1594 Aueionraiem,
1520 1557 1689 1588 Potestatem
1700 1581 1709 1596 ,
1726 1560 1758 1589 &
1776 1559 1942 1589 Mandatum
1965 1561 2077 1598 speciale
2092 1561 2124 1590 ad
2144 1560 2329 1591 Convenien-

1275 1594 1345 1625 dum
1362 1605 1429 1625 curn
1446 1595 1652 1626 Commissarii's
1660 1597 1783 1634 praedieli
1797 1597 1941 1627 Avunruli
1953 1597 2052 1636 nostri,

1314 1634 1360 1663 Ac
1378 1633 1413 1662 de
1437 1635 1469 1664 ὃ(
1492 1635 1568 1671 super
1590 1635 1817 1673 quibuscumque
1839 1637 2032 1674 Attemptatis,
2050 1637 2116 1666 binc
2133 1637 2214 1673 inde,
2233 1646 2331 1667 contra

1277 1670 1382 1700 Pacem
1398 1672 1579 1710 medietarii,
1596 1674 1692 1710 facitis,
1709 1683 1822 1703 necnon
1842 1675 1878 1705 de
1900 1675 1932 1705 &
1958 1675 2036 1712 liiper
2059 1674 2162 1704 Mediis
2181 1677 2331 1711 congruis,

1277 1710 1334 1739 tam
1350 1719 1403 1748 pro
1420 1709 1608 1747 Reparatione
1625 1711 1862 1749 Attemptarorum
1887 1712 2059 1751 hujusmodi,
2078 1714 2162 1751 quarn
2179 1713 2332 1743 Seciiritate

1276 1748 1310 1816 {f
1329 1747 1525 1816 Sgtabillimento
1539 1748 1619 1780 Pacis
1638 1749 1781 1787 praedic‘kae
1795 1751 1824 1780 in
1840 1751 1981 1789 futurum,
2000 1750 2284 1781 Communicandum
2297 1752 2331 1782 &

1308 1796 1336 1815 ra
1368 1797 1401 1816 an
1424 1797 1490 1825 um,

1313 1825 1359 1854 Ac
1374 1825 1410 1855 de
1423 1826 1455 1856 ὃς
1473 1826 1501 1856 su
1523 1835 1553 1855 er
1567 1825 1668 1857 eisdem
1690 1825 1926 1865 Procedendum,
1945 1827 2226 1866 Appunefflandum,
2251 1827 2334 1857 Con-

1277 1862 1470 1930 cludjendum,
1524 1864 1710 1903 ecidendum,
1729 1865 1979 1905 Sententiandum‚
1997 1868 2030 1898 ὃς
2048 1866 2162 1897 finaliter
2186 1866 2334 1896 Determi-

1276 1910 1330 1931 nan
1354 1911 1419 1939 um,

1313 1939 1613 1979 Deliberationemque
1628 1940 1748 1972 celerem
1767 1941 1931 1980 Corporum
1946 1952 2195 1981 quorumcumque
2209 1941 2335 1972 indebite

1278 1976 1466 2014 Captivorum
1485 1980 1517 2009 &
1535 1978 1785 2018 Imprisonatorum
1796 2003 1805 2018 ,
1822 1991 1854 2010 ac
1872 1981 2093 2011 Restitiitioiiem
2110 1981 2258 2018 Navium,
2275 1979 2334 2010 Bo-

1278 2026 1403 2053 norum,
1422 2017 1455 2048 &
1471 2016 1729 2056 Mercandisarum,
1745 2018 1812 2048 hinc
1828 2018 1891 2049 inde
1906 2020 2002 2049 debite
2020 2020 2198 2057 faciendum,

1316 2053 1484 2092 Caeteraque
1501 2057 1600 2086 omnia
1618 2057 1650 2086 ὃς
1668 2056 1785 2094 singula,
1803 2058 1832 2086 in
1847 2057 1995 2087 Praemiffis
2009 2058 2041 2088 &
2055 2060 2128 2088 circa
2143 2068 2174 2088 ea
2187 2057 2336 2088 neceffiiria

1277 2093 1323 2123 {eu
1336 2093 1554 2132 quomodolibet
1567 2103 1725 2132 oportuna,
1744 2094 1959 2126 Excercendum
1974 2095 2337 2134 &Expedieiidum,prout

1274 2131 1352 2170 juxta
1369 2130 1454 2170 Vim,
1474 2132 1627 2171 Formam,
1645 2133 1678 2163 ὃς
1698 2132 1846 2164 Εἱῐεᾶυῐη
1870 2133 1950 2165 Pacis
1973 2134 2117 2172 praediistae
2136 2134 2335 2165 rationabiliter

1278 2170 1362 2201 fuerit
1378 2169 1556 2208 faciendum,

1318 2207 1518 2238 Promittentes
1538 2208 1605 2239 Nos
1618 2208 1747 2247 Rarum,
1764 2209 1906 2248 Gratum,
1924 2210 2070 2248 Firmum,
2093 2211 2125 2240 &
2141 2208 2245 2241 Stabile
2259 2208 2336 2239 habi-

1281 2254 1359 2276 turos
1373 2255 1466 2277 totum
1483 2247 1516 2277 &
1536 2248 1671 2284 quicquid
1692 2257 1739 2284 per
1757 2247 1818 2277 Vos
1838 2248 1971 2287 Septem,
1989 2249 2060 2285 Sex,
2083 2249 2237 2287 Qn'nque,
2290 2258 2336 2278 ua-

1280 2293 1361 2322 tuor,
1376 2284 1467 2321 Tres,
1483 2294 1529 2315 aut
1551 2285 1635 2315 Duos
1658 2284 1783 2315 vestrum
1807 2286 1942 2323 (quorum
1965 2296 2035 2324 νος,
2055 2294 2168 2324 prcerare
2191 2285 2285 2316 Willie
2296 2296 2337 2315 me

1279 2323 1437 2366 Lynwode,
1457 2333 1544 2367 unum
1556 2324 1611 2354 efle
1627 2324 1777 2367 Volumus)
1788 2324 1915 2367 Aetum,
1933 2324 2074 2363 Gestum,
2093 2324 2338 2356 Conclusumfue-

1281 2371 1315 2392 rit
1316 2361 1397 2430 1,ηῇ
1402 2360 1637 2436 ⁸JUDSe’terminatum
1651 2372 1681 2392 in
1696 2360 1853 2393 Praemiffis.

1335 2409 1422 2469 Testle
1435 2438 1517 2478 Rege
1531 2437 1604 2476 apud
1619 2437 1891 2479 westmonasterium,
1909 2441 1974 2473 xxiv
1988 2440 2034 2472 die
2049 2439 2155 2471 Mai-tii.

1993 2512 2045 2540 Per
2060 2508 2209 2539 Concilium.

1430 2636 1450 2655 *
1469 2636 1516 2667 De
1541 2633 1682 2680 Requestu
1704 2645 1742 2666 ex
1757 2644 1844 2680 parte
1866 2634 1997 2680 Episcopi
2019 2633 2181 2667 Londoniae.

1285 2717 1426 2775 REX,
1444 2718 1576 2765 universis
1591 2720 1624 2750 &
1645 2719 1756 2764 singulis
1772 2718 1968 2757 Principibus,
1988 2718 2136 2758 Ducibus,
2157 2718 2339 2750 Marchioni-

1361 2758 1434 2795 bus,
1453 2757 1617 2788 Comitibus
1656 2759 1715 2788 ἃς.
1733 2757 1868 2787 Salutem.

1322 2794 1419 2833 Cum,
1440 2794 1609 2826 Venerabilis

2327 681 2360 705 H.
2376 677 2404 705 6.

2324 725 2361 747 m.
2379 723 2407 750 7.

2359 2633 2414 2659 ῆς.
2424 2634 2489 2667 54⁶·

2360 2715 2487 2746 Ann.D.

2377 2763 2464 2793 ¹433·

1624 2779 1704 2825 Pater
1714 2818 1722 2833 ,
1740 2795 1871 2825 Robertus
1885 2794 2026 2834 Epifiopus
2039 2795 2200 2832 Londoniae,
2220 2797 2247 2825 in
2265 2795 2337 2825 Am-
2353 2796 2404 2819 Αιι-
2427 2802 2471 2820 1¹·

1283 2832 1397 2864 baffiata
1413 2833 1526 2873 nostra,
1543 2835 1577 2864 ad
1590 2833 1720 2864 Generale
1734 2833 1876 2864 Concilium
1892 2834 2037 2873 Bafilzense
2057 2835 2082 2863 ie
2092 2834 2215 2864 conferet
2227 2835 2254 2863 in
2266 2843 2338 2872 prae-
2355 2835 2387 2857 H·
2399 2832 2430 2858 6-

1283 2871 1348 2902 senti

1322 2895 1383 2940 Vt’is
1400 2909 1520 2940 Amicos
1540 2911 1572 2940 &
1590 2910 1739 2940 Benivolos
1753 2908 1862 2939 nostros
1880 2917 2028 2946 rogamus,
2046 2919 2078 2939 ac
2095 2908 2231 2939 Ministris
2245 2910 2277 2940 ὃ(
2292 2909 2339 2939 Fi-

1283 2947 1389 2978 delibus
1404 2948 1521 2985 nostris,
1539 2948 1656 2978 firmiter
1670 2947 1862 2986 injungendo,
1881 2948 2061 2984 praecipimus
2077 2949 2221 2985 quatinus,

1321 2986 1443 3015 Eundem
1456 2985 1636 3016 Venerabilem
1650 2987 1779 3023 Patrem,
1798 2986 1868 3015 cuin
1881 2994 1946 3014 eum
1969 2995 2014 3023 per
2031 2985 2148 3024 Regna,
2168 2986 2340 3024 Territoria,

1285 3023 1380 3061 Loca,
1399 3024 1552 3062 Dominia,
1572 3023 1739 3061 Distu-istus,
1756 3023 2008 3061 &Jurisdictiones
2022 3023 2126 3062 vestra,
2146 3034 2194 3061 pei·
2207 3025 2338 3062 Terram,

1284 3063 1328 3093 vel
1346 3072 1394 3100 per
1411 3063 1538 3100 Aquam,
1556 3063 1667 3092 tranlire
1684 3063 1855 3101 contigerit,
1870 3060 1974 3091 nostrae
1984 3061 2212 3092 conliderationis
2228 3064 2340 3101 intuitu,

1286 3100 1550 3131 recommendatum
1565 3100 1699 3130 habentes
1708 3123 1716 3137 ,

1324 3138 1433 3177 Ipsum,
1450 3148 1519 3169 cum
1535 3138 1674 3176 Famulis‚
1694 3138 1796 3186 Equis,
1815 3137 1928 3175 Rebus,
1946 3137 2049 3175 Bonis,
2067 3139 2099 3170 &
2115 3138 2254 3169 Hernesiis
2276 3139 2341 3177 suis,

1287 3176 1373 3207 libere
1386 3178 1418 3208 &
1434 3177 1534 3215 absque
1550 3176 1756 3215 impedimento
1775 3187 1819 3206 ieu
1832 3177 2038 3213 perturbatione
2050 3186 2341 3216 quacumque,trans—‘

1288 3216 1328 3245 ire
1349 3216 1525 3252 permittatis,
1542 3216 1599 3245 sine
1620 3214 1767 3245 Solutione
1781 3214 1885 3252 Dacii,
1905 3214 2031 3252 Pedagst,
2052 3215 2193 3253 Gabellae‚
2223 3225 2269 3246 aut
2290 3216 2340 3245 ali-⁴

1289 3252 1344 3290 qui
1356 3254 1508 3291 aperitione
1520 3253 1675 3283 Literarum
1684 3253 1808 3290 suarum,
1827 3262 1940 3282 necnon
1954 3253 2058 3283 salvum
2073 3253 2106 3283 ὃς
2121 3253 2248 3284 securum
2257 3253 2340 3284 Con-

1288 3292 1408 3322 duCtum
1425 3291 1492 3329 sibi,
1509 3292 1526 3321 ii
1539 3291 1648 3322 necesie
1663 3291 1761 3329 fuerit,
1778 3291 1827 3321 suis
1842 3291 2010 3328 sumptibus,
2028 3291 2130 3321 faciatis
2143 3293 2260 3330 habere,

1328 3329 1364 3360 Et
1379 3329 1396 3358 si
1417 3329 1484 3367 quid
1496 3330 1562 3367 sibi,
1581 3330 1609 3359 in
1626 3329 1762 3367 Persona,
1783 3328 1897 3366 Rebus,
1912 3338 1958 3359 aut
1978 3329 2058 3367 alias,
2076 3328 2238 3364 Iniuriarum
2259 3331 2341 3361 fuerit

1289 3367 1379 3404 (quod
1393 3368 1542 3406 nollemus)
1563 3368 1591 3397 id
1613 3368 1724 3398 indilate
1744 3370 1895 3398 reformare
1915 3368 2014 3398 curetis
2035 3367 2136 3398 nostris
2161 3368 2290 3399 Precibus
2307 3370 2340 3400 ὃς

1292 3406 1399 3436 Amore

1326 3443 1385 3474 Pro
1398 3428 1457 3483 quo
1469 3445 1552 3474 vobis
1568 3443 1675 3474 Amicis
1690 3444 1722 3475 &
1735 3443 1873 3474 Benivolis
1889 3442 1989 3473 nostris
2004 3443 2145 3482 specialius
2159 3446 2243 3475 teneri
2260 3444 2341 3473 volu-

1292 3492 1372 3519 mus,
1388 3491 1469 3521 atque
1484 3481 1596 3520 vestris,
1612 3484 1680 3512 cum
1701 3483 1734 3512 ad
1755 3481 1961 3512 Dominiorum
1977 3482 2137 3513 nostrorum
2159 3483 2238 3513 Loca
2254 3482 2341 3512 decli-

1291 3521 1435 3558 naverint,
1454 3520 1590 3550 Favorem
1604 3521 1778 3551 consimilem
1792 3520 1932 3550 faciemus.

1331 3558 1363 3588 In
1378 3559 1454 3595 cujus
1465 3581 1473 3595 ,
1491 3559 1551 3590 δῖε.
1571 3568 1618 3596 per
1635 3569 1722 3588 unum
1739 3559 1856 3588 Annum
1872 3560 2019 3588 duraturas.

1346 3596 1436 3627 Teste
1453 3596 1533 3636 Rege
1547 3596 1619 3635 apud
1634 3596 1888 3636 Westmonasterium
1897 3619 1906 3634 ,
1925 3597 2061 3627 viceiimo
2069 3597 2174 3627 octavo
2183 3597 2228 3627 die
2238 3596 2340 3627 Martii⁴

1763 3667 1816 3695 Per
1834 3668 1926 3695 Breve
1944 3665 1975 3695 de
1997 3667 2112 3695 Privato
2129 3665 2225 3703 Sigillo.

1370 3796 1418 3829 De
1443 3793 1581 3827 Generali
1606 3796 1772 3828 Attornatu
1785 3820 1794 3835 ‚
1814 3805 1869 3840 pro
1892 3793 2110 3839 Archiepiscopo
2132 3791 2280 3828 Eborum.

1356 3878 1508 3910 Enerabilis
1519 3878 1601 3910 Pater
1617 3878 1760 3923 Jqlcannes
1775 3876 1989 3920 Arckiepifiopur
2007 3877 2143 3914 Eborum,

1380 3918 1473 3986 stQ'i'
1490 3918 1527 3948 de
1542 3919 1669 3948 Licentia
1683 3918 1782 3957 Regis,
1801 3920 1889 3947 verius
1906 3916 1996 3947 Partes
2007 3917 2196 3947 tranimarinas
2209 3910 2352 3955 profestu-

1301 3964 1347 3985 rus
1363 3965 1378 3986 e
1412 3979 1422 3993 ,

1337 3994 1435 4061 Haget
1451 3994 1553 4025 Literas
1563 3993 1653 4033 Regis
1665 3994 1701 4025 de
1714 3992 1845 4024 Generali
1861 3993 2025 4029 Atrornatu,
2043 3988 2095 4026 &c
2120 4001 2169 4029 per
2190 4003 2278 4025 unum
2293 3995 2354 4026 Ari-

1304 4040 1373 4063 num
1406 4042 1533 4063 uraturas.

1333 4071 1425 4103 -Teste
1443 4070 1524 4110 Rege
1537 4070 1608 4111 apud
1623 4068 1896 4111 Wstmonasterium‚
1917 4068 2009 4107 primo
2022 4068 2068 4099 die
2084 4067 2193 4106 Aprilis.

1815 4134 1838 4167 B
1847 4137 1867 4167 b

2354 2873 2457 2896 francs
2466 2876 2488 2895 ιἓ

2357 2911 2391 2936 H.
2405 2908 2433 2934 6.

2358 2955 2392 2972 m.
2406 2954 2447 2972 ιε.

2368 3883 2443 3914 ΑΠΠ·
2458 3878 2499 3909 D⁴

2391 3927 2475 3958 1433-

2372 3965 2408 3986 Α,
2442 3966 2484 3984 ix.

2372 4002 2403 4025 H.
2421 3996 2446 4022 6.

2397 4032 2454 4061 md
2463 4039 2505 4061 m.

2314 4135 2368 4175 Ja-
