2562 4274
213 150 292 179 200

60 223 136 255 Ann.
156 221 195 253 D.
211 223 248 253 de
272 229 326 253 eux
347 221 514 260 transportet
535 228 570 250 en
593 217 618 249 la
633 216 756 249 Marche
771 217 808 248 de
824 216 974 248 Flaundres
988 226 1029 247 ou
1042 215 1104 245 bon
1123 213 1182 244 leur
1204 212 1276 243 sem-

63 270 175 337 Hgtlllg:
213 262 433 336 bl‘lgssllloeques
448 296 572 334 ovesque
585 303 674 331 ceux,
684 295 732 332 qui
747 294 854 325 serront
867 293 995 324 Ordenes
1009 291 1278 328 &Deputeez,pur

215 338 240 369 la
259 338 339 382 923³st
351 336 502 381 desusdite‚
521 344 568 373 par
583 334 610 364 le
625 337 684 363 Duc
699 333 731 362 de
744 336 908 371 Burgoigne,
925 334 1050 372 teignent
1067 331 1126 360 leur
1151 329 1223 368 Sege
1242 328 1276 358 &-

214 376 453 444 Jugidelrlsthssldutz
477 411 606 449 Plaintz,
626 410 795 448 Cimonis,
816 412 850 442 ὃς
872 408 1047 447 Requestes,
1066 417 1121 444 que
1141 407 1203 437 lour
1223 407 1277 437 ser-

217 462 283 483 ront
304 453 372 482 faitz
394 451 429 482 de
453 459 535 481 toutz
555 458 627 480 ceux
645 451 694 488 qui
711 457 810 480 auront
823 448 879 479 este
895 449 1027 478 Domina
1047 454 1096 483 ez,
1118 456 1154 476 en
1170 446 1278 483 Terre,

216 492 249 520 &
274 501 310 521 en
331 490 426 528 Mier,
442 499 490 527 par
513 490 587 519 l'une
607 487 700 518 Partie
721 489 740 507 ²*
764 497 803 517 ou
822 497 869 524 par
894 487 1004 522 l'autre,
1042 493 1139 515 urantz
1156 484 1200 514 lez
1219 484 1280 528 ditz

217 529 352 566 Treuez,
375 539 410 559 en
437 528 500 558 lour
525 528 639 557 faisantz
659 527 725 557 faire
748 527 853 564 plainer
877 524 1051 556 Restitution
1073 523 1108 553 de
1134 523 1193 553 leur
1208 522 1278 555 dites

217 567 338 604 Parties,
353 567 419 597 ainsi
434 577 489 604 que
502 567 538 596 de
551 566 638 596 railon
651 573 782 603 apparten
790 587 800 602 ,

256 606 292 636 Et
306 607 342 636 de
357 614 439 636 toutz
454 605 618 642 Attemptaz
633 605 840 641 quelconques,
860 600 942 637 faitz,
961 602 994 632 &
1008 610 1023 630 a
1047 600 1131 638 faire,
1147 603 1281 641 cognois-

215 645 275 675 sent
290 645 323 675 ὃς
339 644 433 675 facerit
449 644 517 674 faire
530 643 652 679 Reparat
669 641 812 680 condigne
832 641 865 671 &
886 639 1021 677 suffisant,
1039 649 1074 669 en
1094 640 1209 671 faisantz
1228 651 1280 672 aux

216 683 322 714 Parties
341 682 544 713 sommerment
564 682 597 712 &
617 681 653 710 de
673 681 779 718 pleins,
797 680 854 709 sans
869 679 937 718 long
957 679 1079 717 Proces,
1095 689 1134 710 ou
1158 679 1282 719 Figure,

216 731 256 752 ou
265 721 436 761 jugement,
455 722 513 751 bon
530 721 562 751 &
579 720 656 749 brief
664 719 770 755 Droit,
790 729 825 749 en
839 717 914 748 tielle
928 727 1039 747 manere
1064 728 1118 755 que
1141 718 1199 748 null
1220 719 1284 750 n'ait

216 761 295 793 cause
314 761 379 791 d‘en
401 761 479 791 venir
493 758 600 790 Plantis
618 758 718 790 devers
739 757 825 787 Nous
840 766 877 788 en
893 756 989 787 nostre
1005 755 1117 786 Courte
1130 756 1280 789 Souverai-

217 809 368 867 nes’urveu
393 845 476 868 toutz
503 836 581 867 voies
607 845 661 873 que
684 835 722 865 les
745 834 905 872 Commys,
933 832 969 863 de
991 843 1040 871 par
1063 831 1087 862 le
1114 833 1157 862 dit
1173 837 1234 863 Duc
1251 835 1284 864 de

218 879 384 914 Burgoi'gne,
402 877 494 906 facerit
510 874 699 912 pareillement
715 873 750 902 de
762 873 825 902 lour
839 881 907 908 part.

257 915 305 959 De
321 925 355 945 ce
369 915 436 945 faire
452 915 515 944 lour
532 913 677 943 Donnons
691 911 790 948 Poair,
811 910 976 947 Auelorite,
992 909 1024 939 ἃ
1036 908 1228 941 Mandement
1241 920 1285 941 es-

217 953 405 1022 Pe‘lvllzlilillons
428 991 462 1021 &
489 988 708 1032 Commandons
732 997 746 1017 a
766 995 836 1017 touz
850 994 910 1016 noz
922 984 1074 1024 Justicers,
1092 986 1234 1026 OfficerS,
1252 989 1286 1020 &

219 1030 362 1072 Subgiez‚
381 1030 414 1059 &
435 1039 450 1057 a
470 1028 588 1058 chalcun
608 1027 710 1062 d'euit,
729 1026 866 1056 sicomme
891 1035 906 1054 a
929 1025 974 1064 luy
989 1034 1139 1065 apparten,
1157 1036 1213 1065 que
1234 1035 1287 1058 aux

220 1068 395 1104 deflusdites,
415 1067 545 1120 Thomas,
564 1065 662 1104 John,
680 1062 895 1133 JthZBJohn,
903 1062 1287 1135 gegghtrlztzeffyigrlthssua-

221 1105 554 1175 ἷέἷὸῂῖἷὲοᾶὲᾶῗᾱῖἷὲξ
564 1104 730 1173 ἰςεὸἓιῗαέἓέξ
747 1111 889 1184 ἀῆεῃέιῖἓζῗ
904 1112 1056 1171 Οῡεῑῆὲηι
1069 1126 1111 1172 &'
1126 1114 1289 1175 Emessgssss}

220 1183 432 1222 diligealment,
449 1184 482 1214 &
508 1183 570 1212 lour
593 1181 716 1220 prestent
737 1181 769 1211 &
791 1179 906 1210 baillent
919 1179 1053 1218 Conseil,
1072 1180 1216 1220 Consort,
1235 1182 1290 1214 So-

223 1232 312 1261 cour‚
332 1222 465 1259 Presens,
481 1221 514 1251 &
531 1219 622 1258 Aide,

263 1261 300 1292 Et
323 1260 412 1291 Nous
430 1258 630 1296 Promettons‚
649 1268 684 1290 eri
706 1258 783 1288 bone
805 1256 888 1296 foye,
913 1257 946 1288 &
966 1267 1003 1288 en
1024 1256 1125 1301 Parole
1146 1258 1185 1289 du
1206 1258 1292 1299 Roy,

227 1301 308 1331 avoir
331 1299 432 1329 Ferme
453 1299 487 1330 &
505 1297 648 1342 'Agreable
668 1305 730 1326 tout
752 1305 825 1346 ceo,
843 1305 898 1363 (fue
918 1305 965 1334 par
986 1305 1044 1340 non
1063 1296 1123 1326 ditz
1147 1296 1292 1336 Commys

227 1348 255 1368 5
275 1337 383 1368 Choses
407 1336 570 1373 desusdites,
589 1337 622 1366 &
638 1335 759 1366 chascun
781 1334 852 1365 dice
863 1334 918 1369 les,
934 1335 996 1364 lour
1016 1334 1235 1366 Circumstances
1257 1338 1291 1369 ὃς

225 1376 435 1413 Dependent-i,
458 1385 524 1406 aure
547 1374 605 1405 este
630 1374 704 1412 Fait,
734 1373 915 1410 Pronuncie,
939 1372 1024 1412 Jugie
1038 1396 1047 1411 ,
1072 1374 1105 1404 ὃς
1124 1374 1292 1414 Sentencie,

223 1415 398 1459 &Ratifier
420 1424 468 1453 par
489 1422 549 1444 noz
573 1413 680 1444 Lettres
694 1435 704 1451 ,
733 1412 752 1442 fi
773 1410 876 1441 mester
906 1410 947 1440 est
965 1436 975 1449 ,
999 1412 1033 1442 δε
1052 1412 1084 1442 ils
1105 1422 1141 1443 en
1161 1413 1224 1445 sont
1248 1424 1292 1445 re-

224 1464 311 1523 ςυὲἦ
334 1491 566 1529 Tesmoignance
589 1490 624 1521 de
636 1499 690 1521 ceo
705 1489 792 1519 Nous
808 1498 896 1519 avons
912 1488 960 1519 fait
975 1497 1077 1521 mettre
1091 1489 1185 1521 nostre
1199 1491 1263 1522 Seel
1277 1501 1292 1522 a

220 1530 504 1608 rcelegl-itlsiinZdj'ng
523 1568 549 1599 le
564 1567 664 1598 Disme
677 1566 750 1606 Jour
765 1565 801 1596 de
816 1564 896 1604 May.

1004 1608 1062 1636 Par
1081 1606 1105 1637 Ie
1122 1609 1186 1648 Roy.

64 488 82 504 ⁴'
103 487 156 515 IX.

66 535 132 562 453-

270 1743 328 1773 Pro
344 1737 496 1786 Magistro
516 1737 636 1772 Roberto
653 1738 688 1771 de
708 1738 867 1773 Tuilliers,
895 1740 930 1775 &
953 1736 1096 1783 Johanne
1113 1736 1253 1787 Chomery

494 1791 659 1821 Secretario
676 1790 773 1822 Ducis
787 1786 1003 1831 Aurilanenfis.

81 1884 158 1917 Ann.
174 1884 215 1915 D.

102 1933 185 1962 1417.

81 1968 132 1993 An.
151 1974 176 1999 5.

233 1874 347 1931 REX
361 1884 409 1913 per
426 1874 530 1905 Literas
544 1874 601 1905 suas
614 1874 741 1905 Patentes
756 1874 842 1912 usque
858 1874 983 1911 primum
1000 1873 1077 1905 diem
1098 1873 1176 1913 Junii
1199 1876 1294 1912 proxi-

305 1916 358 1945 mo
377 1913 503 1944 futurum
527 1913 685 1950 duraturas,
702 1913 818 1950 suscepit
840 1913 869 1942 in
885 1912 991 1942 salvum
1011 1914 1044 1944 ὃ(
1067 1912 1196 1943 securum
1210 1912 1296 1944 Con-

233 1950 354 1983 ductum
368 1953 447 1983 suum
459 1975 467 1990 ,
485 1962 516 1982 ac
535 1953 562 1981 in
578 1952 809 1989 Protec'tionem,
827 1951 996 1981 Tuitionem
1007 1974 1016 1989 ,
1034 1951 1067 1982 δε
1089 1950 1296 1984 Defensionem

235 1991 292 2023 suas
320 1991 466 2029 speciales,
492 1989 665 2027 Magistrum
692 1990 838 2019 Robertum
857 1989 889 2018 de
916 1989 1056 2027 Tuilliers,
1083 1990 1116 2020 &
1136 1990 1298 2028 Johannem

236 2030 364 2070 Chomery
396 2029 584 2060 Secretarium
618 2031 702 2058 Ducis
720 2028 926 2058 Aurelianents
950 2028 1097 2058 Prisonarii
1124 2028 1210 2068 Regis
1224 2053 1233 2068 ,
1268 2031 1298 2060 in

236 2068 344 2106 Regno
359 2068 445 2107 Regis
460 2067 570 2105 Anglirr:
587 2069 641 2103 iam
656 2067 821 2105 existentes,
831 2077 863 2097 ac
910 2076 992 2097 ecem
1004 2066 1136 2097 Personas
1153 2069 1182 2097 in
1198 2078 1299 2099 eorum

237 2106 404 2145 Comitiva,
430 2106 522 2137 versus
541 2115 629 2145 partes
647 2105 876 2143 Tranfiriarinas,
903 2115 971 2136 cum
992 2105 1091 2144 Bonis,
1120 2105 1217 2137 Rebus
1230 2130 1239 2144 ,
1266 2109 1300 2139 ὅ(

233 2146 379 2216 ὲ-Ιεῐῃεῦὶε
396 2145 447 2175 suis
463 2145 702 2183 quibuscumque,
720 2144 796 2176 salvo
812 2145 844 2176 ὃ(
861 2144 958 2175 secure
981 2144 1078 2175 eundo
1099 2146 1133 2177 ὅ(
1158 2146 1300 2177 transeun-

254 2195 290 2215 Ο.

273 2209 392 2254 f'roviso
407 2221 515 2260 semper
530 2222 607 2259 quod
623 2220 725 2258 iidem,
744 2220 872 2251 Robertus
884 2222 915 2252 &
937 2220 1099 2260 Johannes,
1114 2231 1146 2251 ac
1168 2222 1300 2255 Personae

232 2261 377 2331 prziedic‘tae
393 2262 546 2331 qu‘isccquam
555 2285 564 2298 ,
580 2258 640 2295 ὠς.
655 2267 686 2289 ut
703 2259 869 2301 infimilibus
881 2260 914 2289 de
928 2260 1065 2290 Candacen
1079 2263 1193 2292 Literis.

284 2311 302 2331 n
319 2310 413 2338 quuS,
465 2309 491 2331 c.

82 2025 168 2069 Frlmcl
186 2050 214 2075 5.

83 2084 116 2107 H⁴
128 2089 152 2114 5.
162 2090 196 2108 m.

85 2128 128 2153 19.

273 2376 367 2409 Teste
381 2376 463 2417 Rege
477 2376 550 2415 apud
566 2377 673 2417 Rcdyng
688 2377 805 2408 decimo
821 2376 867 2408 die
882 2376 963 2407 Maii.

871 2456 925 2484 Per
938 2454 1020 2493 ipfizm
1035 2457 1140 2492 Regem.

554 2582 611 2610 Pro
636 2577 780 2624 Johanne
801 2577 837 2610 de
860 2580 979 2610 Patria.

89 2675 166 2706 Am,
184 2671 228 2702 D⁶
245 2660 380 2718 REX,
396 2672 445 2700 per
460 2662 566 2710 Literas
580 2662 638 2692 suas
652 2663 798 2701 Parentes,
818 2663 903 2701 usque
919 2664 1043 2707 primurn
1063 2662 1141 2693 diem
1168 2663 1300 2701 Septem·

322 2701 378 2730 bris
401 2710 533 2738 proximo
558 2702 686 2731 futurum
706 2702 863 2739 duraturas,
881 2701 995 2739 suscepit
1013 2712 1043 2731 iri
1055 2701 1158 2732 salvum
1175 2703 1208 2733 &
1224 2703 1302 2732 secu-

90 2723 205 2788 Αὲψξῗ
241 2747 305 2768 rum
324 2737 512 2770 Conductum
528 2740 624 2778 suum,
643 2749 675 2770 ac
691 2740 718 2769 in
733 2739 961 2776 Proteffionem,
979 2740 1167 2779 Tuitionem,
1186 2742 1219 2771 ὅ(
1244 2740 1302 2771 De-

91 2796 125 2820 H·
146 2802 171 2826 5·
240 2776 397 2821 feiifionem
420 2778 476 2822 suas
498 2778 625 2816 speciales
640 2801 650 2816 ,
676 2778 802 2822 Fratrem
823 2778 983 2816 Johannem
1004 2779 1039 2807 du
1062 2780 1102 2807 Pa
1119 2790 1132 2808 s
1146 2801 1155 2816 ,
1182 2778 1302 2825 Ordinis

111 2831 174 2859 md·
239 2814 336 2846 saneti
353 2816 489 2854 Johannis
507 2816 678 2854 Jerusalem,
694 2817 756 2847 alias
776 2817 886 2847 dietum
906 2816 1066 2854 Johannem
1106 2829 1119 2846 e
1138 2820 1253 2856 Patria,
1272 2828 1300 2847 in

241 2854 348 2893 Regno
370 2854 458 2894 Regis
480 2855 608 2894 Angliae,
634 2865 701 2885 curn
729 2855 860 2894 Qiatuor
886 2854 1031 2893 Personis,
1050 2855 1253 2894 Equestribus,
1269 2857 1302 2887 &

240 2892 420 2924 Pedestribus
434 2917 444 2930 ,
470 2894 529 2931 jam
557 2894 722 2924 existentem
738 2917 747 2932 ,
774 2895 802 2923 in
824 2893 926 2925 eodem
949 2894 1054 2933 Regno
1076 2894 1165 2933 Regis
1188 2905 1303 2925 moran-

242 2931 282 2962 do
308 2931 342 2962 &
371 2931 601 2970 perhendinando
616 2955 625 2970 ,
658 2934 690 2963 ὃ(
721 2932 819 2962 exinde
845 2932 935 2963 versus
961 2942 1049 2970 partes
1070 2932 1279 2964 Transmarinas
1294 2957 1303 2972 ,

241 2979 306 3013 tamt
322 2979 378 3013 pert
392 2970 529 3013 Ter-ram)
545 2972 630 3008 quam
653 2981 701 3008 per
719 2970 820 3008 Mare,
839 2981 906 3002 cum
924 2970 1022 3009 Bonis,
1043 2971 1160 3008 Rebus,
1179 2972 1212 3003 &
1226 2972 1303 3002 Her-

241 3008 321 3054 nesiis
341 3008 394 3038 suis
413 3010 655 3047 quibulcumque,
679 3008 738 3044 &a
758 3017 788 3039 ut
809 3013 838 3039 in
859 3009 1006 3049 hujusmodi
1026 3010 1058 3040 de
1081 3011 1218 3042 Conducffu
1237 3014 1304 3043 Lit-

240 3054 315 3115 teri-g.
330 3085 425 3122 cujus,
442 3085 503 3116 &c.

278 3123 369 3154 Teste
384 3123 467 3163 Rege
478 3123 552 3162 apud
568 3124 676 3164 Redyng
691 3125 845 3156 undecimo
858 3124 903 3156 die
920 3126 1004 3156 Maii.

874 3205 928 3232 Per
942 3201 1024 3242 ipftm
1039 3206 1143 3243 Regem.

97 3342 118 3364 *⁸
133 3344 188 3372 lx.
453 3328 480 3354 *θ’
507 3329 696 3373 Cos-firmatio
718 3330 879 3362 TraHatus
906 3330 1092 3377 Eurgundiae.

98 3391 166 3418 454-
493 3414 498 3419 .
839 3415 845 3428 ,

99 3418 231 3497 A1T17D⁰
255 3413 396 3484 1ὶΕὶΙζῐῖῐ
408 3413 786 3496 ἓῐὲῃὲἳυίίῗῑάεςὲῧὲἧάὃεζςὲ
801 3414 968 3484 ‘SI'arillgliattnum
985 3477 994 3491 ,
1021 3455 1092 3485 inter
1117 3455 1306 3488 Ambaffiato-

100 3501 153 3524 An.
168 3508 195 3533 5.
249 3501 291 3522 res
309 3517 319 3530 ‚
343 3489 576 3535 Commissaer
601 3491 634 3520 &
652 3491 792 3534 ‚Nuncios
809 3491 920 3521 nostros
936 3514 945 3530 ,
972 3493 1005 3523 &
1030 3492 1249 3527 Ambaffiatores
1270 3496 1307 3526 Il-

101 3539 173 3579 11-5.
248 3529 340 3599 ffistris
369 3530 506 3568 Principis
536 3528 658 3558 Dom1n1
679 3533 763 3560 Ducit
783 3531 948 3568 Burgundiae
971 3531 1081 3562 factum
1105 3533 1136 3562 in
1157 3533 1220 3564 haec
1243 3544 1308 3566 ver-

101 3573 310 3648 ffff²

285 3644 436 3676 Universis
457 3642 564 3674 Christi
587 3641 729 3680 fidelibus,
756 3644 790 3674 ad
815 3655 887 3682 quos
906 3645 1053 3682 praesentes
1078 3646 1183 3678 Literae
1203 3648 1307 3679 nostrae

248 3685 445 3722 pervenerint,
463 3685 596 3711 Henricus
608 3684 690 3710 usare
704 3682 808 3711 Custos
825 3685 922 3719 privati
937 3683 1040 3722 sigilli,
1057 3685 1222 3717 Willielmus
1231 3689 1308 3717 Bar-

250 3722 340 3762 dolfe,
360 3723 393 3753 &
405 3720 558 3759 Radolphus
571 3717 738 3758 Rome-ford,
754 3719 880 3759 Milites,
899 3721 1022 3752 Salutem
1044 3723 1073 3752 in
1092 3726 1225 3756 omniurn
1249 3727 1308 3757 Sal-

249 3771 355 3791 vatore.

290 3798 412 3835 Literas,
442 3795 666 3828 Metuendiffirni
690 3795 816 3840 Domini
832 3796 939 3840 nostri,
964 3799 1090 3840 Hemici,
1113 3799 1171 3831 Dei
1190 3800 1309 3841 Gratia,

251 3839 326 3902 'Regk-{s
346 3835 457 3904 Anglssae
468 3835 505 3871 ὠ·
520 3838 658 3873 Franciae,
676 3835 710 3866 &
723 3834 849 3865 Dom1n1
863 3834 1030 3874 Hibermae,
1046 3847 1135 3875 nuper
1147 3841 1308 3878 recepimus

250 3883 280 3903 in
317 3884 359 3904 aec
374 3885 422 3904 ver
445 3885 459 3904 a
470 3898 478 3911 ,
877 3896 885 3903 .

251 3949 457 4010 HEnricur,
485 3950 542 3980 Dei
562 3951 666 3989 gratia,
689 3953 749 3980 Rex
770 3949 881 3988 Angliae
903 3948 942 3986 ὠ·
960 3953 1098 3990 Franciae,
1123 3953 1157 3983 &
1177 3956 1309 3984 Dominus

249 3988 497 4057 Salutegibemiae’
515 3989 652 4020 omnibus
671 3989 706 4019 ad
726 3998 796 4027 quos
816 3988 962 4027 praesent&
983 3989 1088 4021 Literae
1111 3994 1308 4030 pervenerint,

687 119 1934 173 coNVENTioNEffiistTERAE,

2395 196 2471 227 Ann.
2480 195 2525 227 D.·

2419 243 2504 274 1417.

2394 279 2458 303 Hm.
2473 284 2501 309 5.

1353 207 1454 238 Sciatis
1468 206 1549 244 quod
1563 205 1632 237 Nos
1641 230 1651 246 ‚

1351 245 1400 276 De
1414 245 1563 282 fidelitate,
1580 245 1765 281 discretione,
1784 245 1818 276 &
1833 243 1986 282 industria,
2004 243 2177 275 dileetorum
2197 244 2232 276 &
2250 242 2375 275 fidelium

1313 284 1496 320 nostrorum,
1515 282 1647 318 Magistri
1657 283 1778 314 Henrici
1793 283 1883 314 Ware
1895 281 2028 313 Custodis
2044 283 2149 314 Privati
2164 282 2251 322 Sigilli
2271 282 2378 322 nostri,

1315 320 1462 353 Willielmi
1489 319 1616 360 Bardolf
1624 345 1634 359 ,
1656 323 1690 353 &
1711 321 1848 360 Radulphi'
1872 319 2023 360 Rochqford
2033 343 2044 360 ,
2073 321 2203 352 Militum
2228 321 2376 353 confiden-

1315 369 1356 392 tes

1351 384 1562 436 Affignavimus
1576 421 1585 434 ,
1610 395 1819 435 Deputavimus
1833 422 1843 436 ,
1869 398 1903 429 δί
1926 398 2132 428 Ordinavimus
2148 421 2157 436 ‚
2182 399 2234 435 &‚
2258 399 2377 432 Tenore

1312 437 1515 474 Praesentium,
1536 435 1738 474 Affignamus,
1755 436 1949 475 Deputamus,
1967 438 2001 469 δε
2014 435 2188 467 Ordinamus
2204 437 2276 475 ipsos
2286 438 2379 477 Tres,

1314 484 1361 506 aut
1381 475 1466 506 Duos
1486 484 1586 505 eorum
1613 475 1751 512 (quorum
1770 485 1860 505 unum
1874 478 2022 513 praefatum
2039 475 2076 505 M
2112 474 2210 505 istrum
2231 478 2377 507 Heni-icum

1316 516 1398 544 Ware
1419 514 1475 543 esse
1499 512 1645 550 volumus)
1669 512 1782 542 nostros
1805 513 2022 545 Ambaffiatores
2038 537 2048 552 ‚
2102 513 2289 545 ommiffarios
2302 540 2312 552 .,
2341 517 2376 547 &

1316 552 1471 589 Nunci0s‚
1497 551 1533 582 ad
1557 550 1821 588 Convenienduxn,
1844 551 2040 583 Trastandum
2056 576 2066 590 ,
2092 554 2126 583 ὅ(
2148 551 2378 585 Communican-

1316 591 1404 628 dum,
1423 599 1491 620 cum
1506 588 1757 620 Ambaffiatoribus
1793 588 1938 628 Nunciis,
1954 591 2010 623 five
2024 589 2250 630 Commissariis,
2267 592 2379 624 illustris

1316 629 1470 668 Principis,
1491 627 1617 658 Domini
1641 627 1734 658 Ducis
1754 611 1944 667 Ruigundiae,
1961 630 1997 659 de
2014 631 2048 661 δε
2071 630 2149 668 super
2163 630 2300 670 Treugis,
2319 632 2377 662 five

1317 666 1700 745 abstinentiissGuerrarum,
1716 664 1776 702 &a
1789 673 1872 705 prout
1891 666 1972 705 [ipra
1993 670 2065 698 Dat.
2081 671 2110 699 in
2131 668 2209 699 Villa
2231 669 2327 711 Calefii
2350 670 2379 702 8.

1318 710 1408 745 hali,
1425 713 1488 737 tunc
1508 716 1548 743 ic,

1355 783 1425 815 Nos
1437 792 1547 822 autem,

1354 823 1524 854 Traeiatum
1540 821 1708 861 praeditstum
1718 846 1727 860 ,
1744 830 1777 852 ac
1795 822 1893 852 omnia
1908 821 1942 853 &
1955 821 2063 860 fingula
2076 823 2106 853 in
2120 823 2225 855 eodem
2243 825 2381 859 TraCtatu

1320 870 1474 899 contenta,
1493 861 1565 891 Rata
1579 862 1712 892 habentes
1727 861 1761 891 ὃ(
1777 859 1881 898 Grata,

1356 899 1414 938 Ea,
1431 901 1549 930 Tenore
1570 899 1772 937 Praesentium,
1789 908 1824 929 ex
1845 908 1920 930 certa
1937 899 2059 930 Scientia
2074 900 2188 939 nostra,
2203 898 2380 942 Laudamus,

1319 938 1529 976 Acceptamus,
1547 938 1764 976 Approbamus‚
1783 937 1968 969 Ratificamus
1979 962 1988 975 ,
2006 939 2039 970 δε
2053 937 2281 977 Confirmamus,

1357 976 1572 1015 promittentes,
1589 975 1668 1006 bona
1681 976 1753 1014 fide,
1767 976 1800 1007 &
1815 977 1845 1006 in
1859 977 1950 1007 verbo
1967 976 2075 1016 Regio,
2099 988 2131 1009 ac
2145 978 2196 1009 sub
2220 977 2388 1016 Obligatioi

1322 1025 1359 1046 ne
1374 1016 1507 1047 omnium
1520 1014 1669 1046 Bonorum
1684 1014 1862 1052 praesentium
1875 1016 1908 1046 &
1924 1015 2100 1054 futurorum,
2117 1016 2186 1048 Nos
2198 1018 2296 1048 omnia
2312 1028 2384 1055 prae·

1322 1054 1420 1092 missa,
1438 1053 1590 1091 Tractata,
1609 1052 1774 1090 Declarata,
1792 1052 1929 1091 Extensa,
1947 1054 1981 1085 &
1996 1054 2154 1093 Ordinata,
2172 1055 2247 1086 Rata
2262 1057 2295 1088 ὅ(
2310 1055 2386 1088 Gra-

1321 1103 1349 1124 ta
1365 1093 1510 1124 habituros
1530 1102 1564 1123 ac
1580 1092 1792 1129 observaturos,
1810 1091 1844 1122 &
1855 1101 1904 1131 per
1921 1092 2032 1124 nostros
2060 1093 2194 1126 Subditos
2215 1095 2388 1127 inviolabili-

1321 1141 1363 1163 ter
1376 1132 1517 1163 observari
1533 1132 1642 1168 facere,
1663 1140 1716 1161 nec
1731 1129 1784 1168 ipsa
1806 1129 1922 1167 infringi
1946 1139 1993 1162 aut
2015 1131 2141 1170 dirumpi
2165 1134 2386 1172 quomodolibet

1324 1171 1537 1210 permittemus,
1554 1170 1672 1211 durante
1690 1170 1813 1199 termino
1824 1168 2004 1208 Treugarum
2018 1171 2235 1211 praedictarum,
2249 1173 2386 1206 omnibus

1323 1210 1394 1240 dolo
1413 1210 1445 1240 ἃ
1459 1210 1556 1240 fraude
1571 1208 1695 1239 exclulis.

1362 1248 1394 1278 In
1411 1248 1489 1285 cujus
1505 1249 1545 1278 rei
1561 1246 1777 1277 Testimonium
1792 1245 1841 1276 has
1855 1245 1960 1277 Literas
1982 1246 2088 1278 nostras
2107 1247 2237 1280 Patentes
2253 1250 2332 1290 fieri,
2348 1252 2382 1284 <Sc

1325 1286 1430 1323 Magni
1448 1286 1536 1324 Sigilli
1554 1285 1640 1316 nostri
1656 1286 1814 1315 munimine
1831 1284 1949 1315 fecimus
1961 1287 2095 1317 roborari.

1363 1325 1433 1357 Dat.
1451 1326 1482 1356 in
1495 1324 1604 1355 Palatio
1621 1326 1700 1363 Regis
1717 1322 1938 1364 Wstmonasterii
1952 1323 2066 1356 decimo
2083 1334 2184 1363 quarto
2198 1325 2243 1358 die
2259 1325 2341 1359 Maii.

1988 1405 2042 1433 Per
2056 1403 2140 1443 ipsi'am
2153 1406 2257 1443 Regem.

1554 1530 1603 1561 De
1625 1529 1751 1575 Treugis
1776 1527 1925 1561 Flandriae
1948 1525 2158 1574 Prorogandis.

1329 1612 1447 1670 REX
1457 1636 1466 1651 ‚
1485 1612 1591 1643 dilectis
1608 1613 1678 1650 sibi,
1695 1613 1837 1650 Magistro
1852 1613 1958 1644 rhome
1973 1616 2102 1644 Stevenes
2115 1613 2270 1645 Canonico
2287 1613 2390 1646 Eccle-
2408 1615 2484 1647 Ann.
2492 1617 2536 1649 D.

1409 1652 1453 1682 siae
1467 1651 1644 1682 Cathedralis
1666 1653 1739 1682 beati
1757 1651 1831 1682 Petri
1848 1652 1986 1690 Exonhe,
2005 1652 2135 1692 Johanni
2148 1652 2265 1683 Michell
2276 1653 2345 1685 Civi
2357 1655 2390 1686 δε
2429 1663 2515 1694 1417.

1328 1689 1523 1720 Aldermanno
1547 1689 1678 1720 Civitatis
1698 1690 1803 1720 nostrae
1830 1690 2012 1729 Londoniae,
2037 1691 2183 1730 Johanni,
2206 1691 2316 1731 Urban,
2333 1692 2390 1732 Jo-
2407 1698 2459 1723 An.
2474 1704 2503 1730 5.

1329 1727 1416 1758 hanni
1431 1728 1561 1766 Chirche,
1580 1729 1613 1759 &
1629 1727 1758 1767 Johanni
1771 1729 1902 1769 Pikeryng
1913 1752 1923 1768 ,
1941 1730 2075 1761 Salutem.
2403 1736 2439 1762 H.
2454 1742 2484 1769 5.

1367 1767 1464 1798 Sciatis
1480 1768 1576 1805 quod,
2407 1773 2474 1802 ibid.

1367 1805 1446 1836 Cum
1471 1815 1575 1843 nuper,
1595 1815 1644 1843 per
1664 1804 1881 1836 Ambaffiatores
1903 1804 2032 1844 nostros,
2046 1814 2099 1844 pro
2121 1814 2198 1844 parte
2222 1805 2334 1846 nostra,
2357 1809 2439 1842 &m.
2460 1814 2506 1848 ¹9}

1332 1843 1552 1875 Commissarios
1582 1844 1706 1875 Domini
1729 1843 1864 1882 Johanni's
1884 1845 1970 1873 Ducis
1991 1844 2156 1882 Burgundiae
2171 1867 2181 1882 ,
2210 1855 2243 1876 ac
2267 1844 2394 1877 Comitis

1333 1883 1488 1921 Flandrice,
1504 1882 1717 1920 Consanguinei
1740 1882 1828 1912 nostri
1850 1882 1998 1921 carissimi,
2016 1893 2069 1920 pro
2090 1892 2166 1921 parte
2190 1884 2269 1923 ipsius
2286 1884 2398 1923 Ducis,

1333 1931 1419 1953 certae
1433 1923 1576 1961 Treugae,
1595 1923 1641 1952 seu
1659 1921 1835 1952 Guerrarum
1850 1920 2046 1959 Sufferemtae,
2063 1922 2148 1959 usque
2160 1921 2195 1952 ad
2215 1923 2398 1961 quintumde-

1334 1962 1445 1990 cimum
1470 1961 1546 1992 diem
1565 1959 1643 1999 Junii
1667 1961 1801 1998 proximo
1823 1959 1949 1990 futurum
1971 1959 2110 1990 duraturae
2125 1984 2134 1998 ‚
2169 1970 2223 1998 pro
2243 1960 2397 1993 Securitate

1335 1999 1578 2031 Mercandisarum
1602 2000 1674 2029 inter
1693 1999 1829 2036 Angliam
1848 1998 1881 2029 &
1902 1997 2079 2037 Flandtiam,
2095 1998 2261 2037 Resumptae
2279 1999 2399 2039 fuerint,

1336 2037 1522 2106 Prffiogatae,
1538 2038 1571 2069 &
1586 2037 1787 2076 Prolongatae,

1411 2087 1442 2107 os

1373 2116 1420 2146 Ad
1434 2101 1652 2153 P'rorogandum
1665 2115 1812 2155 Treugas,
1830 2114 1874 2145 seu
1901 2113 2075 2146 Guerrarum
2100 2113 2281 2146 Sufferentias
2298 2116 2400 2154 praedi-

1338 2154 1414 2191 etas,
1434 2155 1463 2184 in
1477 2163 1575 2186 tenore
1590 2156 1624 2187 δε
1639 2155 1748 2193 forma,
1764 2154 1868 2192 quibus
1880 2152 2063 2191 Resumptae,
2079 2152 2245 2193 Prorogatae
2255 2178 2265 2191 ,
2281 2155 2313 2185 &
2327 2153 2400 2185 Pro-

1337 2192 1460 2261 long¹atae
1472 2193 1533 2231 jam
1551 2193 1692 2232 existunt,
1710 2202 1780 2224 cum
1793 2192 1932 2223 omnibus
1944 2191 1996 2223 suis
2011 2191 2165 2230 Clausulis‚
2181 2193 2266 2231 usque
2279 2192 2313 2223 ad
2329 2201 2402 2224 tem-

1358 2242 1388 2261 us
1410 2241 1449 2262 on
1475 2242 1514 2262 ius

1337 2241 1356 2270 p
1374 2269 1411 2301 Et
1424 2241 1618 2311 adgTreugas,
1636 2271 1694 2302 five
1708 2269 1885 2301 Guerrarum
1901 2268 2100 2307 Suffeientias‚
2119 2270 2190 2301 inter
2211 2269 2304 2300 Partes
2328 2280 2402 2308 prae-

1337 2308 1424 2340 ditstas
1445 2309 1482 2339 de
1498 2319 1578 2342 novo
1593 2310 1782 2348 capiendum,
1799 2308 1973 2346 ineundum,
1989 2309 2022 2339 &
2037 2308 2207 2340 firmandum
2218 2331 2228 2347 ,
2246 2317 2329 2347 prout
2347 2319 2402 2339 vo-

1336 2348 1379 2379 bis
1397 2348 1553 2387 Quinque,
1571 2349 1724 2387 Quatuor,
1741 2357 1787 2378 aut
1801 2347 1889 2378 tribus
1911 2345 2038 2378 vestrsim
2059 2346 2149 2378 visum
2171 2347 2257 2378 fuerit
2281 2356 2403 2386 oportu-

1336 2397 1407 2417 num

1375 2410 1426 2456 Ac'
1438 2425 1525 2457 dietas
1539 2425 1684 2463 Treuaas,
1703 2425 1748 2456 seu
1762 2424 1939 2455 Guerrarum
1953 2423 2151 2461 Sufferenflas,
2168 2432 2198 2454 ut
2212 2424 2401 2462 praemittitur,

1338 2465 1353 2481 '⁸'
1374 2464 1556 2508 Resumptas,
1574 2465 1608 2495 &
1621 2462 1718 2495 earum
1734 2463 1989 2501 prorogationem,
2000 2472 2117 2493 necnon
2131 2462 2259 2500 Treugas
2272 2462 2308 2492 de
2322 2471 2402 2493 novo
2419 2472 2438 2492 ιιι
2457 2473 2509 2501 Ix,

1339 2503 1504 2542 capiendas,
1525 2505 1556 2541 (ii
1571 2504 1655 2533 vobis
1670 2503 1828 2542 Qinque,
1847 2501 1998 2539 Quatuor,
2014 2510 2061 2531 aut
2075 2499 2182 2531 Tribus
2202 2498 2332 2531 vestrfim
2353 2510 2401 2531 ex·
2416 2520 2485 2548 455⁸

1338 2542 1436 2580 pedire
1450 2542 1605 2578 videbitur)
1622 2542 1787 2579 proclamari
1803 2540 1980 2576 faciendum,

1374 2580 1419 2611 Ac
1435 2579 1696 2610 Confirmationem
1713 2580 1897 2615 Treugarum
1912 2578 1958 2608 seu
1972 2576 2149 2607 Guerrarurn
2160 2575 2404 2617 Sufferentiarum,

1337 2617 1395 2648 five
1417 2618 1624 2657 Prorogationis
1643 2617 1820 2657 hujusmodi,
1843 2626 1894 2654 per
1916 2625 1968 2645 nos
1990 2614 2110 2646 fiendam
2125 2638 2136 2653 ,
2163 2617 2283 2646 nomine
2304 2616 2405 2647 nostro

1338 2655 1568 2687 Promittendum
1577 2679 1587 2695 ‚

1383 2694 1551 2734 Caetemque
1574 2695 1672 2725 omnia
1696 2694 1728 2725 δε
1754 2693 1858 2732 singula
1874 2715 1884 2731 ,
1913 2693 1942 2722 in
1964 2690 2117 2723 Praemiffis
2136 2691 2183 2723 vel
2203 2692 2278 2723 circa
2299 2702 2331 2724 ea
2355 2703 2405 2724 ne-

1337 2733 1449 2802 ἓείΐετὶε
1468 2735 1514 2764 seu
1533 2742 1676 2771 oportuna
1689 2755 1699 2771 ,
1720 2731 1938 2770 Exercendum,
1962 2730 2156 2769 Faciendum,
2182 2731 2216 2763 &
2239 2730 2402 2769 Expedieu-

1360 2782 1408 2802 um

1375 2795 1467 2841 Vo’bis
1490 2810 1646 2849 Quinque,
1666 2809 1799 2878 Qatuor
1810 2832 1820 2847 ,
1838 2816 1884 2839 aut
1903 2807 2012 2839 Tribus
2029 2806 2172 2846 vestrum,
2191 2805 2311 2838 Tenore
2326 2806 2404 2838 Prae-

1339 2850 1475 2919 {I'entitilm‚
1492 2849 1607 2886 speciale
1623 2847 1698 2879 Man
1719 2856 1813 2886 atum,
1831 2857 1863 2878 ac
1879 2847 1992 2887 plenam
2009 2847 2044 2878 &
2059 2846 2175 2877 liberam
2192 2845 2403 2877 committimus

1366 2898 1417 2918 acu
1430 2897 1531 2918 tatem·

1380 2911 1594 2963 promittimus,
1607 2924 1686 2956 bona
1702 2924 1775 2963 fide,
1788 2925 1821 2955 &
1836 2925 1865 2954 in
1878 2924 1969 2954 verbo
1984 2922 2096 2966 Regio,
2111 2920 2179 2952 Nos
2192 2920 2318 2960 Ratum‚
2327 2920 2403 2954 Gra·

1341 2974 1419 3004 tum,
1437 2966 1471 2996 &
1485 2965 1613 2995 Firmum
1628 2964 1773 2994 habituros
1787 2963 1923 3001 quicquid
1936 2970 1988 2993 vos
2014 2960 2172 2999 quue,
2188 2960 2337 3000 Qatuor,
2354 2969 2402 2994 aut

1341 3003 1417 3035 Tres
1431 3003 1560 3034 vestrum
1577 3003 1738 3033 feceritis-in
1753 3000 1913 3032 Praemiffis.

1379 3042 1655 3121 ilgieickiglulszzggpud
1671 3075 1928 3119 Wstmonasterium
1941 3076 2057 3108 decimo
2071 3074 2177 3107 octavo
2191 3075 2239 3107 die
2252 3076 2340 3110 Maii,

1965 3155 2019 3183 Per
2035 3152 2117 3193 ipficm
2134 3155 2237 3192 Regem.

1435 3286 1495 3316 Pro
1513 3284 1616 3316 Priore
1632 3280 1735 3314 Sanft'i
1751 3277 1906 3327 Johannis
1923 3277 2101 3326 Jerusalem
2118 3282 2150 3312 in
2168 3278 2296 3325 Anglia.

1343 3367 1475 3424 REX,
1494 3368 1658 3404 Omnibus,
1679 3366 1712 3397 ad
1730 3375 1817 3403 quos,
1835 3367 1896 3397 &c.
1910 3365 2043 3397 Salutem.
2118 3401 2124 3407 ⁶
2195 3401 2201 3407 ⁸
2327 3400 2333 3407 ·
2417 3369 2546 3402 ΑΒΓΗ).

1434 3407 1531 3438 Sciatis
1547 3406 1642 3443 quod,
1661 3405 1696 3435 de
1719 3404 1820 3435 Gratia
1842 3403 1937 3435 nostra
1949 3403 2074 3442 speciali,
2089 3400 2248 3444 Licentiarri
2269 3398 2399 3444 dedimus
2441 3417 2529 3449 1417-

1342 3443 1447 3476 diiecto
1460 3446 1542 3476 nobis
1559 3447 1588 3474 in
1605 3444 1740 3481 Christo,
1759 3442 1904 3473 Willielmo
1921 3442 2034 3479 Hulles‚
2052 3440 2145 3482 Priori
2159 3438 2309 3482 Hospitalis
2328 3439 2397 3470 San-
2411 3452 2464 3478 An.
2481 3458 2510 3485 5,

1343 3483 1383 3513 &i
1401 3483 1537 3522 Johannis
1552 3482 1702 3521 jerusalem
1723 3483 1750 3511 in
1770 3481 1891 3520 Anglia‚
1916 3481 1996 3518 quod
2015 3479 2087 3522 ipse,
2112 3486 2140 3506 ln
2163 3486 2275 3521 propria
2296 3476 2396 3523 Perso·
2411 3491 2445 3515 H.
2468 3496 2495 3521 ς,

1344 3532 1380 3551 na
1403 3523 1465 3560 sua,
1493 3523 1527 3552 ad
1548 3530 1637 3558 partes
1652 3520 1688 3551 de
1707 3519 1806 3550 Rodes
1828 3518 1956 3557 transire,
1978 3519 2012 3549 &
2034 3515 2139 3559 ibidem
2162 3525 2282 3559 morari,
2299 3516 2332 3546 δε
2354 3526 2396 3555 ip·
2414 3526 2477 3554 mid·
2490 3528 2529 3556 mg

1345 3561 1405 3591 sum
1425 3570 1499 3591 eiitra
1522 3560 1660 3596 Regnum
1683 3558 1813 3589 nostrum
1838 3557 1967 3595 Angliae,
1986 3565 2039 3594 pro
2053 3553 2171 3598 ,Tribus
2194 3553 2399 3598 'Annis-proxi-
2420 3573 2462 3600 ¹7·

1345 3601 1398 3629 mo
1410 3599 1507 3629 futuris
1516 3621 1526 3637 ,
1544 3597 1686 3628 absentare
1699 3596 1783 3635 poffit
1797 3596 1897 3633 absque
1910 3594 2117 3632 perturbatione
2131 3591 2175 3622 seu
2192 3592 2399 3630 impedimento

1344 3636 1452 3676 nostri,
1466 3637 1513 3669 vel
1526 3635 1738 3667 Officiariorum
1751 3635 1784 3666 &
1800 3633 2000 3664 Ministrorum
2015 3629 2180 3661 nostrorum
2194 3640 2400 3670 quorumcumq

1345 3686 1410 3714 que.

1380 3713 1414 3743 In
1428 3714 1522 3751 cnjus,
1537 3713 1598 3744 ὅτε.
1963 3746 1968 3752 ,

1379 3750 1470 3783 Teste
1487 3750 1567 3791 Rege
1581 3751 1655 3789 apud
1673 3747 1927 3791 Wstmonasterium
1940 3745 2078 3778 Vlcefimo
2091 3753 2191 3784 quarto
2205 3746 2251 3778 die
2267 3746 2348 3786 Maiie

1981 3824 2035 3854 Per
2044 3820 2125 3861 ipsum
2137 3825 2240 3862 Regem.
