2562 4274
749 144 858 189 ET
944 148 1200 191 ACTA
1285 148 1758 202 PUBLICA.

64 225 140 260 Ann.
155 225 198 257 D.

87 275 174 305 1417.

65 311 126 337 Hm.
145 314 174 342 5.

82 1261 100 1278 ⁹
120 1260 174 1291 ix.

64 1307 133 1336 430·

250 268 317 300 Mv
345 265 507 307 Leston,

249 344 349 387 If'this
369 346 400 375 be
419 345 522 385 denyed
539 345 570 386 by
596 349 675 375 roure
690 346 865 384 Adverfizire
876 340 920 376 we
933 344 1007 377 have
1020 354 1109 427 ascbquit
1125 361 1174 388 us,
1191 347 1266 379 And

206 395 247 463 ss
258 382 503 460 t‘ffittclaslhgllqsse
514 384 724 462 ἳὲεξοιὲἳῖιὶᾷι
736 384 1167 464 χὶῖεἶΰέξῖῖὲξέΐί]ἓαῐὶθῖῒεζγοι
1177 399 1259 468 ἔξω,

212 459 255 490 all
270 471 311 498 my
326 461 425 528 Caffels
443 462 502 490 and
511 461 650 499 Strenghes
659 471 699 500 yn
706 460 774 500 fitch
790 464 981 501 Governance,
998 475 1030 493 at
1050 468 1069 495 I
1085 465 1147 501 lhal
1155 467 1185 496 be
1192 467 1259 506 fiire

211 504 240 527 to
261 497 336 528 have
379 510 419 528 em
441 499 523 529 when
545 511 586 528 me
604 499 673 538 lust3
693 500 752 528 and
770 503 787 528 Ι
800 511 885 529 comen
892 508 960 540 ynto
968 513 1050 541 youre
1070 505 1210 543 Prest’nre,
1228 516 1259 533 as

212 536 284 565 with
299 537 390 567 Godds
402 541 488 567 Grace
502 541 520 567 I
530 537 588 567 wol
598 545 646 567 not
652 536 746 577 fayle,
768 541 786 567 I
805 538 895 568 behete
903 551 982 578 yow,
1000 541 1032 580 by
1045 541 1091 571 the
1105 543 1217 573 Trewth
1230 542 1266 581 of

211 585 254 614 my
275 576 350 613 Body
364 598 372 613 ‚
396 583 424 605 to
446 576 478 606 do
487 587 552 616 yow
570 578 689 612 Homage
707 587 737 605 as
756 583 784 606 to
802 588 842 617 my
855 580 1003 616 Soveraign
1019 581 1110 610 Lorde
1122 582 1259 620 rightwise

212 616 241 643 K
259 625 293 651 ng
313 614 350 654 os
362 617 488 652 France5
515 615 590 644 And
609 613 779 651 Istralfhew
788 626 869 654 youre
887 617 970 654 Right
978 616 1010 656 sb
1024 617 1089 647 clere
1102 627 1129 648 to
1143 619 1174 649 al
1190 624 1258 650 Men

213 623 278 681 tdat
293 652 336 682 hit
343 652 422 690 Jhall
443 652 500 682 wel
518 653 550 682 be
574 654 687 694 knowen
709 653 773 682 that
786 657 804 683 Ι
815 655 848 683 do
864 653 910 683 but
923 667 954 684 as
968 667 1009 684 me
1028 656 1107 694 oght3
1126 658 1185 687 and
1197 658 1261 687 that

213 690 263 728 he,
281 690 345 720 that
365 690 444 720 doeth
466 698 514 720 not
534 691 580 720 the
596 692 671 729 same
691 703 722 721 as
743 695 761 720 I
772 691 838 728 Jhal
851 715 860 730 ,
879 693 945 722 doth
962 697 1050 734 ayeins
1066 695 1107 723 his
1122 695 1239 734 W'orssn'p
1249 708 1259 734 ,-

211 728 375 768 Beseerhyng
391 741 449 765 yow
464 730 527 768 (JVIy
544 730 646 766 Lora'e)
663 729 727 759 that
739 729 793 759 this
807 731 841 759 he
855 731 915 768 kept
920 730 1008 770 secree
1025 739 1052 761 to
1066 743 1106 771 my
1122 738 1262 774 Commyng

212 777 260 808 aye
273 771 318 806 in,
326 767 378 808 for
392 767 443 806 else
459 768 501 796 hit
515 778 587 798 were
601 776 628 798 to
644 780 701 807 me,
717 767 778 798 ther
792 768 889 810 beyng,
905 776 933 798 to
947 778 1022 808 grete
1035 782 1054 799 a
1068 771 1150 800 Peril.

247 881 358 913 Where
366 893 443 921 upon
460 882 473 913 1
490 883 559 914 have
575 883 704 922 Grantyd
726 884 793 923 hym
811 882 888 913 Leve
903 890 934 913 to
949 893 1007 921 go,
1024 892 1061 924 yn
1078 885 1125 915 the
1142 885 1223 916 Wise
1236 896 1264 916 as

211 927 248 965 ys·
259 921 358 953 before
369 922 500 961 Writen,
517 923 564 953 for
578 923 603 953 al
620 922 661 952 his
675 922 796 966 Felawes
812 922 868 951 that
886 922 956 951 been
973 931 1018 960 my
1036 922 1170 960 prisoners
1186 947 1195 962 ‚
1208 934 1264 967 ,not

210 967 338 1028 ,Ὺὲξῖῗιὶ
347 968 471 1029 {523032
484 959 984 1037 ssfnsseffe32325,¹³y⁴3‘?ss{'&512³
997 961 1265 1032 3333223331353

210 1035 224 1065 I
238 1036 295 1067 that
310 1038 330 1066 is
347 1037 492 1074 knowyng
508 1036 608 1074 herof,

248 1075 314 1105 And
334 1084 368 1114 ye
389 1075 445 1105 shal
465 1076 508 1115 say
531 1084 562 1105 to
585 1083 633 1114 my
654 1073 788 1112 Brother,
806 1074 864 1105 that
878 1083 924 1104 me
938 1074 1044 1112 thoght
1057 1075 1110 1106 this
1125 1076 1222 1107 Prosre
1234 1078 1264 1108 so

211 1114 371 1152 resonable,
389 1113 446 1144 that
463 1111 476 1143 Ι
494 1113 564 1152 oght
581 1114 609 1143 in
624 1123 664 1143 no
677 1114 744 1144 wisc
758 1114 829 1143 have
843 1113 964 1153 Denyed
980 1114 1020 1144 hit
1033 1115 1122 1153 hym3
1144 1116 1207 1146 And
1224 1117 1264 1146 al-

210 1151 241 1181 so
262 1152 297 1181 he
313 1152 373 1182 told
399 1161 462 1188 me,
480 1151 538 1182 that
559 1152 594 1181 he
611 1151 761 1190 supposed,
779 1151 837 1182 that
850 1161 916 1188 mo,
937 1152 996 1182 that
1011 1154 1083 1183 been
1103 1153 1184 1191 here,
1203 1155 1262 1185 wol

210 1189 251 1220 do
268 1190 316 1220 the
329 1190 419 1227 same,
439 1189 492 1220 But
506 1191 564 1220 that
577 1189 590 1220 Ι
605 1190 711 1221 knowe
725 1199 776 1220 not
790 1190 826 1219 of
835 1192 938 1220 certain

246 1228 286 1258 As
306 1229 342 1258 of
360 1228 408 1258 the
429 1229 525 1268 Tyme
545 1228 583 1258 of
601 1228 648 1258 the
665 1232 737 1258 Ducs
749 1237 860 1268 goyng,
876 1228 916 1258 hit
931 1228 985 1258 ihal
1006 1229 1042 1258 be
1056 1229 1161 1259 alsone
1174 1239 1201 1259 as
1219 1230 1262 1260 his

207 1265 306 1297 Seurte
319 1268 340 1296 is
356 1266 423 1305 redy
443 1270 456 1284 ⁴*
477 1266 642 1304 Commen,
662 1268 759 1299 which
775 1266 900 1308 Seurtel
917 1266 998 1296 sende
1012 1277 1043 1297 to
1057 1277 1141 1305 yow,
1159 1268 1211 1297 and
1229 1276 1262 1298 to

207 1304 242 1335 all
258 1315 345 1343 youre
363 1306 503 1344 Felawes,
521 1305 657 1342 Writen‚
675 1315 703 1336 as
716 1316 751 1345 ye
776 1315 840 1342 may
866 1307 908 1334 iee
922 1314 1004 1334 more
1020 1306 1109 1344 pleynl
1137 1318 1146 1341 ς
1166 1307 1216 1335 but
1230 1307 1267 1336 of

208 1344 250 1374 his
260 1343 429 1382 Commyng
448 1345 510 1374 ther
524 1354 573 1381 nys
588 1354 614 1374 as
627 1346 668 1382 yit
682 1354 721 1374 no
738 1344 800 1383 Day
815 1344 870 1380 set,
888 1343 973 1373 when
988 1343 1052 1387 ther
1067 1346 1087 1374 is
1130 1343 1184 1374 {hal
1201 1345 1262 1374 sen—

207 1382 244 1412 de
260 1392 307 1451 mly
321 1382 440 1451 Egother
455 1383 568 1414 Worde
582 1405 592 1421 ‚
615 1382 682 1413 And
699 1383 766 1414 how
787 1382 799 1412 Ι
821 1382 944 1420 procede
959 1391 996 1420 yn
1015 1382 1067 1413 this
1082 1382 1192 1413 Matere
1207 1383 1261 1413 and

227 1421 282 1450 nal
304 1430 334 1452 ot
356 1431 395 1451 er.

206 1427 224 1462 y
242 1459 328 1497 Also,
343 1470 377 1499 ye
392 1458 449 1490 shal
466 1468 533 1498 pray
552 1469 601 1499 my
615 1459 734 1490 Brother
747 1459 805 1490 that
825 1459 859 1488 he
878 1457 993 1497 suppose
1014 1468 1064 1489 not
1079 1459 1136 1489 that
1149 1459 1193 1488 for
1207 1469 1260 1499 any

205 1498 312 1529 Tretee
327 1522 336 1534 ,
362 1499 421 1529 that
442 1499 506 1537 they
525 1498 584 1529 wol
605 1498 703 1535 make,
723 1497 806 1528 thari
822 1497 878 1527 wol
896 1497 957 1527 leve
970 1507 1017 1536 my
1038 1497 1171 1536 Voyage,
1192 1499 1260 1528 with

206 1536 311 1567 Godds
323 1536 434 1574 Gracc,
451 1536 497 1566 for
509 1536 623 1574 sekirly‚
641 1538 711 1567 with
727 1537 769 1566 his
786 1535 908 1577 Mercy,
928 1535 940 1564 I
957 1535 1021 1565 shall
1037 1546 1089 1566 not
1108 1537 1188 1574 falle,
1210 1537 1260 1568 but

202 1575 271 1614 fully
289 1574 463 1643 Wdedsuch
486 1574 596 1612 Purpos
611 1598 620 1613 ,
647 1574 715 1605 And
737 1584 775 1614 yn
796 1575 843 1605 :he
866 1576 939 1603 lame
953 1574 1031 1604 &Vise
1049 1584 1075 1604 as
1090 1573 1103 1604 I
1119 1575 1189 1606 have
1201 1575 1259 1606 sent

359 1623 372 1642 r
406 1614 425 1643 b
476 1623 496 1643 o
528 1636 534 1642 .

204 1613 312 1682 hy*also
327 1622 545 1690 tssankeibyhym
559 1651 598 1681 of
608 1651 656 1681 the
668 1650 803 1690 Frendely
821 1650 918 1681 Letter
939 1650 997 1681 that
1012 1650 1048 1681 he
1063 1650 1138 1689 sent,
1157 1662 1214 1682 one
1229 1662 1259 1682 a·

201 1689 629 1760 32¹31÷52¹tflte53e1³ffl⁷¹i
642 1689 894 1759 έηῗῖἒῗὲἳῗζνὲᾕέἓ
903 1688 1004 1765 {aliie
1020 1689 1197 1729 ‘³⁰¹³oeyved
1211 1691 1258 1721 ὼε

241 1767 306 1797 And
322 1790 332 1805 ,
355 1765 482 1805 Tiptoft,
503 1750 531 1797 εἷς
549 1767 690 1803 touching
710 1767 763 1796 this
780 1766 889 1796 Manere
903 1766 939 1796 of
949 1767 995 1796 the
1010 1768 1071 1795 Duc
1083 1765 1120 1805 of
1128 1766 1258 1804 Burbon,

204 1805 232 1836 if
242 1816 277 1845 ye
294 1806 396 1836 thenke
411 1806 470 1836 that
484 1814 519 1842 ye
533 1805 587 1835 kan
603 1814 655 1835 not
669 1806 710 1844 say
720 1806 774 1835 this
789 1804 882 1843 redely
893 1813 924 1834 to
938 1804 1154 1844 Th'Emperor,
1172 1805 1182 1835 1
1199 1806 1257 1849 wol

201 1845 264 1876 that
277 1853 313 1881 ye
328 1844 390 1874 take
408 1842 528 1874 Maistre
544 1843 637 1881 Phelip
651 1853 665 1872 a
682 1843 774 1873 Letter
788 1843 847 1873 that
861 1853 891 1882 ys
907 1842 1011 1883 Closyd
1026 1844 1112 1883 heryn
1127 1867 1137 1882 ,
1155 1843 1221 1874 And
1235 1854 1257 1874 is

202 1883 239 1912 of
251 1881 417 1920 Credence3
435 1882 473 1920 by
486 1882 534 1912 the
546 1882 642 1913 which
658 1881 806 1912 Credence
821 1880 834 1911 I
849 1881 909 1912 wol
924 1881 981 1912 that
994 1891 1029 1920 ye
1042 1882 1123 1912 make
1139 1882 1257 1912 Maistre

204 1921 335 1959 Phelipto
348 1921 431 1952 swere
442 1929 480 1950 on
498 1930 513 1949 a
524 1919 697 1959 Booke,and
711 1923 739 1949 in
755 1920 838 1950 verbo
845 1920 1071 1958 Sacerdotis,that
1087 1921 1123 1950 he
1136 1921 1191 1950 shal
1207 1930 1257 1950 ne-

202 1970 253 1991 ver
268 1959 396 1989 discover
411 1958 464 1989 this
480 1957 607 1998 Matere,
623 1959 773 1990 withowre
787 1968 834 1999 my
848 1958 946 1996 special
961 1958 1057 1997 Leve,
1076 1969 1103 1989 as
1114 1968 1145 1999 ys
1163 1960 1257 1990 above

202 1998 319 2029 Writen
335 1997 372 2027 of
379 2007 466 2036 youre
480 1997 535 2027 self.
1206 2037 1210 2041 Ι

238 2036 302 2067 And
312 2058 322 2074 ,
336 2035 382 2065 for
393 2046 445 2075 any
457 2035 565 2073 thyng,
583 2034 653 2073 Pray
666 2034 756 2073 hertly
772 2044 820 2075 my
834 2034 952 2065 Brother
968 2035 1046 2073 that,
1062 2045 1100 2073 yn
1115 2045 1154 2066 no
1172 2036 1256 2074 wisc,

202 2074 240 2104 he
252 2074 379 2105 discover
395 2083 446 2104 not
461 2074 531 2112 this,
549 2084 589 2104 no
606 2083 685 2104 more
699 2083 730 2104 to
741 2083 793 2113 any
808 2074 844 2104 of
856 2083 924 2114 myn
934 2083 1019 2105 owne
1032 2074 1123 2112 Men,
1142 2073 1210 2104 then
1227 2083 1257 2105 to

202 2113 350 2182 anyqffihelr
362 2111 447 2188 Βνέἓῗ,
470 2151 530 2181 that
543 2150 597 2181 and
612 2151 654 2194 hit
669 2150 779 2188 happen
795 2150 854 2180 that
870 2159 905 2189 ye
917 2151 954 2180 be
967 2150 1100 2189 departed
1114 2150 1191 2195 from
1208 2160 1256 2190 my

202 2188 321 2220 Brother
338 2189 540 2226 Th’Emperor
560 2199 595 2219 or
610 2189 663 2219 th1s
685 2188 765 2219 Com
783 2198 815 2218 to
826 2197 911 2226 yow,
931 2190 989 2219 that
1003 2199 1070 2227 yow
1082 2198 1121 2227 go
1133 2199 1210 2226 ayern
1225 2199 1256 2219 to

202 2227 287 2266 hym3
325 2238 340 2256 n
353 2229 443 2258 alwise
457 2228 582 2266 sendyng
599 2236 630 2258 to
646 2237 692 2257 me
706 2228 745 2267 by
758 2229 890 2257 Hartank
906 2251 915 2265 ,
936 2228 960 2257 if
972 2228 1034 2258 ther
1049 2228 1086 2257 be
1096 2237 1150 2266 any
1166 2227 1255 2266 thyng

201 2266 260 2296 that
275 2237 369 2296 assserh
392 2266 490 2304 haste,
515 2266 581 2296 And
596 2275 634 2306 yn
649 2266 764 2304 especial
774 2290 783 2301 ,
800 2265 908 2297 whedir
922 2275 969 2304 my
986 2266 1104 2296 Brother
1116 2267 1140 2295 is
1155 2275 1255 2297 accor-

201 2303 258 2335 deu'
273 2314 304 2335 to
320 2304 378 2335 that
397 2304 507 2335 Matere
518 2327 527 2342 ‚
545 2304 605 2336 that
623 2314 658 2344 ye
676 2314 753 2336 went
769 2304 832 2342 for,
851 2315 885 2334 or
904 2306 965 2335 no?

238 2381 322 2419 And,
340 2380 387 2411 for
403 2381 452 2412 the
471 2380 603 2413 secreness
620 2380 657 2412 of
670 2381 723 2411 this
742 2380 854 2411 Matere
869 2405 878 2419 ,
897 2381 909 2410 Ι
925 2381 998 2411 have
1016 2380 1116 2411 writen
1135 2379 1189 2410 this
1207 2377 1257 2410 In-

201 2419 339 2451 strucuon
357 2420 435 2459 wyth
455 2429 523 2460 myn
541 2430 628 2450 owne
643 2418 765 2458 Hande,
788 2419 842 2449 and
858 2420 930 2450 seled
949 2420 988 2450 hit
1006 2419 1076 2450 with
1093 2428 1140 2455 my
1158 2418 1260 2455 Signet

202 2457 379 2527 ἓξὲὴέςὲεζ,
394 2458 495 2527 ἱζιξυὶκεῗ
515 2458 579 2498 Day
597 2458 634 2489 of
649 2458 766 2498 Januar
779 2481 790 2497 ,
813 2458 872 2490 that
891 2460 911 2488 is
927 2457 974 2488 the
993 2458 1057 2497 Day
1075 2456 1111 2487 of
1125 2455 1260 2487 Conver-

2280 175 2354 216 191

2369 256 2448 292 Ann.
2462 252 2507 296 D4

2391 301 2479 338 1417
2501 297 2504 300 ⁴

2370 341 2433 366 Hen.
2453 349 2482 374 5„

1340 276 1398 308 Mr
1426 277 1622 318 DomrNe3

1339 352 1370 396 Si
1393 354 1451 384 hoc
1474 354 1646 386 Recusatum
1667 357 1699 386 fit
1717 366 1762 395 per
1783 359 1985 398 Adversarium
2005 361 2139 401 vistrum,
2161 363 2228 394 Nos
2240 375 2293 394 nos
2306 374 2352 395 aea

1297 394 1498 436 quietavimus,
1519 395 1546 422 in
1562 394 1668 431 speciali
1686 398 1744 432 Ego
1758 400 1825 426 Dux
1841 399 1873 427 de
1887 399 2015 438 Burbon5
2033 405 2065 432 ὥς
2082 410 2150 432 tunc
2170 409 2225 440 ego
2239 403 2352 434 festina23

1298 431 1338 460 bo
1352 429 1385 472 ad
1403 441 1471 474 vos,
1491 440 1526 460 ita
1541 432 1620 475 quod
1634 442 1691 469 ego
1704 436 1830 464 servabo
1850 447 1876 465 v.
1896 438 1970 467 diem
1986 442 2207 476 appunctuatum
2218 452 2226 477 ς
2237 451 2350 478 ponen-

1297 468 1337 498 do
1359 476 1472 498 interim
1492 479 1588 500 omma
1609 480 1670 500 mea
1695 471 1813 502 Castella
1836 474 1869 503 δε
1890 475 2032 506 Fortalitia
2055 478 2103 507 sub
2119 479 2163 508 tali
2179 478 2351 518 Regiminc,

1298 506 1376 544 quod
1392 506 1443 536 sim
1458 507 1565 538 securus
1579 508 1699 548 habendi
1716 510 1759 538 illa
1775 513 2013 551 quandocumque
2027 515 2105 545 lubet
2120 526 2125 545 :
2148 518 2196 554 &,
2216 519 2284 548 cum
2302 523 2351 549 ve-

1297 553 1368 573 nero
1386 545 1415 574 in
1435 545 1554 576 vestram
1578 546 1755 577 Praesentraru
1769 571 1778 584 ,
1805 558 1850 585 ur,
1866 559 1934 579 cum
1950 551 2007 580 Dei
2021 555 2123 591 gratia,
2143 564 2201 585 non
2215 558 2350 595 defuero,

1297 582 1441 613 Promitto
1453 607 1462 621 ,
1487 594 1535 621 per
1553 586 1697 618 veritatem
1711 585 1848 623 Corporis
1862 589 1935 626 mei,
1955 589 2044 619 facere
2057 590 2235 630 Homagium
2250 596 2351 633 vobis,

1297 630 1327 650 ut
1343 630 1410 650 meo
1425 621 1556 659 supremo
1574 622 1725 661 DominO,
1745 624 1781 654 de
1789 623 1857 662 Jure
1870 625 1944 664 Regi
1960 627 2084 658 Franciae
2100 641 2110 667 3
2134 641 2166 660 ac
2184 633 2348 663 monstrabo

1297 658 1348 697 Jus
1366 658 1490 689 vestrum
1512 661 1644 691 omnibus
1658 660 1835 692 Hominibus
1851 671 1907 693 tam
1923 665 2047 703 clarum,
2069 676 2098 697 ut
2116 668 2187 698 bene
2201 671 2232 700 iit
2245 679 2350 702 notum

1301 706 1348 727 me
1372 706 1430 726 non
1454 697 1546 728 facere
1562 699 1613 728 nili
1634 700 1711 737 quod
1733 700 1825 731 facere
1845 701 1961 739 debeo3
1988 705 2020 733 ὃ(
2036 705 2194 743 quicunque
2210 718 2270 738 non
2283 711 2352 741 facit

1300 735 1377 764 idern
1391 735 1470 771 quod
1487 746 1545 771 ego
1563 737 1664 768 faciam
1680 760 1689 774 ,
1708 738 1774 768 facit
1784 748 1882 769 contra
1894 740 1975 770 suum
1992 740 2163 782 Honorem,
2179 746 2352 778 obsecrando

1300 782 1366 809 vos,
1384 772 1431 802 Mi
1439 773 1587 811 Domine,
1606 776 1685 812 quod
1704 776 1760 806 hoc
1771 777 1892 808 servetur
1901 779 2046 809 Secretum
2062 780 2146 817 usque
2161 782 2195 812 ad
2210 783 2351 817 Reditum

1302 820 1416 849 meum,
1432 810 1508 841 aliter
1522 812 1595 843 foret
1606 813 1692 852 mihi,
1710 815 1752 845 ibi
1765 815 1907 854 existenti,
1922 818 2012 847 nimio
2026 816 2196 849 Periculum.
2237 840 2241 844 -

1339 886 1482 924 Superinde
1493 887 1598 927 conceffi
1608 892 1633 918 ei
1646 892 1798 919 Licentiam
1815 891 1924 928 Eundi,
1943 892 2017 921 modo
2025 892 2222 932 ffiprafiripw,
2231 903 2281 934 pro
2297 909 2353 928 omn

1301 924 1378 954 nibus
1384 924 1443 964 suis
1458 929 1554 964 Sociis,
1571 926 1691 966 quifimt
1704 928 1853 967 Przssmarii
1867 934 1917 959 mei
1924 952 1934 972 2
1952 935 2053 960 nemine
2064 943 2154 961 eorum
2166 933 2198 962 de
2214 935 2264 973 ista
2284 938 2351 965 Alsa-

1302 966 1373 992 teria
1395 966 1534 1004 quicquam
1555 966 1720 1004 cognofiente
1732 989 1741 1004 ,
1760 975 1861 1005 praeter
1883 970 1966 1007 ipsum
1991 972 2092 999 Ducem
2098 982 2109 1008 ,-
2127 982 2208 1010 neque
2219 977 2301 1002 etiam
2314 975 2351 1014 est

1301 1000 1394 1041 aliqua
1410 1004 1545 1041 Persona,
1562 1007 1592 1033 in
1606 1005 1657 1042 ista
1672 1009 1775 1043 Terra,
1792 1016 1849 1046 quae
1867 1006 1898 1035 de
1910 1005 1961 1035 hac
1972 1009 2011 1036 Re
2031 1012 2169 1049 quisquam
2178 1010 2352 1050 fiiuntprae<

1301 1046 1345 1068 ter
1363 1039 1488 1070 Derham
1502 1040 1540 1075 &
1557 1042 1696 1081 Merpfimz.

1340 1081 1424 1107 Dicas
1435 1083 1516 1108 etiam
1530 1091 1584 1109 meo
1594 1083 1708 1118 Fratri,
1726 1082 1799 1121 quod
1809 1082 1974 1113 videbantur
1998 1084 2073 1114 Mihi
2091 1085 2143 1124 ista
2159 1085 2264 1116 oblata
2283 1089 2351 1119 adea

1300 1117 1492 1155 rationabilia,
1510 1119 1581 1156 quod
1594 1123 1699 1149 minime
1713 1121 1789 1149 debui
1801 1121 1851 1160 ista
1863 1121 1903 1150 ill1
1917 1123 2051 1161 denegaffe
2063 1135 2069 1140 ·
2088 1126 2234 1155 Narravit
2247 1131 2350 1166 etiam,

1299 1154 1371 1193 quod
1389 1156 1545 1192 supponebat
1560 1180 1569 1193 ,
1592 1158 1664 1195 quod
1676 1157 1768 1196 plures
1781 1181 1791 1196 ,
1818 1163 1862 1199 qui
1877 1159 1919 1189 hic
1926 1159 1995 1199 fic'nt
2005 1184 2014 1199 ‚
2031 1146 2100 1191 idem
2106 1162 2250 1202 facerent,
2278 1165 2313 1195 ed
2322 1165 2355 1197 id

1299 1202 1352 1221 non
1361 1192 1419 1230 fiio
1433 1193 1464 1221 de
1481 1200 1558 1222 certo.

1337 1231 1443 1269 Quoad
1462 1238 1562 1268 tempus
1580 1233 1688 1270 Eundi,
1707 1243 1760 1272 pro
1774 1234 1874 1272 Duce,
1893 1236 1924 1265 id
1933 1240 1985 1265 erit
2000 1244 2059 1268 tam
2074 1243 2125 1269 cito
2141 1249 2220 1280 quam
2232 1240 2288 1279 ejus
2303 1241 2350 1273 Se-

1300 1272 1428 1297 caritates
1437 1269 1528 1307 praesto
1542 1274 1685 1308 vcrzerint3
1704 1283 1772 1310 quas
1782 1276 1940 1303 securitates
1953 1280 2031 1304 mitto
2043 1278 2119 1307 Vobis
2129 1301 2137 1316 ,
2153 1278 2191 1313 ὠ·
2205 1282 2285 1309 Sociis
2299 1292 2349 1310 ve*

1291 1305 1359 1345 stris
1376 1307 1508 1344 omnibus,
1521 1308 1637 1346 scriptas
1647 1333 1656 1346 ,
1674 1318 1705 1338 ut
1722 1310 1840 1340 videatis
1852 1311 1966 1349 clarius,-
1978 1312 2031 1352 Jea'
2043 1317 2074 1344 a'e
2087 1317 2185 1346 Redito
2201 1317 2256 1355 ejus
2271 1319 2349 1349 nulla

1299 1343 1384 1373 adhuc
1397 1348 1464 1374 Dies
1512 1347 1663 1384 punctuata
1678 1347 1730 1386 est,
1751 1349 1817 1387 Sed,
1835 1360 1892 1379 cum
1907 1355 1975 1387 erit,
1992 1356 2100 1383 mittam
2112 1355 2173 1384 inde
2186 1358 2282 1386 Fratri
2295 1367 2351 1388 meo

1300 1384 1456 1422 Notitiam,
1521 1386 1645 1423 quomodo
1657 1386 1769 1423 procedo
1783 1390 1812 1416 in
1827 1386 1874 1417 hoc
1893 1390 2007 1425 Negatio
2023 1390 2060 1424 ὠ·
2075 1395 2104 1421 in
2120 1394 2236 1424 omnibus
2252 1395 2325 1426 aliis.

1336 1458 1441 1498 ITEM,
1444 1461 1594 1498 precaberis
1606 1463 1732 1491 Fratrem
1747 1473 1831 1493 meum
1845 1471 1876 1493 ut
1892 1475 1944 1494 non
1959 1468 2223 1508 Supponat,propter
2237 1471 2352 1513 aliquem

1298 1499 1457 1528 Tracfz‘atum
1472 1522 1482 1538 ,
1502 1508 1553 1538 per
1575 1511 1616 1529 eos·
1627 1499 1785 1539 faciendum
1798 1525 1808 1540 ,
1833 1503 1907 1542 quod
1923 1503 2042 1542 desistam
2056 1504 2074 1534 ἃ
2091 1509 2119 1536 V
2119 1511 2189 1544 idglo
2204 1520 2271 1547 meo,
2293 1523 2350 1542 cum

1297 1539 1352 1566 Dei
1360 1540 1471 1574 gratia:
1489 1549 1554 1567 nam
1563 1546 1615 1577 pro
1626 1546 1713 1576 certo,
1731 1551 1789 1569 cum
1803 1551 1859 1578 ejus
1874 1541 2068 1580 misericordia,
2087 1555 2140 1574 non
2161 1544 2266 1584 defiaeero
2280 1573 2288 1585 ,
2298 1550 2354 1588 sed
2413 1572 2417 1577 ι

1297 1574 1451 1614 adplenum
1467 1576 1615 1617 Profiquar
1628 1577 1686 1607 tale
1699 1578 1878 1620 Propofitum,
1897 1591 1929 1610 ac
1941 1584 1970 1610 in
1985 1580 2073 1612 eodem
2088 1584 2162 1613 modo
2176 1595 2225 1623 quo
2242 1587 2294 1625 Ipfi
2301 1596 2351 1626 per

1297 1624 1347 1643 vos
1362 1616 1501 1644 Notitiam
1517 1615 1586 1645 dedi.

1333 1653 1422 1682 Dabis
1436 1655 1518 1682 etiam
1530 1653 1579 1683 Illi
1587 1657 1694 1691 gratias
1704 1663 1755 1693 pro
1770 1658 1874 1686 Literis
1896 1657 2093 1688 Amicabilibus
2109 1669 2175 1699 quas
2195 1662 2236 1691 ad
2246 1670 2287 1692 me
2301 1667 2353 1693 mi-

1288 1689 1328 1730 fit
1337 1713 1346 1728 ,
1364 1702 1445 1720 unam
1457 1695 1529 1720 inter
1542 1691 1665 1759 aliasffer
1679 1693 1817 1731 Diprann,
1834 1695 1903 1724 unde
1918 1700 2016 1735 concepi
2023 1698 2213 1729 fraternalem
2219 1701 2352 1740 Affisten-

1294 1732 1364 1758 tiam
1374 1751 1384 1768 ,
1400 1740 1480 1769 quam
1494 1730 1530 1759 ab
1541 1730 1596 1769 ipso
1628 1731 1706 1760 abere
1721 1732 1829 1771 confido.

1331 1769 1443 1805 Etiam,
1460 1768 1577 1806 Tiptoft
1594 1790 1605 1807 ,
1623 1770 1713 1809 quoad
1729 1771 1806 1810 istam
1823 1774 1975 1802 filateriam
1997 1772 2089 1804 Ducis
2102 1775 2137 1805 de
2157 1774 2313 1816 Burbonia,
2325 1773 2356 1820 fi

1288 1812 1368 1842 putes
1389 1806 1461 1847 quod
1476 1805 1534 1836 [σιτ
1553 1818 1606 1837 non
1623 1815 1697 1845 potes
1717 1809 1844 1839 commode
1861 1819 1989 1848 exponere
2008 1811 2190 1853 Imperatori,
2206 1815 2269 1846 volo
2282 1814 2356 1856 quod

1295 1847 1383 1881 capias
1394 1853 1445 1883 pro
1463 1845 1594 1885 Magistro
1611 1845 1743 1883 Philippo
1764 1850 1889 1878 Litora-m
1910 1850 1952 1879 hic
1972 1849 2100 1890 inclusam
2114 1874 2123 1889 ‚
2140 1852 2177 1887 ό
2195 1864 2253 1893 quae
2268 1856 2304 1895 est
2318 1857 2352 1886 de

1295 1883 1457 1920 credentia,-
1473 1892 1521 1921 per
1541 1895 1622 1924 quam
1646 1885 1817 1915 credentiam
1838 1887 1900 1917 volo
1923 1889 1995 1927 quod
1998 1887 2091 1927 facias
2106 1893 2268 1931 Magistrum
2282 1895 2351 1924 Phi-

1294 1919 1404 1958 lippum
1419 1921 1541 1960 Jurare‚
1551 1922 1633 1961 siper
1648 1922 1780 1960 Librum,
1799 1923 1836 1958 ὠ
1849 1927 1877 1955 in
1893 1925 1990 1956 Verbo
2006 1928 2180 1966 Sacerdotis,
2198 1931 2270 1969 quod
2280 1944 2351 1961 mm²3

1294 1969 1374 2035 qflacyln
1388 1960 1551 2037 Revselabit,
1568 1961 1665 2001 absque
1684 1973 1743 1991 moa
1757 1962 1869 2001 speciali
1889 1967 2015 1995 Licentia
2031 1978 2040 2004 3
2053 1974 2133 2005 prout
2138 1967 2351 2009 fiaeprafirzjotum

1294 2007 1308 2025 e
1363 2009 1377 2026 e
1388 2005 1425 2027 tet
1455 2010 1478 2027 o.

1332 2037 1374 2065 Et
1389 2059 1398 2074 ,
1420 2006 1487 2066 {nte
1504 2039 1593 2067 omnia
1606 2059 1616 2075 ,
1641 2037 1830 2077 Instantiffl'me
1848 2039 1966 2079 [applica
1986 2045 2110 2072 Fratrem
2131 2043 2247 2083 nostrum
2261 2046 2349 2087 quod,

1295 2073 1368 2103 nullo
1384 2074 1474 2113 modo,
1489 2075 1541 2113 ista
1560 2076 1666 2113 detegat
1675 2099 1684 2114 ,
1702 2087 1755 2106 non
1770 2080 1861 2116 Magis
1872 2081 2017 2109 Hominum
2030 2091 2144 2111 meorum
2156 2082 2252 2123 alicui,
2269 2097 2352 2125 qaam

1287 2111 1378 2141 alteri
1391 2116 1537 2154 cuicumque
1550 2116 1671 2144 Homini.

1332 2150 1395 2180 Volo
1407 2155 1511 2190 etiam,
1529 2153 1601 2190 quod
1603 2152 1633 2192 fi
1643 2156 1782 2190 contigerit
1814 2155 1868 2184 uod
1883 2154 2015 2195 deceffi’ris
2031 2168 2050 2186 a
2071 2169 2126 2188 meo
2138 2161 2238 2190 Fratre
2254 2161 2350 2200 Imp&

1293 2197 1384 2219 ratore
1404 2197 1550 2231 antequam
1571 2190 1627 2220 haec
1651 2193 1752 2220 Litera
1773 2164 1813 2222 a}
1827 2199 1854 2222 te
1868 2198 2034 2234 perveniat,
2067 2197 2122 2226 uod
2154 2202 2222 2227 atim
2237 2200 2277 2229 ad
2290 2212 2352 2231 eum

1291 2227 1402 2264 redea13
1414 2227 1520 2266 ftmper
1533 2228 1575 2257 ad
1592 2239 1632 2258 me
1655 2230 1786 2260 mittendo
1801 2239 1850 2268 per
1868 2231 2013 2271 Hartank,
2039 2244 2049 2260 ι
2065 2239 2110 2275 qui
2138 2236 2180 2276 fit
2193 2238 2266 2277 quod
2266 2237 2351 2278 fistif

1292 2268 1427 2295 nationem
1436 2266 1551 2305 postulet
1564 2277 1574 2304 ,·
1601 2269 1658 2304 Et,
1666 2267 1821 2305 specialiter
1831 2291 1840 2306 ,
1858 2277 1949 2299 utrum
1964 2275 2064 2301 Frater
2080 2284 2150 2304 meus
2164 2275 2296 2314 consentit
2309 2277 2352 2309 ad

1292 2303 1369 2341 istam
1383 2306 1535 2334 Materiam
1545 2328 1554 2343 ,
1566 2312 1616 2342 pro
1629 2316 1683 2345 qua
1698 2306 1772 2344 ivisti
1779 2328 1790 2345 ,
1808 2318 1853 2337 nec
1870 2310 1926 2338 ne?

1332 2380 1392 2418 Et,
1410 2388 1461 2418 pro
1477 2383 1580 2410 Secreta
1604 2379 1683 2417 hujus
1704 2384 1813 2427 Negotti
1832 2382 1902 2413 hanc
1920 2385 2122 2453 1⁷}srru63ionem
2135 2389 2350 2430 Scrijfiproprid

1298 2418 1357 2447 med
1378 2422 1485 2464 Manu,
1503 2418 1540 2453 &a
1553 2429 1610 2448 cum
1623 2429 1683 2464 meo·
1695 2424 1803 2467 Srgneto.
1813 2422 1844 2451 de
1861 2426 1939 2462 Aqui
1951 2436 1985 2463 a,
2003 2424 2143 2465 Sigillavi,
2163 2436 2200 2466 25
2213 2428 2353 2470 Januarii,

1297 2467 1356 2496 quae
1374 2459 1442 2486 Dm
1459 2456 1494 2496 est
1513 2456 1697 2498 conversione
1710 2460 1803 2489 Sanetr
1816 2460 1905 2490 Pauli.

439 2634 531 2678 Super
550 2630 771 2675 Conceffionibus
789 2635 819 2664 in
839 2634 1024 2678 Aquitania

55 2713 132 2744 Ann.
150 2713 196 2744 D.
210 2714 341 2772 REX
389 2715 545 2748 senescallo
566 2716 615 2747 suo
641 2717 821 2756 Aquitanniae
837 2740 847 2756 ‚
873 2728 906 2748 ac
931 2716 1149 2749 Constabulario
1162 2716 1262 2750 nostro

75 2761 163 2792 1417.
288 2740 475 2793 Burdegaliae,
494 2757 542 2793 qui
556 2765 634 2786 nunc
648 2756 724 2793 sunt,
744 2756 789 2786 vel
805 2758 851 2794 qui
871 2767 923 2794 pro
946 2765 1075 2794 tempore
1088 2757 1206 2796 fuerint,
1224 2759 1258 2789 ὃ(

54 2795 107 2819 An.
121 2802 150 2829 4.
205 2801 307 2822 eorum
321 2793 576 2832 Locatenentibus,
594 2804 706 2826 necnon
723 2793 900 2825 Cancellario
912 2794 1011 2825 nostro
1019 2796 1204 2836 Burdegaliae,
1221 2809 1255 2830 ac

57 2833 91 2857 H.
110 2839 139 2864 5.
202 2831 260 2860 aliis
277 2831 429 2862 Officiariis
441 2831 474 2862 &
490 2831 627 2862 Ministris
641 2833 743 2863 nostris
761 2833 882 2871 ibidem,
900 2833 1034 2865 Salutem.

55 2867 125 2903 Vasc.
140 2877 169 2903 4.

240 2868 321 2900 Cum
333 2869 533 2910 Progenitores
551 2870 655 2908 nostri,
675 2881 724 2909 per
739 2871 846 2901 Literas
860 2872 917 2903 suas
931 2870 1074 2912 patentes,
1094 2884 1161 2912 quas
1170 2874 1253 2905 Con-

56 2910 89 2932 H.
111 2915 139 2940 5.
152 2915 187 2934 m.
201 2902 394 2946 firmavimus,
415 2909 433 2928 ³*
454 2908 650 2946 affignaverint
663 2910 696 2940 &
710 2909 871 2940 tradiderint
887 2914 1006 2948 Augerio
1021 2913 1053 2941 de
1070 2911 1250 2951 Monte'alto,

63 2952 104 2970 1¹,

54 2979 75 2999 *ι
95 2982 149 3010 ix.

51 3027 119 3055 43¹·

194 2947 836 3018 offlMM
850 2948 1252 3027 J&

202 3018 340 3061 tinentiis,
356 3025 388 3055 ὃ(
401 3023 630 3062 Emolumenris,
647 3034 680 3055 ac
701 3010 869 3056 Redditibtis
882 3047 893 3063 ‚
917 3025 1090 3066 Homagiis‚
1108 3030 1141 3060 ὃς
1156 3013 1250 3061 'Profi-

201 3059 262 3089 cuis
275 3061 425 3099 univerfis,
439 3062 472 3092 ad
490 3063 599 3094 dietum
615 3061 747 3094 Castrum
769 3064 802 3094 &
823 3063 1018 3095 Castellaniam
1033 3068 1248 3107 pertinentibus,

197 3097 232 3128 &
246 3099 382 3134 pertinere
396 3099 562 3132 debentibus
579 3112 698 3140 quoquo
715 3101 812 3132 Modo
823 3126 833 3141 ,
859 3103 951 3141 quoad
966 3104 1049 3140 usque
1063 3105 1141 3136 dicto
1155 3110 1249 3146 Auge-

198 3138 238 3164 rio
254 3135 289 3166 de
308 3136 410 3167 Castro
423 3161 432 3174 ,
451 3138 546 3169 Terris
567 3141 600 3171 &
619 3139 789 3171 Redditibus
803 3165 813 3178 ,
841 3143 870 3172 in
882 3141 978 3179 aliquo
992 3141 1047 3174 alio
1066 3144 1150 3174 Loco
1165 3157 1249 3176 corn-

197 3176 322 3217 petenti,
341 3175 412 3206 infra
433 3175 578 3207 Ducatum
600 3178 730 3209 nostrum
746 3179 925 3217 Aquitanniae
936 3203 945 3217 ,
972 3181 1007 3211 ad
1023 3182 1147 3213 valorem
1163 3184 1247 3216 Mille

199 3211 366 3252 Librarum,
384 3214 470 3244 bonae
484 3214 630 3254 Monetae,
647 3216 743 3247 Annui
752 3217 895 3250 Redditus
912 3219 1092 3263 (computato
1104 3232 1163 3252 uno
1171 3223 1248 3254 Ster-

195 3249 275 3295 hngo
288 3261 340 3296 pro
354 3252 492 3291 Quinque
504 3251 632 3285 Denarus
652 3255 994 3303 bonorum-Burdegahae)
1015 3269 1084 3290 cum
1105 3262 1244 3293 consimili

196 3328 257 3358 cuis
278 3329 311 3360 δε
327 3327 534 3360 Emolumentis
549 3354 559 3368 ‚
586 3331 654 3362 sicut
671 3331 705 3361 ad
719 3331 852 3363 Castrum
867 3334 900 3364 &
913 3334 1030 3366 Locum
1044 3337 1080 3368 de
1097 3337 1242 3370 Genffaco

194 3366 391 3398 dinoscebatur
412 3368 568 3406 pertinere,
593 3369 687 3399 debite
703 3369 830 3402 fecissent
851 3372 1006 3413 provideri,
1022 3374 1242 3417 superioritate,

195 3403 340 3444 Reform,
359 3407 393 3437 &
409 3406 557 3445 ‘Homagio
567 3429 576 3444 ‚
593 3406 671 3444 super
690 3407 833 3439 Dominio
845 3431 855 3447 ‚
872 3410 992 3450 Castro,
1011 3414 1045 3444 &
1060 3412 1226 3447 Castelsania

196 3452 230 3474 ac
244 3443 272 3473 in
287 3445 349 3487 aliis-
359 3444 435 3476 salvis
445 3444 690 3483 juribus-Regiis,
707 3456 740 3476 ac
756 3448 978 3486 quibuscumque
993 3451 1103 3491 alienis,

233 3480 396 3514 Promiierit
411 3485 487 3513 enirn
508 3483 597 3514 dietus
611 3486 741 3513 Dominus
762 3485 795 3514 de
810 3486 978 3555 Muffdano
996 3492 1114 3526 praefatis
1136 3491 1244 3531 Proge-

192 3520 332 3553 nitoribus
346 3521 446 3552 nostris
462 3521 542 3560 quod
557 3523 611 3559 eis,
628 3532 674 3553 aut
689 3522 845 3555 senescallo
891 3526 1010 3557 asconiae
1023 3552 1032 3565 ,
1051 3538 1098 3560 aut
1120 3530 1244 3563 Consta-

194 3558 304 3589 bulario
318 3560 490 3598 Burdegaliae
502 3585 512 3598 ,
537 3570 589 3599 pro
605 3568 734 3597 tempore
755 3562 948 3602 existentibus,
965 3565 1039 3597 facti
1052 3568 1101 3598 fibi
1117 3569 1244 3600 Affiona-

194 3597 273 3627 tione
289 3598 326 3628 de
341 3597 422 3629 dictis
439 3598 524 3629 Mille
541 3599 650 3637 Libris,
666 3600 751 3629 bonae
767 3600 915 3641 Monetae,
932 3605 960 3632 in
975 3606 1069 3642 aliquo
1090 3607 1144 3636 alio
1159 3596 1243 3638 L-oco

193 3638 384 3680 competenti,
403 3637 472 3684 infra
488 3637 633 3682 Ducaturn
656 3637 824 3675 praedictum
836 3661 845 3677 ,
865 3641 953 3684 modo
971 3643 1003 3674 ὃς
1017 3644 1109 3676 forma
1121 3646 1242 3684 superius

191 3674 503 3752 {ffifflssffesstitiffi
522 3675 1242 3760 331delsslta‘ss‘uffr‘ffii‘lss031ssffiu'}⁰353?&3333

189 3747 223 3778 &
241 3748 365 3781 Ministri
378 3773 389 3789 ,
413 3753 493 3790 super
516 3752 578 3783 baec
599 3754 723 3783 debitam
739 3753 910 3785 Potestatem
926 3754 1091 3790 habentium
1107 3782 1116 3798 ‚
1134 3761 1241 3792 Instan-

179 3785 308 3818 ‘tiam¹&
323 3787 519 3829 Requestum,
535 3791 610 3822 dicta
627 3791 761 3822 Castrum
774 3794 806 3824 &
821 3791 1016 3826 castellaniam
1031 3798 1067 3828 de
1080 3798 1171 3830 Blavia
1207 3801 1241 3831 ὃς

188 3822 248 3868 alia·
257 3824 363 3856 Officia
372 3848 381 3864 ‚
399 3828 586 3860 &Redditus
593 3853 602 3868 ‚
619 3830 668 3860 sibi
681 3831 809 3869 affignata

188 3870 266 3937 agliean',
284 3864 317 3894 ὅ(
331 3864 471 3898 Officium
486 3868 621 3908 Turragii
635 3869 668 3899 &
681 3869 804 3909 Portagii

230 3937 280 3968 De
301 3949 424 3978 quorum
435 3940 611 3987 'Redditibus
624 3968 634 3984 ,
652 3942 797 3985 Exitibus,
816 3948 850 3979 &
865 3944 1069 3989 Proventibus,
1087 3950 1241 3992 Proficuis,

194 3977 227 4008 δε
244 3976 454 4010 Emolumenns
469 3982 554 4012 iidem
567 3983 765 4023 Progenitores
779 3986 866 4017 nostri
880 3987 968 4018 dictas
982 3988 1067 4021 Mille
1079 3991 1172 4023 Libras
1182 3994 1243 4023 An-

194 4023 260 4048 nuas
276 4017 602 4058 duxerant-affignandas
613 4044 624 4062 ,
651 4024 746 4062 quoad
759 4024 848 4064 usque
862 4025 1058 4059 MilleLibrae
1071 4029 1155 4062 bonae
1171 4030 1244 4062 Mo-

820 3833 990 3901 gnomen,
1001 3835 1148 3883 Officium·
1162 3824 1241 3869 (iau-

848 3871 911 3902 astn
924 3881 992 3910 regu
1005 3873 1174 3916 Burdegaltae
1182 3899 1191 3916 ‚
1208 3880 1240 3909 &

1301 2629 1374 2650 netae
1398 2619 1496 2651 Annui
1516 2619 1657 2653 Redditus
1671 2645 1682 2661 ,
1707 2624 1736 2653 in
1757 2623 1824 2655 loco
1846 2627 2043 2667 competenti,
2060 2629 2152 2662 eidem
2167 2631 2259 2663 forent
2273 2633 2354 2674 affig⁶

1302 2668 1390 2696 natae,

1337 2696 1474 2741 Traderet
1487 2719 1498 2741 ,³
1525 2697 1671 2731 Redderet
1686 2722 1695 2738 ‚
1721 2701 1755 2731 ὃς
1777 2701 1965 2742 Restitueret‚
1982 2714 2015 2734 ac
2031 2704 2136 2746 Traffl,
2156 2704 2300 2749 Liberari‚
2320 2711 2354 2743 δὲ

1300 2734 1423 2766 Restitu1
1435 2736 1548 2766 indilate
1561 2736 1682 2775 faceret,
1699 2738 1776 2770 Statu
1792 2750 1846 2770 nec
1856 2740 1971 2779 juribus
1985 2744 2013 2772 in
2031 2745 2125 2782 aliquo
2139 2747 2298 2788 diminutis,

1338 2774 1486 2805 Voluerint
1500 2775 1584 2804 etiam
1598 2776 1631 2806 &
1646 2775 1845 2810 concesserint
1865 2779 1935 2810 dieti
1959 2780 2156 2820 Progenitores
2176 2786 2279 2826 nostri,
2297 2798 2351 2826 pro

1294 2811 1331 2842 Se
1342 2835 1351 2850 ,
1369 2813 1403 2843 δε
1417 2812 1586 2844 Haeredibus
1603 2814 1671 2853 suis,
1689 2816 1768 2854 quod
1791 2817 1918 2854 praefatus
1939 2822 2076 2857 Augerius
2094 2823 2207 2854 haberet
2223 2827 2255 2856 ὃ(
2273 2835 2350 2858 tene-

1292 2860 1333 2880 ret
1349 2851 1424 2882 dieta
1438 2850 1570 2882 Castrum
1585 2853 1618 2883 ὃ(
1632 2853 1824 2885 Castellaniam
1841 2855 1876 2885 de
1890 2855 1982 2888 Blavia
1997 2881 2006 2895 ,
2026 2868 2058 2889 ac
2073 2862 2171 2892 omnia
2187 2862 2235 2892 alia
2250 2864 2299 2895 fibi
2312 2866 2348 2896 lic

1290 2889 1438 2928 assignata,
1455 2900 1522 2921 cum
1537 2890 1588 2920 suis
1599 2891 1710 2929 Juribus
1727 2895 1759 2924 &
1776 2893 1955 2924 Pertinentiis
1971 2897 2119 2937 universis,
2137 2910 2191 2937 pro
2202 2901 2239 2932 Se
2273 2902 2346 2933 ΗΞ-

1290 2926 1402 2958 redibus
1420 2952 1429 2965 ,
1457 2929 1490 2958 ἓξ
1508 2927 1655 2966 Affignatis
1678 2931 1730 2960 suis
1750 2931 1828 2971 juxta
1848 2932 1998 2963 Tenorem
2024 2935 2180 2968 Literarum
2198 2925 2262 2970 ind}
2276 2952 2348 2972 cona

1289 2965 1446 3009 sperarum,
1463 2975 1548 3004 prout
1560 2968 1589 2997 in
1600 2968 1684 2999 literis
1701 2970 1733 2999 ὃς
1749 2969 1974 3001 Confirmatione
1990 2975 2129 3010 praediclis
2145 2977 2253 3014 plenius
2274 2990 2345 3010 cona

1292 3013 1396 3034 tinetur

1326 3028 1417 3072 Vobi}
1427 3042 1598 3073 Mandarnus
1615 3043 1852 3082 quod,dilestam
1871 3046 1986 3086 Nobis,
2006 3052 2129 3081 Mariam
2145 3053 2177 3082 de
2195 3055 2343 3093 Montani,

1287 3079 1447 3111 Dominam
1465 3081 1500 3111 de
1518 3081 1700 3120 Muyffidano
1715 3084 1747 3114 &
1763 3083 1797 3115 de
1815 3084 1924 3123 Blavia,
1942 3085 2093 3126 Uxorem,
2109 3091 2202 3122 dilecti
2219 3095 2251 3123 &
2275 3093 2342 3123 ride

1286 3118 1317 3148 lis
1334 3119 1438 3157 nostri,
1455 3119 1596 3157 Johannis
1612 3123 1722 3151 Domini
1745 3122 1777 3151 de
1798 3126 1932 3153 Gramont
1953 3126 1985 3154 δε
2000 3126 2035 3156 de
2052 3125 2140 3159 Cama
2159 3132 2191 3159 Sc
2210 3131 2341 3161 Conim-

1286 3158 1418 3193 guineam
1441 3160 1473 3188 ὃς
1495 3158 1650 3188 Haeredem
1674 3161 1778 3197 praefari
1800 3165 1931 3200 Augem’z‘,
1947 3172 1979 3193 ac
1997 3165 2084 3201 ipsum
2098 3167 2274 3205 Johmnem,
2293 3178 2341 3201 aut

1285 3205 1388 3238 eorum
1415 3195 1578 3226 Artornatos
1593 3220 1602 3234 ,
1626 3197 1682 3227 live
1697 3198 1872 3238 Deputatos,
1892 3201 1965 3231 dicta
1981 3201 2088 3234 Officia
2103 3205 2244 3244 Gauged,
2263 3208 2341 3238 Tur->

1286 3235 1371 3270 ragit,
1391 3234 1424 3264 &
1442 3233 1583 3273 Pormgii,
1603 3237 1658 3265 un}
1680 3246 1749 3266 cum
1773 3237 1976 3277 Prmemibus,
1997 3240 2149 3281 Proficuis,
2168 3246 2201 3275 &
2219 3245 2341 3277 Emolu-

1280 3273 1380 3302 mentis
1404 3273 1571 3302 eorumdem
1586 3297 1595 3309 ,
1621 3273 1722 3305 habere
1736 3300 1745 3312 ,
1772 3282 1901 3307 exercere
1916 3301 1925 3315 ,
1950 3279 1983 3309 ὃς
2003 3289 2141 3317 occupare
2158 3292 2339 3321 permittatis,

1232 3320 1243 3325 ·
1283 3310 1354 3340 ‘uxta
1366 3311 1514 3341 Tenorem
1531 3311 1688 3342 L'terarum
1704 3315 1735 3344 &
1752 3314 1986 3346 Confirmationls
2001 3319 2213 3359 pmdistarum,

1317 3347 1393 3386 Ipsos
1408 3372 1417 3386 ,
1443 3358 1541 3380 contra
1563 3349 1712 3381 Tenorem
1726 3354 1904 3392 earumdem,
1922 3364 1982 3385 non
1998 3356 2176 3389 molestantes
2189 3361 2218 3389 in
2235 3359 2337 3400 aliquo,

1281 3385 1326 3417 seu
1340 3396 1503 3426 gravante33
1521 3387 1596 3419 salvo
1611 3389 1718 3426 semper
1729 3391 1798 3427 Jure
1812 3392 1911 3422 nostro
1923 3416 1931 3429 ,
1957 3394 1990 3424 &
2010 3394 2068 3424 aliis
2085 3397 2254 3434 quibussibet
2264 3400 2333 3439 Jure

1235 3441 1244 3455 ³
1280 3424 1346 3464 suo,
1364 3426 1537 3464 quibus,per
1554 3428 1718 3464 praeclictam
1732 3429 1856 3460 nostram
1865 3430 2141 3474 Confirmationem,
2157 3437 2265 3469 nullum
2280 3448 2334 3470 νο·

1282 3463 1376 3494 lumus
1393 3465 1590 3503 praejudicium
1606 3468 1738 3505 generari.

1319 3538 1408 3570 Teste
1424 3539 1509 3579 Rege
1523 3541 1595 3579 apud
1609 3540 1864 3582 Wstmonast.2rium
1879 3546 1944 3577 xxiv
1956 3545 2003 3578 die
2014 3542 2147 3586 januariiA

1505 3617 2335 3635 -Ἡῇ-ῄ,

1279 3663 1328 3694 De
1348 3658 1619 3703 Ambaffiasoribus
1640 3686 1649 3704 ‚
1681 3662 1727 3696 ad
1749 3667 1856 3711 Regem
1882 3665 2004 3711 Castellae
2021 3672 2056 3707 ᾤ’
2076 3672 2209 3715 Legionis
2231 3679 2330 3703 trans·

1323 3707 1539 3789 miffis‚dfiaeper
1564 3711 1742 3758 Alligantiis
1759 3738 1769 3755 ,
1797 3715 1866 3747 olim
1892 3719 1991 3758 initis,
2007 3717 2187 3761 firmandis,
2212 3719 2263 3750 vel
2283 3731 2331 3751 re·

1325 3769 1424 3789 novan
1447 3769 1481 3790 15·

1279 3842 1329 3895 R
1342 3840 1407 3872 EX
1412 3864 1424 3885 ,
1441 3840 1545 3873 dilecto
1558 3842 1591 3874 ὃς
1605 3843 1678 3874 fideli
1692 3844 1758 3883 suo,
1775 3841 1902 3884 Johanm*
1914 3850 1990 3877 Seint
2001 3842 2081 3886 John
2094 3870 2103 3886 ,
2124 3844 2212 3880 Militi
2231 3852 2327 3886 maiori
2348 3851 2422 3885 Ann.
2438 3851 2479 3887 D,

1351 3880 1479 3911 Civitatis
1496 3881 1598 3912 nostrae
1614 3882 1799 3922 Burdegahae,
1818 3885 1944 3922 Johanni
1958 3887 2050 3916 stokes
2064 3886 2178 3924 Legum
2187 3888 2328 3929 Ductori,
2375 3899 2461 3933 1417.

1278 3917 1311 3947 &
1324 3917 1453 3956 Johanm'
1469 3919 1553 3949 Hulle
1571 3921 1739 3960 Armigero,
1754 3923 1894 3959 Salutem,
2218 3961 2222 3963 ,
2346 3936 2397 3959 Aa.
2413 3944 2442 3968 4·

1284 3969 1288 3974 ³
1317 3956 1398 3986 Pacis
1422 3957 1535 3988 Auelor
1557 3957 1590 3988 δε
1611 3958 1730 3989 Amator
1744 3981 1752 3997 ,
1776 3960 1920 3989 Dominus
1938 3959 2032 3991 noster
2045 3961 2120 4000 Jesus
2134 3962 2278 4004 Christus,
2297 3976 2328 3998 ut
2346 3975 2379 3996 H.
2399 3979 2426 4005 5.

1281 4002 1361 4031 rupta
1386 3994 1465 4025 Pacis
1490 3996 1607 4034 Foedera
1632 3998 1814 4035 reformaret,
1841 4000 1855 4026 {1
1879 3998 2006 4030 Summis
2022 4002 2054 4030 ad
2067 4009 2131 4040 yma
2144 4003 2327 4044 descendens,
2347 4011 2431 4035 franc,
2450 4014 2479 4043 4<

1281 4032 1388 4064 Pacem
1414 4033 1589 4065 Hominibus
1612 4035 1697 4066 borrae
1717 4036 1863 4066 voluntatis
1884 4038 1914 4066 in
1934 4037 1984 4067 suo
2004 4040 2099 4076 pri—mo
2122 4041 2255 4074 Adventu
2280 4053 2327 4084 per
2349 4051 2401 4081 Hs
2414 4047 2477 4073 mo,

2270 4086 2333 4110 An·
