<?xml version="1.0" encoding="UTF-8"?>
<!DOCTYPE html PUBLIC "-//W3C//DTD XHTML 1.0 Transitional//EN"
    "http://www.w3.org/TR/xhtml1/DTD/xhtml1-transitional.dtd">
<html xmlns="http://www.w3.org/1999/xhtml" xml:lang="en" lang="en">
 <head>
  <title>
</title>
<meta http-equiv="Content-Type" content="text/html;charset=utf-8" />
  <meta name='ocr-system' content='tesseract 3.04.00' />
  <meta name='ocr-capabilities' content='ocr_page ocr_carea ocr_par ocr_line ocrx_word'/>
</head>
<body>
  <div class='ocr_page' id='page_1' title='image "./fderaconventione04ryme_0099.png"; bbox 0 0 2562 4274; ppageno 0'>
   <div class='ocr_carea' id='block_1_1' title="bbox 784 136 1253 180">
    <p class='ocr_par' dir='ltr' id='par_1_1' title="bbox 784 136 1253 180">
     <span class='ocr_line' id='line_1_1' title="bbox 784 136 1253 180; baseline 0.002 -1"><span class='ocrx_word' id='word_1_1' title='bbox 784 138 896 179; x_wconf 89' lang='lat' dir='ltr'>ET</span> <span class='ocrx_word' id='word_1_2' title='bbox 988 136 1253 180; x_wconf 79' lang='lat' dir='ltr'><strong>ACTA</strong></span> 
     </span>
    </p>
   </div>
   <div class='ocr_carea' id='block_1_2' title="bbox 61 213 1281 261">
    <p class='ocr_par' dir='ltr' id='par_1_2' title="bbox 61 213 1281 261">
     <span class='ocr_line' id='line_1_2' title="bbox 61 213 1281 261; baseline 0 -7"><span class='ocrx_word' id='word_1_3' title='bbox 61 220 138 254; x_wconf 81' lang='lat' dir='ltr'>Anu.</span> <span class='ocrx_word' id='word_1_4' title='bbox 153 220 196 252; x_wconf 91' lang='lat' dir='ltr'>D.</span> <span class='ocrx_word' id='word_1_5' title='bbox 219 221 314 254; x_wconf 88' lang='lat' dir='ltr'>Ducis</span> <span class='ocrx_word' id='word_1_6' title='bbox 329 223 365 254; x_wconf 87' lang='lat'>&amp;</span> <span class='ocrx_word' id='word_1_7' title='bbox 383 222 564 255; x_wconf 83' lang='lat' dir='ltr'>Comitisita</span> <span class='ocrx_word' id='word_1_8' title='bbox 579 213 754 261; x_wconf 78' lang='lat' dir='ltr'>reformare,</span> <span class='ocrx_word' id='word_1_9' title='bbox 771 225 809 254; x_wconf 83' lang='lat' dir='ltr'>ne</span> <span class='ocrx_word' id='word_1_10' title='bbox 827 222 949 261; x_wconf 83' lang='lat' dir='ltr'>ipsorum</span> <span class='ocrx_word' id='word_1_11' title='bbox 972 222 1053 260; x_wconf 85' lang='lat' dir='ltr'>culpa</span> <span class='ocrx_word' id='word_1_12' title='bbox 1077 224 1168 254; x_wconf 87' lang='lat' dir='ltr'>vestra</span> <span class='ocrx_word' id='word_1_13' title='bbox 1185 223 1281 254; x_wconf 88' lang='lat' dir='ltr'>videa-</span> 
     </span>
    </p>
   </div>
   <div class='ocr_carea' id='block_1_3' title="bbox 61 268 172 336">
    <p class='ocr_par' dir='ltr' id='par_1_3' title="bbox 61 268 172 336">
     <span class='ocr_line' id='line_1_3' title="bbox 61 268 172 336; baseline 0 -8"><span class='ocrx_word' id='word_1_14' title='bbox 61 268 172 336; x_wconf 54' lang='lat' dir='ltr'>³¹22?ss</span> 
     </span>
    </p>
   </div>
   <div class='ocr_carea' id='block_1_4' title="bbox 59 681 185 758">
    <p class='ocr_par' dir='ltr' id='par_1_4' title="bbox 59 681 185 758">
     <span class='ocr_line' id='line_1_4' title="bbox 59 681 185 711; baseline 0.008 -1"><span class='ocrx_word' id='word_1_15' title='bbox 59 681 80 701; x_wconf 70' lang='lat'>0</span> <span class='ocrx_word' id='word_1_16' title='bbox 100 683 185 711; x_wconf 87' lang='lat' dir='ltr'>VIII.</span> 
     </span>
     <span class='ocr_line' id='line_1_5' title="bbox 77 730 143 758; baseline -0.015 0"><span class='ocrx_word' id='word_1_17' title='bbox 77 730 143 758; x_wconf 83' lang='lat'>349·</span> 
     </span>
    </p>
   </div>
   <div class='ocr_carea' id='block_1_5' title="bbox 82 3809 190 3888">
    <p class='ocr_par' dir='ltr' id='par_1_5' title="bbox 82 3809 190 3888">
     <span class='ocr_line' id='line_1_6' title="bbox 82 3809 190 3843; baseline -0.028 0"><span class='ocrx_word' id='word_1_18' title='bbox 82 3813 98 3829; x_wconf 66' lang='lat'>¹⁸</span> <span class='ocrx_word' id='word_1_19' title='bbox 107 3809 190 3843; x_wconf 86' lang='lat' dir='ltr'>Vin.</span> 
     </span>
     <span class='ocr_line' id='line_1_7' title="bbox 101 3860 166 3888; baseline 0.015 -10"><span class='ocrx_word' id='word_1_20' title='bbox 101 3860 166 3888; x_wconf 79' lang='lat'><em>350.</em></span> 
     </span>
    </p>
   </div>
   <div class='ocr_carea' id='block_1_6' title="bbox 209 2574 449 2606">
    <p class='ocr_par' dir='ltr' id='par_1_6' title="bbox 209 2574 449 2606">
     <span class='ocr_line' id='line_1_8' title="bbox 209 2574 449 2606; baseline 0.004 -3"><span class='ocrx_word' id='word_1_21' title='bbox 209 2585 261 2605; x_wconf 81' lang='lat' dir='ltr'>nis</span> <span class='ocrx_word' id='word_1_22' title='bbox 277 2574 449 2606; x_wconf 80' lang='lat' dir='ltr'>effusionem</span> 
     </span>
    </p>
   </div>
   <div class='ocr_carea' id='block_1_7' title="bbox 214 260 1282 445">
    <p class='ocr_par' dir='ltr' id='par_1_7' title="bbox 220 260 534 292">
     <span class='ocr_line' id='line_1_9' title="bbox 220 260 534 292; baseline 0 0"><span class='ocrx_word' id='word_1_23' title='bbox 220 269 264 292; x_wconf 86' lang='lat' dir='ltr'>tur</span> <span class='ocrx_word' id='word_1_24' title='bbox 300 260 406 292; x_wconf 89' lang='lat' dir='ltr'>velitis:</span> <span class='ocrx_word' id='word_1_25' title='bbox 530 289 534 292; x_wconf 85' lang='lat'><strong>.</strong></span> 
     </span>
    </p>

    <p class='ocr_par' dir='ltr' id='par_1_8' title="bbox 216 283 1281 375">
     <span class='ocr_line' id='line_1_10' title="bbox 254 283 1281 339; baseline 0.001 -10"><span class='ocrx_word' id='word_1_26' title='bbox 254 283 308 337; x_wconf 51' lang='lat' dir='ltr'>Fit,</span> <span class='ocrx_word' id='word_1_27' title='bbox 326 299 345 329; x_wconf 85' lang='lat' dir='ltr'>si</span> <span class='ocrx_word' id='word_1_28' title='bbox 361 297 510 337; x_wconf 83' lang='lat' dir='ltr'>praefatum</span> <span class='ocrx_word' id='word_1_29' title='bbox 526 296 619 328; x_wconf 89' lang='lat' dir='ltr'>Diem</span> <span class='ocrx_word' id='word_1_30' title='bbox 635 297 766 328; x_wconf 90' lang='lat' dir='ltr'>Primum</span> <span class='ocrx_word' id='word_1_31' title='bbox 781 297 999 339; x_wconf 76' lang='lat' dir='ltr'>observare,seu</span> <span class='ocrx_word' id='word_1_32' title='bbox 1014 298 1101 330; x_wconf 87' lang='lat' dir='ltr'>alium</span> <span class='ocrx_word' id='word_1_33' title='bbox 1117 299 1281 330; x_wconf 85' lang='lat' dir='ltr'>ulteriorum</span> 
     </span>
     <span class='ocr_line' id='line_1_11' title="bbox 216 335 1101 375; baseline 0 -8"><span class='ocrx_word' id='word_1_34' title='bbox 216 345 369 375; x_wconf 83' lang='lat' dir='ltr'>prorogare</span> <span class='ocrx_word' id='word_1_35' title='bbox 382 337 487 368; x_wconf 88' lang='lat' dir='ltr'>curetis</span> <span class='ocrx_word' id='word_1_36' title='bbox 496 358 506 374; x_wconf 92' lang='lat'>,</span> <span class='ocrx_word' id='word_1_37' title='bbox 524 336 593 367; x_wconf 91' lang='lat' dir='ltr'>Nos</span> <span class='ocrx_word' id='word_1_38' title='bbox 606 335 725 367; x_wconf 87' lang='lat' dir='ltr'>reddatis</span> <span class='ocrx_word' id='word_1_39' title='bbox 740 336 842 373; x_wconf 80' lang='lat' dir='ltr'>abique</span> <span class='ocrx_word' id='word_1_40' title='bbox 860 336 943 366; x_wconf 69' lang='lat' dir='ltr'>mora</span> <span class='ocrx_word' id='word_1_41' title='bbox 958 338 1101 367; x_wconf 75' lang='lat' dir='ltr'><strong>certiores.</strong></span> 
     </span>
    </p>

    <p class='ocr_par' dir='ltr' id='par_1_9' title="bbox 214 373 1282 445">
     <span class='ocr_line' id='line_1_12' title="bbox 253 373 1282 414; baseline 0.001 -8"><span class='ocrx_word' id='word_1_42' title='bbox 253 375 289 406; x_wconf 90' lang='lat' dir='ltr'>In</span> <span class='ocrx_word' id='word_1_43' title='bbox 302 376 415 405; x_wconf 90' lang='lat' dir='ltr'>caritate</span> <span class='ocrx_word' id='word_1_44' title='bbox 429 374 556 412; x_wconf 63' lang='lat' dir='ltr'>perfeeta</span> <span class='ocrx_word' id='word_1_45' title='bbox 572 373 726 405; x_wconf 87' lang='lat' dir='ltr'>confirmet</span> <span class='ocrx_word' id='word_1_46' title='bbox 740 384 792 405; x_wconf 94' lang='lat' dir='ltr'>vos</span> <span class='ocrx_word' id='word_1_47' title='bbox 807 374 931 405; x_wconf 80' lang='lat' dir='ltr'>Trinitas</span> <span class='ocrx_word' id='word_1_48' title='bbox 947 374 1067 414; x_wconf 69' lang='lat' dir='ltr'>Sancta,</span> <span class='ocrx_word' id='word_1_49' title='bbox 1085 375 1119 406; x_wconf 90' lang='lat'>&amp;</span> <span class='ocrx_word' id='word_1_50' title='bbox 1133 375 1282 407; x_wconf 84' lang='lat' dir='ltr'>Dominus</span> 
     </span>
     <span class='ocr_line' id='line_1_13' title="bbox 214 412 517 445; baseline -0.003 -1"><span class='ocrx_word' id='word_1_51' title='bbox 214 413 246 444; x_wconf 84' lang='lat' dir='ltr'>fit</span> <span class='ocrx_word' id='word_1_52' title='bbox 259 415 290 445; x_wconf 89' lang='lat' dir='ltr'>in</span> <span class='ocrx_word' id='word_1_53' title='bbox 303 413 394 444; x_wconf 89' lang='lat' dir='ltr'>corde</span> <span class='ocrx_word' id='word_1_54' title='bbox 412 412 517 444; x_wconf 85' lang='lat' dir='ltr'>vestro.</span> 
     </span>
    </p>
   </div>
   <div class='ocr_carea' id='block_1_8' title="bbox 211 484 1281 607">
    <p class='ocr_par' dir='ltr' id='par_1_10' title="bbox 211 484 1281 607">
     <span class='ocr_line' id='line_1_14' title="bbox 248 484 1280 530; baseline 0.001 -10"><span class='ocrx_word' id='word_1_55' title='bbox 248 484 360 521; x_wconf 75' lang='lat' dir='ltr'>Datum</span> <span class='ocrx_word' id='word_1_56' title='bbox 383 489 413 520; x_wconf 91' lang='lat' dir='ltr'>in</span> <span class='ocrx_word' id='word_1_57' title='bbox 437 488 547 520; x_wconf 78' lang='lat' dir='ltr'>Palatio</span> <span class='ocrx_word' id='word_1_58' title='bbox 571 489 659 530; x_wconf 83' lang='lat' dir='ltr'>nostro</span> <span class='ocrx_word' id='word_1_59' title='bbox 673 488 912 528; x_wconf 75' lang='lat' dir='ltr'>Wstmonasterii,</span> <span class='ocrx_word' id='word_1_60' title='bbox 930 490 979 521; x_wconf 92' lang='lat' dir='ltr'>sub</span> <span class='ocrx_word' id='word_1_61' title='bbox 998 489 1104 528; x_wconf 83' lang='lat' dir='ltr'>Magni</span> <span class='ocrx_word' id='word_1_62' title='bbox 1121 490 1210 530; x_wconf 84' lang='lat' dir='ltr'>Sigilli</span> <span class='ocrx_word' id='word_1_63' title='bbox 1229 501 1280 521; x_wconf 88' lang='lat' dir='ltr'>no-</span> 
     </span>
     <span class='ocr_line' id='line_1_15' title="bbox 213 526 1281 569; baseline 0.002 -12"><span class='ocrx_word' id='word_1_64' title='bbox 213 526 260 557; x_wconf 89' lang='lat' dir='ltr'>stri</span> <span class='ocrx_word' id='word_1_65' title='bbox 276 527 484 567; x_wconf 83' lang='lat' dir='ltr'>Testimonio,</span> <span class='ocrx_word' id='word_1_66' title='bbox 504 529 644 560; x_wconf 87' lang='lat' dir='ltr'>vicesimo</span> <span class='ocrx_word' id='word_1_67' title='bbox 665 529 768 567; x_wconf 88' lang='lat' dir='ltr'>quinto</span> <span class='ocrx_word' id='word_1_68' title='bbox 795 528 841 558; x_wconf 90' lang='lat' dir='ltr'>die</span> <span class='ocrx_word' id='word_1_69' title='bbox 867 528 977 559; x_wconf 83' lang='lat' dir='ltr'>Meniis</span> <span class='ocrx_word' id='word_1_70' title='bbox 1003 529 1171 569; x_wconf 86' lang='lat' dir='ltr'>Februarii,</span> <span class='ocrx_word' id='word_1_71' title='bbox 1193 530 1281 561; x_wconf 87' lang='lat' dir='ltr'>Anno</span> 
     </span>
     <span class='ocr_line' id='line_1_16' title="bbox 211 563 563 607; baseline 0.009 -12"><span class='ocrx_word' id='word_1_72' title='bbox 211 563 308 606; x_wconf 90' lang='lat' dir='ltr'>Regni</span> <span class='ocrx_word' id='word_1_73' title='bbox 320 565 418 597; x_wconf 76' lang='lat' dir='ltr'>‚nostri</span> <span class='ocrx_word' id='word_1_74' title='bbox 439 567 563 607; x_wconf 84' lang='lat' dir='ltr'>Qiinto.</span> 
     </span>
    </p>
   </div>
   <div class='ocr_carea' id='block_1_9' title="bbox 211 641 1286 3186">
    <p class='ocr_par' dir='ltr' id='par_1_11' title="bbox 212 641 1282 910">
     <span class='ocr_line' id='line_1_17' title="bbox 216 641 1282 698; baseline 0 -24"><span class='ocrx_word' id='word_1_75' title='bbox 216 641 411 698; x_wconf 86' lang='lat' dir='ltr'>UNiversis</span> <span class='ocrx_word' id='word_1_76' title='bbox 431 645 465 675; x_wconf 93' lang='lat'>&amp;</span> <span class='ocrx_word' id='word_1_77' title='bbox 492 643 603 682; x_wconf 83' lang='lat' dir='ltr'>singulis</span> <span class='ocrx_word' id='word_1_78' title='bbox 628 642 772 680; x_wconf 83' lang='lat' dir='ltr'>Praelatis,</span> <span class='ocrx_word' id='word_1_79' title='bbox 799 644 832 674; x_wconf 88' lang='lat'>&amp;</span> <span class='ocrx_word' id='word_1_80' title='bbox 857 642 1038 684; x_wconf 87' lang='lat' dir='ltr'>Magnatibus</span> <span class='ocrx_word' id='word_1_81' title='bbox 1052 668 1061 683; x_wconf 87' lang='lat'>‚</span> <span class='ocrx_word' id='word_1_82' title='bbox 1085 654 1119 675; x_wconf 89' lang='lat' dir='ltr'>ac</span> <span class='ocrx_word' id='word_1_83' title='bbox 1145 644 1282 674; x_wconf 85' lang='lat' dir='ltr'>Dominis</span> 
     </span>
     <span class='ocr_line' id='line_1_18' title="bbox 289 681 1280 726; baseline 0.001 -15"><span class='ocrx_word' id='word_1_84' title='bbox 289 681 483 726; x_wconf 78' lang='lat' dir='ltr'>Spiritualibus</span> <span class='ocrx_word' id='word_1_85' title='bbox 501 682 522 701; x_wconf 72' lang='lat'>²*</span> <span class='ocrx_word' id='word_1_86' title='bbox 538 684 572 714; x_wconf 88' lang='lat'>&amp;</span> <span class='ocrx_word' id='word_1_87' title='bbox 590 682 863 720; x_wconf 81' lang='lat' dir='ltr'>TemporalibuS,ac</span> <span class='ocrx_word' id='word_1_88' title='bbox 882 684 935 713; x_wconf 89' lang='lat' dir='ltr'>toti</span> <span class='ocrx_word' id='word_1_89' title='bbox 954 682 1168 714; x_wconf 84' lang='lat' dir='ltr'>Communitati</span> <span class='ocrx_word' id='word_1_90' title='bbox 1186 682 1280 721; x_wconf 84' lang='lat' dir='ltr'>Regni</span> 
     </span>
     <span class='ocr_line' id='line_1_19' title="bbox 215 719 1280 759; baseline -0.001 -6"><span class='ocrx_word' id='word_1_91' title='bbox 215 719 344 753; x_wconf 87' lang='lat' dir='ltr'>Franciae</span> <span class='ocrx_word' id='word_1_92' title='bbox 357 742 368 759; x_wconf 83' lang='lat'>‚</span> <span class='ocrx_word' id='word_1_93' title='bbox 391 719 504 751; x_wconf 81' lang='lat' dir='ltr'>Praelati</span> <span class='ocrx_word' id='word_1_94' title='bbox 519 743 529 758; x_wconf 95' lang='lat'>,</span> <span class='ocrx_word' id='word_1_95' title='bbox 553 721 587 752; x_wconf 69' lang='grc' dir='ltr'>ὃ(</span> <span class='ocrx_word' id='word_1_96' title='bbox 613 720 750 753; x_wconf 91' lang='lat' dir='ltr'>Proceres</span> <span class='ocrx_word' id='word_1_97' title='bbox 763 744 773 758; x_wconf 94' lang='lat'>,</span> <span class='ocrx_word' id='word_1_98' title='bbox 798 731 832 751; x_wconf 90' lang='lat' dir='ltr'>ac</span> <span class='ocrx_word' id='word_1_99' title='bbox 860 720 1010 759; x_wconf 86' lang='lat' dir='ltr'>Magnates</span> <span class='ocrx_word' id='word_1_100' title='bbox 1036 721 1195 759; x_wconf 78' lang='lat' dir='ltr'>spirituales</span> <span class='ocrx_word' id='word_1_101' title='bbox 1213 744 1222 759; x_wconf 87' lang='lat'>,</span> <span class='ocrx_word' id='word_1_102' title='bbox 1246 722 1280 752; x_wconf 89' lang='lat'>&amp;</span> 
     </span>
     <span class='ocr_line' id='line_1_20' title="bbox 214 757 1279 798; baseline -0.001 -9"><span class='ocrx_word' id='word_1_103' title='bbox 214 757 316 789; x_wconf 86' lang='lat' dir='ltr'>Clerus</span> <span class='ocrx_word' id='word_1_104' title='bbox 334 757 432 798; x_wconf 81' lang='lat' dir='ltr'>Regni</span> <span class='ocrx_word' id='word_1_105' title='bbox 451 758 569 795; x_wconf 81' lang='lat' dir='ltr'>Angliae</span> <span class='ocrx_word' id='word_1_106' title='bbox 581 782 591 798; x_wconf 94' lang='lat'>,</span> <span class='ocrx_word' id='word_1_107' title='bbox 618 759 745 790; x_wconf 87' lang='lat' dir='ltr'>Salutem</span> <span class='ocrx_word' id='word_1_108' title='bbox 760 783 770 796; x_wconf 87' lang='lat'>,</span> <span class='ocrx_word' id='word_1_109' title='bbox 788 760 821 790; x_wconf 91' lang='lat'>&amp;</span> <span class='ocrx_word' id='word_1_110' title='bbox 838 758 967 790; x_wconf 79' lang='lat' dir='ltr'>Caritatis</span> <span class='ocrx_word' id='word_1_111' title='bbox 985 760 1082 790; x_wconf 88' lang='lat' dir='ltr'>zelum</span> <span class='ocrx_word' id='word_1_112' title='bbox 1096 781 1107 797; x_wconf 85' lang='lat'>,</span> <span class='ocrx_word' id='word_1_113' title='bbox 1132 760 1161 789; x_wconf 95' lang='lat' dir='ltr'>in</span> <span class='ocrx_word' id='word_1_114' title='bbox 1178 769 1214 790; x_wconf 91' lang='lat' dir='ltr'>eo</span> <span class='ocrx_word' id='word_1_115' title='bbox 1231 759 1279 796; x_wconf 83' lang='lat' dir='ltr'>qui</span> 
     </span>
     <span class='ocr_line' id='line_1_21' title="bbox 212 797 990 837; baseline -0.003 -8"><span class='ocrx_word' id='word_1_116' title='bbox 212 797 253 829; x_wconf 91' lang='lat' dir='ltr'>est</span> <span class='ocrx_word' id='word_1_117' title='bbox 269 798 404 828; x_wconf 88' lang='lat' dir='ltr'>omnium</span> <span class='ocrx_word' id='word_1_118' title='bbox 419 807 482 828; x_wconf 87' lang='lat' dir='ltr'>vera</span> <span class='ocrx_word' id='word_1_119' title='bbox 495 797 588 836; x_wconf 81' lang='lat' dir='ltr'>Salus,</span> <span class='ocrx_word' id='word_1_120' title='bbox 607 797 733 837; x_wconf 87' lang='lat' dir='ltr'>Caritas,</span> <span class='ocrx_word' id='word_1_121' title='bbox 752 799 785 829; x_wconf 67' lang='grc' dir='ltr'>ὃ(</span> <span class='ocrx_word' id='word_1_122' title='bbox 800 797 882 828; x_wconf 85' lang='lat' dir='ltr'>Pacis</span> <span class='ocrx_word' id='word_1_123' title='bbox 896 800 990 834; x_wconf 88' lang='lat' dir='ltr'>origo.</span> 
     </span>
     <span class='ocr_line' id='line_1_22' title="bbox 214 834 1280 910; baseline -0.002 -43"><span class='ocrx_word' id='word_1_124' title='bbox 214 834 286 910; x_wconf 79' lang='lat' dir='ltr'>Tln</span> <span class='ocrx_word' id='word_1_125' title='bbox 309 834 391 867; x_wconf 87' lang='lat' dir='ltr'>Pacis</span> <span class='ocrx_word' id='word_1_126' title='bbox 413 835 536 868; x_wconf 81' lang='lat' dir='ltr'>Foedere</span> <span class='ocrx_word' id='word_1_127' title='bbox 558 837 591 868; x_wconf 66' lang='grc' dir='ltr'>δι’.</span> <span class='ocrx_word' id='word_1_128' title='bbox 614 836 731 868; x_wconf 75' lang='lat' dir='ltr'>firmatae</span> <span class='ocrx_word' id='word_1_129' title='bbox 757 836 932 866; x_wconf 66' lang='lat' dir='ltr'>Dileetionis</span> <span class='ocrx_word' id='word_1_130' title='bbox 953 835 1089 866; x_wconf 70' lang='lat' dir='ltr'>haetenus</span> <span class='ocrx_word' id='word_1_131' title='bbox 1106 834 1280 866; x_wconf 86' lang='lat' dir='ltr'>constitutus</span> 
     </span>
     <span class='ocr_line' id='line_1_23' title="bbox 248 884 349 905; baseline 0.01 -1"><span class='ocrx_word' id='word_1_132' title='bbox 248 884 299 905; x_wconf 85' lang='lat' dir='ltr'>reu</span> <span class='ocrx_word' id='word_1_133' title='bbox 321 884 349 905; x_wconf 89' lang='lat' dir='ltr'>as</span> 
     </span>
    </p>

    <p class='ocr_par' dir='ltr' id='par_1_12' title="bbox 213 883 1280 1028">
     <span class='ocr_line' id='line_1_24' title="bbox 250 883 1280 954; baseline -0.003 -11"><span class='ocrx_word' id='word_1_134' title='bbox 250 883 374 944; x_wconf 55' lang='lat' dir='ltr'>Abglitii</span> <span class='ocrx_word' id='word_1_135' title='bbox 395 914 471 945; x_wconf 78' lang='lat' dir='ltr'>inter</span> <span class='ocrx_word' id='word_1_136' title='bbox 486 938 496 954; x_wconf 86' lang='lat'>,</span> <span class='ocrx_word' id='word_1_137' title='bbox 521 913 698 945; x_wconf 80' lang='lat' dir='ltr'>Recolendae</span> <span class='ocrx_word' id='word_1_138' title='bbox 726 912 874 944; x_wconf 76' lang='lat' dir='ltr'>memoriae</span> <span class='ocrx_word' id='word_1_139' title='bbox 891 934 900 949; x_wconf 95' lang='lat'>,</span> <span class='ocrx_word' id='word_1_140' title='bbox 924 910 1090 942; x_wconf 89' lang='lat' dir='ltr'>Dominum</span> <span class='ocrx_word' id='word_1_141' title='bbox 1112 911 1280 941; x_wconf 80' lang='lat' dir='ltr'>Richardum</span> 
     </span>
     <span class='ocr_line' id='line_1_25' title="bbox 213 949 1278 991; baseline -0.002 -8"><span class='ocrx_word' id='word_1_142' title='bbox 213 950 362 991; x_wconf 85' lang='lat' dir='ltr'>quondam</span> <span class='ocrx_word' id='word_1_143' title='bbox 376 951 497 991; x_wconf 88' lang='lat' dir='ltr'>Regem</span> <span class='ocrx_word' id='word_1_144' title='bbox 512 952 686 991; x_wconf 79' lang='lat' dir='ltr'>Regnorum</span> <span class='ocrx_word' id='word_1_145' title='bbox 702 950 909 990; x_wconf 58' lang='lat' dir='ltr'>praedictorum</span> <span class='ocrx_word' id='word_1_146' title='bbox 919 971 926 983; x_wconf 87' lang='lat'>‚</span> <span class='ocrx_word' id='word_1_147' title='bbox 937 949 1040 982; x_wconf 79' lang='lat' dir='ltr'>ultimo</span> <span class='ocrx_word' id='word_1_148' title='bbox 1054 949 1235 989; x_wconf 64' lang='lat' dir='ltr'>defundium,</span> <span class='ocrx_word' id='word_1_149' title='bbox 1244 951 1278 981; x_wconf 87' lang='lat'>&amp;</span> 
     </span>
     <span class='ocr_line' id='line_1_26' title="bbox 213 992 522 1028; baseline 0.003 -6"><span class='ocrx_word' id='word_1_150' title='bbox 213 1000 266 1022; x_wconf 90' lang='lat' dir='ltr'>vos</span> <span class='ocrx_word' id='word_1_151' title='bbox 284 998 380 1028; x_wconf 87' lang='lat' dir='ltr'>captas</span> <span class='ocrx_word' id='word_1_152' title='bbox 393 992 428 1023; x_wconf 72' lang='grc' dir='ltr'>ὅτ</span> <span class='ocrx_word' id='word_1_153' title='bbox 443 992 522 1023; x_wconf 90' lang='lat' dir='ltr'>initas</span> 
     </span>
    </p>

    <p class='ocr_par' dir='ltr' id='par_1_13' title="bbox 212 1015 1279 1298">
     <span class='ocr_line' id='line_1_27' title="bbox 249 1015 1279 1068; baseline -0.002 -9"><span class='ocrx_word' id='word_1_154' title='bbox 249 1027 387 1068; x_wconf 91' lang='lat' dir='ltr'>Curavit,</span> <span class='ocrx_word' id='word_1_155' title='bbox 405 1015 598 1061; x_wconf 78' lang='lat' dir='ltr'>Sereniffi&#39;mus</span> <span class='ocrx_word' id='word_1_156' title='bbox 611 1028 642 1059; x_wconf 89' lang='lat' dir='ltr'>in</span> <span class='ocrx_word' id='word_1_157' title='bbox 654 1026 770 1058; x_wconf 88' lang='lat' dir='ltr'>Christo</span> <span class='ocrx_word' id='word_1_158' title='bbox 786 1027 940 1066; x_wconf 86' lang='lat' dir='ltr'>Princeps,</span> <span class='ocrx_word' id='word_1_159' title='bbox 958 1028 992 1059; x_wconf 70' lang='grc' dir='ltr'>δε</span> <span class='ocrx_word' id='word_1_160' title='bbox 1007 1027 1158 1059; x_wconf 87' lang='lat' dir='ltr'>Dominus</span> <span class='ocrx_word' id='word_1_161' title='bbox 1173 1026 1279 1065; x_wconf 92' lang='lat' dir='ltr'>noster,</span> 
     </span>
     <span class='ocr_line' id='line_1_28' title="bbox 212 1065 1279 1106; baseline -0.003 -8"><span class='ocrx_word' id='word_1_162' title='bbox 212 1066 361 1098; x_wconf 85' lang='lat' dir='ltr'>Dominus</span> <span class='ocrx_word' id='word_1_163' title='bbox 375 1069 525 1106; x_wconf 84' lang='lat' dir='ltr'>Henricus,</span> <span class='ocrx_word' id='word_1_164' title='bbox 545 1067 605 1097; x_wconf 89' lang='lat' dir='ltr'>Dei</span> <span class='ocrx_word' id='word_1_165' title='bbox 620 1066 708 1106; x_wconf 67' lang='lat' dir='ltr'>gratia</span> <span class='ocrx_word' id='word_1_166' title='bbox 721 1089 731 1103; x_wconf 89' lang='lat'>,</span> <span class='ocrx_word' id='word_1_167' title='bbox 748 1069 809 1096; x_wconf 83' lang='lat' dir='ltr'>Rex</span> <span class='ocrx_word' id='word_1_168' title='bbox 825 1066 938 1104; x_wconf 77' lang='lat' dir='ltr'>Angt&#39;iae</span> <span class='ocrx_word' id='word_1_169' title='bbox 952 1065 990 1101; x_wconf 78' lang='lat'><em>&amp;</em></span> <span class='ocrx_word' id='word_1_170' title='bbox 1005 1070 1128 1096; x_wconf 81' lang='lat' dir='ltr'>Franciae</span> <span class='ocrx_word' id='word_1_171' title='bbox 1138 1089 1147 1103; x_wconf 95' lang='lat'>,</span> <span class='ocrx_word' id='word_1_172' title='bbox 1165 1067 1197 1097; x_wconf 87' lang='lat'>&amp;</span> <span class='ocrx_word' id='word_1_173' title='bbox 1214 1066 1279 1096; x_wconf 89' lang='lat' dir='ltr'>Do-</span> 
     </span>
     <span class='ocr_line' id='line_1_29' title="bbox 215 1103 1279 1145; baseline -0.001 -10"><span class='ocrx_word' id='word_1_174' title='bbox 215 1107 308 1136; x_wconf 91' lang='lat' dir='ltr'>minus</span> <span class='ocrx_word' id='word_1_175' title='bbox 321 1105 488 1145; x_wconf 79' lang='lat' dir='ltr'>Hiberniae,</span> <span class='ocrx_word' id='word_1_176' title='bbox 506 1114 537 1137; x_wconf 91' lang='lat' dir='ltr'>ut</span> <span class='ocrx_word' id='word_1_177' title='bbox 549 1106 580 1136; x_wconf 87' lang='lat' dir='ltr'>in</span> <span class='ocrx_word' id='word_1_178' title='bbox 590 1104 744 1143; x_wconf 67' lang='lat' dir='ltr'>conspeetu</span> <span class='ocrx_word' id='word_1_179' title='bbox 760 1104 855 1137; x_wconf 90' lang='lat' dir='ltr'>vestro</span> <span class='ocrx_word' id='word_1_180' title='bbox 871 1106 944 1136; x_wconf 79' lang='lat' dir='ltr'>clare</span> <span class='ocrx_word' id='word_1_181' title='bbox 967 1105 1074 1137; x_wconf 80' lang='lat' dir='ltr'>relucet</span> <span class='ocrx_word' id='word_1_182' title='bbox 1088 1129 1099 1144; x_wconf 87' lang='lat'>,</span> <span class='ocrx_word' id='word_1_183' title='bbox 1115 1103 1165 1136; x_wconf 86' lang='lat' dir='ltr'>sub</span> <span class='ocrx_word' id='word_1_184' title='bbox 1182 1104 1279 1144; x_wconf 82' lang='lat' dir='ltr'>Sigillo</span> 
     </span>
     <span class='ocr_line' id='line_1_30' title="bbox 215 1144 509 1183; baseline 0.003 -8"><span class='ocrx_word' id='word_1_185' title='bbox 215 1144 265 1175; x_wconf 90' lang='lat' dir='ltr'>suo</span> <span class='ocrx_word' id='word_1_186' title='bbox 278 1144 340 1174; x_wconf 78' lang='lat' dir='ltr'>alias</span> <span class='ocrx_word' id='word_1_187' title='bbox 353 1154 490 1176; x_wconf 86' lang='lat' dir='ltr'>renovare</span> <span class='ocrx_word' id='word_1_188' title='bbox 498 1167 509 1183; x_wconf 88' lang='lat'>,</span> 
     </span>
     <span class='ocr_line' id='line_1_31' title="bbox 216 1181 1278 1221; baseline -0.002 -9"><span class='ocrx_word' id='word_1_189' title='bbox 216 1215 219 1218; x_wconf 22' lang='lat'><strong>⁴</strong></span> <span class='ocrx_word' id='word_1_190' title='bbox 251 1181 288 1212; x_wconf 90' lang='lat' dir='ltr'>Et</span> <span class='ocrx_word' id='word_1_191' title='bbox 302 1182 423 1221; x_wconf 61' lang='lat' dir='ltr'>cundia,</span> <span class='ocrx_word' id='word_1_192' title='bbox 441 1182 611 1214; x_wconf 82' lang='lat' dir='ltr'>adversantia</span> <span class='ocrx_word' id='word_1_193' title='bbox 625 1182 751 1220; x_wconf 88' lang='lat' dir='ltr'>Treugis</span> <span class='ocrx_word' id='word_1_194' title='bbox 765 1181 1032 1221; x_wconf 84' lang='lat' dir='ltr'>eisdem,frequenti</span> <span class='ocrx_word' id='word_1_195' title='bbox 1049 1181 1187 1213; x_wconf 88' lang='lat' dir='ltr'>concursu</span> <span class='ocrx_word' id='word_1_196' title='bbox 1204 1181 1278 1211; x_wconf 80' lang='lat' dir='ltr'>Arn-</span> 
     </span>
     <span class='ocr_line' id='line_1_32' title="bbox 214 1219 1277 1260; baseline -0.002 -9"><span class='ocrx_word' id='word_1_197' title='bbox 214 1219 395 1252; x_wconf 86' lang='lat' dir='ltr'>baffiatorum</span> <span class='ocrx_word' id='word_1_198' title='bbox 410 1221 527 1252; x_wconf 86' lang='lat' dir='ltr'>suorum</span> <span class='ocrx_word' id='word_1_199' title='bbox 542 1221 679 1259; x_wconf 85' lang='lat' dir='ltr'>expellere</span> <span class='ocrx_word' id='word_1_200' title='bbox 699 1221 856 1260; x_wconf 82' lang='lat' dir='ltr'>nitebatur,</span> <span class='ocrx_word' id='word_1_201' title='bbox 874 1222 908 1252; x_wconf 89' lang='lat'>&amp;</span> <span class='ocrx_word' id='word_1_202' title='bbox 923 1222 1016 1252; x_wconf 84' lang='lat' dir='ltr'>adhuc</span> <span class='ocrx_word' id='word_1_203' title='bbox 1039 1222 1137 1252; x_wconf 89' lang='lat' dir='ltr'>nititur</span> <span class='ocrx_word' id='word_1_204' title='bbox 1151 1220 1187 1250; x_wconf 90' lang='lat' dir='ltr'>de</span> <span class='ocrx_word' id='word_1_205' title='bbox 1203 1230 1277 1257; x_wconf 76' lang='lat' dir='ltr'>prae-</span> 
     </span>
     <span class='ocr_line' id='line_1_33' title="bbox 214 1258 968 1298; baseline 0 -8"><span class='ocrx_word' id='word_1_206' title='bbox 214 1258 299 1297; x_wconf 89' lang='lat' dir='ltr'>senti,</span> <span class='ocrx_word' id='word_1_207' title='bbox 317 1268 453 1298; x_wconf 91' lang='lat' dir='ltr'>quantum</span> <span class='ocrx_word' id='word_1_208' title='bbox 469 1270 537 1292; x_wconf 90' lang='lat' dir='ltr'>cum</span> <span class='ocrx_word' id='word_1_209' title='bbox 552 1260 620 1290; x_wconf 87' lang='lat' dir='ltr'>Deo</span> <span class='ocrx_word' id='word_1_210' title='bbox 634 1261 667 1291; x_wconf 88' lang='lat'>&amp;</span> <span class='ocrx_word' id='word_1_211' title='bbox 678 1269 712 1290; x_wconf 82' lang='lat' dir='ltr'>ex</span> <span class='ocrx_word' id='word_1_212' title='bbox 728 1261 833 1291; x_wconf 88' lang='lat' dir='ltr'>ratione</span> <span class='ocrx_word' id='word_1_213' title='bbox 848 1261 968 1297; x_wconf 88' lang='lat' dir='ltr'>poterit,</span> 
     </span>
    </p>

    <p class='ocr_par' dir='ltr' id='par_1_14' title="bbox 213 1296 1279 1413">
     <span class='ocr_line' id='line_1_34' title="bbox 251 1296 1279 1338; baseline 0 -12"><span class='ocrx_word' id='word_1_214' title='bbox 251 1296 370 1338; x_wconf 90' lang='lat' dir='ltr'>Propter</span> <span class='ocrx_word' id='word_1_215' title='bbox 392 1298 470 1337; x_wconf 88' lang='lat' dir='ltr'>quod</span> <span class='ocrx_word' id='word_1_216' title='bbox 519 1298 554 1330; x_wconf 79' lang='lat' dir='ltr'>ad</span> <span class='ocrx_word' id='word_1_217' title='bbox 577 1297 813 1329; x_wconf 83' lang='lat' dir='ltr'>reformationem</span> <span class='ocrx_word' id='word_1_218' title='bbox 839 1298 990 1329; x_wconf 75' lang='lat' dir='ltr'>hincinde</span> <span class='ocrx_word' id='word_1_219' title='bbox 1015 1297 1279 1338; x_wconf 82' lang='lat' dir='ltr'>Attemptatorum,</span> 
     </span>
     <span class='ocr_line' id='line_1_35' title="bbox 213 1322 1277 1380; baseline -0.001 -14"><span class='ocrx_word' id='word_1_220' title='bbox 213 1334 272 1366; x_wconf 80' lang='lat' dir='ltr'>dies</span> <span class='ocrx_word' id='word_1_221' title='bbox 286 1338 394 1380; x_wconf 90' lang='lat' dir='ltr'>primus</span> <span class='ocrx_word' id='word_1_222' title='bbox 407 1322 515 1368; x_wconf 75' lang='lat' dir='ltr'>Mensis</span> <span class='ocrx_word' id='word_1_223' title='bbox 528 1336 629 1367; x_wconf 83' lang='lat' dir='ltr'>Martii</span> <span class='ocrx_word' id='word_1_224' title='bbox 642 1336 778 1376; x_wconf 74' lang='lat' dir='ltr'>proximo</span> <span class='ocrx_word' id='word_1_225' title='bbox 799 1336 907 1368; x_wconf 88' lang='lat' dir='ltr'>futurus</span> <span class='ocrx_word' id='word_1_226' title='bbox 918 1360 929 1376; x_wconf 89' lang='lat'>,</span> <span class='ocrx_word' id='word_1_227' title='bbox 948 1338 978 1367; x_wconf 89' lang='lat' dir='ltr'>in</span> <span class='ocrx_word' id='word_1_228' title='bbox 994 1336 1062 1366; x_wconf 90' lang='lat' dir='ltr'>loco</span> <span class='ocrx_word' id='word_1_229' title='bbox 1077 1336 1176 1375; x_wconf 78' lang='lat' dir='ltr'>solito,</span> <span class='ocrx_word' id='word_1_230' title='bbox 1195 1344 1277 1366; x_wconf 82' lang='lat' dir='ltr'>com-</span> 
     </span>
     <span class='ocr_line' id='line_1_36' title="bbox 214 1374 819 1413; baseline 0 -8"><span class='ocrx_word' id='word_1_231' title='bbox 214 1384 338 1405; x_wconf 87' lang='lat' dir='ltr'>muniter</span> <span class='ocrx_word' id='word_1_232' title='bbox 350 1376 554 1413; x_wconf 63' lang='lat' dir='ltr'>appunematus</span> <span class='ocrx_word' id='word_1_233' title='bbox 567 1374 673 1413; x_wconf 87' lang='lat' dir='ltr'>existit,</span> <span class='ocrx_word' id='word_1_234' title='bbox 816 1384 819 1386; x_wconf 84' lang='lat'>·</span> 
     </span>
    </p>

    <p class='ocr_par' dir='ltr' id='par_1_15' title="bbox 213 1412 1285 1798">
     <span class='ocr_line' id='line_1_37' title="bbox 252 1412 1278 1452; baseline 0 -10"><span class='ocrx_word' id='word_1_235' title='bbox 252 1412 415 1445; x_wconf 87' lang='lat' dir='ltr'>Mirationis</span> <span class='ocrx_word' id='word_1_236' title='bbox 427 1422 549 1444; x_wconf 84' lang='lat' dir='ltr'>attamen</span> <span class='ocrx_word' id='word_1_237' title='bbox 564 1413 668 1444; x_wconf 89' lang='lat' dir='ltr'>modus</span> <span class='ocrx_word' id='word_1_238' title='bbox 684 1413 768 1444; x_wconf 90' lang='lat' dir='ltr'>nobis</span> <span class='ocrx_word' id='word_1_239' title='bbox 788 1413 895 1445; x_wconf 91' lang='lat' dir='ltr'>accidit</span> <span class='ocrx_word' id='word_1_240' title='bbox 911 1412 992 1452; x_wconf 78' lang='lat' dir='ltr'>quod</span> <span class='ocrx_word' id='word_1_241' title='bbox 1008 1413 1078 1444; x_wconf 80' lang='lat' dir='ltr'>certi</span> <span class='ocrx_word' id='word_1_242' title='bbox 1100 1412 1227 1444; x_wconf 90' lang='lat' dir='ltr'>Domini</span> <span class='ocrx_word' id='word_1_243' title='bbox 1244 1421 1278 1442; x_wconf 82' lang='lat' dir='ltr'>ex</span> 
     </span>
     <span class='ocr_line' id='line_1_38' title="bbox 215 1449 1276 1491; baseline 0 -11"><span class='ocrx_word' id='word_1_244' title='bbox 215 1449 329 1491; x_wconf 90' lang='lat' dir='ltr'>vestris,</span> <span class='ocrx_word' id='word_1_245' title='bbox 349 1461 378 1483; x_wconf 89' lang='lat' dir='ltr'>ut</span> <span class='ocrx_word' id='word_1_246' title='bbox 392 1460 459 1489; x_wconf 88' lang='lat' dir='ltr'>puta</span> <span class='ocrx_word' id='word_1_247' title='bbox 494 1451 564 1483; x_wconf 85' lang='lat' dir='ltr'>Dux</span> <span class='ocrx_word' id='word_1_248' title='bbox 579 1452 781 1483; x_wconf 81' lang='lat' dir='ltr'>Aurelianensis</span> <span class='ocrx_word' id='word_1_249' title='bbox 801 1452 924 1482; x_wconf 89' lang='lat' dir='ltr'>Libellos</span> <span class='ocrx_word' id='word_1_250' title='bbox 939 1451 1079 1489; x_wconf 87' lang='lat' dir='ltr'>famosos,</span> <span class='ocrx_word' id='word_1_251' title='bbox 1097 1453 1130 1483; x_wconf 85' lang='lat'>&amp;</span> <span class='ocrx_word' id='word_1_252' title='bbox 1145 1451 1276 1489; x_wconf 83' lang='lat' dir='ltr'>Scriptu-</span> 
     </span>
     <span class='ocr_line' id='line_1_39' title="bbox 215 1475 1279 1530; baseline 0 -11"><span class='ocrx_word' id='word_1_253' title='bbox 215 1496 257 1519; x_wconf 82' lang='lat' dir='ltr'>ras</span> <span class='ocrx_word' id='word_1_254' title='bbox 275 1491 370 1522; x_wconf 74' lang='lat' dir='ltr'>minus</span> <span class='ocrx_word' id='word_1_255' title='bbox 383 1475 522 1530; x_wconf 63' lang='lat' dir='ltr'>digestas,</span> <span class='ocrx_word' id='word_1_256' title='bbox 541 1501 589 1529; x_wconf 88' lang='lat' dir='ltr'>per</span> <span class='ocrx_word' id='word_1_257' title='bbox 605 1490 763 1522; x_wconf 89' lang='lat' dir='ltr'>Servientes</span> <span class='ocrx_word' id='word_1_258' title='bbox 779 1492 938 1522; x_wconf 88' lang='lat' dir='ltr'>Armorum</span> <span class='ocrx_word' id='word_1_259' title='bbox 948 1513 958 1529; x_wconf 94' lang='lat'>,</span> <span class='ocrx_word' id='word_1_260' title='bbox 976 1490 1041 1521; x_wconf 73' lang='lat' dir='ltr'>alias</span> <span class='ocrx_word' id='word_1_261' title='bbox 1054 1489 1196 1521; x_wconf 81' lang='lat' dir='ltr'>Heraldos</span> <span class='ocrx_word' id='word_1_262' title='bbox 1208 1500 1279 1520; x_wconf 92' lang='lat' dir='ltr'>nun-</span> 
     </span>
     <span class='ocr_line' id='line_1_40' title="bbox 216 1527 1279 1569; baseline -0.002 -9"><span class='ocrx_word' id='word_1_263' title='bbox 216 1537 337 1569; x_wconf 85' lang='lat' dir='ltr'>cupatos</span> <span class='ocrx_word' id='word_1_264' title='bbox 356 1530 433 1568; x_wconf 79' lang='lat' dir='ltr'>(viz.</span> <span class='ocrx_word' id='word_1_265' title='bbox 451 1528 586 1569; x_wconf 89' lang='lat' dir='ltr'>Champe</span> <span class='ocrx_word' id='word_1_266' title='bbox 605 1541 626 1561; x_wconf 93' lang='lat' dir='ltr'>n</span> <span class='ocrx_word' id='word_1_267' title='bbox 643 1531 676 1561; x_wconf 69' lang='grc' dir='ltr'>ὅ(</span> <span class='ocrx_word' id='word_1_268' title='bbox 691 1530 828 1567; x_wconf 83' lang='lat' dir='ltr'>Orlienx)</span> <span class='ocrx_word' id='word_1_269' title='bbox 849 1540 883 1560; x_wconf 85' lang='lat' dir='ltr'>ac</span> <span class='ocrx_word' id='word_1_270' title='bbox 900 1528 1009 1560; x_wconf 90' lang='lat' dir='ltr'>Comes</span> <span class='ocrx_word' id='word_1_271' title='bbox 1023 1528 1059 1559; x_wconf 90' lang='lat' dir='ltr'>de</span> <span class='ocrx_word' id='word_1_272' title='bbox 1075 1527 1279 1560; x_wconf 63' lang='lat' dir='ltr'>SandroPaulo</span> 
     </span>
     <span class='ocr_line' id='line_1_41' title="bbox 216 1567 1280 1612; baseline -0.003 -12"><span class='ocrx_word' id='word_1_273' title='bbox 216 1570 287 1612; x_wconf 88' lang='lat' dir='ltr'>(qui</span> <span class='ocrx_word' id='word_1_274' title='bbox 301 1569 388 1600; x_wconf 82' lang='lat' dir='ltr'>etiam</span> <span class='ocrx_word' id='word_1_275' title='bbox 409 1567 547 1607; x_wconf 86' lang='lat' dir='ltr'>Regnum</span> <span class='ocrx_word' id='word_1_276' title='bbox 598 1569 683 1609; x_wconf 85' lang='lat' dir='ltr'>ngliae</span> <span class='ocrx_word' id='word_1_277' title='bbox 703 1568 839 1599; x_wconf 84' lang='lat' dir='ltr'>hostiliter</span> <span class='ocrx_word' id='word_1_278' title='bbox 859 1567 1085 1608; x_wconf 30' lang='lat' dir='ltr'>ingress&#39;usrfuit,</span> <span class='ocrx_word' id='word_1_279' title='bbox 1103 1574 1280 1606; x_wconf 81' lang='lat' dir='ltr'>quamquam</span> 
     </span>
     <span class='ocr_line' id='line_1_42' title="bbox 215 1605 1282 1644; baseline -0.003 -5"><span class='ocrx_word' id='word_1_280' title='bbox 215 1617 328 1642; x_wconf 86' lang='lat' dir='ltr'>moram</span> <span class='ocrx_word' id='word_1_281' title='bbox 341 1606 449 1638; x_wconf 88' lang='lat' dir='ltr'>ibidem</span> <span class='ocrx_word' id='word_1_282' title='bbox 466 1609 579 1639; x_wconf 82' lang='lat' dir='ltr'>traxerit</span> <span class='ocrx_word' id='word_1_283' title='bbox 600 1607 735 1644; x_wconf 90' lang='lat' dir='ltr'>brevem)</span> <span class='ocrx_word' id='word_1_284' title='bbox 757 1607 876 1638; x_wconf 76' lang='lat' dir='ltr'>Litteras</span> <span class='ocrx_word' id='word_1_285' title='bbox 900 1606 1082 1638; x_wconf 78' lang='lat' dir='ltr'>Diffidentiae</span> <span class='ocrx_word' id='word_1_286' title='bbox 1105 1606 1199 1637; x_wconf 87' lang='lat' dir='ltr'>eidem</span> <span class='ocrx_word' id='word_1_287' title='bbox 1216 1605 1282 1637; x_wconf 91' lang='lat' dir='ltr'>Do-</span> 
     </span>
     <span class='ocr_line' id='line_1_43' title="bbox 215 1643 1281 1687; baseline -0.005 -8"><span class='ocrx_word' id='word_1_288' title='bbox 215 1650 298 1680; x_wconf 90' lang='lat' dir='ltr'>mino</span> <span class='ocrx_word' id='word_1_289' title='bbox 311 1645 411 1678; x_wconf 87' lang='lat' dir='ltr'>nostro</span> <span class='ocrx_word' id='word_1_290' title='bbox 425 1645 522 1687; x_wconf 79' lang='lat' dir='ltr'>Regi,</span> <span class='ocrx_word' id='word_1_291' title='bbox 540 1648 625 1678; x_wconf 92' lang='lat' dir='ltr'>etiam</span> <span class='ocrx_word' id='word_1_292' title='bbox 643 1656 692 1685; x_wconf 90' lang='lat' dir='ltr'>per</span> <span class='ocrx_word' id='word_1_293' title='bbox 712 1646 886 1677; x_wconf 89' lang='lat' dir='ltr'>Servientem</span> <span class='ocrx_word' id='word_1_294' title='bbox 909 1645 1084 1683; x_wconf 88' lang='lat' dir='ltr'>Armorum,</span> <span class='ocrx_word' id='word_1_295' title='bbox 1102 1645 1168 1675; x_wconf 68' lang='lat' dir='ltr'>ali‘as</span> <span class='ocrx_word' id='word_1_296' title='bbox 1180 1643 1281 1675; x_wconf 86' lang='lat' dir='ltr'>Heral-</span> 
     </span>
     <span class='ocr_line' id='line_1_44' title="bbox 214 1683 1282 1727; baseline -0.007 -8"><span class='ocrx_word' id='word_1_297' title='bbox 214 1688 287 1723; x_wconf 84' lang='lat' dir='ltr'>dum</span> <span class='ocrx_word' id='word_1_298' title='bbox 308 1694 504 1724; x_wconf 89' lang='lat' dir='ltr'>nuncupatum</span> <span class='ocrx_word' id='word_1_299' title='bbox 524 1686 534 1721; x_wconf 88' lang='lat'>(</span> <span class='ocrx_word' id='word_1_300' title='bbox 549 1687 607 1717; x_wconf 88' lang='lat' dir='ltr'>viz.</span> <span class='ocrx_word' id='word_1_301' title='bbox 628 1686 744 1727; x_wconf 88' lang='lat' dir='ltr'>Liney)</span> <span class='ocrx_word' id='word_1_302' title='bbox 766 1686 859 1715; x_wconf 88' lang='lat' dir='ltr'>omnis</span> <span class='ocrx_word' id='word_1_303' title='bbox 878 1685 1038 1721; x_wconf 83' lang='lat' dir='ltr'>curialitatis</span> <span class='ocrx_word' id='word_1_304' title='bbox 1060 1684 1146 1722; x_wconf 66' lang='lat' dir='ltr'>spreta</span> <span class='ocrx_word' id='word_1_305' title='bbox 1169 1683 1282 1727; x_wconf 66' lang='lat' dir='ltr'>forma,</span> 
     </span>
     <span class='ocr_line' id='line_1_45' title="bbox 213 1723 1285 1798; baseline -0.004 -42"><span class='ocrx_word' id='word_1_306' title='bbox 213 1736 292 1798; x_wconf 59' lang='grc' dir='ltr'>ῃιέἓεε</span> <span class='ocrx_word' id='word_1_307' title='bbox 305 1724 384 1756; x_wconf 83' lang='lat' dir='ltr'>tarde</span> <span class='ocrx_word' id='word_1_308' title='bbox 396 1723 589 1764; x_wconf 72' lang='lat' dir='ltr'>transmisere,</span> <span class='ocrx_word' id='word_1_309' title='bbox 605 1734 669 1764; x_wconf 84' lang='lat' dir='ltr'>quae</span> <span class='ocrx_word' id='word_1_310' title='bbox 683 1735 720 1756; x_wconf 87' lang='lat' dir='ltr'>an</span> <span class='ocrx_word' id='word_1_311' title='bbox 735 1723 830 1756; x_wconf 87' lang='lat' dir='ltr'>vestro</span> <span class='ocrx_word' id='word_1_312' title='bbox 844 1723 1028 1762; x_wconf 69' lang='lat' dir='ltr'>processerint</span> <span class='ocrx_word' id='word_1_313' title='bbox 1042 1732 1196 1754; x_wconf 85' lang='lat' dir='ltr'>communi</span> <span class='ocrx_word' id='word_1_314' title='bbox 1212 1729 1285 1753; x_wconf 91' lang='lat' dir='ltr'>voto</span> 
     </span>
     <span class='ocr_line' id='line_1_46' title="bbox 216 1773 365 1797; baseline -0.02 0"><span class='ocrx_word' id='word_1_315' title='bbox 216 1776 235 1797; x_wconf 90' lang='lat' dir='ltr'>n</span> <span class='ocrx_word' id='word_1_316' title='bbox 282 1773 365 1796; x_wconf 88' lang='lat' dir='ltr'>imus.</span> 
     </span>
    </p>

    <p class='ocr_par' dir='ltr' id='par_1_16' title="bbox 214 1799 1286 1989">
     <span class='ocr_line' id='line_1_47' title="bbox 254 1799 1286 1842; baseline -0.006 -7"><span class='ocrx_word' id='word_1_317' title='bbox 254 1800 290 1835; x_wconf 85' lang='lat' dir='ltr'>Et</span> <span class='ocrx_word' id='word_1_318' title='bbox 304 1827 313 1842; x_wconf 84' lang='lat'>,</span> <span class='ocrx_word' id='word_1_319' title='bbox 331 1802 402 1834; x_wconf 86' lang='lat' dir='ltr'>ultra</span> <span class='ocrx_word' id='word_1_320' title='bbox 425 1802 489 1834; x_wconf 83' lang='lat' dir='ltr'>haec</span> <span class='ocrx_word' id='word_1_321' title='bbox 511 1802 546 1834; x_wconf 94' lang='lat' dir='ltr'>ad</span> <span class='ocrx_word' id='word_1_322' title='bbox 570 1801 761 1833; x_wconf 82' lang='lat' dir='ltr'>Obfidionem</span> <span class='ocrx_word' id='word_1_323' title='bbox 787 1800 918 1832; x_wconf 87' lang='lat' dir='ltr'>Civitatis</span> <span class='ocrx_word' id='word_1_324' title='bbox 938 1799 1129 1840; x_wconf 79' lang='lat' dir='ltr'>Burdegaliae,</span> <span class='ocrx_word' id='word_1_325' title='bbox 1154 1800 1215 1830; x_wconf 69' lang='lat' dir='ltr'>tam</span> <span class='ocrx_word' id='word_1_326' title='bbox 1237 1807 1286 1836; x_wconf 90' lang='lat' dir='ltr'>per</span> 
     </span>
     <span class='ocr_line' id='line_1_48' title="bbox 214 1839 1285 1880; baseline -0.005 -6"><span class='ocrx_word' id='word_1_327' title='bbox 214 1842 337 1874; x_wconf 87' lang='lat' dir='ltr'>Terram</span> <span class='ocrx_word' id='word_1_328' title='bbox 390 1842 477 1880; x_wconf 73' lang='lat' dir='ltr'>quam</span> <span class='ocrx_word' id='word_1_329' title='bbox 503 1850 553 1879; x_wconf 88' lang='lat' dir='ltr'>per</span> <span class='ocrx_word' id='word_1_330' title='bbox 577 1840 663 1871; x_wconf 88' lang='lat' dir='ltr'>Mare</span> <span class='ocrx_word' id='word_1_331' title='bbox 678 1863 687 1878; x_wconf 91' lang='lat'>,</span> <span class='ocrx_word' id='word_1_332' title='bbox 712 1839 819 1871; x_wconf 83' lang='lat' dir='ltr'>Classes</span> <span class='ocrx_word' id='word_1_333' title='bbox 841 1840 876 1871; x_wconf 87' lang='lat'>&amp;</span> <span class='ocrx_word' id='word_1_334' title='bbox 900 1839 1030 1877; x_wconf 88' lang='lat' dir='ltr'>Navigia</span> <span class='ocrx_word' id='word_1_335' title='bbox 1052 1839 1144 1870; x_wconf 85' lang='lat' dir='ltr'>vestra</span> <span class='ocrx_word' id='word_1_336' title='bbox 1167 1839 1285 1869; x_wconf 88' lang='lat' dir='ltr'>Armata</span> 
     </span>
     <span class='ocr_line' id='line_1_49' title="bbox 215 1864 1285 1917; baseline -0.007 -4"><span class='ocrx_word' id='word_1_337' title='bbox 215 1881 309 1913; x_wconf 87' lang='lat' dir='ltr'>modo</span> <span class='ocrx_word' id='word_1_338' title='bbox 331 1864 478 1911; x_wconf 82' lang='lat' dir='ltr'>G&#39;uerrino</span> <span class='ocrx_word' id='word_1_339' title='bbox 519 1887 592 1911; x_wconf 88' lang='lat' dir='ltr'>arata</span> <span class='ocrx_word' id='word_1_340' title='bbox 611 1879 735 1910; x_wconf 85' lang='lat' dir='ltr'>existunt</span> <span class='ocrx_word' id='word_1_341' title='bbox 751 1902 761 1917; x_wconf 89' lang='lat'>,</span> <span class='ocrx_word' id='word_1_342' title='bbox 785 1887 816 1909; x_wconf 90' lang='lat' dir='ltr'>ut</span> <span class='ocrx_word' id='word_1_343' title='bbox 837 1878 1054 1917; x_wconf 71' lang='lat' dir='ltr'>informamur,</span> <span class='ocrx_word' id='word_1_344' title='bbox 1078 1878 1171 1917; x_wconf 79' lang='lat' dir='ltr'>licque</span> <span class='ocrx_word' id='word_1_345' title='bbox 1195 1877 1285 1914; x_wconf 87' lang='lat' dir='ltr'>potius</span> 
     </span>
     <span class='ocr_line' id='line_1_50' title="bbox 215 1917 1244 1989; baseline -0.005 -39"><span class='ocrx_word' id='word_1_346' title='bbox 215 1920 341 1989; x_wconf 61' lang='lat' dir='ltr'>glagiurn</span> <span class='ocrx_word' id='word_1_347' title='bbox 355 1941 364 1957; x_wconf 89' lang='lat'>‚</span> <span class='ocrx_word' id='word_1_348' title='bbox 384 1919 468 1966; x_wconf 72' lang='lat' dir='ltr'>quam</span> <span class='ocrx_word' id='word_1_349' title='bbox 511 1920 568 1950; x_wconf 84' lang='lat' dir='ltr'>acis</span> <span class='ocrx_word' id='word_1_350' title='bbox 586 1918 741 1949; x_wconf 90' lang='lat' dir='ltr'>Nuncium</span> <span class='ocrx_word' id='word_1_351' title='bbox 753 1942 763 1955; x_wconf 91' lang='lat'>,</span> <span class='ocrx_word' id='word_1_352' title='bbox 781 1918 865 1948; x_wconf 88' lang='lat' dir='ltr'>nobis</span> <span class='ocrx_word' id='word_1_353' title='bbox 881 1917 1065 1955; x_wconf 85' lang='lat' dir='ltr'>prospicimus</span> <span class='ocrx_word' id='word_1_354' title='bbox 1084 1917 1244 1946; x_wconf 86' lang='lat' dir='ltr'>imminere.</span> 
     </span>
    </p>

    <p class='ocr_par' dir='ltr' id='par_1_17' title="bbox 214 1967 1286 2067">
     <span class='ocr_line' id='line_1_51' title="bbox 276 1967 925 1988; baseline -0.005 0"><span class='ocrx_word' id='word_1_355' title='bbox 276 1967 303 1988; x_wconf 92' lang='lat' dir='ltr'>et</span> <span class='ocrx_word' id='word_1_356' title='bbox 316 1967 408 1988; x_wconf 85' lang='lat' dir='ltr'>revera</span> <span class='ocrx_word' id='word_1_357' title='bbox 923 1972 925 1974; x_wconf 90' lang='lat'>·</span> 
     </span>
     <span class='ocr_line' id='line_1_52' title="bbox 214 1979 1286 2067; baseline -0.005 -40"><span class='ocrx_word' id='word_1_358' title='bbox 214 2032 237 2067; x_wconf 67' lang='lat' dir='ltr'><strong>h</strong></span> <span class='ocrx_word' id='word_1_359' title='bbox 254 1979 433 2027; x_wconf 73' lang='lat' dir='ltr'>Effusionetr&#39;i</span> <span class='ocrx_word' id='word_1_360' title='bbox 449 1993 604 2026; x_wconf 87' lang='lat' dir='ltr'>Christiani</span> <span class='ocrx_word' id='word_1_361' title='bbox 622 1994 786 2035; x_wconf 84' lang='lat' dir='ltr'>Sanguinis,</span> <span class='ocrx_word' id='word_1_362' title='bbox 807 1994 857 2025; x_wconf 91' lang='lat' dir='ltr'>nisi</span> <span class='ocrx_word' id='word_1_363' title='bbox 872 1993 1030 2033; x_wconf 71' lang='lat' dir='ltr'>compulsi,</span> <span class='ocrx_word' id='word_1_364' title='bbox 1044 1992 1222 2035; x_wconf 80' lang='lat' dir='ltr'>permultum</span> <span class='ocrx_word' id='word_1_365' title='bbox 1235 1992 1286 2023; x_wconf 89' lang='lat' dir='ltr'>ab-</span> 
     </span>
     <span class='ocr_line' id='line_1_53' title="bbox 238 2043 363 2066; baseline -0.008 0"><span class='ocrx_word' id='word_1_366' title='bbox 238 2043 363 2066; x_wconf 88' lang='lat' dir='ltr'>orrentes</span> 
     </span>
    </p>

    <p class='ocr_par' dir='ltr' id='par_1_18' title="bbox 217 2057 1286 2151">
     <span class='ocr_line' id='line_1_54' title="bbox 256 2057 1286 2111; baseline -0.007 -5"><span class='ocrx_word' id='word_1_367' title='bbox 256 2057 490 2111; x_wconf 66' lang='lat' dir='ltr'>Testam&#39;entique</span> <span class='ocrx_word' id='word_1_368' title='bbox 511 2071 592 2110; x_wconf 77' lang='lat' dir='ltr'>ipsius</span> <span class='ocrx_word' id='word_1_369' title='bbox 615 2070 763 2103; x_wconf 76' lang='lat' dir='ltr'>salvatoris</span> <span class='ocrx_word' id='word_1_370' title='bbox 775 2094 785 2110; x_wconf 84' lang='lat'>,</span> <span class='ocrx_word' id='word_1_371' title='bbox 804 2080 863 2110; x_wconf 89' lang='lat' dir='ltr'>quo</span> <span class='ocrx_word' id='word_1_372' title='bbox 881 2071 1004 2110; x_wconf 89' lang='lat' dir='ltr'>dicitur,</span> <span class='ocrx_word' id='word_1_373' title='bbox 1031 2073 1129 2101; x_wconf 83' lang='lat' dir='ltr'>Pacem</span> <span class='ocrx_word' id='word_1_374' title='bbox 1150 2081 1236 2100; x_wconf 83' lang='lat' dir='ltr'>meam</span> <span class='ocrx_word' id='word_1_375' title='bbox 1254 2069 1286 2098; x_wconf 86' lang='lat' dir='ltr'>do</span> 
     </span>
     <span class='ocr_line' id='line_1_55' title="bbox 217 2109 1247 2151; baseline -0.005 -7"><span class='ocrx_word' id='word_1_376' title='bbox 217 2113 308 2151; x_wconf 69' lang='lat' dir='ltr'>vobis,</span> <span class='ocrx_word' id='word_1_377' title='bbox 327 2114 425 2142; x_wconf 74' lang='lat' dir='ltr'>Pacem</span> <span class='ocrx_word' id='word_1_378' title='bbox 441 2121 529 2141; x_wconf 82' lang='lat' dir='ltr'>meam</span> <span class='ocrx_word' id='word_1_379' title='bbox 548 2109 668 2150; x_wconf 83' lang='lat' dir='ltr'>relinquo</span> <span class='ocrx_word' id='word_1_380' title='bbox 680 2110 778 2148; x_wconf 84' lang='lat' dir='ltr'>vobis,</span> <span class='ocrx_word' id='word_1_381' title='bbox 797 2111 947 2148; x_wconf 84' lang='lat' dir='ltr'>participes</span> <span class='ocrx_word' id='word_1_382' title='bbox 961 2110 1040 2141; x_wconf 89' lang='lat' dir='ltr'>effici</span> <span class='ocrx_word' id='word_1_383' title='bbox 1053 2117 1247 2148; x_wconf 82' lang='lat' dir='ltr'>peroptantes,</span> 
     </span>
    </p>

    <p class='ocr_par' dir='ltr' id='par_1_19' title="bbox 213 2148 1282 2296">
     <span class='ocr_line' id='line_1_56' title="bbox 256 2148 1282 2189; baseline -0.006 -6"><span class='ocrx_word' id='word_1_384' title='bbox 256 2151 407 2183; x_wconf 87' lang='lat' dir='ltr'>Memores</span> <span class='ocrx_word' id='word_1_385' title='bbox 422 2151 507 2180; x_wconf 90' lang='lat' dir='ltr'>etiam</span> <span class='ocrx_word' id='word_1_386' title='bbox 521 2150 600 2179; x_wconf 90' lang='lat' dir='ltr'>verbi</span> <span class='ocrx_word' id='word_1_387' title='bbox 618 2149 752 2187; x_wconf 85' lang='lat' dir='ltr'>Apostoli</span> <span class='ocrx_word' id='word_1_388' title='bbox 765 2172 776 2189; x_wconf 84' lang='lat'>,</span> <span class='ocrx_word' id='word_1_389' title='bbox 791 2149 915 2187; x_wconf 80' lang='lat' dir='ltr'>jubentis</span> <span class='ocrx_word' id='word_1_390' title='bbox 930 2172 940 2188; x_wconf 96' lang='lat'>,</span> <span class='ocrx_word' id='word_1_391' title='bbox 957 2151 1025 2179; x_wconf 84' lang='lat' dir='ltr'>Non</span> <span class='ocrx_word' id='word_1_392' title='bbox 1037 2159 1075 2178; x_wconf 84' lang='lat' dir='ltr'>vo</span> <span class='ocrx_word' id='word_1_393' title='bbox 1087 2149 1141 2179; x_wconf 68' lang='lat' dir='ltr'>inet</span> <span class='ocrx_word' id='word_1_394' title='bbox 1155 2148 1220 2187; x_wconf 76' lang='lat' dir='ltr'>ipfiis</span> <span class='ocrx_word' id='word_1_395' title='bbox 1230 2158 1282 2187; x_wconf 72' lang='lat' dir='ltr'>Ju-</span> 
     </span>
     <span class='ocr_line' id='line_1_57' title="bbox 213 2185 1281 2228; baseline -0.007 -5"><span class='ocrx_word' id='word_1_396' title='bbox 213 2191 336 2223; x_wconf 79' lang='lat' dir='ltr'>dicantes</span> <span class='ocrx_word' id='word_1_397' title='bbox 368 2187 427 2220; x_wconf 64' lang='lat' dir='ltr'>idea</span> <span class='ocrx_word' id='word_1_398' title='bbox 444 2191 513 2219; x_wconf 83' lang='lat' dir='ltr'>enim</span> <span class='ocrx_word' id='word_1_399' title='bbox 522 2188 685 2227; x_wconf 71' lang='lat' dir='ltr'>judiciorum</span> <span class='ocrx_word' id='word_1_400' title='bbox 699 2191 776 2225; x_wconf 80' lang='lat' dir='ltr'>vigor</span> <span class='ocrx_word' id='word_1_401' title='bbox 790 2191 820 2217; x_wconf 81' lang='lat' dir='ltr'>in</span> <span class='ocrx_word' id='word_1_402' title='bbox 835 2188 920 2218; x_wconf 82' lang='lat' dir='ltr'>medio</span> <span class='ocrx_word' id='word_1_403' title='bbox 927 2186 1031 2228; x_wconf 71' lang='lat' dir='ltr'>positus</span> <span class='ocrx_word' id='word_1_404' title='bbox 1043 2199 1057 2217; x_wconf 84' lang='lat' dir='ltr'>e</span> <span class='ocrx_word' id='word_1_405' title='bbox 1089 2211 1099 2227; x_wconf 84' lang='lat'>,</span> <span class='ocrx_word' id='word_1_406' title='bbox 1117 2187 1152 2217; x_wconf 71' lang='grc' dir='ltr'>ηε)</span> <span class='ocrx_word' id='word_1_407' title='bbox 1165 2190 1224 2227; x_wconf 77' lang='lat' dir='ltr'>quis</span> <span class='ocrx_word' id='word_1_408' title='bbox 1240 2185 1281 2215; x_wconf 90' lang='lat' dir='ltr'>ul-</span> 
     </span>
     <span class='ocr_line' id='line_1_58' title="bbox 217 2227 668 2296; baseline -0.009 -37"><span class='ocrx_word' id='word_1_409' title='bbox 217 2233 317 2259; x_wconf 73' lang='lat' dir='ltr'>tionem</span> <span class='ocrx_word' id='word_1_410' title='bbox 341 2229 378 2258; x_wconf 77' lang='lat' dir='ltr'>tbi</span> <span class='ocrx_word' id='word_1_411' title='bbox 383 2227 649 2296; x_wconf 44' lang='lat' dir='ltr'>ficmeredraesis&#39;mat</span> <span class='ocrx_word' id='word_1_412' title='bbox 658 2249 668 2267; x_wconf 82' lang='lat'>,</span> 
     </span>
    </p>

    <p class='ocr_par' dir='ltr' id='par_1_20' title="bbox 211 2264 1284 2422">
     <span class='ocr_line' id='line_1_59' title="bbox 251 2264 1284 2305; baseline -0.004 -7"><span class='ocrx_word' id='word_1_413' title='bbox 251 2268 382 2305; x_wconf 84' lang='lat' dir='ltr'>Treugas</span> <span class='ocrx_word' id='word_1_414' title='bbox 396 2265 483 2304; x_wconf 76' lang='lat' dir='ltr'>praedi</span> <span class='ocrx_word' id='word_1_415' title='bbox 515 2276 541 2297; x_wconf 90' lang='lat' dir='ltr'>as</span> <span class='ocrx_word' id='word_1_416' title='bbox 555 2266 701 2297; x_wconf 69' lang='lat' dir='ltr'>obstrvare</span> <span class='ocrx_word' id='word_1_417' title='bbox 711 2288 720 2304; x_wconf 91' lang='lat'>,</span> <span class='ocrx_word' id='word_1_418' title='bbox 737 2272 955 2305; x_wconf 84' lang='lat' dir='ltr'>attemptataque</span> <span class='ocrx_word' id='word_1_419' title='bbox 970 2274 1068 2297; x_wconf 84' lang='lat' dir='ltr'>contra</span> <span class='ocrx_word' id='word_1_420' title='bbox 1085 2264 1196 2296; x_wconf 84' lang='lat' dir='ltr'>easdem</span> <span class='ocrx_word' id='word_1_421' title='bbox 1209 2274 1284 2295; x_wconf 85' lang='lat' dir='ltr'>cori-</span> 
     </span>
     <span class='ocr_line' id='line_1_60' title="bbox 211 2303 1284 2345; baseline -0.003 -10"><span class='ocrx_word' id='word_1_422' title='bbox 211 2305 285 2345; x_wconf 60' lang='grc' dir='ltr'>’ξι-οὲ</span> <span class='ocrx_word' id='word_1_423' title='bbox 301 2314 422 2344; x_wconf 85' lang='lat' dir='ltr'>reparare</span> <span class='ocrx_word' id='word_1_424' title='bbox 436 2326 448 2345; x_wconf 83' lang='lat'>,</span> <span class='ocrx_word' id='word_1_425' title='bbox 466 2303 516 2334; x_wconf 77' lang='lat' dir='ltr'>nisi</span> <span class='ocrx_word' id='word_1_426' title='bbox 537 2313 586 2342; x_wconf 84' lang='lat' dir='ltr'>per</span> <span class='ocrx_word' id='word_1_427' title='bbox 608 2314 659 2335; x_wconf 80' lang='lat' dir='ltr'>vos</span> <span class='ocrx_word' id='word_1_428' title='bbox 678 2304 713 2335; x_wconf 89' lang='lat' dir='ltr'>ad</span> <span class='ocrx_word' id='word_1_429' title='bbox 732 2303 879 2335; x_wconf 88' lang='lat' dir='ltr'>Guerram</span> <span class='ocrx_word' id='word_1_430' title='bbox 899 2304 1114 2343; x_wconf 81' lang='lat' dir='ltr'>neceffitemur,</span> <span class='ocrx_word' id='word_1_431' title='bbox 1133 2313 1162 2334; x_wconf 90' lang='lat' dir='ltr'>ut</span> <span class='ocrx_word' id='word_1_432' title='bbox 1185 2304 1284 2333; x_wconf 88' lang='lat' dir='ltr'>liberet</span> 
     </span>
     <span class='ocr_line' id='line_1_61' title="bbox 216 2341 1283 2382; baseline -0.002 -8"><span class='ocrx_word' id='word_1_433' title='bbox 216 2350 271 2374; x_wconf 84' lang='lat' dir='ltr'>nos</span> <span class='ocrx_word' id='word_1_434' title='bbox 284 2343 364 2374; x_wconf 82' lang='lat' dir='ltr'>Deus</span> <span class='ocrx_word' id='word_1_435' title='bbox 375 2355 392 2374; x_wconf 91' lang='lat' dir='ltr'>a</span> <span class='ocrx_word' id='word_1_436' title='bbox 403 2342 582 2382; x_wconf 80' lang='lat' dir='ltr'>neceffitate,</span> <span class='ocrx_word' id='word_1_437' title='bbox 600 2343 633 2374; x_wconf 70' lang='grc' dir='ltr'>δί</span> <span class='ocrx_word' id='word_1_438' title='bbox 651 2343 797 2374; x_wconf 88' lang='lat' dir='ltr'>conservet</span> <span class='ocrx_word' id='word_1_439' title='bbox 810 2343 840 2374; x_wconf 92' lang='lat' dir='ltr'>in</span> <span class='ocrx_word' id='word_1_440' title='bbox 855 2342 928 2374; x_wconf 85' lang='lat' dir='ltr'>Pace</span> <span class='ocrx_word' id='word_1_441' title='bbox 941 2367 950 2382; x_wconf 88' lang='lat'>,</span> <span class='ocrx_word' id='word_1_442' title='bbox 969 2345 997 2374; x_wconf 89' lang='lat' dir='ltr'>in</span> <span class='ocrx_word' id='word_1_443' title='bbox 1013 2352 1109 2374; x_wconf 89' lang='lat' dir='ltr'>mente</span> <span class='ocrx_word' id='word_1_444' title='bbox 1123 2341 1218 2373; x_wconf 68' lang='lat' dir='ltr'>nostrii</span> <span class='ocrx_word' id='word_1_445' title='bbox 1231 2352 1283 2372; x_wconf 89' lang='lat' dir='ltr'>cu-</span> 
     </span>
     <span class='ocr_line' id='line_1_62' title="bbox 216 2378 1207 2422; baseline -0.003 -8"><span class='ocrx_word' id='word_1_446' title='bbox 216 2392 328 2422; x_wconf 76' lang='lat' dir='ltr'>ramus,</span> <span class='ocrx_word' id='word_1_447' title='bbox 345 2381 403 2413; x_wconf 81' lang='lat' dir='ltr'>Pax</span> <span class='ocrx_word' id='word_1_448' title='bbox 417 2382 499 2412; x_wconf 91' lang='lat' dir='ltr'>enim</span> <span class='ocrx_word' id='word_1_449' title='bbox 513 2381 680 2422; x_wconf 86' lang='lat' dir='ltr'>voluntatis,</span> <span class='ocrx_word' id='word_1_450' title='bbox 697 2381 735 2412; x_wconf 90' lang='lat' dir='ltr'>set</span> <span class='ocrx_word' id='word_1_451' title='bbox 749 2382 856 2412; x_wconf 89' lang='lat' dir='ltr'>bellum</span> <span class='ocrx_word' id='word_1_452' title='bbox 864 2378 1029 2413; x_wconf 63' lang='lat' dir='ltr'>necessitatis</span> <span class='ocrx_word' id='word_1_453' title='bbox 1041 2382 1098 2413; x_wconf 82' lang='lat' dir='ltr'>effe</span> <span class='ocrx_word' id='word_1_454' title='bbox 1112 2381 1207 2412; x_wconf 90' lang='lat' dir='ltr'>debet.</span> 
     </span>
    </p>

    <p class='ocr_par' dir='ltr' id='par_1_21' title="bbox 215 2418 1283 2655">
     <span class='ocr_line' id='line_1_63' title="bbox 255 2418 1283 2460; baseline -0.002 -9"><span class='ocrx_word' id='word_1_455' title='bbox 255 2421 407 2460; x_wconf 80' lang='lat' dir='ltr'>Quocirca</span> <span class='ocrx_word' id='word_1_456' title='bbox 427 2421 653 2451; x_wconf 87' lang='lat' dir='ltr'>incarnationem</span> <span class='ocrx_word' id='word_1_457' title='bbox 677 2421 741 2452; x_wconf 84' lang='lat' dir='ltr'>Filii</span> <span class='ocrx_word' id='word_1_458' title='bbox 779 2420 834 2459; x_wconf 70' lang='lat' dir='ltr'>qua</span> <span class='ocrx_word' id='word_1_459' title='bbox 851 2419 933 2452; x_wconf 88' lang='lat' dir='ltr'>Deus</span> <span class='ocrx_word' id='word_1_460' title='bbox 958 2420 1060 2451; x_wconf 89' lang='lat' dir='ltr'>Homo</span> <span class='ocrx_word' id='word_1_461' title='bbox 1073 2420 1163 2451; x_wconf 62' lang='lat' dir='ltr'>fadius</span> <span class='ocrx_word' id='word_1_462' title='bbox 1175 2418 1234 2458; x_wconf 89' lang='lat' dir='ltr'>est,</span> <span class='ocrx_word' id='word_1_463' title='bbox 1249 2420 1283 2450; x_wconf 88' lang='lat'>&amp;</span> 
     </span>
     <span class='ocr_line' id='line_1_64' title="bbox 217 2443 1281 2501; baseline -0.004 -11"><span class='ocrx_word' id='word_1_464' title='bbox 217 2464 290 2490; x_wconf 79' lang='lat' dir='ltr'>unus</span> <span class='ocrx_word' id='word_1_465' title='bbox 304 2468 337 2490; x_wconf 83' lang='lat' dir='ltr'>ex</span> <span class='ocrx_word' id='word_1_466' title='bbox 350 2459 431 2490; x_wconf 87' lang='lat' dir='ltr'>nobis</span> <span class='ocrx_word' id='word_1_467' title='bbox 443 2481 453 2497; x_wconf 86' lang='lat'>,</span> <span class='ocrx_word' id='word_1_468' title='bbox 471 2458 692 2497; x_wconf 84' lang='lat' dir='ltr'>sanguinemque</span> <span class='ocrx_word' id='word_1_469' title='bbox 711 2459 720 2488; x_wconf 92' lang='lat' dir='ltr'>i</span> <span class='ocrx_word' id='word_1_470' title='bbox 742 2443 810 2497; x_wconf 80' lang='lat' dir='ltr'>sius,</span> <span class='ocrx_word' id='word_1_471' title='bbox 828 2468 882 2498; x_wconf 89' lang='lat' dir='ltr'>pro</span> <span class='ocrx_word' id='word_1_472' title='bbox 901 2459 1113 2498; x_wconf 89' lang='lat' dir='ltr'>Redemptione</span> <span class='ocrx_word' id='word_1_473' title='bbox 1133 2457 1230 2501; x_wconf 67' lang='lat' dir='ltr'>nostra</span> <span class='ocrx_word' id='word_1_474' title='bbox 1246 2459 1281 2501; x_wconf 37' lang='lat' dir='ltr'>&#39;in</span> 
     </span>
     <span class='ocr_line' id='line_1_65' title="bbox 216 2496 1282 2538; baseline -0.005 -9"><span class='ocrx_word' id='word_1_475' title='bbox 216 2497 316 2529; x_wconf 84' lang='lat' dir='ltr'>Cruce</span> <span class='ocrx_word' id='word_1_476' title='bbox 332 2498 458 2529; x_wconf 84' lang='lat' dir='ltr'>laetalitet</span> <span class='ocrx_word' id='word_1_477' title='bbox 477 2496 601 2528; x_wconf 80' lang='lat' dir='ltr'>effiisum</span> <span class='ocrx_word' id='word_1_478' title='bbox 614 2519 624 2536; x_wconf 89' lang='lat'>,</span> <span class='ocrx_word' id='word_1_479' title='bbox 641 2506 698 2538; x_wconf 86' lang='lat' dir='ltr'>quo</span> <span class='ocrx_word' id='word_1_480' title='bbox 754 2507 820 2527; x_wconf 91' lang='lat' dir='ltr'>enus</span> <span class='ocrx_word' id='word_1_481' title='bbox 840 2498 997 2528; x_wconf 88' lang='lat' dir='ltr'>humanum</span> <span class='ocrx_word' id='word_1_482' title='bbox 1016 2500 1034 2527; x_wconf 84' lang='lat' dir='ltr'>a</span> <span class='ocrx_word' id='word_1_483' title='bbox 1056 2505 1148 2527; x_wconf 88' lang='lat' dir='ltr'>morte</span> <span class='ocrx_word' id='word_1_484' title='bbox 1166 2504 1282 2538; x_wconf 74' lang='lat' dir='ltr'>revrxit,</span> 
     </span>
     <span class='ocr_line' id='line_1_66' title="bbox 215 2535 1279 2578; baseline -0.004 -11"><span class='ocrx_word' id='word_1_485' title='bbox 215 2542 345 2576; x_wconf 83' lang='lat' dir='ltr'>gerentes</span> <span class='ocrx_word' id='word_1_486' title='bbox 370 2537 400 2566; x_wconf 89' lang='lat' dir='ltr'>in</span> <span class='ocrx_word' id='word_1_487' title='bbox 425 2535 512 2567; x_wconf 90' lang='lat' dir='ltr'>corde</span> <span class='ocrx_word' id='word_1_488' title='bbox 528 2558 538 2573; x_wconf 89' lang='lat'>,</span> <span class='ocrx_word' id='word_1_489' title='bbox 562 2537 622 2566; x_wconf 75' lang='lat' dir='ltr'>tarn</span> <span class='ocrx_word' id='word_1_490' title='bbox 645 2535 810 2566; x_wconf 85' lang='lat' dir='ltr'>admirabile</span> <span class='ocrx_word' id='word_1_491' title='bbox 831 2537 1043 2566; x_wconf 89' lang='lat' dir='ltr'>commercium</span> <span class='ocrx_word' id='word_1_492' title='bbox 1066 2537 1143 2566; x_wconf 89' lang='lat' dir='ltr'>circa</span> <span class='ocrx_word' id='word_1_493' title='bbox 1166 2535 1279 2578; x_wconf 82' lang='lat' dir='ltr'>sangui-</span> 
     </span>
     <span class='ocr_line' id='line_1_67' title="bbox 241 2574 1282 2614; baseline -0.004 -9"><span class='ocrx_word' id='word_1_494' title='bbox 241 2576 246 2581; x_wconf 92' lang='lat'>&#39;</span> <span class='ocrx_word' id='word_1_495' title='bbox 465 2596 476 2613; x_wconf 84' lang='lat'>‚</span> <span class='ocrx_word' id='word_1_496' title='bbox 499 2574 551 2606; x_wconf 75' lang='lat' dir='ltr'>nisi</span> <span class='ocrx_word' id='word_1_497' title='bbox 569 2574 668 2612; x_wconf 87' lang='lat' dir='ltr'>inviti,</span> <span class='ocrx_word' id='word_1_498' title='bbox 686 2574 871 2604; x_wconf 82' lang='lat' dir='ltr'>exterminare</span> <span class='ocrx_word' id='word_1_499' title='bbox 886 2582 945 2605; x_wconf 89' lang='lat' dir='ltr'>non</span> <span class='ocrx_word' id='word_1_500' title='bbox 962 2574 1149 2614; x_wconf 84' lang='lat' dir='ltr'>proponimus</span> <span class='ocrx_word' id='word_1_501' title='bbox 1167 2582 1282 2612; x_wconf 68' lang='lat' dir='ltr'>quoius-</span> 
     </span>
     <span class='ocr_line' id='line_1_68' title="bbox 215 2613 1119 2655; baseline -0.001 -11"><span class='ocrx_word' id='word_1_502' title='bbox 215 2613 316 2644; x_wconf 85' lang='lat' dir='ltr'>modo.</span> <span class='ocrx_word' id='word_1_503' title='bbox 662 2651 666 2655; x_wconf 45' lang='grc'><strong>,</strong></span> <span class='ocrx_word' id='word_1_504' title='bbox 739 2650 744 2655; x_wconf 85' lang='lat'><strong>.</strong></span> <span class='ocrx_word' id='word_1_505' title='bbox 1115 2626 1119 2629; x_wconf 68' lang='lat'><strong><em>¹</em></strong></span> 
     </span>
    </p>

    <p class='ocr_par' dir='ltr' id='par_1_22' title="bbox 216 2649 1284 2883">
     <span class='ocr_line' id='line_1_69' title="bbox 255 2649 1279 2691; baseline -0.001 -8"><span class='ocrx_word' id='word_1_506' title='bbox 255 2652 293 2683; x_wconf 90' lang='lat' dir='ltr'>Et</span> <span class='ocrx_word' id='word_1_507' title='bbox 306 2651 514 2691; x_wconf 75' lang='lat' dir='ltr'>idcirco,ctitn</span> <span class='ocrx_word' id='word_1_508' title='bbox 529 2650 563 2681; x_wconf 93' lang='lat' dir='ltr'>ad</span> <span class='ocrx_word' id='word_1_509' title='bbox 573 2659 668 2682; x_wconf 82' lang='lat' dir='ltr'>aeternr</span> <span class='ocrx_word' id='word_1_510' title='bbox 679 2649 786 2688; x_wconf 86' lang='lat' dir='ltr'>Judicis</span> <span class='ocrx_word' id='word_1_511' title='bbox 800 2649 940 2682; x_wconf 85' lang='lat' dir='ltr'>Tribunal</span> <span class='ocrx_word' id='word_1_512' title='bbox 949 2651 1142 2682; x_wconf 87' lang='lat' dir='ltr'>communiter</span> <span class='ocrx_word' id='word_1_513' title='bbox 1158 2651 1279 2682; x_wconf 77' lang='lat' dir='ltr'>accesse-</span> 
     </span>
     <span class='ocr_line' id='line_1_70' title="bbox 218 2688 1280 2730; baseline -0.001 -9"><span class='ocrx_word' id='word_1_514' title='bbox 218 2691 322 2730; x_wconf 80' lang='lat' dir='ltr'>rimus,</span> <span class='ocrx_word' id='word_1_515' title='bbox 342 2689 479 2728; x_wconf 86' lang='lat' dir='ltr'>Coelum,</span> <span class='ocrx_word' id='word_1_516' title='bbox 498 2688 532 2721; x_wconf 90' lang='lat'>&amp;</span> <span class='ocrx_word' id='word_1_517' title='bbox 545 2690 666 2721; x_wconf 77' lang='lat' dir='ltr'>Terram</span> <span class='ocrx_word' id='word_1_518' title='bbox 681 2712 690 2727; x_wconf 89' lang='lat'>,</span> <span class='ocrx_word' id='word_1_519' title='bbox 707 2690 742 2721; x_wconf 68' lang='grc' dir='ltr'>ὃ(</span> <span class='ocrx_word' id='word_1_520' title='bbox 763 2689 869 2719; x_wconf 62' lang='lat' dir='ltr'>cundia</span> <span class='ocrx_word' id='word_1_521' title='bbox 884 2697 975 2720; x_wconf 86' lang='lat' dir='ltr'>creata</span> <span class='ocrx_word' id='word_1_522' title='bbox 987 2690 1162 2720; x_wconf 86' lang='lat' dir='ltr'>invocamus</span> <span class='ocrx_word' id='word_1_523' title='bbox 1179 2699 1280 2721; x_wconf 88' lang='lat' dir='ltr'>contra</span> 
     </span>
     <span class='ocr_line' id='line_1_71' title="bbox 219 2727 1284 2768; baseline 0.001 -10"><span class='ocrx_word' id='word_1_524' title='bbox 219 2739 272 2760; x_wconf 88' lang='lat' dir='ltr'>vos</span> <span class='ocrx_word' id='word_1_525' title='bbox 285 2731 316 2760; x_wconf 91' lang='lat' dir='ltr'>in</span> <span class='ocrx_word' id='word_1_526' title='bbox 330 2729 548 2761; x_wconf 84' lang='lat' dir='ltr'>Testimonium</span> <span class='ocrx_word' id='word_1_527' title='bbox 564 2737 612 2767; x_wconf 88' lang='lat' dir='ltr'>ut,</span> <span class='ocrx_word' id='word_1_528' title='bbox 634 2729 655 2759; x_wconf 88' lang='lat' dir='ltr'>fi</span> <span class='ocrx_word' id='word_1_529' title='bbox 669 2738 734 2768; x_wconf 82' lang='lat' dir='ltr'>quae</span> <span class='ocrx_word' id='word_1_530' title='bbox 750 2727 925 2758; x_wconf 89' lang='lat' dir='ltr'>Guerrarum</span> <span class='ocrx_word' id='word_1_531' title='bbox 941 2736 988 2759; x_wconf 88' lang='lat' dir='ltr'>aut</span> <span class='ocrx_word' id='word_1_532' title='bbox 1003 2728 1144 2759; x_wconf 85' lang='lat' dir='ltr'>Bellorum</span> <span class='ocrx_word' id='word_1_533' title='bbox 1162 2739 1262 2766; x_wconf 86' lang='lat' dir='ltr'>genera</span> <span class='ocrx_word' id='word_1_534' title='bbox 1274 2751 1284 2767; x_wconf 95' lang='lat'>,</span> 
     </span>
     <span class='ocr_line' id='line_1_72' title="bbox 219 2767 1280 2807; baseline 0.001 -10"><span class='ocrx_word' id='word_1_535' title='bbox 219 2769 290 2799; x_wconf 88' lang='lat' dir='ltr'>inter</span> <span class='ocrx_word' id='word_1_536' title='bbox 304 2777 356 2798; x_wconf 91' lang='lat' dir='ltr'>nos</span> <span class='ocrx_word' id='word_1_537' title='bbox 368 2768 405 2798; x_wconf 87' lang='lat'>&amp;</span> <span class='ocrx_word' id='word_1_538' title='bbox 417 2777 485 2806; x_wconf 83' lang='lat' dir='ltr'>vos,</span> <span class='ocrx_word' id='word_1_539' title='bbox 500 2767 582 2805; x_wconf 75' lang='lat' dir='ltr'>quod</span> <span class='ocrx_word' id='word_1_540' title='bbox 599 2767 666 2798; x_wconf 82' lang='lat' dir='ltr'>absit</span> <span class='ocrx_word' id='word_1_541' title='bbox 684 2790 693 2804; x_wconf 80' lang='lat'>,</span> <span class='ocrx_word' id='word_1_542' title='bbox 712 2767 841 2797; x_wconf 87' lang='lat' dir='ltr'>eveniant</span> <span class='ocrx_word' id='word_1_543' title='bbox 857 2768 885 2796; x_wconf 88' lang='lat' dir='ltr'>in</span> <span class='ocrx_word' id='word_1_544' title='bbox 900 2767 1044 2805; x_wconf 84' lang='lat' dir='ltr'>futurum,</span> <span class='ocrx_word' id='word_1_545' title='bbox 1062 2767 1117 2805; x_wconf 75' lang='lat' dir='ltr'>ipsa</span> <span class='ocrx_word' id='word_1_546' title='bbox 1137 2769 1280 2807; x_wconf 87' lang='lat' dir='ltr'>originali-</span> 
     </span>
     <span class='ocr_line' id='line_1_73' title="bbox 216 2804 1281 2844; baseline 0 -7"><span class='ocrx_word' id='word_1_547' title='bbox 216 2815 260 2837; x_wconf 82' lang='lat' dir='ltr'>rer</span> <span class='ocrx_word' id='word_1_548' title='bbox 268 2817 306 2837; x_wconf 85' lang='lat' dir='ltr'>ex</span> <span class='ocrx_word' id='word_1_549' title='bbox 321 2807 406 2837; x_wconf 87' lang='lat' dir='ltr'>vobis</span> <span class='ocrx_word' id='word_1_550' title='bbox 419 2807 592 2844; x_wconf 85' lang='lat' dir='ltr'>procedent,</span> <span class='ocrx_word' id='word_1_551' title='bbox 607 2808 642 2838; x_wconf 88' lang='lat'>&amp;</span> <span class='ocrx_word' id='word_1_552' title='bbox 656 2816 709 2836; x_wconf 90' lang='lat' dir='ltr'>nos</span> <span class='ocrx_word' id='word_1_553' title='bbox 741 2804 792 2836; x_wconf 89' lang='lat' dir='ltr'>sub</span> <span class='ocrx_word' id='word_1_554' title='bbox 806 2804 986 2837; x_wconf 83' lang='lat' dir='ltr'>deffensionis</span> <span class='ocrx_word' id='word_1_555' title='bbox 997 2806 1091 2844; x_wconf 89' lang='lat' dir='ltr'>clipeo</span> <span class='ocrx_word' id='word_1_556' title='bbox 1102 2829 1112 2844; x_wconf 86' lang='lat'>,</span> <span class='ocrx_word' id='word_1_557' title='bbox 1129 2816 1214 2844; x_wconf 86' lang='lat' dir='ltr'>prout</span> <span class='ocrx_word' id='word_1_558' title='bbox 1230 2807 1281 2840; x_wconf 88' lang='lat' dir='ltr'>Al-</span> 
     </span>
     <span class='ocr_line' id='line_1_74' title="bbox 218 2844 849 2883; baseline -0.003 -7"><span class='ocrx_word' id='word_1_559' title='bbox 218 2844 325 2876; x_wconf 83' lang='lat' dir='ltr'>ti&#39;ffimo</span> <span class='ocrx_word' id='word_1_560' title='bbox 338 2845 490 2883; x_wconf 82' lang='lat' dir='ltr'>placuerit,</span> <span class='ocrx_word' id='word_1_561' title='bbox 508 2845 690 2875; x_wconf 82' lang='lat' dir='ltr'>resistentiam</span> <span class='ocrx_word' id='word_1_562' title='bbox 718 2845 849 2874; x_wconf 90' lang='lat' dir='ltr'>aciemus.</span> 
     </span>
    </p>

    <p class='ocr_par' dir='ltr' id='par_1_23' title="bbox 217 2882 1284 3031">
     <span class='ocr_line' id='line_1_75' title="bbox 252 2882 1283 2922; baseline 0.001 -8"><span class='ocrx_word' id='word_1_563' title='bbox 252 2883 288 2914; x_wconf 85' lang='lat' dir='ltr'>Iri</span> <span class='ocrx_word' id='word_1_564' title='bbox 301 2882 446 2922; x_wconf 79' lang='lat' dir='ltr'>praemissis</span> <span class='ocrx_word' id='word_1_565' title='bbox 460 2893 577 2921; x_wconf 91' lang='lat' dir='ltr'>quoque</span> <span class='ocrx_word' id='word_1_566' title='bbox 599 2885 659 2914; x_wconf 72' lang='lat' dir='ltr'>tam</span> <span class='ocrx_word' id='word_1_567' title='bbox 674 2882 753 2913; x_wconf 89' lang='lat' dir='ltr'>nudo</span> <span class='ocrx_word' id='word_1_568' title='bbox 769 2882 842 2913; x_wconf 82' lang='lat' dir='ltr'>Stilo</span> <span class='ocrx_word' id='word_1_569' title='bbox 864 2891 972 2913; x_wconf 87' lang='lat' dir='ltr'>mentes</span> <span class='ocrx_word' id='word_1_570' title='bbox 985 2882 1087 2914; x_wconf 87' lang='lat' dir='ltr'>vestras</span> <span class='ocrx_word' id='word_1_571' title='bbox 1102 2893 1150 2921; x_wconf 88' lang='lat' dir='ltr'>per</span> <span class='ocrx_word' id='word_1_572' title='bbox 1165 2882 1283 2915; x_wconf 82' lang='lat' dir='ltr'>Litteras</span> 
     </span>
     <span class='ocr_line' id='line_1_76' title="bbox 217 2921 1284 2962; baseline 0.001 -8"><span class='ocrx_word' id='word_1_573' title='bbox 217 2922 321 2954; x_wconf 76' lang='lat' dir='ltr'>vestras</span> <span class='ocrx_word' id='word_1_574' title='bbox 339 2923 373 2953; x_wconf 92' lang='lat' dir='ltr'>ad</span> <span class='ocrx_word' id='word_1_575' title='bbox 385 2922 489 2961; x_wconf 87' lang='lat' dir='ltr'>fingula</span> <span class='ocrx_word' id='word_1_576' title='bbox 502 2923 641 2960; x_wconf 90' lang='lat' dir='ltr'>adaperire</span> <span class='ocrx_word' id='word_1_577' title='bbox 656 2921 887 2957; x_wconf 79' lang='lat' dir='ltr'>nobis,exceffiis</span> <span class='ocrx_word' id='word_1_578' title='bbox 900 2932 1014 2962; x_wconf 87' lang='lat' dir='ltr'>quoque</span> <span class='ocrx_word' id='word_1_579' title='bbox 1029 2923 1212 2961; x_wconf 67' lang='lat' dir='ltr'>praefatorum</span> <span class='ocrx_word' id='word_1_580' title='bbox 1219 2923 1284 2955; x_wconf 89' lang='lat' dir='ltr'>Du-</span> 
     </span>
     <span class='ocr_line' id='line_1_77' title="bbox 219 2959 1284 3031; baseline 0.002 -40"><span class='ocrx_word' id='word_1_581' title='bbox 219 2962 308 3031; x_wconf 43' lang='lat' dir='ltr'>cisti&amp;</span> <span class='ocrx_word' id='word_1_582' title='bbox 323 2960 450 2993; x_wconf 90' lang='lat' dir='ltr'>Comitis</span> <span class='ocrx_word' id='word_1_583' title='bbox 470 2962 509 2992; x_wconf 88' lang='lat' dir='ltr'>ita</span> <span class='ocrx_word' id='word_1_584' title='bbox 531 2960 684 2992; x_wconf 83' lang='lat' dir='ltr'>reformare</span> <span class='ocrx_word' id='word_1_585' title='bbox 699 2982 710 2998; x_wconf 95' lang='lat'>,</span> <span class='ocrx_word' id='word_1_586' title='bbox 725 2961 764 2990; x_wconf 75' lang='lat' dir='ltr'>ne</span> <span class='ocrx_word' id='word_1_587' title='bbox 785 2959 907 2998; x_wconf 89' lang='lat' dir='ltr'>ipsorum</span> <span class='ocrx_word' id='word_1_588' title='bbox 928 2961 1011 2999; x_wconf 85' lang='lat' dir='ltr'>culpa</span> <span class='ocrx_word' id='word_1_589' title='bbox 1032 2961 1123 2992; x_wconf 89' lang='lat' dir='ltr'>vestra</span> <span class='ocrx_word' id='word_1_590' title='bbox 1142 2961 1284 3001; x_wconf 85' lang='lat' dir='ltr'>videatur,</span> 
     </span>
    </p>

    <p class='ocr_par' dir='ltr' id='par_1_24' title="bbox 223 3024 1282 3115">
     <span class='ocr_line' id='line_1_78' title="bbox 260 3024 1282 3077; baseline 0.002 -9"><span class='ocrx_word' id='word_1_591' title='bbox 260 3024 353 3076; x_wconf 65' lang='lat' dir='ltr'>Et,⁹s1</span> <span class='ocrx_word' id='word_1_592' title='bbox 368 3037 519 3077; x_wconf 79' lang='lat' dir='ltr'>praefatu&#39;m</span> <span class='ocrx_word' id='word_1_593' title='bbox 534 3036 625 3069; x_wconf 86' lang='lat' dir='ltr'>Diem</span> <span class='ocrx_word' id='word_1_594' title='bbox 638 3037 768 3077; x_wconf 81' lang='lat' dir='ltr'>primum</span> <span class='ocrx_word' id='word_1_595' title='bbox 782 3036 949 3076; x_wconf 86' lang='lat' dir='ltr'>observare,</span> <span class='ocrx_word' id='word_1_596' title='bbox 966 3037 1011 3070; x_wconf 86' lang='lat' dir='ltr'>seu</span> <span class='ocrx_word' id='word_1_597' title='bbox 1025 3038 1114 3070; x_wconf 85' lang='lat' dir='ltr'>aliurn</span> <span class='ocrx_word' id='word_1_598' title='bbox 1122 3039 1282 3071; x_wconf 84' lang='lat' dir='ltr'>ulteriorem</span> 
     </span>
     <span class='ocr_line' id='line_1_79' title="bbox 223 3075 1071 3115; baseline 0 -9"><span class='ocrx_word' id='word_1_599' title='bbox 223 3081 377 3115; x_wconf 85' lang='lat' dir='ltr'>prorogare</span> <span class='ocrx_word' id='word_1_600' title='bbox 391 3078 568 3114; x_wconf 88' lang='lat' dir='ltr'>curetis,n0s</span> <span class='ocrx_word' id='word_1_601' title='bbox 584 3076 705 3107; x_wconf 90' lang='lat' dir='ltr'>reddatis</span> <span class='ocrx_word' id='word_1_602' title='bbox 716 3075 819 3114; x_wconf 88' lang='lat' dir='ltr'>absque</span> <span class='ocrx_word' id='word_1_603' title='bbox 835 3076 916 3106; x_wconf 72' lang='lat' dir='ltr'>mora</span> <span class='ocrx_word' id='word_1_604' title='bbox 930 3078 1071 3108; x_wconf 84' lang='lat' dir='ltr'>certiores.</span> 
     </span>
    </p>

    <p class='ocr_par' dir='ltr' id='par_1_25' title="bbox 221 3114 1283 3186">
     <span class='ocr_line' id='line_1_80' title="bbox 258 3114 1283 3155; baseline 0.002 -9"><span class='ocrx_word' id='word_1_605' title='bbox 258 3114 294 3146; x_wconf 72' lang='lat' dir='ltr'>in</span> <span class='ocrx_word' id='word_1_606' title='bbox 309 3116 421 3147; x_wconf 82' lang='lat' dir='ltr'>caritate</span> <span class='ocrx_word' id='word_1_607' title='bbox 435 3114 561 3154; x_wconf 60' lang='lat' dir='ltr'>perfetta</span> <span class='ocrx_word' id='word_1_608' title='bbox 575 3115 727 3147; x_wconf 87' lang='lat' dir='ltr'>confirmet</span> <span class='ocrx_word' id='word_1_609' title='bbox 743 3124 794 3146; x_wconf 89' lang='lat' dir='ltr'>vos</span> <span class='ocrx_word' id='word_1_610' title='bbox 808 3114 936 3146; x_wconf 87' lang='lat' dir='ltr'>Trinitas</span> <span class='ocrx_word' id='word_1_611' title='bbox 950 3115 1052 3147; x_wconf 64' lang='lat' dir='ltr'>Sancta</span> <span class='ocrx_word' id='word_1_612' title='bbox 1060 3139 1070 3155; x_wconf 85' lang='lat'>‚</span> <span class='ocrx_word' id='word_1_613' title='bbox 1087 3115 1121 3146; x_wconf 68' lang='grc' dir='ltr'>ἃ</span> <span class='ocrx_word' id='word_1_614' title='bbox 1135 3116 1283 3148; x_wconf 83' lang='lat' dir='ltr'>Dominus</span> 
     </span>
     <span class='ocr_line' id='line_1_81' title="bbox 221 3152 563 3186; baseline -0.006 -1"><span class='ocrx_word' id='word_1_615' title='bbox 221 3153 255 3185; x_wconf 86' lang='lat' dir='ltr'>fit</span> <span class='ocrx_word' id='word_1_616' title='bbox 265 3155 296 3186; x_wconf 87' lang='lat' dir='ltr'>in</span> <span class='ocrx_word' id='word_1_617' title='bbox 311 3152 446 3185; x_wconf 86' lang='lat' dir='ltr'>cordibus</span> <span class='ocrx_word' id='word_1_618' title='bbox 460 3154 563 3186; x_wconf 86' lang='lat' dir='ltr'>vestris.</span> 
     </span>
    </p>
   </div>
   <div class='ocr_carea' id='block_1_10' title="bbox 221 3227 1291 4080">
    <p class='ocr_par' dir='ltr' id='par_1_26' title="bbox 221 3227 1285 3494">
     <span class='ocr_line' id='line_1_82' title="bbox 259 3227 1284 3270; baseline 0.002 -10"><span class='ocrx_word' id='word_1_619' title='bbox 259 3227 372 3262; x_wconf 83' lang='lat' dir='ltr'>Datum</span> <span class='ocrx_word' id='word_1_620' title='bbox 383 3229 460 3267; x_wconf 82' lang='lat' dir='ltr'>apud</span> <span class='ocrx_word' id='word_1_621' title='bbox 473 3229 734 3270; x_wconf 62' lang='lat' dir='ltr'>Iffi’stmonasterium</span> <span class='ocrx_word' id='word_1_622' title='bbox 743 3250 753 3268; x_wconf 85' lang='lat'><em>‚</em></span> <span class='ocrx_word' id='word_1_623' title='bbox 768 3231 799 3261; x_wconf 90' lang='lat' dir='ltr'>in</span> <span class='ocrx_word' id='word_1_624' title='bbox 821 3229 1012 3262; x_wconf 83' lang='lat' dir='ltr'>Parliamento</span> <span class='ocrx_word' id='word_1_625' title='bbox 1030 3229 1137 3261; x_wconf 78' lang='lat' dir='ltr'>ibidem</span> <span class='ocrx_word' id='word_1_626' title='bbox 1152 3238 1232 3262; x_wconf 88' lang='lat' dir='ltr'>tento</span> <span class='ocrx_word' id='word_1_627' title='bbox 1251 3232 1284 3262; x_wconf 88' lang='lat'>&amp;</span> 
     </span>
     <span class='ocr_line' id='line_1_83' title="bbox 222 3268 1284 3306; baseline 0.001 -7"><span class='ocrx_word' id='word_1_628' title='bbox 222 3268 383 3306; x_wconf 86' lang='lat' dir='ltr'>celebrato,</span> <span class='ocrx_word' id='word_1_629' title='bbox 400 3268 452 3299; x_wconf 90' lang='lat' dir='ltr'>sub</span> <span class='ocrx_word' id='word_1_630' title='bbox 467 3268 571 3305; x_wconf 79' lang='lat' dir='ltr'>Sigillis</span> <span class='ocrx_word' id='word_1_631' title='bbox 587 3269 797 3300; x_wconf 89' lang='lat' dir='ltr'>Venerabilium</span> <span class='ocrx_word' id='word_1_632' title='bbox 813 3270 842 3300; x_wconf 89' lang='lat' dir='ltr'>in</span> <span class='ocrx_word' id='word_1_633' title='bbox 853 3268 970 3300; x_wconf 87' lang='lat' dir='ltr'>Christo</span> <span class='ocrx_word' id='word_1_634' title='bbox 984 3269 1118 3306; x_wconf 77' lang='lat' dir='ltr'>Parrum,</span> <span class='ocrx_word' id='word_1_635' title='bbox 1137 3269 1284 3301; x_wconf 89' lang='lat' dir='ltr'>Domino-</span> 
     </span>
     <span class='ocr_line' id='line_1_84' title="bbox 223 3304 1284 3350; baseline 0.001 -12"><span class='ocrx_word' id='word_1_636' title='bbox 223 3317 286 3338; x_wconf 88' lang='lat' dir='ltr'>rum</span> <span class='ocrx_word' id='word_1_637' title='bbox 296 3329 309 3350; x_wconf 62' lang='lat'>2</span> <span class='ocrx_word' id='word_1_638' title='bbox 324 3305 528 3350; x_wconf 82' lang='lat' dir='ltr'>Cantuarienfis</span> <span class='ocrx_word' id='word_1_639' title='bbox 542 3308 576 3338; x_wconf 73' lang='grc' dir='ltr'>δε</span> <span class='ocrx_word' id='word_1_640' title='bbox 587 3304 771 3339; x_wconf 77' lang='lat' dir='ltr'>Eboracensis</span> <span class='ocrx_word' id='word_1_641' title='bbox 785 3307 1074 3346; x_wconf 87' lang='lat' dir='ltr'>Archiepiscoporum</span> <span class='ocrx_word' id='word_1_642' title='bbox 1090 3331 1100 3346; x_wconf 86' lang='lat'>,</span> <span class='ocrx_word' id='word_1_643' title='bbox 1113 3319 1146 3338; x_wconf 88' lang='lat' dir='ltr'>ac</span> <span class='ocrx_word' id='word_1_644' title='bbox 1164 3309 1284 3341; x_wconf 78' lang='lat' dir='ltr'>Lincol-</span> 
     </span>
     <span class='ocr_line' id='line_1_85' title="bbox 221 3344 1285 3384; baseline 0.001 -7"><span class='ocrx_word' id='word_1_645' title='bbox 221 3346 324 3378; x_wconf 70' lang='lat' dir='ltr'>niensis</span> <span class='ocrx_word' id='word_1_646' title='bbox 337 3344 489 3382; x_wconf 78' lang='lat' dir='ltr'>Episcopi,</span> <span class='ocrx_word' id='word_1_647' title='bbox 508 3346 541 3376; x_wconf 90' lang='lat'>&amp;</span> <span class='ocrx_word' id='word_1_648' title='bbox 560 3345 677 3376; x_wconf 89' lang='lat' dir='ltr'>Abbatis</span> <span class='ocrx_word' id='word_1_649' title='bbox 691 3345 940 3383; x_wconf 83' lang='lat' dir='ltr'>Westmonasterii</span> <span class='ocrx_word' id='word_1_650' title='bbox 950 3369 959 3384; x_wconf 87' lang='lat'>‚</span> <span class='ocrx_word' id='word_1_651' title='bbox 968 3348 1031 3377; x_wconf 87' lang='lat' dir='ltr'>vice</span> <span class='ocrx_word' id='word_1_652' title='bbox 1040 3347 1073 3377; x_wconf 86' lang='lat'>&amp;</span> <span class='ocrx_word' id='word_1_653' title='bbox 1086 3349 1204 3378; x_wconf 81' lang='lat' dir='ltr'>nomine</span> <span class='ocrx_word' id='word_1_654' title='bbox 1218 3358 1285 3378; x_wconf 91' lang='lat' dir='ltr'>orn-</span> 
     </span>
     <span class='ocr_line' id='line_1_86' title="bbox 223 3382 1284 3424; baseline 0.002 -9"><span class='ocrx_word' id='word_1_655' title='bbox 223 3386 305 3415; x_wconf 90' lang='lat' dir='ltr'>nium</span> <span class='ocrx_word' id='word_1_656' title='bbox 330 3382 520 3414; x_wconf 86' lang='lat' dir='ltr'>Praelatorum</span> <span class='ocrx_word' id='word_1_657' title='bbox 540 3382 574 3413; x_wconf 90' lang='lat'>&amp;</span> <span class='ocrx_word' id='word_1_658' title='bbox 593 3383 672 3413; x_wconf 85' lang='lat' dir='ltr'>Cleri</span> <span class='ocrx_word' id='word_1_659' title='bbox 694 3384 898 3421; x_wconf 65' lang='lat' dir='ltr'>praedictorum</span> <span class='ocrx_word' id='word_1_660' title='bbox 914 3408 924 3423; x_wconf 92' lang='lat'>,</span> <span class='ocrx_word' id='word_1_661' title='bbox 948 3384 1097 3416; x_wconf 83' lang='lat' dir='ltr'>Vicelimo</span> <span class='ocrx_word' id='word_1_662' title='bbox 1119 3387 1220 3424; x_wconf 88' lang='lat' dir='ltr'>quinto</span> <span class='ocrx_word' id='word_1_663' title='bbox 1238 3386 1284 3417; x_wconf 90' lang='lat' dir='ltr'>die</span> 
     </span>
     <span class='ocr_line' id='line_1_87' title="bbox 223 3420 1285 3494; baseline 0.001 -40"><span class='ocrx_word' id='word_1_664' title='bbox 223 3423 333 3494; x_wconf 32' lang='lat' dir='ltr'>{densis</span> <span class='ocrx_word' id='word_1_665' title='bbox 349 3421 495 3453; x_wconf 79' lang='lat' dir='ltr'>Februarii</span> <span class='ocrx_word' id='word_1_666' title='bbox 510 3444 520 3459; x_wconf 88' lang='lat'>,</span> <span class='ocrx_word' id='word_1_667' title='bbox 545 3421 636 3451; x_wconf 87' lang='lat' dir='ltr'>Anno</span> <span class='ocrx_word' id='word_1_668' title='bbox 651 3420 776 3453; x_wconf 88' lang='lat' dir='ltr'>Domini</span> <span class='ocrx_word' id='word_1_669' title='bbox 795 3422 951 3454; x_wconf 84' lang='lat' dir='ltr'>Millefimo</span> <span class='ocrx_word' id='word_1_670' title='bbox 967 3445 978 3462; x_wconf 87' lang='lat'>,</span> <span class='ocrx_word' id='word_1_671' title='bbox 993 3423 1285 3462; x_wconf 80' lang='lat' dir='ltr'>Qadringentesimo</span> 
     </span>
    </p>

    <p class='ocr_par' dir='ltr' id='par_1_27' title="bbox 258 3470 341 3494">
     <span class='ocr_line' id='line_1_88' title="bbox 258 3470 341 3494; baseline -0.036 0"><span class='ocrx_word' id='word_1_672' title='bbox 258 3470 341 3494; x_wconf 78' lang='lat' dir='ltr'>ertio.</span> 
     </span>
    </p>

    <p class='ocr_par' dir='ltr' id='par_1_28' title="bbox 225 3531 1288 3802">
     <span class='ocr_line' id='line_1_89' title="bbox 291 3531 1287 3580; baseline 0.001 -11"><span class='ocrx_word' id='word_1_673' title='bbox 291 3533 420 3570; x_wconf 78' lang='lat' dir='ltr'>Niverfis</span> <span class='ocrx_word' id='word_1_674' title='bbox 434 3538 468 3569; x_wconf 90' lang='lat'>&amp;</span> <span class='ocrx_word' id='word_1_675' title='bbox 482 3535 596 3572; x_wconf 80' lang='lat' dir='ltr'>singulis</span> <span class='ocrx_word' id='word_1_676' title='bbox 609 3531 730 3580; x_wconf 50' lang='lat' dir='ltr'>Praelatis</span> <span class='ocrx_word' id='word_1_677' title='bbox 745 3537 779 3569; x_wconf 87' lang='lat'>&amp;</span> <span class='ocrx_word' id='word_1_678' title='bbox 794 3533 978 3578; x_wconf 79' lang='lat' dir='ltr'>Magnatibus</span> <span class='ocrx_word' id='word_1_679' title='bbox 991 3561 1001 3576; x_wconf 91' lang='lat'>,</span> <span class='ocrx_word' id='word_1_680' title='bbox 1018 3546 1053 3570; x_wconf 82' lang='lat' dir='ltr'>ac</span> <span class='ocrx_word' id='word_1_681' title='bbox 1071 3534 1209 3570; x_wconf 87' lang='lat' dir='ltr'>Dominis</span> <span class='ocrx_word' id='word_1_682' title='bbox 1223 3540 1287 3578; x_wconf 91' lang='lat' dir='ltr'>Spi-</span> 
     </span>
     <span class='ocr_line' id='line_1_90' title="bbox 225 3574 1288 3617; baseline 0.002 -10"><span class='ocrx_word' id='word_1_683' title='bbox 225 3587 228 3591; x_wconf 91' lang='lat'>·</span> <span class='ocrx_word' id='word_1_684' title='bbox 301 3577 445 3608; x_wconf 84' lang='lat' dir='ltr'>ritualibus</span> <span class='ocrx_word' id='word_1_685' title='bbox 458 3577 492 3608; x_wconf 84' lang='lat'>&amp;</span> <span class='ocrx_word' id='word_1_686' title='bbox 507 3574 743 3612; x_wconf 85' lang='lat' dir='ltr'>Temporalibus,</span> <span class='ocrx_word' id='word_1_687' title='bbox 760 3586 793 3607; x_wconf 91' lang='lat' dir='ltr'>ac</span> <span class='ocrx_word' id='word_1_688' title='bbox 808 3579 860 3608; x_wconf 87' lang='lat' dir='ltr'>toti</span> <span class='ocrx_word' id='word_1_689' title='bbox 878 3576 1089 3609; x_wconf 76' lang='lat' dir='ltr'>communitati</span> <span class='ocrx_word' id='word_1_690' title='bbox 1098 3578 1192 3617; x_wconf 87' lang='lat' dir='ltr'>Regni</span> <span class='ocrx_word' id='word_1_691' title='bbox 1199 3578 1223 3608; x_wconf 95' lang='lat' dir='ltr'>F</span> <span class='ocrx_word' id='word_1_692' title='bbox 1225 3589 1288 3609; x_wconf 74' lang='lat' dir='ltr'>ran—</span> 
     </span>
     <span class='ocr_line' id='line_1_91' title="bbox 226 3613 1288 3654; baseline 0.001 -7"><span class='ocrx_word' id='word_1_693' title='bbox 226 3617 281 3648; x_wconf 86' lang='lat' dir='ltr'>ciae</span> <span class='ocrx_word' id='word_1_694' title='bbox 297 3639 307 3654; x_wconf 88' lang='lat'>‚</span> <span class='ocrx_word' id='word_1_695' title='bbox 330 3615 466 3647; x_wconf 88' lang='lat' dir='ltr'>Proceres</span> <span class='ocrx_word' id='word_1_696' title='bbox 486 3615 519 3646; x_wconf 63' lang='grc' dir='ltr'>ὃς</span> <span class='ocrx_word' id='word_1_697' title='bbox 544 3613 695 3651; x_wconf 87' lang='lat' dir='ltr'>Magnates</span> <span class='ocrx_word' id='word_1_698' title='bbox 716 3613 904 3653; x_wconf 85' lang='lat' dir='ltr'>Temporales</span> <span class='ocrx_word' id='word_1_699' title='bbox 917 3639 927 3654; x_wconf 88' lang='lat'>,</span> <span class='ocrx_word' id='word_1_700' title='bbox 947 3626 982 3647; x_wconf 86' lang='lat' dir='ltr'>ac</span> <span class='ocrx_word' id='word_1_701' title='bbox 1003 3624 1061 3647; x_wconf 87' lang='lat' dir='ltr'>tota</span> <span class='ocrx_word' id='word_1_702' title='bbox 1083 3616 1288 3648; x_wconf 84' lang='lat' dir='ltr'>Communitas</span> 
     </span>
     <span class='ocr_line' id='line_1_92' title="bbox 226 3652 1287 3696; baseline 0 -10"><span class='ocrx_word' id='word_1_703' title='bbox 226 3654 326 3693; x_wconf 85' lang='lat' dir='ltr'>Regni</span> <span class='ocrx_word' id='word_1_704' title='bbox 338 3654 472 3692; x_wconf 80' lang='lat' dir='ltr'>Angliae,</span> <span class='ocrx_word' id='word_1_705' title='bbox 489 3653 671 3696; x_wconf 74' lang='lat' dir='ltr'>Salutem,&amp;</span> <span class='ocrx_word' id='word_1_706' title='bbox 686 3652 805 3696; x_wconf 76' lang='lat' dir='ltr'>caritatis</span> <span class='ocrx_word' id='word_1_707' title='bbox 818 3655 913 3684; x_wconf 87' lang='lat' dir='ltr'>zelum</span> <span class='ocrx_word' id='word_1_708' title='bbox 922 3655 968 3693; x_wconf 92' lang='lat' dir='ltr'>,in</span> <span class='ocrx_word' id='word_1_709' title='bbox 982 3665 1020 3685; x_wconf 87' lang='lat' dir='ltr'>eo</span> <span class='ocrx_word' id='word_1_710' title='bbox 1034 3655 1083 3695; x_wconf 90' lang='lat' dir='ltr'>qui</span> <span class='ocrx_word' id='word_1_711' title='bbox 1095 3654 1138 3686; x_wconf 88' lang='lat' dir='ltr'>est</span> <span class='ocrx_word' id='word_1_712' title='bbox 1154 3656 1287 3686; x_wconf 88' lang='lat' dir='ltr'>omnium</span> 
     </span>
     <span class='ocr_line' id='line_1_93' title="bbox 226 3690 762 3731; baseline -0.009 -4"><span class='ocrx_word' id='word_1_713' title='bbox 226 3703 292 3727; x_wconf 82' lang='lat' dir='ltr'>vera</span> <span class='ocrx_word' id='word_1_714' title='bbox 307 3692 399 3731; x_wconf 88' lang='lat' dir='ltr'>Salus,</span> <span class='ocrx_word' id='word_1_715' title='bbox 416 3694 514 3724; x_wconf 85' lang='lat' dir='ltr'>caritas</span> <span class='ocrx_word' id='word_1_716' title='bbox 529 3693 563 3724; x_wconf 74' lang='grc' dir='ltr'>ὅ(</span> <span class='ocrx_word' id='word_1_717' title='bbox 580 3690 659 3722; x_wconf 85' lang='lat' dir='ltr'>Pacis</span> <span class='ocrx_word' id='word_1_718' title='bbox 672 3700 762 3730; x_wconf 88' lang='lat' dir='ltr'>orig0.</span> 
     </span>
     <span class='ocr_line' id='line_1_94' title="bbox 225 3728 1286 3802; baseline 0.001 -40"><span class='ocrx_word' id='word_1_719' title='bbox 225 3767 257 3802; x_wconf 76' lang='lat' dir='ltr'>T</span> <span class='ocrx_word' id='word_1_720' title='bbox 280 3731 316 3762; x_wconf 90' lang='lat' dir='ltr'>In</span> <span class='ocrx_word' id='word_1_721' title='bbox 337 3730 420 3762; x_wconf 85' lang='lat' dir='ltr'>Pacis</span> <span class='ocrx_word' id='word_1_722' title='bbox 442 3730 564 3761; x_wconf 86' lang='lat' dir='ltr'>Foedere</span> <span class='ocrx_word' id='word_1_723' title='bbox 583 3731 616 3762; x_wconf 91' lang='lat'>&amp;</span> <span class='ocrx_word' id='word_1_724' title='bbox 631 3729 747 3760; x_wconf 83' lang='lat' dir='ltr'>firmatae</span> <span class='ocrx_word' id='word_1_725' title='bbox 768 3728 939 3761; x_wconf 69' lang='lat' dir='ltr'>Dileffionis</span> <span class='ocrx_word' id='word_1_726' title='bbox 959 3731 1097 3763; x_wconf 65' lang='lat' dir='ltr'>haetenus</span> <span class='ocrx_word' id='word_1_727' title='bbox 1110 3731 1286 3764; x_wconf 86' lang='lat' dir='ltr'>constitutus</span> 
     </span>
     <span class='ocr_line' id='line_1_95' title="bbox 234 3779 357 3802; baseline -0.008 -1"><span class='ocrx_word' id='word_1_728' title='bbox 234 3787 235 3790; x_wconf 65' lang='lat'><em>=</em></span> <span class='ocrx_word' id='word_1_729' title='bbox 257 3779 307 3802; x_wconf 88' lang='lat' dir='ltr'>reu</span> <span class='ocrx_word' id='word_1_730' title='bbox 330 3780 357 3800; x_wconf 89' lang='lat' dir='ltr'>as</span> 
     </span>
    </p>

    <p class='ocr_par' dir='ltr' id='par_1_29' title="bbox 232 3779 1291 4002">
     <span class='ocr_line' id='line_1_96' title="bbox 268 3779 1290 3849; baseline 0 -10"><span class='ocrx_word' id='word_1_731' title='bbox 268 3812 284 3824; x_wconf 77' lang='lat'><em>‘</em></span> <span class='ocrx_word' id='word_1_732' title='bbox 304 3779 425 3839; x_wconf 48' lang='lat' dir='ltr'>fibrium</span> <span class='ocrx_word' id='word_1_733' title='bbox 443 3808 516 3838; x_wconf 84' lang='lat' dir='ltr'>inter</span> <span class='ocrx_word' id='word_1_734' title='bbox 531 3830 542 3845; x_wconf 85' lang='lat'>,</span> <span class='ocrx_word' id='word_1_735' title='bbox 558 3805 736 3838; x_wconf 80' lang='lat' dir='ltr'>Recolendae</span> <span class='ocrx_word' id='word_1_736' title='bbox 755 3807 918 3849; x_wconf 61' lang='lat' dir='ltr'>memoriae,</span> <span class='ocrx_word' id='word_1_737' title='bbox 939 3806 1104 3840; x_wconf 90' lang='lat' dir='ltr'>Dominum</span> <span class='ocrx_word' id='word_1_738' title='bbox 1126 3810 1290 3847; x_wconf 79' lang='lat' dir='ltr'>Ricardum,</span> 
     </span>
     <span class='ocr_line' id='line_1_97' title="bbox 232 3845 1288 3891; baseline 0.001 -12"><span class='ocrx_word' id='word_1_739' title='bbox 232 3846 376 3887; x_wconf 79' lang='lat' dir='ltr'>quondam</span> <span class='ocrx_word' id='word_1_740' title='bbox 393 3846 510 3891; x_wconf 80' lang='lat' dir='ltr'>Regem</span> <span class='ocrx_word' id='word_1_741' title='bbox 520 3846 695 3886; x_wconf 80' lang='lat' dir='ltr'>Regnorum</span> <span class='ocrx_word' id='word_1_742' title='bbox 709 3845 915 3883; x_wconf 61' lang='lat' dir='ltr'>praedictorum</span> <span class='ocrx_word' id='word_1_743' title='bbox 930 3846 1035 3878; x_wconf 78' lang='lat' dir='ltr'>ultimo</span> <span class='ocrx_word' id='word_1_744' title='bbox 1049 3847 1219 3880; x_wconf 66' lang='lat' dir='ltr'>defunctum</span> <span class='ocrx_word' id='word_1_745' title='bbox 1228 3871 1238 3887; x_wconf 84' lang='lat'><em>‚</em></span> <span class='ocrx_word' id='word_1_746' title='bbox 1254 3849 1288 3880; x_wconf 90' lang='lat'>&amp;</span> 
     </span>
     <span class='ocr_line' id='line_1_98' title="bbox 234 3886 1290 3968; baseline 0 -14"><span class='ocrx_word' id='word_1_747' title='bbox 234 3892 410 3968; x_wconf 40' lang='grc' dir='ltr'>νοέυῗίξξῗεν</span> <span class='ocrx_word' id='word_1_748' title='bbox 423 3886 629 3967; x_wconf 58' lang='lat' dir='ltr'>&amp;Scerlgriiiii’mus</span> <span class='ocrx_word' id='word_1_749' title='bbox 643 3923 673 3954; x_wconf 86' lang='lat' dir='ltr'>in</span> <span class='ocrx_word' id='word_1_750' title='bbox 694 3921 812 3968; x_wconf 82' lang='lat' dir='ltr'>Christo</span> <span class='ocrx_word' id='word_1_751' title='bbox 824 3922 960 3961; x_wconf 84' lang='lat' dir='ltr'>Princeps</span> <span class='ocrx_word' id='word_1_752' title='bbox 975 3923 1165 3956; x_wconf 83' lang='lat' dir='ltr'>&amp;Dominus</span> <span class='ocrx_word' id='word_1_753' title='bbox 1178 3925 1272 3956; x_wconf 91' lang='lat' dir='ltr'>noster</span> <span class='ocrx_word' id='word_1_754' title='bbox 1281 3948 1290 3962; x_wconf 86' lang='lat'><strong>‚</strong></span> 
     </span>
     <span class='ocr_line' id='line_1_99' title="bbox 237 3959 1291 4002; baseline 0.003 -11"><span class='ocrx_word' id='word_1_755' title='bbox 237 3959 382 3993; x_wconf 71' lang='lat' dir='ltr'>Dominus</span> <span class='ocrx_word' id='word_1_756' title='bbox 427 3965 528 3992; x_wconf 78' lang='lat' dir='ltr'>enricus</span> <span class='ocrx_word' id='word_1_757' title='bbox 544 3985 553 4000; x_wconf 93' lang='lat'>,</span> <span class='ocrx_word' id='word_1_758' title='bbox 572 3961 630 3992; x_wconf 87' lang='lat' dir='ltr'>Dei</span> <span class='ocrx_word' id='word_1_759' title='bbox 642 3963 727 4001; x_wconf 75' lang='lat' dir='ltr'>gratia</span> <span class='ocrx_word' id='word_1_760' title='bbox 742 3985 751 4000; x_wconf 93' lang='lat'>,</span> <span class='ocrx_word' id='word_1_761' title='bbox 765 3965 826 3992; x_wconf 70' lang='lat' dir='ltr'>Rex</span> <span class='ocrx_word' id='word_1_762' title='bbox 841 3962 953 4000; x_wconf 69' lang='lat' dir='ltr'>Anglz&#39;ae</span> <span class='ocrx_word' id='word_1_763' title='bbox 969 3961 1006 3996; x_wconf 60' lang='grc' dir='ltr'>ᾤ’</span> <span class='ocrx_word' id='word_1_764' title='bbox 1021 3966 1159 4002; x_wconf 77' lang='lat' dir='ltr'>Franciae,</span> <span class='ocrx_word' id='word_1_765' title='bbox 1176 3965 1211 3995; x_wconf 87' lang='lat'>&amp;</span> <span class='ocrx_word' id='word_1_766' title='bbox 1226 3963 1291 3994; x_wconf 91' lang='lat' dir='ltr'>Do-</span> 
     </span>
    </p>

    <p class='ocr_par' dir='ltr' id='par_1_30' title="bbox 235 3998 1291 4080">
     <span class='ocr_line' id='line_1_100' title="bbox 238 3998 1291 4040; baseline 0.003 -12"><span class='ocrx_word' id='word_1_767' title='bbox 238 4000 330 4029; x_wconf 89' lang='lat' dir='ltr'>minus</span> <span class='ocrx_word' id='word_1_768' title='bbox 342 3998 510 4038; x_wconf 80' lang='lat' dir='ltr'>Hiberniae,</span> <span class='ocrx_word' id='word_1_769' title='bbox 525 4002 601 4031; x_wconf 87' lang='lat' dir='ltr'>utin</span> <span class='ocrx_word' id='word_1_770' title='bbox 616 4001 773 4039; x_wconf 68' lang='lat' dir='ltr'>conspeetu</span> <span class='ocrx_word' id='word_1_771' title='bbox 788 4000 882 4030; x_wconf 77' lang='lat' dir='ltr'>vestro</span> <span class='ocrx_word' id='word_1_772' title='bbox 897 4001 970 4032; x_wconf 82' lang='lat' dir='ltr'>clare</span> <span class='ocrx_word' id='word_1_773' title='bbox 987 4001 1106 4040; x_wconf 88' lang='lat' dir='ltr'>relucet,</span> <span class='ocrx_word' id='word_1_774' title='bbox 1125 4002 1176 4033; x_wconf 90' lang='lat' dir='ltr'>sub</span> <span class='ocrx_word' id='word_1_775' title='bbox 1189 4001 1291 4039; x_wconf 89' lang='lat' dir='ltr'>Sigillo</span> 
     </span>
     <span class='ocr_line' id='line_1_101' title="bbox 235 4036 1291 4080; baseline 0.003 -12"><span class='ocrx_word' id='word_1_776' title='bbox 235 4037 287 4069; x_wconf 84' lang='lat' dir='ltr'>suo</span> <span class='ocrx_word' id='word_1_777' title='bbox 297 4036 366 4069; x_wconf 70' lang='lat' dir='ltr'>alias</span> <span class='ocrx_word' id='word_1_778' title='bbox 381 4046 521 4075; x_wconf 72' lang='lat' dir='ltr'>¹renovare</span> <span class='ocrx_word' id='word_1_779' title='bbox 537 4061 548 4079; x_wconf 92' lang='lat'>‚</span> <span class='ocrx_word' id='word_1_780' title='bbox 563 4041 599 4073; x_wconf 87' lang='lat'>&amp;</span> <span class='ocrx_word' id='word_1_781' title='bbox 623 4040 727 4077; x_wconf 72' lang='lat' dir='ltr'>cuncta</span> <span class='ocrx_word' id='word_1_782' title='bbox 741 4061 751 4077; x_wconf 83' lang='lat'>,</span> <span class='ocrx_word' id='word_1_783' title='bbox 765 4038 931 4072; x_wconf 79' lang='lat' dir='ltr'>adversantia</span> <span class='ocrx_word' id='word_1_784' title='bbox 951 4036 1078 4079; x_wconf 83' lang='lat' dir='ltr'>Treugis</span> <span class='ocrx_word' id='word_1_785' title='bbox 1098 4040 1221 4080; x_wconf 85' lang='lat' dir='ltr'>eisdem,</span> <span class='ocrx_word' id='word_1_786' title='bbox 1237 4040 1291 4071; x_wconf 78' lang='lat' dir='ltr'>fie-</span> 
     </span>
    </p>
   </div>
   <div class='ocr_carea' id='block_1_11' title="bbox 1335 137 2392 210">
    <p class='ocr_par' dir='ltr' id='par_1_31' title="bbox 1335 137 2392 210">
     <span class='ocr_line' id='line_1_102' title="bbox 1335 137 2392 210; baseline 0.015 -28"><span class='ocrx_word' id='word_1_787' title='bbox 1335 137 1808 189; x_wconf 80' lang='lat' dir='ltr'>PUsschA.</span> <span class='ocrx_word' id='word_1_788' title='bbox 2340 162 2392 210; x_wconf 83' lang='lat'>63·</span> 
     </span>
    </p>
   </div>
   <div class='ocr_carea' id='block_1_12' title="bbox 1320 230 2388 725">
    <p class='ocr_par' dir='ltr' id='par_1_32' title="bbox 1321 230 2388 331">
     <span class='ocr_line' id='line_1_103' title="bbox 1322 230 2388 276; baseline 0.014 -21"><span class='ocrx_word' id='word_1_789' title='bbox 1322 235 1426 270; x_wconf 76' lang='lat' dir='ltr'>quenti¹</span> <span class='ocrx_word' id='word_1_790' title='bbox 1437 230 1574 271; x_wconf 76' lang='lat' dir='ltr'>concursu</span> <span class='ocrx_word' id='word_1_791' title='bbox 1585 232 1823 264; x_wconf 79' lang='lat' dir='ltr'>Ambaffiatorum</span> <span class='ocrx_word' id='word_1_792' title='bbox 1840 233 1951 264; x_wconf 84' lang='lat' dir='ltr'>suorum</span> <span class='ocrx_word' id='word_1_793' title='bbox 1969 236 2104 273; x_wconf 83' lang='lat' dir='ltr'>expellere</span> <span class='ocrx_word' id='word_1_794' title='bbox 2118 237 2273 276; x_wconf 73' lang='lat' dir='ltr'>nitebatur,</span> <span class='ocrx_word' id='word_1_795' title='bbox 2291 239 2323 269; x_wconf 60' lang='grc' dir='ltr'>ὃς</span> <span class='ocrx_word' id='word_1_796' title='bbox 2339 240 2388 270; x_wconf 84' lang='lat' dir='ltr'>ad—</span> 
     </span>
     <span class='ocr_line' id='line_1_104' title="bbox 1321 263 2383 331; baseline 0.015 -39"><span class='ocrx_word' id='word_1_797' title='bbox 1321 263 1382 331; x_wconf 46' lang='lat' dir='ltr'>liget</span> <span class='ocrx_word' id='word_1_798' title='bbox 1399 273 1496 295; x_wconf 85' lang='lat' dir='ltr'>nititur</span> <span class='ocrx_word' id='word_1_799' title='bbox 1520 277 1548 296; x_wconf 90' lang='lat' dir='ltr'>in</span> <span class='ocrx_word' id='word_1_800' title='bbox 1568 270 1696 305; x_wconf 56' lang='lat' dir='ltr'>praesenti</span> <span class='ocrx_word' id='word_1_801' title='bbox 1710 293 1720 308; x_wconf 87' lang='lat'>,</span> <span class='ocrx_word' id='word_1_802' title='bbox 1754 280 1890 310; x_wconf 86' lang='lat' dir='ltr'>quantum</span> <span class='ocrx_word' id='word_1_803' title='bbox 1911 283 1979 303; x_wconf 91' lang='lat' dir='ltr'>cum</span> <span class='ocrx_word' id='word_1_804' title='bbox 2003 274 2070 304; x_wconf 88' lang='lat' dir='ltr'>Deo</span> <span class='ocrx_word' id='word_1_805' title='bbox 2091 275 2123 305; x_wconf 66' lang='grc' dir='ltr'>ὃς</span> <span class='ocrx_word' id='word_1_806' title='bbox 2147 285 2181 305; x_wconf 83' lang='lat' dir='ltr'>ex</span> <span class='ocrx_word' id='word_1_807' title='bbox 2204 278 2311 307; x_wconf 79' lang='lat' dir='ltr'>ratione</span> <span class='ocrx_word' id='word_1_808' title='bbox 2332 288 2383 315; x_wconf 80' lang='lat' dir='ltr'>po-</span> 
     </span>
    </p>

    <p class='ocr_par' dir='ltr' id='par_1_33' title="bbox 1363 312 1399 339">
     <span class='ocr_line' id='line_1_105' title="bbox 1363 312 1399 339; baseline 0 0"><span class='ocrx_word' id='word_1_809' title='bbox 1363 312 1369 330; x_wconf 83' lang='lat'><strong>¹</strong></span> <span class='ocrx_word' id='word_1_810' title='bbox 1390 324 1399 339; x_wconf 72' lang='lat'>2</span> 
     </span>
    </p>

    <p class='ocr_par' dir='ltr' id='par_1_34' title="bbox 1321 338 2383 460">
     <span class='ocr_line' id='line_1_106' title="bbox 1343 338 2381 390; baseline 0.015 -22"><span class='ocrx_word' id='word_1_811' title='bbox 1343 338 1479 384; x_wconf 31' lang='lat' dir='ltr'>‘Propter</span> <span class='ocrx_word' id='word_1_812' title='bbox 1503 342 1576 379; x_wconf 81' lang='lat' dir='ltr'>quod</span> <span class='ocrx_word' id='word_1_813' title='bbox 1590 365 1608 385; x_wconf 29' lang='lat'>,¹</span> <span class='ocrx_word' id='word_1_814' title='bbox 1629 344 1662 374; x_wconf 87' lang='lat' dir='ltr'>ad</span> <span class='ocrx_word' id='word_1_815' title='bbox 1688 345 1938 379; x_wconf 86' lang='lat' dir='ltr'>Reformationem</span> <span class='ocrx_word' id='word_1_816' title='bbox 1959 349 2026 380; x_wconf 90' lang='lat' dir='ltr'>hinc</span> <span class='ocrx_word' id='word_1_817' title='bbox 2049 350 2115 380; x_wconf 78' lang='lat' dir='ltr'>inde</span> <span class='ocrx_word' id='word_1_818' title='bbox 2138 351 2381 390; x_wconf 77' lang='lat' dir='ltr'>Attemptatorum</span> 
     </span>
     <span class='ocr_line' id='line_1_107' title="bbox 1321 376 2383 428; baseline 0.016 -22"><span class='ocrx_word' id='word_1_819' title='bbox 1321 376 1378 408; x_wconf 86' lang='lat' dir='ltr'>dies</span> <span class='ocrx_word' id='word_1_820' title='bbox 1395 388 1502 422; x_wconf 82' lang='lat' dir='ltr'>primus</span> <span class='ocrx_word' id='word_1_821' title='bbox 1517 379 1622 424; x_wconf 65' lang='lat' dir='ltr'>Mentis</span> <span class='ocrx_word' id='word_1_822' title='bbox 1639 381 1756 421; x_wconf 80' lang='lat' dir='ltr'>Martii,</span> <span class='ocrx_word' id='word_1_823' title='bbox 1775 388 1906 422; x_wconf 83' lang='lat' dir='ltr'>proximo</span> <span class='ocrx_word' id='word_1_824' title='bbox 1921 387 2043 428; x_wconf 81' lang='lat' dir='ltr'>futurus,</span> <span class='ocrx_word' id='word_1_825' title='bbox 2060 390 2090 418; x_wconf 88' lang='lat' dir='ltr'>in</span> <span class='ocrx_word' id='word_1_826' title='bbox 2106 389 2173 420; x_wconf 91' lang='lat' dir='ltr'>loco</span> <span class='ocrx_word' id='word_1_827' title='bbox 2187 390 2268 420; x_wconf 78' lang='lat' dir='ltr'>solito</span> <span class='ocrx_word' id='word_1_828' title='bbox 2298 402 2383 423; x_wconf 86' lang='lat' dir='ltr'>com-</span> 
     </span>
     <span class='ocr_line' id='line_1_108' title="bbox 1321 415 2284 460; baseline 0.012 -15"><span class='ocrx_word' id='word_1_829' title='bbox 1321 425 1443 460; x_wconf 76' lang='lat' dir='ltr'>munitet</span> <span class='ocrx_word' id='word_1_830' title='bbox 1452 418 1662 460; x_wconf 39' lang='lat' dir='ltr'>&#39;appunctuatus</span> <span class='ocrx_word' id='word_1_831' title='bbox 1678 421 1784 459; x_wconf 73' lang='lat' dir='ltr'>existit,</span> <span class='ocrx_word' id='word_1_832' title='bbox 2275 415 2284 430; x_wconf 64' lang='lat'>⁹</span> 
     </span>
    </p>

    <p class='ocr_par' dir='ltr' id='par_1_35' title="bbox 1320 454 2385 725">
     <span class='ocr_line' id='line_1_109' title="bbox 1360 454 2378 503; baseline 0.016 -20"><span class='ocrx_word' id='word_1_833' title='bbox 1360 454 1523 498; x_wconf 74' lang='lat' dir='ltr'>Mirationis</span> <span class='ocrx_word' id='word_1_834' title='bbox 1546 464 1669 486; x_wconf 79' lang='lat' dir='ltr'>attamen</span> <span class='ocrx_word' id='word_1_835' title='bbox 1693 459 1796 489; x_wconf 85' lang='lat' dir='ltr'>modus</span> <span class='ocrx_word' id='word_1_836' title='bbox 1811 462 1893 491; x_wconf 85' lang='lat' dir='ltr'>nobis</span> <span class='ocrx_word' id='word_1_837' title='bbox 1909 464 2011 495; x_wconf 86' lang='lat' dir='ltr'>accidit</span> <span class='ocrx_word' id='word_1_838' title='bbox 2027 465 2107 503; x_wconf 77' lang='lat' dir='ltr'>quod</span> <span class='ocrx_word' id='word_1_839' title='bbox 2124 467 2192 497; x_wconf 83' lang='lat' dir='ltr'>certi</span> <span class='ocrx_word' id='word_1_840' title='bbox 2206 465 2330 498; x_wconf 80' lang='lat' dir='ltr'>Domini</span> <span class='ocrx_word' id='word_1_841' title='bbox 2344 468 2378 500; x_wconf 65' lang='lat' dir='ltr'>ex&#39;</span> 
     </span>
     <span class='ocr_line' id='line_1_110' title="bbox 1320 492 2380 544; baseline 0.015 -22"><span class='ocrx_word' id='word_1_842' title='bbox 1320 492 1417 523; x_wconf 86' lang='lat' dir='ltr'>vestris</span> <span class='ocrx_word' id='word_1_843' title='bbox 1434 501 1490 537; x_wconf 25' lang='lat' dir='ltr'>‚qut</span> <span class='ocrx_word' id='word_1_844' title='bbox 1506 503 1572 537; x_wconf 82' lang='lat' dir='ltr'>puta</span> <span class='ocrx_word' id='word_1_845' title='bbox 1588 517 1597 532; x_wconf 92' lang='lat'>,</span> <span class='ocrx_word' id='word_1_846' title='bbox 1613 494 1680 525; x_wconf 87' lang='lat' dir='ltr'>Dux</span> <span class='ocrx_word' id='word_1_847' title='bbox 1698 496 1915 537; x_wconf 82' lang='lat' dir='ltr'>Aureliancnlis,</span> <span class='ocrx_word' id='word_1_848' title='bbox 1935 502 2059 533; x_wconf 83' lang='lat' dir='ltr'>Libellos</span> <span class='ocrx_word' id='word_1_849' title='bbox 2075 504 2213 543; x_wconf 80' lang='lat' dir='ltr'>famosos,</span> <span class='ocrx_word' id='word_1_850' title='bbox 2233 506 2267 537; x_wconf 88' lang='lat'>&amp;</span> <span class='ocrx_word' id='word_1_851' title='bbox 2283 506 2380 544; x_wconf 86' lang='lat' dir='ltr'>Scrip-</span> 
     </span>
     <span class='ocr_line' id='line_1_111' title="bbox 1320 532 2379 579; baseline 0.013 -18"><span class='ocrx_word' id='word_1_852' title='bbox 1320 540 1390 561; x_wconf 85' lang='lat' dir='ltr'>turas</span> <span class='ocrx_word' id='word_1_853' title='bbox 1418 541 1511 562; x_wconf 88' lang='lat' dir='ltr'>minus</span> <span class='ocrx_word' id='word_1_854' title='bbox 1531 532 1652 576; x_wconf 79' lang='lat' dir='ltr'>digestas</span> <span class='ocrx_word' id='word_1_855' title='bbox 1668 557 1677 571; x_wconf 90' lang='lat'>,</span> <span class='ocrx_word' id='word_1_856' title='bbox 1697 544 1744 571; x_wconf 86' lang='lat' dir='ltr'>per</span> <span class='ocrx_word' id='word_1_857' title='bbox 1767 536 1926 568; x_wconf 87' lang='lat' dir='ltr'>Servientes</span> <span class='ocrx_word' id='word_1_858' title='bbox 1948 540 2101 573; x_wconf 89' lang='lat' dir='ltr'>Armorum</span> <span class='ocrx_word' id='word_1_859' title='bbox 2118 565 2127 579; x_wconf 90' lang='lat'>,</span> <span class='ocrx_word' id='word_1_860' title='bbox 2154 543 2217 574; x_wconf 77' lang='lat' dir='ltr'>alias</span> <span class='ocrx_word' id='word_1_861' title='bbox 2237 543 2379 575; x_wconf 88' lang='lat' dir='ltr'>Heraldos</span> 
     </span>
     <span class='ocr_line' id='line_1_112' title="bbox 1320 570 2379 615; baseline 0.016 -17"><span class='ocrx_word' id='word_1_862' title='bbox 1320 578 1497 614; x_wconf 78' lang='lat' dir='ltr'>nuncupatos</span> <span class='ocrx_word' id='word_1_863' title='bbox 1517 571 1598 614; x_wconf 72' lang='lat' dir='ltr'>(viz.</span> <span class='ocrx_word' id='word_1_864' title='bbox 1619 570 1788 613; x_wconf 83' lang='lat' dir='ltr'>Champeyn</span> <span class='ocrx_word' id='word_1_865' title='bbox 1809 574 1841 603; x_wconf 90' lang='lat'>&amp;</span> <span class='ocrx_word' id='word_1_866' title='bbox 1866 574 2015 615; x_wconf 81' lang='lat' dir='ltr'>Orlyenx)</span> <span class='ocrx_word' id='word_1_867' title='bbox 2036 590 2068 610; x_wconf 75' lang='lat' dir='ltr'>:ic</span> <span class='ocrx_word' id='word_1_868' title='bbox 2095 580 2206 613; x_wconf 85' lang='lat' dir='ltr'>Comes</span> <span class='ocrx_word' id='word_1_869' title='bbox 2221 581 2255 612; x_wconf 82' lang='lat' dir='ltr'>dc</span> <span class='ocrx_word' id='word_1_870' title='bbox 2272 582 2379 614; x_wconf 73' lang='lat' dir='ltr'>saneto</span> 
     </span>
     <span class='ocr_line' id='line_1_113' title="bbox 1320 607 2375 659; baseline 0.016 -23"><span class='ocrx_word' id='word_1_871' title='bbox 1320 607 1410 637; x_wconf 67' lang='lat' dir='ltr'>Paulo</span> <span class='ocrx_word' id='word_1_872' title='bbox 1424 608 1433 645; x_wconf 87' lang='lat'>(</span> <span class='ocrx_word' id='word_1_873' title='bbox 1443 619 1491 646; x_wconf 87' lang='lat' dir='ltr'>qui</span> <span class='ocrx_word' id='word_1_874' title='bbox 1508 617 1593 653; x_wconf 76' lang='lat' dir='ltr'>etiam</span> <span class='ocrx_word' id='word_1_875' title='bbox 1611 609 1744 649; x_wconf 75' lang='lat' dir='ltr'>Regnum</span> <span class='ocrx_word' id='word_1_876' title='bbox 1762 611 1871 655; x_wconf 68' lang='lat' dir='ltr'>Angltae</span> <span class='ocrx_word' id='word_1_877' title='bbox 1889 614 2020 645; x_wconf 81' lang='lat' dir='ltr'>hostiliter</span> <span class='ocrx_word' id='word_1_878' title='bbox 2034 618 2169 655; x_wconf 70' lang='lat' dir='ltr'>ingressus</span> <span class='ocrx_word' id='word_1_879' title='bbox 2182 620 2234 651; x_wconf 82' lang='lat' dir='ltr'>fuit</span> <span class='ocrx_word' id='word_1_880' title='bbox 2248 644 2257 658; x_wconf 88' lang='lat'>,</span> <span class='ocrx_word' id='word_1_881' title='bbox 2277 631 2375 659; x_wconf 85' lang='lat' dir='ltr'>quam-</span> 
     </span>
     <span class='ocr_line' id='line_1_114' title="bbox 1320 647 2385 691; baseline 0.016 -17"><span class='ocrx_word' id='word_1_882' title='bbox 1320 655 1530 690; x_wconf 42' lang='lat' dir='ltr'>quam-moram</span> <span class='ocrx_word' id='word_1_883' title='bbox 1545 647 1652 677; x_wconf 83' lang='lat' dir='ltr'>ibidem</span> <span class='ocrx_word' id='word_1_884' title='bbox 1674 658 1783 680; x_wconf 80' lang='lat' dir='ltr'>traxerit</span> <span class='ocrx_word' id='word_1_885' title='bbox 1804 650 1939 687; x_wconf 79' lang='lat' dir='ltr'>brevem)</span> <span class='ocrx_word' id='word_1_886' title='bbox 1962 653 2075 686; x_wconf 84' lang='lat' dir='ltr'>Litteras</span> <span class='ocrx_word' id='word_1_887' title='bbox 2092 657 2268 690; x_wconf 84' lang='lat' dir='ltr'>Diffidentiae</span> <span class='ocrx_word' id='word_1_888' title='bbox 2283 657 2385 691; x_wconf 81' lang='lat' dir='ltr'>eidem&#39;</span> 
     </span>
     <span class='ocr_line' id='line_1_115' title="bbox 1322 684 2033 725; baseline 0.011 -12"><span class='ocrx_word' id='word_1_889' title='bbox 1322 684 1459 714; x_wconf 87' lang='lat' dir='ltr'>Domino</span> <span class='ocrx_word' id='word_1_890' title='bbox 1475 684 1574 715; x_wconf 91' lang='lat' dir='ltr'>nostro</span> <span class='ocrx_word' id='word_1_891' title='bbox 1591 685 1687 725; x_wconf 84' lang='lat' dir='ltr'>Regi,</span> <span class='ocrx_word' id='word_1_892' title='bbox 1705 689 1789 717; x_wconf 88' lang='lat' dir='ltr'>etiam</span> <span class='ocrx_word' id='word_1_893' title='bbox 1806 689 2033 725; x_wconf 74' lang='lat' dir='ltr'>pei-Servientem</span> 
     </span>
    </p>
   </div>
   <div class='ocr_carea' id='block_1_13' title="bbox 1319 694 2380 766">
    <p class='ocr_par' dir='ltr' id='par_1_36' title="bbox 1319 694 2380 766">
     <span class='ocr_line' id='line_1_116' title="bbox 1696 694 2380 736; baseline 0.018 -19"><span class='ocrx_word' id='word_1_894' title='bbox 1696 726 1701 731; x_wconf 79' lang='lat'><em>.</em></span> <span class='ocrx_word' id='word_1_895' title='bbox 1784 728 1788 731; x_wconf 90' lang='lat'>.</span> <span class='ocrx_word' id='word_1_896' title='bbox 1853 727 1855 729; x_wconf 26' lang='grc' dir='ltr'>Ι</span> <span class='ocrx_word' id='word_1_897' title='bbox 2050 694 2224 736; x_wconf 82' lang='lat' dir='ltr'>Armorum,</span> <span class='ocrx_word' id='word_1_898' title='bbox 2243 697 2380 730; x_wconf 72' lang='lat' dir='ltr'>aliasHe-</span> 
     </span>
     <span class='ocr_line' id='line_1_117' title="bbox 1319 722 1861 766; baseline 0.011 -16"><span class='ocrx_word' id='word_1_899' title='bbox 1319 722 1428 752; x_wconf 82' lang='lat' dir='ltr'>raldum</span> <span class='ocrx_word' id='word_1_900' title='bbox 1440 733 1634 760; x_wconf 81' lang='lat' dir='ltr'>nuncupatum</span> <span class='ocrx_word' id='word_1_901' title='bbox 1653 728 1659 760; x_wconf 90' lang='lat'>(</span> <span class='ocrx_word' id='word_1_902' title='bbox 1675 734 1732 756; x_wconf 77' lang='lat' dir='ltr'>vrz.</span> <span class='ocrx_word' id='word_1_903' title='bbox 1753 726 1861 766; x_wconf 73' lang='lat' dir='ltr'>Lincy)</span> 
     </span>
    </p>
   </div>
   <div class='ocr_carea' id='block_1_14' title="bbox 1316 730 2388 2183">
    <p class='ocr_par' dir='ltr' id='par_1_37' title="bbox 1317 730 2380 829">
     <span class='ocr_line' id='line_1_118' title="bbox 1573 730 2361 772; baseline 0.025 -24"><span class='ocrx_word' id='word_1_904' title='bbox 1573 762 1579 766; x_wconf 19' lang='grc' dir='ltr'>ἢ</span> <span class='ocrx_word' id='word_1_905' title='bbox 1609 764 1612 767; x_wconf 27' lang='lat'><strong>¹</strong></span> <span class='ocrx_word' id='word_1_906' title='bbox 1880 730 1978 768; x_wconf 87' lang='lat' dir='ltr'>omnis</span> <span class='ocrx_word' id='word_1_907' title='bbox 1993 732 2150 763; x_wconf 62' lang='lat' dir='ltr'>curialitatis</span> <span class='ocrx_word' id='word_1_908' title='bbox 2166 734 2251 772; x_wconf 71' lang='lat' dir='ltr'>spreta</span> <span class='ocrx_word' id='word_1_909' title='bbox 2265 737 2361 768; x_wconf 73' lang='lat' dir='ltr'>forma</span> 
     </span>
     <span class='ocr_line' id='line_1_119' title="bbox 1319 760 2380 828; baseline 0.016 -38"><span class='ocrx_word' id='word_1_910' title='bbox 1319 771 1396 828; x_wconf 47' lang='lat' dir='ltr'>nullu?</span> <span class='ocrx_word' id='word_1_911' title='bbox 1410 760 1688 802; x_wconf 73' lang='lat' dir='ltr'>tardetranlmisere,</span> <span class='ocrx_word' id='word_1_912' title='bbox 1709 775 1772 802; x_wconf 82' lang='lat' dir='ltr'>quae</span> <span class='ocrx_word' id='word_1_913' title='bbox 1788 775 1823 795; x_wconf 85' lang='lat' dir='ltr'>an</span> <span class='ocrx_word' id='word_1_914' title='bbox 1838 765 1929 796; x_wconf 85' lang='lat' dir='ltr'>vestro</span> <span class='ocrx_word' id='word_1_915' title='bbox 1946 769 2128 804; x_wconf 76' lang='lat' dir='ltr'>processerint</span> <span class='ocrx_word' id='word_1_916' title='bbox 2143 776 2296 804; x_wconf 86' lang='lat' dir='ltr'>communi</span> <span class='ocrx_word' id='word_1_917' title='bbox 2310 760 2380 806; x_wconf 47' lang='lat' dir='ltr'>vot&amp;</span> 
     </span>
     <span class='ocr_line' id='line_1_120' title="bbox 1317 808 1467 829; baseline -0.007 -1"><span class='ocrx_word' id='word_1_918' title='bbox 1317 808 1352 828; x_wconf 84' lang='lat' dir='ltr'>ne</span> <span class='ocrx_word' id='word_1_919' title='bbox 1365 808 1467 829; x_wconf 80' lang='lat' dir='ltr'>eimus.</span> 
     </span>
    </p>

    <p class='ocr_par' dir='ltr' id='par_1_38' title="bbox 1317 836 2383 1021">
     <span class='ocr_line' id='line_1_121' title="bbox 1356 836 2378 889; baseline 0.016 -23"><span class='ocrx_word' id='word_1_920' title='bbox 1356 836 1420 875; x_wconf 88' lang='lat' dir='ltr'>Ac,</span> <span class='ocrx_word' id='word_1_921' title='bbox 1436 837 1504 867; x_wconf 86' lang='lat' dir='ltr'>ultra</span> <span class='ocrx_word' id='word_1_922' title='bbox 1518 837 1588 884; x_wconf 46' lang='grc' dir='ltr'>Νὴειες</span> <span class='ocrx_word' id='word_1_923' title='bbox 1603 861 1613 876; x_wconf 82' lang='grc'>,</span> <span class='ocrx_word' id='word_1_924' title='bbox 1630 838 1664 870; x_wconf 89' lang='lat' dir='ltr'>ad</span> <span class='ocrx_word' id='word_1_925' title='bbox 1687 838 1875 872; x_wconf 88' lang='lat' dir='ltr'>Obfidionem</span> <span class='ocrx_word' id='word_1_926' title='bbox 1901 841 2031 873; x_wconf 87' lang='lat' dir='ltr'>Civitatis</span> <span class='ocrx_word' id='word_1_927' title='bbox 2051 843 2239 886; x_wconf 75' lang='lat' dir='ltr'>Burdegaliae,</span> <span class='ocrx_word' id='word_1_928' title='bbox 2256 851 2311 880; x_wconf 64' lang='lat' dir='ltr'>tim</span> <span class='ocrx_word' id='word_1_929' title='bbox 2331 858 2378 889; x_wconf 81' lang='lat' dir='ltr'>per</span> 
     </span>
     <span class='ocr_line' id='line_1_122' title="bbox 1317 875 2379 920; baseline 0.015 -17"><span class='ocrx_word' id='word_1_930' title='bbox 1317 875 1437 920; x_wconf 78' lang='lat' dir='ltr'>Terram</span> <span class='ocrx_word' id='word_1_931' title='bbox 1448 898 1458 913; x_wconf 93' lang='lat'>,</span> <span class='ocrx_word' id='word_1_932' title='bbox 1476 885 1561 913; x_wconf 86' lang='lat' dir='ltr'>quam</span> <span class='ocrx_word' id='word_1_933' title='bbox 1576 887 1628 920; x_wconf 34' lang='lat' dir='ltr'>per·</span> <span class='ocrx_word' id='word_1_934' title='bbox 1639 877 1738 916; x_wconf 88' lang='lat' dir='ltr'>Mare,</span> <span class='ocrx_word' id='word_1_935' title='bbox 1755 878 1860 910; x_wconf 77' lang='lat' dir='ltr'>Classes</span> <span class='ocrx_word' id='word_1_936' title='bbox 1875 881 1907 910; x_wconf 89' lang='lat'>&amp;</span> <span class='ocrx_word' id='word_1_937' title='bbox 1923 881 2052 918; x_wconf 84' lang='lat' dir='ltr'>Navigia</span> <span class='ocrx_word' id='word_1_938' title='bbox 2069 884 2158 914; x_wconf 77' lang='lat' dir='ltr'>vestra</span> <span class='ocrx_word' id='word_1_939' title='bbox 2170 896 2270 917; x_wconf 73' lang='lat' dir='ltr'>armata</span> <span class='ocrx_word' id='word_1_940' title='bbox 2289 890 2379 920; x_wconf 88' lang='lat' dir='ltr'>modo</span> 
     </span>
     <span class='ocr_line' id='line_1_123' title="bbox 1319 915 2360 962; baseline 0.013 -20"><span class='ocrx_word' id='word_1_941' title='bbox 1319 923 1450 959; x_wconf 74' lang='lat' dir='ltr'>guerrino</span> <span class='ocrx_word' id='word_1_942' title='bbox 1474 922 1565 957; x_wconf 76' lang='lat' dir='ltr'>parata</span> <span class='ocrx_word' id='word_1_943' title='bbox 1587 915 1722 954; x_wconf 77' lang='lat' dir='ltr'>existunt,</span> <span class='ocrx_word' id='word_1_944' title='bbox 1742 925 1773 948; x_wconf 89' lang='lat' dir='ltr'>ut</span> <span class='ocrx_word' id='word_1_945' title='bbox 1794 919 1994 959; x_wconf 72' lang='lat' dir='ltr'>informamur,</span> <span class='ocrx_word' id='word_1_946' title='bbox 2014 921 2106 958; x_wconf 81' lang='lat' dir='ltr'>sicque</span> <span class='ocrx_word' id='word_1_947' title='bbox 2130 924 2221 960; x_wconf 78' lang='lat' dir='ltr'>potius</span> <span class='ocrx_word' id='word_1_948' title='bbox 2236 925 2360 962; x_wconf 83' lang='lat' dir='ltr'>gladium</span> 
     </span>
     <span class='ocr_line' id='line_1_124' title="bbox 1318 952 2383 1021; baseline 0.011 -40"><span class='ocrx_word' id='word_1_949' title='bbox 1318 962 1402 1021; x_wconf 62' lang='grc' dir='ltr'>ςυέπ]</span> <span class='ocrx_word' id='word_1_950' title='bbox 1419 952 1684 1001; x_wconf 23' lang='lat' dir='ltr'>Pacis-§Numerum</span> <span class='ocrx_word' id='word_1_951' title='bbox 1700 956 1781 986; x_wconf 88' lang='lat' dir='ltr'>nobis</span> <span class='ocrx_word' id='word_1_952' title='bbox 1795 955 1982 994; x_wconf 86' lang='lat' dir='ltr'>prospicimus</span> <span class='ocrx_word' id='word_1_953' title='bbox 1996 959 2154 991; x_wconf 88' lang='lat' dir='ltr'>imminere.</span> <span class='ocrx_word' id='word_1_954' title='bbox 2368 952 2383 969; x_wconf 41' lang='grc' dir='ltr'>λ</span> 
     </span>
    </p>

    <p class='ocr_par' dir='ltr' id='par_1_39' title="bbox 1317 999 2380 1106">
     <span class='ocr_line' id='line_1_125' title="bbox 1375 999 1530 1030; baseline 0.006 -9"><span class='ocrx_word' id='word_1_955' title='bbox 1375 999 1402 1021; x_wconf 92' lang='lat' dir='ltr'>et</span> <span class='ocrx_word' id='word_1_956' title='bbox 1417 1001 1530 1030; x_wconf 87' lang='lat' dir='ltr'>revera,</span> 
     </span>
     <span class='ocr_line' id='line_1_126' title="bbox 1317 1029 2380 1098; baseline 0.011 -39"><span class='ocrx_word' id='word_1_957' title='bbox 1317 1068 1325 1098; x_wconf 77' lang='lat' dir='ltr'>l</span> <span class='ocrx_word' id='word_1_958' title='bbox 1355 1029 1530 1062; x_wconf 85' lang='lat' dir='ltr'>Effufionem</span> <span class='ocrx_word' id='word_1_959' title='bbox 1551 1029 1706 1062; x_wconf 87' lang='lat' dir='ltr'>Christiani</span> <span class='ocrx_word' id='word_1_960' title='bbox 1727 1031 1886 1072; x_wconf 84' lang='lat' dir='ltr'>sanguinis,</span> <span class='ocrx_word' id='word_1_961' title='bbox 1902 1033 1952 1070; x_wconf 83' lang='lat' dir='ltr'>nisi</span> <span class='ocrx_word' id='word_1_962' title='bbox 1973 1035 2130 1075; x_wconf 85' lang='lat' dir='ltr'>compulsi,</span> <span class='ocrx_word' id='word_1_963' title='bbox 2147 1039 2319 1076; x_wconf 85' lang='lat' dir='ltr'>permultum</span> <span class='ocrx_word' id='word_1_964' title='bbox 2333 1043 2380 1073; x_wconf 80' lang='lat' dir='ltr'>ab-</span> 
     </span>
     <span class='ocr_line' id='line_1_127' title="bbox 1325 1077 1478 1106; baseline 0.007 -8"><span class='ocrx_word' id='word_1_965' title='bbox 1325 1077 1478 1106; x_wconf 77' lang='lat' dir='ltr'>iorrentcS,</span> 
     </span>
    </p>

    <p class='ocr_par' dir='ltr' id='par_1_40' title="bbox 1316 1106 2379 1222">
     <span class='ocr_line' id='line_1_128' title="bbox 1354 1106 2379 1150; baseline 0.012 -13"><span class='ocrx_word' id='word_1_966' title='bbox 1354 1106 1588 1150; x_wconf 82' lang='lat' dir='ltr'>Testamentique</span> <span class='ocrx_word' id='word_1_967' title='bbox 1604 1107 1685 1145; x_wconf 88' lang='lat' dir='ltr'>ipsius</span> <span class='ocrx_word' id='word_1_968' title='bbox 1699 1107 1864 1147; x_wconf 81' lang='lat' dir='ltr'>Salvatoris‚</span> <span class='ocrx_word' id='word_1_969' title='bbox 1883 1120 1941 1148; x_wconf 79' lang='lat' dir='ltr'>quo</span> <span class='ocrx_word' id='word_1_970' title='bbox 1965 1110 2087 1150; x_wconf 85' lang='lat' dir='ltr'>dicitur,</span> <span class='ocrx_word' id='word_1_971' title='bbox 2107 1112 2213 1144; x_wconf 87' lang='lat' dir='ltr'>Pacem</span> <span class='ocrx_word' id='word_1_972' title='bbox 2231 1125 2325 1147; x_wconf 87' lang='lat' dir='ltr'>meam</span> <span class='ocrx_word' id='word_1_973' title='bbox 2341 1118 2379 1149; x_wconf 88' lang='lat' dir='ltr'>do</span> 
     </span>
     <span class='ocr_line' id='line_1_129' title="bbox 1316 1145 2379 1194; baseline 0.009 -18"><span class='ocrx_word' id='word_1_974' title='bbox 1316 1146 1399 1176; x_wconf 88' lang='lat' dir='ltr'>vobis</span> <span class='ocrx_word' id='word_1_975' title='bbox 1416 1169 1425 1183; x_wconf 92' lang='lat'>,</span> <span class='ocrx_word' id='word_1_976' title='bbox 1442 1145 1548 1177; x_wconf 88' lang='lat' dir='ltr'>Pacem</span> <span class='ocrx_word' id='word_1_977' title='bbox 1576 1156 1672 1177; x_wconf 89' lang='lat' dir='ltr'>meam</span> <span class='ocrx_word' id='word_1_978' title='bbox 1694 1146 1823 1186; x_wconf 86' lang='lat' dir='ltr'>relinquo</span> <span class='ocrx_word' id='word_1_979' title='bbox 1843 1150 1924 1179; x_wconf 86' lang='lat' dir='ltr'>vobis</span> <span class='ocrx_word' id='word_1_980' title='bbox 1940 1172 1950 1188; x_wconf 85' lang='lat'>,</span> <span class='ocrx_word' id='word_1_981' title='bbox 1968 1151 2116 1189; x_wconf 83' lang='lat' dir='ltr'>participes</span> <span class='ocrx_word' id='word_1_982' title='bbox 2135 1152 2212 1184; x_wconf 82' lang='lat' dir='ltr'>effici</span> <span class='ocrx_word' id='word_1_983' title='bbox 2229 1164 2379 1194; x_wconf 74' lang='lat' dir='ltr'>peroptan-</span> 
     </span>
     <span class='ocr_line' id='line_1_130' title="bbox 1316 1192 1373 1222; baseline 0.018 -9"><span class='ocrx_word' id='word_1_984' title='bbox 1316 1192 1373 1222; x_wconf 89' lang='lat' dir='ltr'>tes,</span> 
     </span>
    </p>

    <p class='ocr_par' dir='ltr' id='par_1_41' title="bbox 1317 1220 2382 1339">
     <span class='ocr_line' id='line_1_131' title="bbox 1354 1220 2379 1272; baseline 0.015 -22"><span class='ocrx_word' id='word_1_985' title='bbox 1354 1220 1503 1266; x_wconf 83' lang='lat' dir='ltr'>Memores</span> <span class='ocrx_word' id='word_1_986' title='bbox 1517 1222 1602 1266; x_wconf 66' lang='lat' dir='ltr'>etiam</span> <span class='ocrx_word' id='word_1_987' title='bbox 1617 1221 1695 1267; x_wconf 75' lang='lat' dir='ltr'>verbi</span> <span class='ocrx_word' id='word_1_988' title='bbox 1712 1223 1844 1261; x_wconf 87' lang='lat' dir='ltr'>Apostoli</span> <span class='ocrx_word' id='word_1_989' title='bbox 1857 1225 1997 1264; x_wconf 87' lang='lat' dir='ltr'>jubentis,</span> <span class='ocrx_word' id='word_1_990' title='bbox 2014 1226 2087 1258; x_wconf 88' lang='lat' dir='ltr'>Non</span> <span class='ocrx_word' id='word_1_991' title='bbox 2102 1229 2210 1260; x_wconf 86' lang='lat' dir='ltr'>vosmet</span> <span class='ocrx_word' id='word_1_992' title='bbox 2223 1231 2294 1269; x_wconf 91' lang='lat' dir='ltr'>ipsos</span> <span class='ocrx_word' id='word_1_993' title='bbox 2303 1234 2379 1272; x_wconf 89' lang='lat' dir='ltr'>judi-</span> 
     </span>
     <span class='ocr_line' id='line_1_132' title="bbox 1317 1260 2382 1312; baseline 0.012 -21"><span class='ocrx_word' id='word_1_994' title='bbox 1317 1268 1427 1298; x_wconf 85' lang='lat' dir='ltr'>cantes,</span> <span class='ocrx_word' id='word_1_995' title='bbox 1444 1260 1606 1303; x_wconf 36' lang='lat' dir='ltr'>ideo-enim</span> <span class='ocrx_word' id='word_1_996' title='bbox 1621 1261 1796 1299; x_wconf 75' lang='lat' dir='ltr'>judiciorum</span> <span class='ocrx_word' id='word_1_997' title='bbox 1810 1264 1897 1302; x_wconf 87' lang='lat' dir='ltr'>vigor</span> <span class='ocrx_word' id='word_1_998' title='bbox 1911 1266 1941 1295; x_wconf 92' lang='lat' dir='ltr'>in</span> <span class='ocrx_word' id='word_1_999' title='bbox 1954 1265 2051 1296; x_wconf 88' lang='lat' dir='ltr'>medio</span> <span class='ocrx_word' id='word_1_1000' title='bbox 2062 1268 2166 1304; x_wconf 84' lang='lat' dir='ltr'>positus</span> <span class='ocrx_word' id='word_1_1001' title='bbox 2179 1269 2219 1299; x_wconf 88' lang='lat' dir='ltr'>est</span> <span class='ocrx_word' id='word_1_1002' title='bbox 2232 1292 2243 1308; x_wconf 83' lang='lat'>‚</span> <span class='ocrx_word' id='word_1_1003' title='bbox 2267 1281 2305 1302; x_wconf 90' lang='lat' dir='ltr'>ne</span> <span class='ocrx_word' id='word_1_1004' title='bbox 2320 1275 2382 1312; x_wconf 88' lang='lat' dir='ltr'>quis</span> 
     </span>
     <span class='ocr_line' id='line_1_133' title="bbox 1317 1298 1826 1339; baseline 0.002 -10"><span class='ocrx_word' id='word_1_1005' title='bbox 1317 1300 1458 1330; x_wconf 86' lang='lat' dir='ltr'>ultionem</span> <span class='ocrx_word' id='word_1_1006' title='bbox 1473 1299 1524 1329; x_wconf 78' lang='lat' dir='ltr'>libi</span> <span class='ocrx_word' id='word_1_1007' title='bbox 1537 1298 1645 1329; x_wconf 83' lang='lat' dir='ltr'>sumere</span> <span class='ocrx_word' id='word_1_1008' title='bbox 1660 1300 1806 1336; x_wconf 82' lang='lat' dir='ltr'>praesumat</span> <span class='ocrx_word' id='word_1_1009' title='bbox 1815 1324 1826 1339; x_wconf 80' lang='lat'>,</span> 
     </span>
    </p>

    <p class='ocr_par' dir='ltr' id='par_1_42' title="bbox 1318 1337 2381 1496">
     <span class='ocr_line' id='line_1_134' title="bbox 1355 1337 2381 1381; baseline 0.013 -13"><span class='ocrx_word' id='word_1_1010' title='bbox 1355 1337 1488 1374; x_wconf 87' lang='lat' dir='ltr'>Treugas</span> <span class='ocrx_word' id='word_1_1011' title='bbox 1502 1337 1649 1381; x_wconf 56' lang='lat' dir='ltr'>praedictas</span> <span class='ocrx_word' id='word_1_1012' title='bbox 1663 1338 1825 1377; x_wconf 86' lang='lat' dir='ltr'>observare,</span> <span class='ocrx_word' id='word_1_1013' title='bbox 1842 1348 2056 1381; x_wconf 86' lang='lat' dir='ltr'>attemptaraque</span> <span class='ocrx_word' id='word_1_1014' title='bbox 2070 1353 2170 1376; x_wconf 88' lang='lat' dir='ltr'>contra</span> <span class='ocrx_word' id='word_1_1015' title='bbox 2185 1347 2292 1379; x_wconf 89' lang='lat' dir='ltr'>easdem</span> <span class='ocrx_word' id='word_1_1016' title='bbox 2309 1360 2381 1380; x_wconf 78' lang='lat' dir='ltr'>con·</span> 
     </span>
     <span class='ocr_line' id='line_1_135' title="bbox 1320 1377 2381 1424; baseline 0.013 -18"><span class='ocrx_word' id='word_1_1017' title='bbox 1320 1378 1392 1414; x_wconf 79' lang='lat' dir='ltr'>grue</span> <span class='ocrx_word' id='word_1_1018' title='bbox 1413 1385 1539 1414; x_wconf 87' lang='lat' dir='ltr'>reparare</span> <span class='ocrx_word' id='word_1_1019' title='bbox 1551 1398 1561 1414; x_wconf 94' lang='lat'>,</span> <span class='ocrx_word' id='word_1_1020' title='bbox 1576 1377 1627 1407; x_wconf 86' lang='lat' dir='ltr'>nisi</span> <span class='ocrx_word' id='word_1_1021' title='bbox 1651 1386 1700 1414; x_wconf 85' lang='lat' dir='ltr'>per</span> <span class='ocrx_word' id='word_1_1022' title='bbox 1721 1387 1772 1408; x_wconf 89' lang='lat' dir='ltr'>vos</span> <span class='ocrx_word' id='word_1_1023' title='bbox 1791 1378 1826 1408; x_wconf 89' lang='lat' dir='ltr'>ad</span> <span class='ocrx_word' id='word_1_1024' title='bbox 1840 1378 1982 1410; x_wconf 85' lang='lat' dir='ltr'>Guerram</span> <span class='ocrx_word' id='word_1_1025' title='bbox 1996 1383 2192 1415; x_wconf 84' lang='lat' dir='ltr'>necessitemur</span> <span class='ocrx_word' id='word_1_1026' title='bbox 2207 1408 2217 1424; x_wconf 90' lang='lat'>,</span> <span class='ocrx_word' id='word_1_1027' title='bbox 2235 1396 2267 1417; x_wconf 87' lang='lat' dir='ltr'>ut</span> <span class='ocrx_word' id='word_1_1028' title='bbox 2281 1388 2381 1420; x_wconf 88' lang='lat' dir='ltr'>liberet</span> 
     </span>
     <span class='ocr_line' id='line_1_136' title="bbox 1318 1414 2381 1459; baseline 0.012 -13"><span class='ocrx_word' id='word_1_1029' title='bbox 1318 1425 1370 1446; x_wconf 87' lang='lat' dir='ltr'>nos</span> <span class='ocrx_word' id='word_1_1030' title='bbox 1385 1414 1465 1445; x_wconf 85' lang='lat' dir='ltr'>Deus</span> <span class='ocrx_word' id='word_1_1031' title='bbox 1478 1425 1494 1445; x_wconf 87' lang='lat' dir='ltr'>a</span> <span class='ocrx_word' id='word_1_1032' title='bbox 1508 1414 1684 1453; x_wconf 75' lang='lat' dir='ltr'>necessitate,</span> <span class='ocrx_word' id='word_1_1033' title='bbox 1702 1416 1735 1452; x_wconf 66' lang='grc' dir='ltr'>ὅ(</span> <span class='ocrx_word' id='word_1_1034' title='bbox 1751 1416 1896 1457; x_wconf 79' lang='lat' dir='ltr'>conservet</span> <span class='ocrx_word' id='word_1_1035' title='bbox 1912 1419 1940 1447; x_wconf 90' lang='lat' dir='ltr'>in</span> <span class='ocrx_word' id='word_1_1036' title='bbox 1957 1417 2048 1457; x_wconf 81' lang='lat' dir='ltr'>Pace,</span> <span class='ocrx_word' id='word_1_1037' title='bbox 2069 1421 2097 1449; x_wconf 91' lang='lat' dir='ltr'>in</span> <span class='ocrx_word' id='word_1_1038' title='bbox 2114 1431 2208 1453; x_wconf 90' lang='lat' dir='ltr'>mente</span> <span class='ocrx_word' id='word_1_1039' title='bbox 2220 1425 2314 1458; x_wconf 68' lang='lat' dir='ltr'>nostra</span> <span class='ocrx_word' id='word_1_1040' title='bbox 2331 1437 2381 1459; x_wconf 87' lang='lat' dir='ltr'>cu-</span> 
     </span>
     <span class='ocr_line' id='line_1_137' title="bbox 1318 1452 2307 1496; baseline 0.011 -13"><span class='ocrx_word' id='word_1_1041' title='bbox 1318 1463 1425 1491; x_wconf 72' lang='lat' dir='ltr'>ramus,</span> <span class='ocrx_word' id='word_1_1042' title='bbox 1444 1461 1497 1490; x_wconf 82' lang='lat' dir='ltr'>pax</span> <span class='ocrx_word' id='word_1_1043' title='bbox 1515 1453 1594 1483; x_wconf 91' lang='lat' dir='ltr'>enim</span> <span class='ocrx_word' id='word_1_1044' title='bbox 1612 1452 1778 1492; x_wconf 81' lang='lat' dir='ltr'>voluntatis,</span> <span class='ocrx_word' id='word_1_1045' title='bbox 1793 1453 1832 1485; x_wconf 88' lang='lat' dir='ltr'>set</span> <span class='ocrx_word' id='word_1_1046' title='bbox 1847 1454 1952 1486; x_wconf 91' lang='lat' dir='ltr'>bellum</span> <span class='ocrx_word' id='word_1_1047' title='bbox 1970 1457 2132 1489; x_wconf 84' lang='lat' dir='ltr'>necessitatis</span> <span class='ocrx_word' id='word_1_1048' title='bbox 2145 1461 2201 1492; x_wconf 75' lang='lat' dir='ltr'>effe</span> <span class='ocrx_word' id='word_1_1049' title='bbox 2214 1457 2307 1496; x_wconf 83' lang='lat' dir='ltr'>debet.</span> 
     </span>
    </p>

    <p class='ocr_par' dir='ltr' id='par_1_43' title="bbox 1321 1490 2386 1691">
     <span class='ocr_line' id='line_1_138' title="bbox 1355 1490 2381 1536; baseline 0.016 -16"><span class='ocrx_word' id='word_1_1050' title='bbox 1355 1492 1505 1531; x_wconf 72' lang='lat' dir='ltr'>Quocirca</span> <span class='ocrx_word' id='word_1_1051' title='bbox 1525 1490 1757 1522; x_wconf 74' lang='lat' dir='ltr'>incarnationem</span> <span class='ocrx_word' id='word_1_1052' title='bbox 1773 1492 1855 1531; x_wconf 88' lang='lat' dir='ltr'>Filii,</span> <span class='ocrx_word' id='word_1_1053' title='bbox 1872 1496 1926 1532; x_wconf 77' lang='lat' dir='ltr'>qua</span> <span class='ocrx_word' id='word_1_1054' title='bbox 1948 1494 2028 1526; x_wconf 74' lang='lat' dir='ltr'>Deus</span> <span class='ocrx_word' id='word_1_1055' title='bbox 2057 1498 2148 1528; x_wconf 79' lang='lat' dir='ltr'>homo</span> <span class='ocrx_word' id='word_1_1056' title='bbox 2168 1500 2256 1532; x_wconf 72' lang='lat' dir='ltr'>faetus</span> <span class='ocrx_word' id='word_1_1057' title='bbox 2270 1504 2311 1533; x_wconf 89' lang='lat' dir='ltr'>est</span> <span class='ocrx_word' id='word_1_1058' title='bbox 2346 1505 2381 1536; x_wconf 72' lang='lat' dir='ltr'>&amp;C</span> 
     </span>
     <span class='ocr_line' id='line_1_139' title="bbox 1322 1527 2383 1576; baseline 0.011 -14"><span class='ocrx_word' id='word_1_1059' title='bbox 1322 1541 1392 1562; x_wconf 88' lang='lat' dir='ltr'>unus</span> <span class='ocrx_word' id='word_1_1060' title='bbox 1413 1539 1448 1560; x_wconf 80' lang='lat' dir='ltr'>ex</span> <span class='ocrx_word' id='word_1_1061' title='bbox 1463 1530 1546 1560; x_wconf 90' lang='lat' dir='ltr'>nobis</span> <span class='ocrx_word' id='word_1_1062' title='bbox 1559 1550 1569 1569; x_wconf 88' lang='lat'>,</span> <span class='ocrx_word' id='word_1_1063' title='bbox 1590 1531 1806 1571; x_wconf 83' lang='lat' dir='ltr'>sanguinemque</span> <span class='ocrx_word' id='word_1_1064' title='bbox 1826 1532 1907 1570; x_wconf 87' lang='lat' dir='ltr'>ipsius</span> <span class='ocrx_word' id='word_1_1065' title='bbox 1920 1555 1930 1570; x_wconf 90' lang='lat'>,</span> <span class='ocrx_word' id='word_1_1066' title='bbox 1951 1543 2003 1571; x_wconf 86' lang='lat' dir='ltr'>pro</span> <span class='ocrx_word' id='word_1_1067' title='bbox 2026 1532 2220 1569; x_wconf 89' lang='lat' dir='ltr'>Redemtione</span> <span class='ocrx_word' id='word_1_1068' title='bbox 2240 1527 2333 1573; x_wconf 58' lang='lat' dir='ltr'>nostrii</span> <span class='ocrx_word' id='word_1_1069' title='bbox 2351 1544 2383 1576; x_wconf 84' lang='lat' dir='ltr'>in</span> 
     </span>
     <span class='ocr_line' id='line_1_140' title="bbox 1324 1567 2386 1617; baseline 0.012 -17"><span class='ocrx_word' id='word_1_1070' title='bbox 1324 1569 1422 1600; x_wconf 91' lang='lat' dir='ltr'>Cruce</span> <span class='ocrx_word' id='word_1_1071' title='bbox 1435 1568 1557 1600; x_wconf 87' lang='lat' dir='ltr'>laetaliter</span> <span class='ocrx_word' id='word_1_1072' title='bbox 1571 1567 1710 1608; x_wconf 76' lang='lat' dir='ltr'>effiisum,</span> <span class='ocrx_word' id='word_1_1073' title='bbox 1727 1580 1787 1609; x_wconf 90' lang='lat' dir='ltr'>quo</span> <span class='ocrx_word' id='word_1_1074' title='bbox 1795 1569 1896 1602; x_wconf 89' lang='lat' dir='ltr'>Genus</span> <span class='ocrx_word' id='word_1_1075' title='bbox 1912 1572 2067 1603; x_wconf 87' lang='lat' dir='ltr'>humanum</span> <span class='ocrx_word' id='word_1_1076' title='bbox 2084 1584 2099 1604; x_wconf 90' lang='lat' dir='ltr'>a</span> <span class='ocrx_word' id='word_1_1077' title='bbox 2115 1584 2208 1607; x_wconf 89' lang='lat' dir='ltr'>morte</span> <span class='ocrx_word' id='word_1_1078' title='bbox 2220 1581 2318 1611; x_wconf 82' lang='lat' dir='ltr'>revixit</span> <span class='ocrx_word' id='word_1_1079' title='bbox 2336 1591 2386 1617; x_wconf 84' lang='lat' dir='ltr'>ge-</span> 
     </span>
     <span class='ocr_line' id='line_1_141' title="bbox 1321 1604 2386 1655; baseline 0.012 -16"><span class='ocrx_word' id='word_1_1080' title='bbox 1321 1617 1414 1639; x_wconf 88' lang='lat' dir='ltr'>rentes</span> <span class='ocrx_word' id='word_1_1081' title='bbox 1427 1609 1456 1637; x_wconf 93' lang='lat' dir='ltr'>in</span> <span class='ocrx_word' id='word_1_1082' title='bbox 1473 1607 1642 1650; x_wconf 73' lang='lat' dir='ltr'>corde,tam</span> <span class='ocrx_word' id='word_1_1083' title='bbox 1657 1608 1821 1640; x_wconf 86' lang='lat' dir='ltr'>admirabile</span> <span class='ocrx_word' id='word_1_1084' title='bbox 1835 1612 2050 1642; x_wconf 87' lang='lat' dir='ltr'>commercium</span> <span class='ocrx_word' id='word_1_1085' title='bbox 2060 1613 2135 1644; x_wconf 88' lang='lat' dir='ltr'>circa</span> <span class='ocrx_word' id='word_1_1086' title='bbox 2152 1614 2298 1655; x_wconf 83' lang='lat' dir='ltr'>Sanguinis</span> <span class='ocrx_word' id='word_1_1087' title='bbox 2315 1604 2386 1652; x_wconf 68' lang='lat' dir='ltr'>effu—</span> 
     </span>
     <span class='ocr_line' id='line_1_142' title="bbox 1324 1647 2328 1691; baseline 0.01 -13"><span class='ocrx_word' id='word_1_1088' title='bbox 1324 1647 1450 1684; x_wconf 81' lang='lat' dir='ltr'>sionem,</span> <span class='ocrx_word' id='word_1_1089' title='bbox 1469 1647 1517 1682; x_wconf 84' lang='lat' dir='ltr'>nili</span> <span class='ocrx_word' id='word_1_1090' title='bbox 1535 1647 1633 1685; x_wconf 88' lang='lat' dir='ltr'>inviti,</span> <span class='ocrx_word' id='word_1_1091' title='bbox 1651 1648 1833 1678; x_wconf 80' lang='lat' dir='ltr'>exterminare</span> <span class='ocrx_word' id='word_1_1092' title='bbox 1850 1658 1910 1678; x_wconf 90' lang='lat' dir='ltr'>non</span> <span class='ocrx_word' id='word_1_1093' title='bbox 1931 1651 2116 1687; x_wconf 87' lang='lat' dir='ltr'>proponimus</span> <span class='ocrx_word' id='word_1_1094' title='bbox 2130 1655 2328 1691; x_wconf 84' lang='lat' dir='ltr'>quovismodo.</span> 
     </span>
    </p>

    <p class='ocr_par' dir='ltr' id='par_1_44' title="bbox 1322 1685 2388 1917">
     <span class='ocr_line' id='line_1_143' title="bbox 1363 1685 2386 1728; baseline 0.013 -12"><span class='ocrx_word' id='word_1_1095' title='bbox 1363 1685 1399 1716; x_wconf 91' lang='lat' dir='ltr'>Et</span> <span class='ocrx_word' id='word_1_1096' title='bbox 1413 1685 1539 1723; x_wconf 88' lang='lat' dir='ltr'>idcirco,</span> <span class='ocrx_word' id='word_1_1097' title='bbox 1559 1686 1631 1716; x_wconf 78' lang='lat' dir='ltr'>cum</span> <span class='ocrx_word' id='word_1_1098' title='bbox 1647 1685 1682 1716; x_wconf 91' lang='lat' dir='ltr'>ad</span> <span class='ocrx_word' id='word_1_1099' title='bbox 1697 1687 1793 1716; x_wconf 85' lang='lat' dir='ltr'>aeterni</span> <span class='ocrx_word' id='word_1_1100' title='bbox 1805 1686 1916 1725; x_wconf 90' lang='lat' dir='ltr'>Judicis</span> <span class='ocrx_word' id='word_1_1101' title='bbox 1929 1687 2071 1719; x_wconf 89' lang='lat' dir='ltr'>Tribunal</span> <span class='ocrx_word' id='word_1_1102' title='bbox 2087 1694 2279 1725; x_wconf 87' lang='lat' dir='ltr'>communiter</span> <span class='ocrx_word' id='word_1_1103' title='bbox 2290 1697 2386 1728; x_wconf 86' lang='lat' dir='ltr'>acces-</span> 
     </span>
     <span class='ocr_line' id='line_1_144' title="bbox 1324 1723 2386 1768; baseline 0.011 -13"><span class='ocrx_word' id='word_1_1104' title='bbox 1324 1723 1456 1762; x_wconf 80' lang='lat' dir='ltr'>serimus,</span> <span class='ocrx_word' id='word_1_1105' title='bbox 1473 1723 1611 1763; x_wconf 88' lang='lat' dir='ltr'>Coelum,</span> <span class='ocrx_word' id='word_1_1106' title='bbox 1629 1725 1662 1755; x_wconf 68' lang='grc' dir='ltr'>ὅ(</span> <span class='ocrx_word' id='word_1_1107' title='bbox 1676 1724 1815 1763; x_wconf 87' lang='lat' dir='ltr'>Terram,</span> <span class='ocrx_word' id='word_1_1108' title='bbox 1832 1725 1867 1756; x_wconf 90' lang='lat'>&amp;</span> <span class='ocrx_word' id='word_1_1109' title='bbox 1881 1727 1985 1757; x_wconf 68' lang='lat' dir='ltr'>cuncsta</span> <span class='ocrx_word' id='word_1_1110' title='bbox 2000 1737 2090 1758; x_wconf 81' lang='lat' dir='ltr'>creata</span> <span class='ocrx_word' id='word_1_1111' title='bbox 2106 1731 2272 1764; x_wconf 84' lang='lat' dir='ltr'>invocamus</span> <span class='ocrx_word' id='word_1_1112' title='bbox 2287 1745 2386 1768; x_wconf 84' lang='lat' dir='ltr'>contra</span> 
     </span>
     <span class='ocr_line' id='line_1_145' title="bbox 1325 1761 2386 1810; baseline 0.011 -20"><span class='ocrx_word' id='word_1_1113' title='bbox 1325 1773 1377 1793; x_wconf 90' lang='lat' dir='ltr'>vos</span> <span class='ocrx_word' id='word_1_1114' title='bbox 1390 1764 1419 1793; x_wconf 88' lang='lat' dir='ltr'>in</span> <span class='ocrx_word' id='word_1_1115' title='bbox 1434 1761 1652 1793; x_wconf 90' lang='lat' dir='ltr'>Testimonium</span> <span class='ocrx_word' id='word_1_1116' title='bbox 1674 1770 1706 1793; x_wconf 90' lang='lat' dir='ltr'>ut</span> <span class='ocrx_word' id='word_1_1117' title='bbox 1719 1785 1728 1800; x_wconf 96' lang='lat'>,</span> <span class='ocrx_word' id='word_1_1118' title='bbox 1748 1763 1831 1805; x_wconf 72' lang='lat' dir='ltr'>siquae</span> <span class='ocrx_word' id='word_1_1119' title='bbox 1854 1764 2029 1796; x_wconf 78' lang='lat' dir='ltr'>Guerrarum</span> <span class='ocrx_word' id='word_1_1120' title='bbox 2050 1776 2096 1797; x_wconf 85' lang='lat' dir='ltr'>aut</span> <span class='ocrx_word' id='word_1_1121' title='bbox 2119 1768 2260 1801; x_wconf 72' lang='lat' dir='ltr'>sstllorum</span> <span class='ocrx_word' id='word_1_1122' title='bbox 2283 1782 2386 1810; x_wconf 81' lang='lat' dir='ltr'>genera</span> 
     </span>
     <span class='ocr_line' id='line_1_146' title="bbox 1325 1801 2388 1847; baseline 0.012 -16"><span class='ocrx_word' id='word_1_1123' title='bbox 1325 1803 1398 1834; x_wconf 86' lang='lat' dir='ltr'>inter</span> <span class='ocrx_word' id='word_1_1124' title='bbox 1411 1812 1464 1845; x_wconf 82' lang='lat' dir='ltr'>nos</span> <span class='ocrx_word' id='word_1_1125' title='bbox 1478 1801 1511 1832; x_wconf 74' lang='lat' dir='ltr'>«St</span> <span class='ocrx_word' id='word_1_1126' title='bbox 1526 1811 1597 1840; x_wconf 71' lang='lat' dir='ltr'>VOS,</span> <span class='ocrx_word' id='word_1_1127' title='bbox 1615 1801 1691 1839; x_wconf 86' lang='lat' dir='ltr'>quod</span> <span class='ocrx_word' id='word_1_1128' title='bbox 1707 1801 1794 1840; x_wconf 76' lang='lat' dir='ltr'>abiit,</span> <span class='ocrx_word' id='word_1_1129' title='bbox 1810 1804 1976 1834; x_wconf 85' lang='lat' dir='ltr'>eveniantin</span> <span class='ocrx_word' id='word_1_1130' title='bbox 1991 1804 2115 1835; x_wconf 83' lang='lat' dir='ltr'>futurum</span> <span class='ocrx_word' id='word_1_1131' title='bbox 2125 1807 2199 1844; x_wconf 82' lang='lat' dir='ltr'>,ipsa</span> <span class='ocrx_word' id='word_1_1132' title='bbox 2214 1811 2388 1847; x_wconf 83' lang='lat' dir='ltr'>originaliter</span> 
     </span>
     <span class='ocr_line' id='line_1_147' title="bbox 1322 1840 2386 1885; baseline 0.013 -16"><span class='ocrx_word' id='word_1_1133' title='bbox 1322 1849 1360 1872; x_wconf 83' lang='lat' dir='ltr'>ex</span> <span class='ocrx_word' id='word_1_1134' title='bbox 1376 1841 1458 1872; x_wconf 87' lang='lat' dir='ltr'>vobis</span> <span class='ocrx_word' id='word_1_1135' title='bbox 1474 1840 1647 1877; x_wconf 89' lang='lat' dir='ltr'>procedent,</span> <span class='ocrx_word' id='word_1_1136' title='bbox 1665 1841 1700 1871; x_wconf 85' lang='lat'>&amp;</span> <span class='ocrx_word' id='word_1_1137' title='bbox 1712 1850 1781 1879; x_wconf 87' lang='lat' dir='ltr'>nos,</span> <span class='ocrx_word' id='word_1_1138' title='bbox 1798 1841 1850 1871; x_wconf 90' lang='lat' dir='ltr'>sub</span> <span class='ocrx_word' id='word_1_1139' title='bbox 1864 1841 2045 1875; x_wconf 84' lang='lat' dir='ltr'>deffensionis</span> <span class='ocrx_word' id='word_1_1140' title='bbox 2062 1844 2156 1883; x_wconf 85' lang='lat' dir='ltr'>clipeo</span> <span class='ocrx_word' id='word_1_1141' title='bbox 2166 1869 2176 1884; x_wconf 94' lang='lat'>,</span> <span class='ocrx_word' id='word_1_1142' title='bbox 2194 1857 2277 1885; x_wconf 86' lang='lat' dir='ltr'>prout</span> <span class='ocrx_word' id='word_1_1143' title='bbox 2292 1849 2386 1882; x_wconf 80' lang='lat' dir='ltr'>Altffi-</span> 
     </span>
     <span class='ocr_line' id='line_1_148' title="bbox 1324 1878 1899 1917; baseline 0.002 -7"><span class='ocrx_word' id='word_1_1144' title='bbox 1324 1889 1377 1910; x_wconf 87' lang='lat' dir='ltr'>mo</span> <span class='ocrx_word' id='word_1_1145' title='bbox 1394 1879 1544 1917; x_wconf 89' lang='lat' dir='ltr'>placuerit,</span> <span class='ocrx_word' id='word_1_1146' title='bbox 1560 1878 1741 1909; x_wconf 88' lang='lat' dir='ltr'>resistentiam</span> <span class='ocrx_word' id='word_1_1147' title='bbox 1754 1879 1899 1911; x_wconf 84' lang='lat' dir='ltr'>faciemus.</span> 
     </span>
    </p>

    <p class='ocr_par' dir='ltr' id='par_1_45' title="bbox 1319 1914 2388 2038">
     <span class='ocr_line' id='line_1_149' title="bbox 1363 1914 2386 1960; baseline 0.013 -13"><span class='ocrx_word' id='word_1_1148' title='bbox 1363 1914 1398 1948; x_wconf 91' lang='lat' dir='ltr'>In</span> <span class='ocrx_word' id='word_1_1149' title='bbox 1420 1916 1566 1955; x_wconf 83' lang='lat' dir='ltr'>praemissis</span> <span class='ocrx_word' id='word_1_1150' title='bbox 1586 1927 1702 1956; x_wconf 87' lang='lat' dir='ltr'>quoque</span> <span class='ocrx_word' id='word_1_1151' title='bbox 1717 1917 1775 1948; x_wconf 72' lang='lat' dir='ltr'>tam</span> <span class='ocrx_word' id='word_1_1152' title='bbox 1798 1918 1878 1950; x_wconf 90' lang='lat' dir='ltr'>nudo</span> <span class='ocrx_word' id='word_1_1153' title='bbox 1900 1918 1966 1951; x_wconf 83' lang='lat' dir='ltr'>stilo</span> <span class='ocrx_word' id='word_1_1154' title='bbox 1982 1928 2089 1952; x_wconf 89' lang='lat' dir='ltr'>mentes</span> <span class='ocrx_word' id='word_1_1155' title='bbox 2102 1921 2206 1955; x_wconf 87' lang='lat' dir='ltr'>vestras</span> <span class='ocrx_word' id='word_1_1156' title='bbox 2228 1925 2262 1956; x_wconf 88' lang='lat' dir='ltr'>ad</span> <span class='ocrx_word' id='word_1_1157' title='bbox 2284 1926 2386 1960; x_wconf 74' lang='lat' dir='ltr'>finoula</span> 
     </span>
     <span class='ocr_line' id='line_1_150' title="bbox 1319 1952 2388 1999; baseline 0.011 -13"><span class='ocrx_word' id='word_1_1158' title='bbox 1319 1956 1465 1994; x_wconf 73' lang='lat' dir='ltr'>adaperire</span> <span class='ocrx_word' id='word_1_1159' title='bbox 1481 1957 1579 1994; x_wconf 85' lang='lat' dir='ltr'>nobis,</span> <span class='ocrx_word' id='word_1_1160' title='bbox 1597 1956 1722 1987; x_wconf 74' lang='lat' dir='ltr'>excelsus</span> <span class='ocrx_word' id='word_1_1161' title='bbox 1738 1966 1851 1995; x_wconf 87' lang='lat' dir='ltr'>quoque</span> <span class='ocrx_word' id='word_1_1162' title='bbox 1865 1959 2043 1996; x_wconf 73' lang='lat' dir='ltr'>praefatorum</span> <span class='ocrx_word' id='word_1_1163' title='bbox 2051 1959 2145 1991; x_wconf 88' lang='lat' dir='ltr'>Ducis</span> <span class='ocrx_word' id='word_1_1164' title='bbox 2158 1964 2191 1992; x_wconf 86' lang='lat'>&amp;</span> <span class='ocrx_word' id='word_1_1165' title='bbox 2208 1952 2341 1996; x_wconf 59' lang='lat' dir='ltr'>Comici?</span> <span class='ocrx_word' id='word_1_1166' title='bbox 2349 1968 2388 1999; x_wconf 86' lang='lat' dir='ltr'>ita</span> 
     </span>
     <span class='ocr_line' id='line_1_151' title="bbox 1319 1995 2171 2038; baseline 0.004 -11"><span class='ocrx_word' id='word_1_1167' title='bbox 1319 1995 1490 2033; x_wconf 75' lang='lat' dir='ltr'>reformare,</span> <span class='ocrx_word' id='word_1_1168' title='bbox 1504 1995 1543 2026; x_wconf 73' lang='lat' dir='ltr'>ne</span> <span class='ocrx_word' id='word_1_1169' title='bbox 1557 1995 1683 2033; x_wconf 88' lang='lat' dir='ltr'>ipsorum</span> <span class='ocrx_word' id='word_1_1170' title='bbox 1699 1996 1782 2032; x_wconf 89' lang='lat' dir='ltr'>culpa</span> <span class='ocrx_word' id='word_1_1171' title='bbox 1794 1996 1884 2028; x_wconf 89' lang='lat' dir='ltr'>vestra</span> <span class='ocrx_word' id='word_1_1172' title='bbox 1898 1997 2025 2029; x_wconf 88' lang='lat' dir='ltr'>videatur</span> <span class='ocrx_word' id='word_1_1173' title='bbox 2037 2017 2048 2037; x_wconf 89' lang='lat'>,-</span> <span class='ocrx_word' id='word_1_1174' title='bbox 2068 1998 2171 2038; x_wconf 73' lang='lat' dir='ltr'>velitis3</span> 
     </span>
    </p>

    <p class='ocr_par' dir='ltr' id='par_1_46' title="bbox 1326 2033 2387 2112">
     <span class='ocr_line' id='line_1_152' title="bbox 1362 2033 2387 2078; baseline 0.013 -16"><span class='ocrx_word' id='word_1_1175' title='bbox 1362 2033 1415 2071; x_wconf 83' lang='lat' dir='ltr'>Et,</span> <span class='ocrx_word' id='word_1_1176' title='bbox 1432 2034 1451 2063; x_wconf 88' lang='lat' dir='ltr'>si</span> <span class='ocrx_word' id='word_1_1177' title='bbox 1464 2033 1612 2078; x_wconf 82' lang='lat' dir='ltr'>praefatum</span> <span class='ocrx_word' id='word_1_1178' title='bbox 1631 2033 1708 2064; x_wconf 88' lang='lat' dir='ltr'>diem</span> <span class='ocrx_word' id='word_1_1179' title='bbox 1728 2035 1852 2072; x_wconf 86' lang='lat' dir='ltr'>primum</span> <span class='ocrx_word' id='word_1_1180' title='bbox 1874 2036 2020 2068; x_wconf 76' lang='lat' dir='ltr'>observare</span> <span class='ocrx_word' id='word_1_1181' title='bbox 2033 2059 2043 2075; x_wconf 84' lang='lat'>‚</span> <span class='ocrx_word' id='word_1_1182' title='bbox 2060 2034 2105 2068; x_wconf 88' lang='lat' dir='ltr'>seu</span> <span class='ocrx_word' id='word_1_1183' title='bbox 2120 2038 2206 2071; x_wconf 86' lang='lat' dir='ltr'>alium</span> <span class='ocrx_word' id='word_1_1184' title='bbox 2224 2042 2387 2075; x_wconf 86' lang='lat' dir='ltr'>ulteriorem</span> 
     </span>
     <span class='ocr_line' id='line_1_153' title="bbox 1326 2073 2380 2112; baseline 0.006 -9"><span class='ocrx_word' id='word_1_1185' title='bbox 1326 2082 1480 2112; x_wconf 78' lang='lat' dir='ltr'>prorogare</span> <span class='ocrx_word' id='word_1_1186' title='bbox 1494 2081 1612 2110; x_wconf 85' lang='lat' dir='ltr'>curetis,</span> <span class='ocrx_word' id='word_1_1187' title='bbox 1627 2083 1680 2103; x_wconf 91' lang='lat' dir='ltr'>nos</span> <span class='ocrx_word' id='word_1_1188' title='bbox 1692 2073 1811 2104; x_wconf 88' lang='lat' dir='ltr'>reddatis</span> <span class='ocrx_word' id='word_1_1189' title='bbox 1825 2074 1926 2112; x_wconf 87' lang='lat' dir='ltr'>absque</span> <span class='ocrx_word' id='word_1_1190' title='bbox 1943 2075 2026 2107; x_wconf 69' lang='lat' dir='ltr'>mora</span> <span class='ocrx_word' id='word_1_1191' title='bbox 2036 2077 2177 2112; x_wconf 78' lang='lat' dir='ltr'>certiores.</span> <span class='ocrx_word' id='word_1_1192' title='bbox 2376 2080 2380 2083; x_wconf 89' lang='lat'>&#39;</span> 
     </span>
    </p>

    <p class='ocr_par' dir='ltr' id='par_1_47' title="bbox 1325 2110 2388 2183">
     <span class='ocr_line' id='line_1_154' title="bbox 1365 2110 2388 2155; baseline 0.011 -14"><span class='ocrx_word' id='word_1_1193' title='bbox 1365 2114 1399 2142; x_wconf 91' lang='lat' dir='ltr'>In</span> <span class='ocrx_word' id='word_1_1194' title='bbox 1414 2112 1527 2142; x_wconf 86' lang='lat' dir='ltr'>caritate</span> <span class='ocrx_word' id='word_1_1195' title='bbox 1544 2111 1669 2149; x_wconf 67' lang='lat' dir='ltr'>perfeetfi</span> <span class='ocrx_word' id='word_1_1196' title='bbox 1684 2110 1835 2146; x_wconf 84' lang='lat' dir='ltr'>confirmet</span> <span class='ocrx_word' id='word_1_1197' title='bbox 1849 2123 1901 2145; x_wconf 87' lang='lat' dir='ltr'>vos</span> <span class='ocrx_word' id='word_1_1198' title='bbox 1914 2114 2039 2146; x_wconf 84' lang='lat' dir='ltr'>Trinitas</span> <span class='ocrx_word' id='word_1_1199' title='bbox 2055 2114 2172 2155; x_wconf 63' lang='lat' dir='ltr'>Sancta,</span> <span class='ocrx_word' id='word_1_1200' title='bbox 2191 2118 2225 2149; x_wconf 74' lang='grc' dir='ltr'>ὅ(</span> <span class='ocrx_word' id='word_1_1201' title='bbox 2239 2118 2388 2153; x_wconf 81' lang='lat' dir='ltr'>Dominus</span> 
     </span>
     <span class='ocr_line' id='line_1_155' title="bbox 1325 2149 1673 2183; baseline -0.006 -1"><span class='ocrx_word' id='word_1_1202' title='bbox 1325 2151 1358 2182; x_wconf 91' lang='lat' dir='ltr'>sit</span> <span class='ocrx_word' id='word_1_1203' title='bbox 1371 2151 1402 2181; x_wconf 89' lang='lat' dir='ltr'>in</span> <span class='ocrx_word' id='word_1_1204' title='bbox 1417 2150 1553 2183; x_wconf 86' lang='lat' dir='ltr'>cordibus</span> <span class='ocrx_word' id='word_1_1205' title='bbox 1568 2149 1673 2183; x_wconf 71' lang='lat' dir='ltr'>vestris</span> 
     </span>
    </p>
   </div>
   <div class='ocr_carea' id='block_1_15' title="bbox 1315 2227 2388 3463">
    <p class='ocr_par' dir='ltr' id='par_1_48' title="bbox 1321 2227 2386 2575">
     <span class='ocr_line' id='line_1_156' title="bbox 1360 2227 2386 2269; baseline 0.01 -11"><span class='ocrx_word' id='word_1_1206' title='bbox 1360 2227 1472 2258; x_wconf 82' lang='lat' dir='ltr'>Datum</span> <span class='ocrx_word' id='word_1_1207' title='bbox 1489 2227 1562 2266; x_wconf 91' lang='lat' dir='ltr'>apud</span> <span class='ocrx_word' id='word_1_1208' title='bbox 1583 2227 1842 2269; x_wconf 74' lang='lat' dir='ltr'>Wstmonasterium</span> <span class='ocrx_word' id='word_1_1209' title='bbox 1856 2253 1866 2268; x_wconf 87' lang='lat'>,</span> <span class='ocrx_word' id='word_1_1210' title='bbox 1885 2230 1914 2260; x_wconf 90' lang='lat' dir='ltr'>in</span> <span class='ocrx_word' id='word_1_1211' title='bbox 1932 2228 2122 2262; x_wconf 81' lang='lat' dir='ltr'>Parliament&#39;o</span> <span class='ocrx_word' id='word_1_1212' title='bbox 2136 2233 2243 2264; x_wconf 88' lang='lat' dir='ltr'>ibidem</span> <span class='ocrx_word' id='word_1_1213' title='bbox 2257 2242 2335 2266; x_wconf 88' lang='lat' dir='ltr'>tento</span> <span class='ocrx_word' id='word_1_1214' title='bbox 2352 2238 2386 2269; x_wconf 66' lang='grc' dir='ltr'>ὃς</span> 
     </span>
     <span class='ocr_line' id='line_1_157' title="bbox 1327 2266 2385 2309; baseline 0.008 -12"><span class='ocrx_word' id='word_1_1215' title='bbox 1327 2266 1489 2304; x_wconf 78' lang='lat' dir='ltr'>celebrato,</span> <span class='ocrx_word' id='word_1_1216' title='bbox 1506 2267 1557 2298; x_wconf 92' lang='lat' dir='ltr'>sub</span> <span class='ocrx_word' id='word_1_1217' title='bbox 1574 2267 1689 2307; x_wconf 81' lang='lat' dir='ltr'>Sigillis,</span> <span class='ocrx_word' id='word_1_1218' title='bbox 1707 2267 1956 2300; x_wconf 80' lang='lat' dir='ltr'>Sereniffimorum</span> <span class='ocrx_word' id='word_1_1219' title='bbox 1971 2269 2157 2309; x_wconf 83' lang='lat' dir='ltr'>Principum,</span> <span class='ocrx_word' id='word_1_1220' title='bbox 2176 2275 2288 2303; x_wconf 69' lang='lat' dir='ltr'>Henrr&#39;ci</span> <span class='ocrx_word' id='word_1_1221' title='bbox 2302 2276 2385 2305; x_wconf 83' lang='lat' dir='ltr'>Prin-</span> 
     </span>
     <span class='ocr_line' id='line_1_158' title="bbox 1324 2305 2386 2346; baseline 0.008 -11"><span class='ocrx_word' id='word_1_1222' title='bbox 1324 2309 1387 2344; x_wconf 81' lang='lat' dir='ltr'>cipis</span> <span class='ocrx_word' id='word_1_1223' title='bbox 1411 2305 1520 2338; x_wconf 83' lang='lat' dir='ltr'>Walliae</span> <span class='ocrx_word' id='word_1_1224' title='bbox 1545 2306 1733 2344; x_wconf 80' lang='lat' dir='ltr'>Primogeniti</span> <span class='ocrx_word' id='word_1_1225' title='bbox 1753 2306 1845 2344; x_wconf 78' lang='lat' dir='ltr'>Regis</span> <span class='ocrx_word' id='word_1_1226' title='bbox 1866 2308 1978 2346; x_wconf 76' lang='lat' dir='ltr'>Angliae</span> <span class='ocrx_word' id='word_1_1227' title='bbox 1993 2331 2003 2346; x_wconf 92' lang='lat'>,</span> <span class='ocrx_word' id='word_1_1228' title='bbox 2021 2309 2160 2340; x_wconf 79' lang='lat' dir='ltr'>Edwardi</span> <span class='ocrx_word' id='word_1_1229' title='bbox 2178 2313 2264 2341; x_wconf 78' lang='lat' dir='ltr'>Ducis</span> <span class='ocrx_word' id='word_1_1230' title='bbox 2278 2313 2386 2343; x_wconf 69' lang='grc' dir='ltr'><em>Εὐπω-</em></span> 
     </span>
     <span class='ocr_line' id='line_1_159' title="bbox 1324 2343 2386 2390; baseline 0.008 -19"><span class='ocrx_word' id='word_1_1231' title='bbox 1324 2343 1420 2383; x_wconf 75' lang='lat' dir='ltr'>cenfir,</span> <span class='ocrx_word' id='word_1_1232' title='bbox 1440 2354 1474 2374; x_wconf 87' lang='lat' dir='ltr'>ac</span> <span class='ocrx_word' id='word_1_1233' title='bbox 1489 2343 1632 2382; x_wconf 81' lang='lat' dir='ltr'>Johannis</span> <span class='ocrx_word' id='word_1_1234' title='bbox 1646 2348 1757 2375; x_wconf 82' lang='lat' dir='ltr'>Comitis</span> <span class='ocrx_word' id='word_1_1235' title='bbox 1773 2344 1917 2384; x_wconf 56' lang='lat' dir='ltr'>&amp;mersen</span> <span class='ocrx_word' id='word_1_1236' title='bbox 1932 2345 2084 2377; x_wconf 85' lang='lat' dir='ltr'>Camerarii</span> <span class='ocrx_word' id='word_1_1237' title='bbox 2100 2348 2232 2387; x_wconf 78' lang='lat' dir='ltr'>Angliae,</span> <span class='ocrx_word' id='word_1_1238' title='bbox 2247 2351 2386 2390; x_wconf 72' lang='lat' dir='ltr'>Radulphi</span> 
     </span>
     <span class='ocr_line' id='line_1_160' title="bbox 1324 2382 2385 2425; baseline 0.005 -14"><span class='ocrx_word' id='word_1_1239' title='bbox 1324 2386 1435 2414; x_wconf 79' lang='lat' dir='ltr'>Comitis</span> <span class='ocrx_word' id='word_1_1240' title='bbox 1451 2382 1698 2422; x_wconf 77' lang='lat' dir='ltr'>Wstmerlana&#39;iae,</span> <span class='ocrx_word' id='word_1_1241' title='bbox 1715 2392 1748 2412; x_wconf 87' lang='lat' dir='ltr'>ac</span> <span class='ocrx_word' id='word_1_1242' title='bbox 1762 2384 1906 2413; x_wconf 71' lang='lat' dir='ltr'>Willielmi</span> <span class='ocrx_word' id='word_1_1243' title='bbox 1917 2386 2030 2414; x_wconf 66' lang='lat' dir='ltr'>Domini</span> <span class='ocrx_word' id='word_1_1244' title='bbox 2043 2384 2075 2413; x_wconf 81' lang='lat' dir='ltr'>de</span> <span class='ocrx_word' id='word_1_1245' title='bbox 2090 2388 2174 2425; x_wconf 77' lang='lat' dir='ltr'>Reos,</span> <span class='ocrx_word' id='word_1_1246' title='bbox 2193 2398 2308 2420; x_wconf 83' lang='lat' dir='ltr'>necnon</span> <span class='ocrx_word' id='word_1_1247' title='bbox 2317 2390 2385 2421; x_wconf 84' lang='lat' dir='ltr'>Do-</span> 
     </span>
     <span class='ocr_line' id='line_1_161' title="bbox 1325 2420 2386 2466; baseline 0.008 -15"><span class='ocrx_word' id='word_1_1248' title='bbox 1325 2423 1397 2451; x_wconf 87' lang='lat' dir='ltr'>mini</span> <span class='ocrx_word' id='word_1_1249' title='bbox 1412 2421 1538 2450; x_wconf 82' lang='lat' dir='ltr'>Arnaldi</span> <span class='ocrx_word' id='word_1_1250' title='bbox 1555 2426 1658 2458; x_wconf 82' lang='lat' dir='ltr'>Sanage</span> <span class='ocrx_word' id='word_1_1251' title='bbox 1673 2420 1865 2452; x_wconf 88' lang='lat' dir='ltr'>Prolocutori&#39;s</span> <span class='ocrx_word' id='word_1_1252' title='bbox 1878 2420 2103 2454; x_wconf 75' lang='lat' dir='ltr'>communitatis</span> <span class='ocrx_word' id='word_1_1253' title='bbox 2118 2423 2311 2466; x_wconf 86' lang='lat' dir='ltr'>Parliamenti,</span> <span class='ocrx_word' id='word_1_1254' title='bbox 2321 2430 2386 2460; x_wconf 86' lang='lat' dir='ltr'>vice</span> 
     </span>
     <span class='ocr_line' id='line_1_162' title="bbox 1322 2458 2386 2505; baseline 0.008 -16"><span class='ocrx_word' id='word_1_1255' title='bbox 1322 2460 1356 2491; x_wconf 91' lang='lat'>&amp;</span> <span class='ocrx_word' id='word_1_1256' title='bbox 1370 2460 1489 2490; x_wconf 88' lang='lat' dir='ltr'>nomine</span> <span class='ocrx_word' id='word_1_1257' title='bbox 1503 2460 1636 2489; x_wconf 88' lang='lat' dir='ltr'>omnium</span> <span class='ocrx_word' id='word_1_1258' title='bbox 1652 2458 1807 2490; x_wconf 84' lang='lat' dir='ltr'>Procerum</span> <span class='ocrx_word' id='word_1_1259' title='bbox 1816 2460 1848 2490; x_wconf 72' lang='grc' dir='ltr'>δε</span> <span class='ocrx_word' id='word_1_1260' title='bbox 1857 2458 2029 2497; x_wconf 66' lang='lat' dir='ltr'>Magnarum</span> <span class='ocrx_word' id='word_1_1261' title='bbox 2037 2472 2070 2492; x_wconf 89' lang='lat' dir='ltr'>ac</span> <span class='ocrx_word' id='word_1_1262' title='bbox 2078 2462 2304 2496; x_wconf 87' lang='lat' dir='ltr'>Communitatis</span> <span class='ocrx_word' id='word_1_1263' title='bbox 2314 2476 2386 2505; x_wconf 76' lang='lat' dir='ltr'>prae-</span> 
     </span>
     <span class='ocr_line' id='line_1_163' title="bbox 1321 2497 2386 2539; baseline 0.011 -13"><span class='ocrx_word' id='word_1_1264' title='bbox 1321 2497 1483 2535; x_wconf 73' lang='lat' dir='ltr'>diCtorum,</span> <span class='ocrx_word' id='word_1_1265' title='bbox 1500 2497 1635 2527; x_wconf 82' lang='lat' dir='ltr'>vicesimo</span> <span class='ocrx_word' id='word_1_1266' title='bbox 1659 2498 1759 2535; x_wconf 87' lang='lat' dir='ltr'>quinto</span> <span class='ocrx_word' id='word_1_1267' title='bbox 1778 2499 1826 2527; x_wconf 86' lang='lat' dir='ltr'>die</span> <span class='ocrx_word' id='word_1_1268' title='bbox 1850 2497 1957 2528; x_wconf 82' lang='lat' dir='ltr'>Menfis</span> <span class='ocrx_word' id='word_1_1269' title='bbox 1976 2500 2130 2539; x_wconf 79' lang='lat' dir='ltr'>Februarii,</span> <span class='ocrx_word' id='word_1_1270' title='bbox 2149 2501 2238 2534; x_wconf 89' lang='lat' dir='ltr'>Anno</span> <span class='ocrx_word' id='word_1_1271' title='bbox 2259 2504 2386 2538; x_wconf 83' lang='lat' dir='ltr'>Domini</span> 
     </span>
     <span class='ocr_line' id='line_1_164' title="bbox 1322 2535 1918 2575; baseline 0.002 -9"><span class='ocrx_word' id='word_1_1272' title='bbox 1322 2535 1478 2566; x_wconf 88' lang='lat' dir='ltr'>Millesimo</span> <span class='ocrx_word' id='word_1_1273' title='bbox 1489 2558 1498 2573; x_wconf 92' lang='lat'>,</span> <span class='ocrx_word' id='word_1_1274' title='bbox 1517 2536 1808 2575; x_wconf 79' lang='lat' dir='ltr'>Qadringentetimo</span> <span class='ocrx_word' id='word_1_1275' title='bbox 1824 2538 1918 2567; x_wconf 86' lang='lat' dir='ltr'>tertio.</span> 
     </span>
    </p>

    <p class='ocr_par' dir='ltr' id='par_1_49' title="bbox 1324 2612 1861 2668">
     <span class='ocr_line' id='line_1_165' title="bbox 1324 2612 1861 2668; baseline 0 -24"><span class='ocrx_word' id='word_1_1276' title='bbox 1324 2612 1393 2668; x_wconf 76' lang='lat' dir='ltr'>IN</span> <span class='ocrx_word' id='word_1_1277' title='bbox 1412 2612 1489 2645; x_wconf 68' lang='lat' dir='ltr'>Dat</span> <span class='ocrx_word' id='word_1_1278' title='bbox 1510 2612 1699 2655; x_wconf 60' lang='lat' dir='ltr'>Nouium:</span> <span class='ocrx_word' id='word_1_1279' title='bbox 1721 2612 1812 2656; x_wconf 78' lang='grc' dir='ltr'>ΑΜΕ</span> <span class='ocrx_word' id='word_1_1280' title='bbox 1826 2621 1861 2644; x_wconf 82' lang='lat' dir='ltr'>N.</span> 
     </span>
    </p>

    <p class='ocr_par' dir='ltr' id='par_1_50' title="bbox 1315 2650 2388 2851">
     <span class='ocr_line' id='line_1_166' title="bbox 1388 2650 2386 2694; baseline 0.009 -13"><span class='ocrx_word' id='word_1_1281' title='bbox 1388 2650 1443 2682; x_wconf 90' lang='lat' dir='ltr'>Per</span> <span class='ocrx_word' id='word_1_1282' title='bbox 1459 2652 1518 2682; x_wconf 88' lang='lat' dir='ltr'>hoc</span> <span class='ocrx_word' id='word_1_1283' title='bbox 1534 2654 1651 2689; x_wconf 71' lang='lat' dir='ltr'>pnelens</span> <span class='ocrx_word' id='word_1_1284' title='bbox 1666 2651 1820 2681; x_wconf 88' lang='lat' dir='ltr'>Publicum</span> <span class='ocrx_word' id='word_1_1285' title='bbox 1836 2651 2054 2685; x_wconf 84' lang='lat' dir='ltr'>Instrumentum</span> <span class='ocrx_word' id='word_1_1286' title='bbox 2063 2655 2173 2686; x_wconf 68' lang='lat' dir='ltr'>cunetis</span> <span class='ocrx_word' id='word_1_1287' title='bbox 2186 2658 2314 2694; x_wconf 76' lang='lat' dir='ltr'>appareat</span> <span class='ocrx_word' id='word_1_1288' title='bbox 2329 2660 2386 2690; x_wconf 85' lang='lat' dir='ltr'>evi-</span> 
     </span>
     <span class='ocr_line' id='line_1_167' title="bbox 1322 2689 2384 2735; baseline 0.009 -16"><span class='ocrx_word' id='word_1_1289' title='bbox 1322 2689 1419 2721; x_wconf 87' lang='lat' dir='ltr'>denter</span> <span class='ocrx_word' id='word_1_1290' title='bbox 1435 2690 1531 2727; x_wconf 56' lang='lat' dir='ltr'>quud,</span> <span class='ocrx_word' id='word_1_1291' title='bbox 1549 2690 1638 2721; x_wconf 89' lang='lat' dir='ltr'>Anno</span> <span class='ocrx_word' id='word_1_1292' title='bbox 1655 2689 1778 2720; x_wconf 87' lang='lat' dir='ltr'>Domini</span> <span class='ocrx_word' id='word_1_1293' title='bbox 1796 2689 1950 2722; x_wconf 64' lang='lat' dir='ltr'>Millefimo</span> <span class='ocrx_word' id='word_1_1294' title='bbox 1964 2715 1974 2730; x_wconf 91' lang='lat'>,</span> <span class='ocrx_word' id='word_1_1295' title='bbox 1993 2693 2286 2732; x_wconf 79' lang='lat' dir='ltr'>Qiadringentesinio</span> <span class='ocrx_word' id='word_1_1296' title='bbox 2303 2696 2384 2735; x_wconf 74' lang='lat' dir='ltr'>quar-</span> 
     </span>
     <span class='ocr_line' id='line_1_168' title="bbox 1315 2728 2382 2768; baseline 0.007 -11"><span class='ocrx_word' id='word_1_1297' title='bbox 1315 2737 1370 2767; x_wconf 80' lang='lat' dir='ltr'>-to,</span> <span class='ocrx_word' id='word_1_1298' title='bbox 1390 2728 1553 2759; x_wconf 67' lang='lat' dir='ltr'>indictione</span> <span class='ocrx_word' id='word_1_1299' title='bbox 1567 2728 1771 2766; x_wconf 76' lang='lat' dir='ltr'>Duodecima,</span> <span class='ocrx_word' id='word_1_1300' title='bbox 1790 2729 1977 2761; x_wconf 72' lang='lat' dir='ltr'>pontificatus</span> <span class='ocrx_word' id='word_1_1301' title='bbox 1992 2732 2131 2763; x_wconf 61' lang='lat' dir='ltr'>Sanctiffii</span> <span class='ocrx_word' id='word_1_1302' title='bbox 2147 2735 2175 2763; x_wconf 91' lang='lat' dir='ltr'>in</span> <span class='ocrx_word' id='word_1_1303' title='bbox 2195 2733 2311 2765; x_wconf 80' lang='lat' dir='ltr'>Christo</span> <span class='ocrx_word' id='word_1_1304' title='bbox 2326 2736 2382 2768; x_wconf 84' lang='lat' dir='ltr'>Pa-</span> 
     </span>
     <span class='ocr_line' id='line_1_169' title="bbox 1322 2766 2388 2814; baseline 0.008 -17"><span class='ocrx_word' id='word_1_1305' title='bbox 1322 2769 1385 2805; x_wconf 87' lang='lat' dir='ltr'>tris,</span> <span class='ocrx_word' id='word_1_1306' title='bbox 1401 2768 1433 2798; x_wconf 88' lang='lat'>&amp;</span> <span class='ocrx_word' id='word_1_1307' title='bbox 1450 2767 1575 2799; x_wconf 88' lang='lat' dir='ltr'>Domini</span> <span class='ocrx_word' id='word_1_1308' title='bbox 1595 2766 1708 2805; x_wconf 85' lang='lat' dir='ltr'>nostri,</span> <span class='ocrx_word' id='word_1_1309' title='bbox 1726 2767 1849 2798; x_wconf 88' lang='lat' dir='ltr'>Domini</span> <span class='ocrx_word' id='word_1_1310' title='bbox 1869 2768 2006 2808; x_wconf 78' lang='lat' dir='ltr'>Bonifacit&#39;</span> <span class='ocrx_word' id='word_1_1311' title='bbox 2021 2793 2031 2809; x_wconf 95' lang='lat'>,</span> <span class='ocrx_word' id='word_1_1312' title='bbox 2050 2770 2160 2803; x_wconf 76' lang='lat' dir='ltr'>Divina</span> <span class='ocrx_word' id='word_1_1313' title='bbox 2184 2772 2388 2814; x_wconf 76' lang='lat' dir='ltr'>Providentia,</span> 
     </span>
     <span class='ocr_line' id='line_1_170' title="bbox 1322 2805 2385 2851; baseline 0.008 -16"><span class='ocrx_word' id='word_1_1314' title='bbox 1322 2808 1404 2844; x_wconf 79' lang='lat' dir='ltr'>Papae</span> <span class='ocrx_word' id='word_1_1315' title='bbox 1428 2807 1505 2836; x_wconf 82' lang='lat' dir='ltr'>Noni</span> <span class='ocrx_word' id='word_1_1316' title='bbox 1526 2805 1614 2836; x_wconf 88' lang='lat' dir='ltr'>Anno</span> <span class='ocrx_word' id='word_1_1317' title='bbox 1636 2806 1882 2845; x_wconf 85' lang='lat' dir='ltr'>Qiintodecimo‚</span> <span class='ocrx_word' id='word_1_1318' title='bbox 1900 2809 1933 2838; x_wconf 89' lang='lat'>&amp;</span> <span class='ocrx_word' id='word_1_1319' title='bbox 1957 2807 2063 2840; x_wconf 85' lang='lat' dir='ltr'>Mensis</span> <span class='ocrx_word' id='word_1_1320' title='bbox 2083 2809 2164 2848; x_wconf 89' lang='lat' dir='ltr'>Junii</span> <span class='ocrx_word' id='word_1_1321' title='bbox 2177 2811 2222 2842; x_wconf 89' lang='lat' dir='ltr'>die</span> <span class='ocrx_word' id='word_1_1322' title='bbox 2236 2812 2338 2851; x_wconf 68' lang='lat' dir='ltr'>Sexrii,</span> <span class='ocrx_word' id='word_1_1323' title='bbox 2355 2815 2385 2844; x_wconf 85' lang='lat' dir='ltr'>in</span> 
     </span>
    </p>

    <p class='ocr_par' dir='ltr' id='par_1_51' title="bbox 1343 2845 2388 2888">
     <span class='ocr_line' id='line_1_171' title="bbox 1343 2845 2388 2888; baseline 0.008 -13"><span class='ocrx_word' id='word_1_1324' title='bbox 1343 2845 1448 2876; x_wconf 86' lang='lat' dir='ltr'>uodam</span> <span class='ocrx_word' id='word_1_1325' title='bbox 1470 2845 1603 2882; x_wconf 86' lang='lat' dir='ltr'>Hospitio</span> <span class='ocrx_word' id='word_1_1326' title='bbox 1617 2867 1628 2882; x_wconf 88' lang='lat'>,</span> <span class='ocrx_word' id='word_1_1327' title='bbox 1644 2845 1792 2883; x_wconf 84' lang='lat' dir='ltr'>vulgariter</span> <span class='ocrx_word' id='word_1_1328' title='bbox 1816 2855 1978 2884; x_wconf 86' lang='lat' dir='ltr'>nuncupato</span> <span class='ocrx_word' id='word_1_1329' title='bbox 2000 2848 2026 2878; x_wconf 91' lang='lat' dir='ltr'>le</span> <span class='ocrx_word' id='word_1_1330' title='bbox 2038 2847 2157 2880; x_wconf 91' lang='lat' dir='ltr'>Faconn</span> <span class='ocrx_word' id='word_1_1331' title='bbox 2173 2872 2184 2888; x_wconf 96' lang='lat'>,</span> <span class='ocrx_word' id='word_1_1332' title='bbox 2197 2849 2269 2881; x_wconf 89' lang='lat' dir='ltr'>infra</span> <span class='ocrx_word' id='word_1_1333' title='bbox 2282 2851 2388 2883; x_wconf 86' lang='lat' dir='ltr'>Villam</span> 
     </span>
    </p>

    <p class='ocr_par' dir='ltr' id='par_1_52' title="bbox 1323 2883 2388 3463">
     <span class='ocr_line' id='line_1_172' title="bbox 1354 2883 2386 2928; baseline 0.008 -15"><span class='ocrx_word' id='word_1_1334' title='bbox 1354 2883 1424 2914; x_wconf 83' lang='lat' dir='ltr'>alesii</span> <span class='ocrx_word' id='word_1_1335' title='bbox 1439 2883 1553 2921; x_wconf 82' lang='lat' dir='ltr'>situato,</span> <span class='ocrx_word' id='word_1_1336' title='bbox 1571 2885 1601 2913; x_wconf 90' lang='lat' dir='ltr'>in</span> <span class='ocrx_word' id='word_1_1337' title='bbox 1624 2885 1681 2913; x_wconf 90' lang='lat' dir='ltr'>mei</span> <span class='ocrx_word' id='word_1_1338' title='bbox 1704 2883 1817 2914; x_wconf 86' lang='lat' dir='ltr'>Notarii</span> <span class='ocrx_word' id='word_1_1339' title='bbox 1840 2885 1994 2922; x_wconf 88' lang='lat' dir='ltr'>publici&amp;</span> <span class='ocrx_word' id='word_1_1340' title='bbox 2011 2886 2146 2918; x_wconf 90' lang='lat' dir='ltr'>Testium</span> <span class='ocrx_word' id='word_1_1341' title='bbox 2171 2888 2386 2928; x_wconf 87' lang='lat' dir='ltr'>subscriptorum</span> 
     </span>
     <span class='ocr_line' id='line_1_173' title="bbox 1324 2921 2386 2967; baseline 0.007 -15"><span class='ocrx_word' id='word_1_1342' title='bbox 1324 2921 1469 2960; x_wconf 65' lang='lat' dir='ltr'>praesentia</span> <span class='ocrx_word' id='word_1_1343' title='bbox 1489 2922 1654 2953; x_wconf 86' lang='lat' dir='ltr'>constitutus</span> <span class='ocrx_word' id='word_1_1344' title='bbox 1672 2922 1848 2959; x_wconf 87' lang='lat' dir='ltr'>personaliter</span> <span class='ocrx_word' id='word_1_1345' title='bbox 1861 2945 1872 2960; x_wconf 91' lang='lat'>,</span> <span class='ocrx_word' id='word_1_1346' title='bbox 1897 2924 2016 2955; x_wconf 89' lang='lat' dir='ltr'>Nobilis</span> <span class='ocrx_word' id='word_1_1347' title='bbox 2037 2925 2087 2955; x_wconf 87' lang='lat' dir='ltr'>Vir</span> <span class='ocrx_word' id='word_1_1348' title='bbox 2099 2949 2113 2964; x_wconf 83' lang='grc'>,,</span> <span class='ocrx_word' id='word_1_1349' title='bbox 2129 2925 2275 2964; x_wconf 84' lang='lat' dir='ltr'>Johannes</span> <span class='ocrx_word' id='word_1_1350' title='bbox 2295 2929 2386 2967; x_wconf 84' lang='lat' dir='ltr'>Chyne</span> 
     </span>
     <span class='ocr_line' id='line_1_174' title="bbox 1324 2960 2385 3003; baseline 0.008 -13"><span class='ocrx_word' id='word_1_1351' title='bbox 1324 2960 1412 2992; x_wconf 85' lang='lat' dir='ltr'>Miles</span> <span class='ocrx_word' id='word_1_1352' title='bbox 1424 2983 1434 2999; x_wconf 89' lang='lat'>,</span> <span class='ocrx_word' id='word_1_1353' title='bbox 1460 2971 1493 2992; x_wconf 80' lang='lat' dir='ltr'>ac</span> <span class='ocrx_word' id='word_1_1354' title='bbox 1523 2960 1703 2991; x_wconf 83' lang='lat' dir='ltr'>Consiliarius</span> <span class='ocrx_word' id='word_1_1355' title='bbox 1729 2961 1748 2980; x_wconf 68' lang='lat'>³*</span> <span class='ocrx_word' id='word_1_1356' title='bbox 1778 2961 1810 2991; x_wconf 75' lang='grc' dir='ltr'>ὃ(</span> <span class='ocrx_word' id='word_1_1357' title='bbox 1834 2961 1867 2991; x_wconf 90' lang='lat' dir='ltr'>N</span> <span class='ocrx_word' id='word_1_1358' title='bbox 1872 2963 1971 2992; x_wconf 82' lang='lat' dir='ltr'>uncius</span> <span class='ocrx_word' id='word_1_1359' title='bbox 1988 2963 2110 3000; x_wconf 85' lang='lat' dir='ltr'>specialis</span> <span class='ocrx_word' id='word_1_1360' title='bbox 2124 2988 2133 3003; x_wconf 89' lang='lat'>,</span> <span class='ocrx_word' id='word_1_1361' title='bbox 2159 2965 2334 2998; x_wconf 81' lang='lat' dir='ltr'>Sereniffimi</span> <span class='ocrx_word' id='word_1_1362' title='bbox 2355 2967 2385 2999; x_wconf 86' lang='lat' dir='ltr'>in</span> 
     </span>
     <span class='ocr_line' id='line_1_175' title="bbox 1324 2998 2388 3045; baseline 0.008 -15"><span class='ocrx_word' id='word_1_1363' title='bbox 1324 3000 1442 3031; x_wconf 84' lang='lat' dir='ltr'>Christo</span> <span class='ocrx_word' id='word_1_1364' title='bbox 1457 3000 1597 3038; x_wconf 77' lang='lat' dir='ltr'>Principis</span> <span class='ocrx_word' id='word_1_1365' title='bbox 1611 2999 1643 3030; x_wconf 66' lang='grc' dir='ltr'>ὃς</span> <span class='ocrx_word' id='word_1_1366' title='bbox 1658 2998 1783 3029; x_wconf 84' lang='lat' dir='ltr'>Domini</span> <span class='ocrx_word' id='word_1_1367' title='bbox 1796 2999 1901 3038; x_wconf 88' lang='lat' dir='ltr'>nostri,</span> <span class='ocrx_word' id='word_1_1368' title='bbox 1920 3000 2044 3032; x_wconf 82' lang='lat' dir='ltr'>Domini</span> <span class='ocrx_word' id='word_1_1369' title='bbox 2057 3005 2188 3042; x_wconf 72' lang='lat' dir='ltr'>Hemici,</span> <span class='ocrx_word' id='word_1_1370' title='bbox 2207 3004 2266 3036; x_wconf 90' lang='lat' dir='ltr'>Dei</span> <span class='ocrx_word' id='word_1_1371' title='bbox 2283 3008 2388 3045; x_wconf 75' lang='lat' dir='ltr'>gratia,</span> 
     </span>
     <span class='ocr_line' id='line_1_176' title="bbox 1323 3038 2387 3083; baseline 0.008 -15"><span class='ocrx_word' id='word_1_1372' title='bbox 1323 3042 1402 3076; x_wconf 82' lang='lat' dir='ltr'>Regis</span> <span class='ocrx_word' id='word_1_1373' title='bbox 1416 3039 1529 3076; x_wconf 70' lang='lat' dir='ltr'>Angliae</span> <span class='ocrx_word' id='word_1_1374' title='bbox 1545 3040 1577 3068; x_wconf 84' lang='lat'>&amp;</span> <span class='ocrx_word' id='word_1_1375' title='bbox 1594 3041 1714 3067; x_wconf 72' lang='lat' dir='ltr'>Franciae</span> <span class='ocrx_word' id='word_1_1376' title='bbox 1730 3038 1763 3068; x_wconf 84' lang='lat'>&amp;</span> <span class='ocrx_word' id='word_1_1377' title='bbox 1780 3040 1890 3068; x_wconf 72' lang='lat' dir='ltr'>Domini</span> <span class='ocrx_word' id='word_1_1378' title='bbox 1906 3039 2061 3079; x_wconf 63' lang='lat' dir='ltr'>Hiberniae,</span> <span class='ocrx_word' id='word_1_1379' title='bbox 2079 3041 2250 3074; x_wconf 85' lang='lat' dir='ltr'>sufficienter</span> <span class='ocrx_word' id='word_1_1380' title='bbox 2265 3046 2299 3076; x_wconf 91' lang='lat'>&amp;</span> <span class='ocrx_word' id='word_1_1381' title='bbox 2315 3045 2387 3083; x_wconf 82' lang='lat' dir='ltr'>legi-</span> 
     </span>
     <span class='ocr_line' id='line_1_177' title="bbox 1323 3076 2383 3120; baseline 0.005 -12"><span class='ocrx_word' id='word_1_1382' title='bbox 1323 3078 1396 3108; x_wconf 80' lang='lat' dir='ltr'>time</span> <span class='ocrx_word' id='word_1_1383' title='bbox 1413 3078 1558 3116; x_wconf 87' lang='lat' dir='ltr'>deputatus</span> <span class='ocrx_word' id='word_1_1384' title='bbox 1574 3099 1583 3114; x_wconf 82' lang='lat'>,</span> <span class='ocrx_word' id='word_1_1385' title='bbox 1600 3076 1728 3114; x_wconf 89' lang='lat' dir='ltr'>quasdam</span> <span class='ocrx_word' id='word_1_1386' title='bbox 1751 3076 1870 3108; x_wconf 86' lang='lat' dir='ltr'>Litteras</span> <span class='ocrx_word' id='word_1_1387' title='bbox 1891 3078 2053 3114; x_wconf 79' lang='lat' dir='ltr'>Originales</span> <span class='ocrx_word' id='word_1_1388' title='bbox 2072 3079 2220 3120; x_wconf 81' lang='lat' dir='ltr'>Miffivas,</span> <span class='ocrx_word' id='word_1_1389' title='bbox 2238 3086 2383 3115; x_wconf 82' lang='lat' dir='ltr'>materiam</span> 
     </span>
     <span class='ocr_line' id='line_1_178' title="bbox 1323 3116 2386 3155; baseline 0.008 -9"><span class='ocrx_word' id='word_1_1390' title='bbox 1323 3116 1503 3155; x_wconf 79' lang='lat' dir='ltr'>Treugarum</span> <span class='ocrx_word' id='word_1_1391' title='bbox 1518 3123 1722 3146; x_wconf 84' lang='lat' dir='ltr'>concernentes</span> <span class='ocrx_word' id='word_1_1392' title='bbox 1736 3137 1746 3152; x_wconf 87' lang='lat'>,</span> <span class='ocrx_word' id='word_1_1393' title='bbox 1762 3125 1878 3153; x_wconf 82' lang='lat' dir='ltr'>quarum</span> <span class='ocrx_word' id='word_1_1394' title='bbox 1896 3118 1953 3147; x_wconf 86' lang='lat' dir='ltr'>veri</span> <span class='ocrx_word' id='word_1_1395' title='bbox 1972 3118 2102 3148; x_wconf 88' lang='lat' dir='ltr'>Tenores</span> <span class='ocrx_word' id='word_1_1396' title='bbox 2115 3119 2151 3149; x_wconf 90' lang='lat' dir='ltr'>de</span> <span class='ocrx_word' id='word_1_1397' title='bbox 2167 3118 2257 3151; x_wconf 91' lang='lat' dir='ltr'>verbo</span> <span class='ocrx_word' id='word_1_1398' title='bbox 2272 3123 2306 3152; x_wconf 92' lang='lat' dir='ltr'>ad</span> <span class='ocrx_word' id='word_1_1399' title='bbox 2322 3124 2386 3154; x_wconf 79' lang='lat' dir='ltr'>ver-</span> 
     </span>
     <span class='ocr_line' id='line_1_179' title="bbox 1325 3153 2386 3198; baseline 0.007 -13"><span class='ocrx_word' id='word_1_1400' title='bbox 1325 3156 1395 3185; x_wconf 90' lang='lat' dir='ltr'>bum</span> <span class='ocrx_word' id='word_1_1401' title='bbox 1410 3157 1439 3184; x_wconf 90' lang='lat' dir='ltr'>in</span> <span class='ocrx_word' id='word_1_1402' title='bbox 1456 3154 1583 3193; x_wconf 78' lang='lat' dir='ltr'>praeienti</span> <span class='ocrx_word' id='word_1_1403' title='bbox 1601 3153 1712 3184; x_wconf 88' lang='lat' dir='ltr'>Rotulo</span> <span class='ocrx_word' id='word_1_1404' title='bbox 1724 3154 1962 3196; x_wconf 78' lang='lat' dir='ltr'>suprascribuntur</span> <span class='ocrx_word' id='word_1_1405' title='bbox 1977 3158 2011 3188; x_wconf 68' lang='grc' dir='ltr'>ὃς</span> <span class='ocrx_word' id='word_1_1406' title='bbox 2025 3158 2192 3198; x_wconf 86' lang='lat' dir='ltr'>recitantur,</span> <span class='ocrx_word' id='word_1_1407' title='bbox 2212 3160 2386 3192; x_wconf 82' lang='lat' dir='ltr'>mihiNota·</span> 
     </span>
     <span class='ocr_line' id='line_1_180' title="bbox 1323 3192 2380 3262; baseline 0.008 -39"><span class='ocrx_word' id='word_1_1408' title='bbox 1323 3195 1367 3238; x_wconf 79' lang='lat' dir='ltr'>rio</span> <span class='ocrx_word' id='word_1_1409' title='bbox 1380 3192 1536 3262; x_wconf 46' lang='lat' dir='ltr'>subsgripto</span> <span class='ocrx_word' id='word_1_1410' title='bbox 1553 3192 1658 3223; x_wconf 84' lang='lat' dir='ltr'>realiter</span> <span class='ocrx_word' id='word_1_1411' title='bbox 1670 3192 1798 3231; x_wconf 75' lang='lat' dir='ltr'>tradidit,</span> <span class='ocrx_word' id='word_1_1412' title='bbox 1818 3195 1851 3225; x_wconf 73' lang='grc' dir='ltr'>δε</span> <span class='ocrx_word' id='word_1_1413' title='bbox 1866 3194 2027 3226; x_wconf 82' lang='lat' dir='ltr'>deliberavit</span> <span class='ocrx_word' id='word_1_1414' title='bbox 2041 3195 2154 3227; x_wconf 83' lang='lat' dir='ltr'>fideliter</span> <span class='ocrx_word' id='word_1_1415' title='bbox 2170 3200 2284 3236; x_wconf 82' lang='lat' dir='ltr'>copiare</span> <span class='ocrx_word' id='word_1_1416' title='bbox 2297 3224 2307 3237; x_wconf 86' lang='lat'>,</span> <span class='ocrx_word' id='word_1_1417' title='bbox 2328 3210 2380 3231; x_wconf 88' lang='lat' dir='ltr'>co-</span> 
     </span>
     <span class='ocr_line' id='line_1_181' title="bbox 1334 3241 1811 3263; baseline -0.004 -1"><span class='ocrx_word' id='word_1_1418' title='bbox 1334 3242 1428 3263; x_wconf 69' lang='lat' dir='ltr'>narive</span> <span class='ocrx_word' id='word_1_1419' title='bbox 1455 3241 1534 3263; x_wconf 86' lang='lat' dir='ltr'>acere</span> <span class='ocrx_word' id='word_1_1420' title='bbox 1808 3257 1811 3260; x_wconf 90' lang='lat'>.</span> 
     </span>
     <span class='ocr_line' id='line_1_182' title="bbox 1326 3243 2383 3314; baseline 0.006 -13"><span class='ocrx_word' id='word_1_1421' title='bbox 1326 3243 1339 3270; x_wconf 48' lang='lat' dir='ltr'>l</span> <span class='ocrx_word' id='word_1_1422' title='bbox 1362 3272 1405 3302; x_wconf 88' lang='lat' dir='ltr'>Ac</span> <span class='ocrx_word' id='word_1_1423' title='bbox 1418 3254 1560 3311; x_wconf 71' lang='lat' dir='ltr'>requilivi’t</span> <span class='ocrx_word' id='word_1_1424' title='bbox 1573 3279 1619 3299; x_wconf 89' lang='lat' dir='ltr'>me</span> <span class='ocrx_word' id='word_1_1425' title='bbox 1633 3269 1754 3300; x_wconf 90' lang='lat' dir='ltr'>eundem</span> <span class='ocrx_word' id='word_1_1426' title='bbox 1771 3269 1928 3302; x_wconf 85' lang='lat' dir='ltr'>Notarium</span> <span class='ocrx_word' id='word_1_1427' title='bbox 1945 3273 2023 3310; x_wconf 80' lang='lat' dir='ltr'>quod</span> <span class='ocrx_word' id='word_1_1428' title='bbox 2041 3273 2184 3310; x_wconf 87' lang='lat' dir='ltr'>publicum</span> <span class='ocrx_word' id='word_1_1429' title='bbox 2201 3273 2258 3305; x_wconf 85' lang='lat' dir='ltr'>five</span> <span class='ocrx_word' id='word_1_1430' title='bbox 2270 3276 2383 3314; x_wconf 73' lang='lat' dir='ltr'>publica</span> 
     </span>
     <span class='ocr_line' id='line_1_183' title="bbox 1325 3308 2382 3351; baseline 0.006 -11"><span class='ocrx_word' id='word_1_1431' title='bbox 1325 3309 1499 3340; x_wconf 85' lang='lat' dir='ltr'>conficerem</span> <span class='ocrx_word' id='word_1_1432' title='bbox 1513 3308 1736 3339; x_wconf 86' lang='lat' dir='ltr'>Instrumentum</span> <span class='ocrx_word' id='word_1_1433' title='bbox 1752 3309 1807 3339; x_wconf 84' lang='lat' dir='ltr'>sive</span> <span class='ocrx_word' id='word_1_1434' title='bbox 1821 3308 2026 3350; x_wconf 80' lang='lat' dir='ltr'>instrumenta,</span> <span class='ocrx_word' id='word_1_1435' title='bbox 2045 3312 2080 3342; x_wconf 89' lang='lat' dir='ltr'>de</span> <span class='ocrx_word' id='word_1_1436' title='bbox 2091 3315 2124 3343; x_wconf 84' lang='lat'>&amp;</span> <span class='ocrx_word' id='word_1_1437' title='bbox 2140 3313 2217 3351; x_wconf 89' lang='lat' dir='ltr'>super</span> <span class='ocrx_word' id='word_1_1438' title='bbox 2233 3316 2305 3345; x_wconf 90' lang='lat' dir='ltr'>veris</span> <span class='ocrx_word' id='word_1_1439' title='bbox 2321 3315 2382 3346; x_wconf 89' lang='lat' dir='ltr'>Te·-</span> 
     </span>
     <span class='ocr_line' id='line_1_184' title="bbox 1325 3347 2381 3386; baseline 0.005 -7"><span class='ocrx_word' id='word_1_1440' title='bbox 1325 3349 1440 3379; x_wconf 89' lang='lat' dir='ltr'>noribus</span> <span class='ocrx_word' id='word_1_1441' title='bbox 1452 3347 1616 3378; x_wconf 87' lang='lat' dir='ltr'>earumdem</span> <span class='ocrx_word' id='word_1_1442' title='bbox 1633 3347 1803 3378; x_wconf 84' lang='lat' dir='ltr'>Litterarum</span> <span class='ocrx_word' id='word_1_1443' title='bbox 1818 3370 1828 3385; x_wconf 95' lang='lat'>,</span> <span class='ocrx_word' id='word_1_1444' title='bbox 1844 3349 1879 3378; x_wconf 87' lang='lat' dir='ltr'>ita</span> <span class='ocrx_word' id='word_1_1445' title='bbox 1896 3350 1976 3386; x_wconf 76' lang='lat' dir='ltr'>quod</span> <span class='ocrx_word' id='word_1_1446' title='bbox 1989 3360 2062 3381; x_wconf 87' lang='lat' dir='ltr'>tanta</span> <span class='ocrx_word' id='word_1_1447' title='bbox 2077 3350 2143 3381; x_wconf 84' lang='lat' dir='ltr'>fides</span> <span class='ocrx_word' id='word_1_1448' title='bbox 2158 3352 2283 3383; x_wconf 87' lang='lat' dir='ltr'>adhiberi</span> <span class='ocrx_word' id='word_1_1449' title='bbox 2296 3354 2381 3384; x_wconf 83' lang='lat' dir='ltr'>valeat</span> 
     </span>
     <span class='ocr_line' id='line_1_185' title="bbox 1324 3384 2382 3429; baseline 0.006 -12"><span class='ocrx_word' id='word_1_1450' title='bbox 1324 3386 1487 3417; x_wconf 66' lang='lat' dir='ltr'>earumdem</span> <span class='ocrx_word' id='word_1_1451' title='bbox 1502 3387 1670 3416; x_wconf 81' lang='lat' dir='ltr'>Litterarum</span> <span class='ocrx_word' id='word_1_1452' title='bbox 1685 3384 1787 3424; x_wconf 84' lang='lat' dir='ltr'>Copiis</span> <span class='ocrx_word' id='word_1_1453' title='bbox 1807 3386 1986 3426; x_wconf 79' lang='lat' dir='ltr'>hujusmodi,</span> <span class='ocrx_word' id='word_1_1454' title='bbox 2006 3389 2086 3420; x_wconf 80' lang='lat' dir='ltr'>sicuti</span> <span class='ocrx_word' id='word_1_1455' title='bbox 2100 3390 2213 3421; x_wconf 83' lang='lat' dir='ltr'>Litteris</span> <span class='ocrx_word' id='word_1_1456' title='bbox 2227 3390 2382 3429; x_wconf 78' lang='lat' dir='ltr'>Originali-</span> 
     </span>
     <span class='ocr_line' id='line_1_186' title="bbox 1325 3424 1892 3463; baseline -0.007 -7"><span class='ocrx_word' id='word_1_1457' title='bbox 1325 3427 1392 3463; x_wconf 90' lang='lat' dir='ltr'>bus,</span> <span class='ocrx_word' id='word_1_1458' title='bbox 1408 3425 1526 3456; x_wconf 86' lang='lat' dir='ltr'>ubilibet</span> <span class='ocrx_word' id='word_1_1459' title='bbox 1543 3426 1571 3455; x_wconf 90' lang='lat' dir='ltr'>in</span> <span class='ocrx_word' id='word_1_1460' title='bbox 1587 3424 1711 3461; x_wconf 87' lang='lat' dir='ltr'>agendis.</span> <span class='ocrx_word' id='word_1_1461' title='bbox 1889 3450 1892 3452; x_wconf 92' lang='lat'>.</span> 
     </span>
    </p>
   </div>
   <div class='ocr_carea' id='block_1_16' title="bbox 1322 3500 2381 3925">
    <p class='ocr_par' dir='ltr' id='par_1_53' title="bbox 1322 3500 2381 3610">
     <span class='ocr_line' id='line_1_187' title="bbox 1362 3500 2381 3545; baseline 0.003 -13"><span class='ocrx_word' id='word_1_1462' title='bbox 1362 3501 1436 3532; x_wconf 65' lang='lat' dir='ltr'>Aeta</span> <span class='ocrx_word' id='word_1_1463' title='bbox 1448 3502 1509 3532; x_wconf 89' lang='lat' dir='ltr'>sunt</span> <span class='ocrx_word' id='word_1_1464' title='bbox 1523 3502 1602 3538; x_wconf 82' lang='lat' dir='ltr'>haec,</span> <span class='ocrx_word' id='word_1_1465' title='bbox 1621 3510 1704 3538; x_wconf 86' lang='lat' dir='ltr'>prout</span> <span class='ocrx_word' id='word_1_1466' title='bbox 1727 3500 1960 3540; x_wconf 84' lang='lat' dir='ltr'>suprascribuntur</span> <span class='ocrx_word' id='word_1_1467' title='bbox 1979 3504 2011 3535; x_wconf 90' lang='lat'>&amp;</span> <span class='ocrx_word' id='word_1_1468' title='bbox 2032 3505 2179 3537; x_wconf 88' lang='lat' dir='ltr'>recitantur</span> <span class='ocrx_word' id='word_1_1469' title='bbox 2194 3530 2203 3545; x_wconf 89' lang='lat'>,</span> <span class='ocrx_word' id='word_1_1470' title='bbox 2220 3506 2270 3537; x_wconf 86' lang='lat' dir='ltr'>sub</span> <span class='ocrx_word' id='word_1_1471' title='bbox 2292 3505 2381 3536; x_wconf 84' lang='lat' dir='ltr'>Anno·</span> 
     </span>
     <span class='ocr_line' id='line_1_188' title="bbox 1322 3539 2377 3610; baseline 0.003 -40"><span class='ocrx_word' id='word_1_1472' title='bbox 1322 3541 1451 3610; x_wconf 71' lang='lat' dir='ltr'>1Doransini</span> <span class='ocrx_word' id='word_1_1473' title='bbox 1468 3563 1478 3584; x_wconf 75' lang='lat'>,</span> <span class='ocrx_word' id='word_1_1474' title='bbox 1495 3539 1658 3571; x_wconf 62' lang='lat' dir='ltr'>Indictione</span> <span class='ocrx_word' id='word_1_1475' title='bbox 1670 3562 1681 3579; x_wconf 91' lang='lat'>,</span> <span class='ocrx_word' id='word_1_1476' title='bbox 1699 3539 1871 3571; x_wconf 81' lang='lat' dir='ltr'>Pontificatu</span> <span class='ocrx_word' id='word_1_1477' title='bbox 1881 3563 1890 3578; x_wconf 90' lang='lat'>,</span> <span class='ocrx_word' id='word_1_1478' title='bbox 1910 3541 2030 3582; x_wconf 82' lang='lat' dir='ltr'>Mense,</span> <span class='ocrx_word' id='word_1_1479' title='bbox 2048 3544 2095 3574; x_wconf 88' lang='lat' dir='ltr'>die</span> <span class='ocrx_word' id='word_1_1480' title='bbox 2114 3545 2147 3575; x_wconf 68' lang='grc' dir='ltr'>ὃς</span> <span class='ocrx_word' id='word_1_1481' title='bbox 2162 3546 2228 3576; x_wconf 86' lang='lat' dir='ltr'>loco</span> <span class='ocrx_word' id='word_1_1482' title='bbox 2245 3545 2377 3583; x_wconf 63' lang='lat' dir='ltr'>proxime</span> 
     </span>
     <span class='ocr_line' id='line_1_189' title="bbox 1335 3588 1493 3610; baseline -0.006 0"><span class='ocrx_word' id='word_1_1483' title='bbox 1335 3591 1350 3610; x_wconf 92' lang='lat' dir='ltr'>u</span> <span class='ocrx_word' id='word_1_1484' title='bbox 1372 3590 1383 3610; x_wconf 91' lang='lat' dir='ltr'>r</span> <span class='ocrx_word' id='word_1_1485' title='bbox 1410 3589 1438 3610; x_wconf 92' lang='lat' dir='ltr'>ci</span> <span class='ocrx_word' id='word_1_1486' title='bbox 1459 3588 1493 3609; x_wconf 90' lang='lat' dir='ltr'>tis</span> 
     </span>
    </p>

    <p class='ocr_par' dir='ltr' id='par_1_54' title="bbox 1352 3589 1958 3657">
     <span class='ocr_line' id='line_1_190' title="bbox 1352 3589 1958 3657; baseline 0 -10"><span class='ocrx_word' id='word_1_1487' title='bbox 1352 3590 1371 3618; x_wconf 77' lang='lat' dir='ltr'>p</span> <span class='ocrx_word' id='word_1_1488' title='bbox 1440 3589 1458 3617; x_wconf 73' lang='lat' dir='ltr'>p</span> <span class='ocrx_word' id='word_1_1489' title='bbox 1501 3601 1511 3618; x_wconf 61' lang='lat'>³</span> <span class='ocrx_word' id='word_1_1490' title='bbox 1757 3616 1958 3657; x_wconf 82' lang='lat' dir='ltr'>Praesentibus,</span> 
     </span>
    </p>

    <p class='ocr_par' dir='ltr' id='par_1_55' title="bbox 1365 3654 1606 3692">
     <span class='ocr_line' id='line_1_191' title="bbox 1365 3654 1606 3692; baseline -0.008 -6"><span class='ocrx_word' id='word_1_1491' title='bbox 1365 3656 1500 3686; x_wconf 87' lang='lat' dir='ltr'>Discretis</span> <span class='ocrx_word' id='word_1_1492' title='bbox 1512 3654 1606 3692; x_wconf 78' lang='lat' dir='ltr'>Viris,</span> 
     </span>
    </p>

    <p class='ocr_par' dir='ltr' id='par_1_56' title="bbox 1361 3693 1631 3733">
     <span class='ocr_line' id='line_1_192' title="bbox 1361 3693 1631 3733; baseline -0.004 -10"><span class='ocrx_word' id='word_1_1493' title='bbox 1361 3695 1494 3733; x_wconf 80' lang='lat' dir='ltr'>Johanne</span> <span class='ocrx_word' id='word_1_1494' title='bbox 1514 3693 1631 3731; x_wconf 75' lang='lat' dir='ltr'>cheyne,</span> 
     </span>
    </p>

    <p class='ocr_par' dir='ltr' id='par_1_57' title="bbox 1361 3732 1639 3772">
     <span class='ocr_line' id='line_1_193' title="bbox 1361 3732 1639 3772; baseline -0.007 -10"><span class='ocrx_word' id='word_1_1495' title='bbox 1361 3732 1493 3772; x_wconf 74' lang='lat' dir='ltr'>Johanne</span> <span class='ocrx_word' id='word_1_1496' title='bbox 1507 3735 1531 3760; x_wconf 89' lang='lat' dir='ltr'>G</span> <span class='ocrx_word' id='word_1_1497' title='bbox 1528 3732 1625 3770; x_wconf 65' lang='lat' dir='ltr'>yffard</span> <span class='ocrx_word' id='word_1_1498' title='bbox 1627 3754 1639 3770; x_wconf 86' lang='lat'>,</span> 
     </span>
    </p>

    <p class='ocr_par' dir='ltr' id='par_1_58' title="bbox 1363 3771 1595 3807">
     <span class='ocr_line' id='line_1_194' title="bbox 1363 3771 1595 3807; baseline -0.009 -6"><span class='ocrx_word' id='word_1_1499' title='bbox 1363 3775 1467 3801; x_wconf 74' lang='lat' dir='ltr'>Simone</span> <span class='ocrx_word' id='word_1_1500' title='bbox 1481 3771 1595 3807; x_wconf 79' lang='lat' dir='ltr'>Wlles,</span> 
     </span>
    </p>

    <p class='ocr_par' dir='ltr' id='par_1_59' title="bbox 1363 3807 1651 3849">
     <span class='ocr_line' id='line_1_195' title="bbox 1363 3807 1651 3849; baseline -0.007 -9"><span class='ocrx_word' id='word_1_1501' title='bbox 1363 3812 1407 3841; x_wconf 89' lang='lat' dir='ltr'><em>W</em></span> <span class='ocrx_word' id='word_1_1502' title='bbox 1405 3809 1511 3839; x_wconf 78' lang='lat' dir='ltr'>ilhelmo</span> <span class='ocrx_word' id='word_1_1503' title='bbox 1522 3813 1547 3839; x_wconf 85' lang='lat' dir='ltr'><em>G</em></span> <span class='ocrx_word' id='word_1_1504' title='bbox 1542 3807 1640 3849; x_wconf 76' lang='lat' dir='ltr'>yffard</span> <span class='ocrx_word' id='word_1_1505' title='bbox 1642 3831 1651 3846; x_wconf 88' lang='lat'>,</span> 
     </span>
    </p>

    <p class='ocr_par' dir='ltr' id='par_1_60' title="bbox 1363 3849 1863 3887">
     <span class='ocr_line' id='line_1_196' title="bbox 1363 3849 1863 3887; baseline 0.002 -8"><span class='ocrx_word' id='word_1_1506' title='bbox 1363 3849 1538 3887; x_wconf 80' lang='lat' dir='ltr'>Armigeris,</span> <span class='ocrx_word' id='word_1_1507' title='bbox 1861 3878 1863 3880; x_wconf 91' lang='lat'>.</span> 
     </span>
    </p>

    <p class='ocr_par' dir='ltr' id='par_1_61' title="bbox 1368 3883 2175 3925">
     <span class='ocr_line' id='line_1_197' title="bbox 1368 3883 2175 3925; baseline -0.001 -8"><span class='ocrx_word' id='word_1_1508' title='bbox 1368 3885 1505 3917; x_wconf 87' lang='lat' dir='ltr'>Testibus</span> <span class='ocrx_word' id='word_1_1509' title='bbox 1518 3886 1552 3918; x_wconf 89' lang='lat' dir='ltr'>ad</span> <span class='ocrx_word' id='word_1_1510' title='bbox 1564 3883 1707 3925; x_wconf 74' lang='lat' dir='ltr'>praernissa</span> <span class='ocrx_word' id='word_1_1511' title='bbox 1720 3886 1826 3916; x_wconf 85' lang='lat' dir='ltr'>vocatis</span> <span class='ocrx_word' id='word_1_1512' title='bbox 1845 3883 1997 3924; x_wconf 84' lang='lat' dir='ltr'>specialiter</span> <span class='ocrx_word' id='word_1_1513' title='bbox 2012 3885 2045 3916; x_wconf 89' lang='lat'>&amp;</span> <span class='ocrx_word' id='word_1_1514' title='bbox 2062 3885 2175 3922; x_wconf 53' lang='lat' dir='ltr'>rogatis.»</span> 
     </span>
    </p>
   </div>
   <div class='ocr_carea' id='block_1_17' title="bbox 1327 3958 2388 4081">
    <p class='ocr_par' dir='ltr' id='par_1_62' title="bbox 1327 3958 2388 4081">
     <span class='ocr_line' id='line_1_198' title="bbox 1363 3958 2388 4002; baseline 0.003 -10"><span class='ocrx_word' id='word_1_1515' title='bbox 1363 3965 1406 3992; x_wconf 82' lang='lat' dir='ltr'>Et</span> <span class='ocrx_word' id='word_1_1516' title='bbox 1421 3965 1481 4000; x_wconf 85' lang='lat' dir='ltr'>Ego</span> <span class='ocrx_word' id='word_1_1517' title='bbox 1495 3963 1598 3994; x_wconf 90' lang='lat' dir='ltr'>Simon</span> <span class='ocrx_word' id='word_1_1518' title='bbox 1615 3963 1724 4000; x_wconf 79' lang='lat' dir='ltr'>Flegg&#39;,</span> <span class='ocrx_word' id='word_1_1519' title='bbox 1742 3960 1856 3992; x_wconf 80' lang='lat' dir='ltr'>Clericus</span> <span class='ocrx_word' id='word_1_1520' title='bbox 1871 3958 2049 4001; x_wconf 75' lang='lat' dir='ltr'>Nm·wicenfis</span> <span class='ocrx_word' id='word_1_1521' title='bbox 2067 3961 2189 4002; x_wconf 74' lang='lat' dir='ltr'>Dtoecefir</span> <span class='ocrx_word' id='word_1_1522' title='bbox 2198 3963 2321 3994; x_wconf 73' lang='lat' dir='ltr'>Publimr</span> <span class='ocrx_word' id='word_1_1523' title='bbox 2334 3971 2388 3995; x_wconf 53' lang='lat' dir='ltr'>asic*</span> 
     </span>
     <span class='ocr_line' id='line_1_199' title="bbox 1329 3998 2384 4042; baseline 0.001 -12"><span class='ocrx_word' id='word_1_1524' title='bbox 1329 4002 1460 4030; x_wconf 60' lang='lat' dir='ltr'>&amp;oritate</span> <span class='ocrx_word' id='word_1_1525' title='bbox 1474 4001 1628 4042; x_wconf 60' lang='lat' dir='ltr'>apostolica</span> <span class='ocrx_word' id='word_1_1526' title='bbox 1645 4003 1783 4031; x_wconf 79' lang='lat' dir='ltr'>Notarius</span> <span class='ocrx_word' id='word_1_1527' title='bbox 1792 4023 1800 4037; x_wconf 89' lang='lat'>,</span> <span class='ocrx_word' id='word_1_1528' title='bbox 1810 3998 1994 4038; x_wconf 81' lang='lat' dir='ltr'>praefatarum</span> <span class='ocrx_word' id='word_1_1529' title='bbox 2007 4002 2182 4031; x_wconf 74' lang='lat' dir='ltr'>Litierarum</span> <span class='ocrx_word' id='word_1_1530' title='bbox 2195 4002 2384 4039; x_wconf 65' lang='lat' dir='ltr'>tradittoxi&amp;</span> 
     </span>
     <span class='ocr_line' id='line_1_200' title="bbox 1327 4036 2381 4081; baseline -0.006 -11"><span class='ocrx_word' id='word_1_1531' title='bbox 1327 4037 1530 4078; x_wconf 63' lang='lat' dir='ltr'>dellberatio71i,</span> <span class='ocrx_word' id='word_1_1532' title='bbox 1547 4039 1699 4079; x_wconf 52' lang='lat' dir='ltr'>caeterisque</span> <span class='ocrx_word' id='word_1_1533' title='bbox 1714 4037 1854 4081; x_wconf 36' lang='lat' dir='ltr'>Praemiffi&#39;s</span> <span class='ocrx_word' id='word_1_1534' title='bbox 1870 4038 1990 4067; x_wconf 71' lang='lat' dir='ltr'>omnibus</span> <span class='ocrx_word' id='word_1_1535' title='bbox 2004 4036 2042 4075; x_wconf 52' lang='grc' dir='ltr'>ὠ,</span> <span class='ocrx_word' id='word_1_1536' title='bbox 2050 4036 2166 4078; x_wconf 54' lang='lat' dir='ltr'>smgplss</span> <span class='ocrx_word' id='word_1_1537' title='bbox 2179 4065 2189 4080; x_wconf 60' lang='lat'>²</span> <span class='ocrx_word' id='word_1_1538' title='bbox 2205 4041 2381 4081; x_wconf 58' lang='lat' dir='ltr'>aumstcjsst</span> 
     </span>
    </p>
   </div>
   <div class='ocr_carea' id='block_1_18' title="bbox 2310 4086 2382 4116">
    <p class='ocr_par' dir='ltr' id='par_1_63' title="bbox 2310 4086 2382 4116">
     <span class='ocr_line' id='line_1_201' title="bbox 2310 4086 2382 4116; baseline 0 0"><span class='ocrx_word' id='word_1_1539' title='bbox 2310 4086 2382 4116; x_wconf 60' lang='lat' dir='ltr'>pm„</span> 
     </span>
    </p>
   </div>
   <div class='ocr_carea' id='block_1_19' title="bbox 2406 238 2533 274">
    <p class='ocr_par' dir='ltr' id='par_1_64' title="bbox 2406 238 2533 274">
     <span class='ocr_line' id='line_1_202' title="bbox 2406 238 2533 274; baseline 0.008 -5"><span class='ocrx_word' id='word_1_1540' title='bbox 2406 238 2482 270; x_wconf 87' lang='lat' dir='ltr'>Ann.</span> <span class='ocrx_word' id='word_1_1541' title='bbox 2491 243 2533 274; x_wconf 77' lang='lat' dir='ltr'>D,</span> 
     </span>
    </p>
   </div>
   <div class='ocr_carea' id='block_1_20' title="bbox 2399 287 2514 354">
    <p class='ocr_par' dir='ltr' id='par_1_65' title="bbox 2399 287 2514 354">
     <span class='ocr_line' id='line_1_203' title="bbox 2425 287 2510 316; baseline 0 -9"><span class='ocrx_word' id='word_1_1542' title='bbox 2425 287 2510 316; x_wconf 69' lang='lat'>1404,</span> 
     </span>
     <span class='ocr_line' id='line_1_204' title="bbox 2399 320 2514 354; baseline 0.009 -11"><span class='ocrx_word' id='word_1_1543' title='bbox 2399 320 2465 345; x_wconf 73' lang='lat' dir='ltr'>Han.</span> <span class='ocrx_word' id='word_1_1544' title='bbox 2485 329 2514 354; x_wconf 76' lang='lat'>4.</span> 
     </span>
    </p>
   </div>
   <div class='ocr_carea' id='block_1_21' title="bbox 2406 2973 2533 3050">
    <p class='ocr_par' dir='ltr' id='par_1_66' title="bbox 2406 2973 2533 3050">
     <span class='ocr_line' id='line_1_205' title="bbox 2406 2973 2533 3002; baseline 0.008 -2"><span class='ocrx_word' id='word_1_1545' title='bbox 2406 2973 2426 2993; x_wconf 53' lang='grc' dir='ltr'>θ*</span> <span class='ocrx_word' id='word_1_1546' title='bbox 2450 2975 2533 3002; x_wconf 74' lang='lat' dir='ltr'>vrri,</span> 
     </span>
     <span class='ocr_line' id='line_1_206' title="bbox 2437 3021 2500 3050; baseline 0 0"><span class='ocrx_word' id='word_1_1547' title='bbox 2437 3021 2500 3050; x_wconf 86' lang='lat'>35¹·</span> 
     </span>
    </p>
   </div>
  </div>
 </body>
</html>
