2562 4274
781 161 893 203 ET
979 162 1247 206 ACTA

209 246 368 285 gentefimo
383 246 536 284 Secundo,
556 245 718 277 Indictione
733 246 847 278 decima
859 271 869 285 ,
893 248 1078 280 Pontificatus
1093 249 1263 280 Sanfflffimi

209 288 239 316 in
254 285 370 316 Christo
392 285 479 315 Patris
500 285 533 315 &
554 284 677 315 Domini
700 285 812 323 nostri,
839 285 962 316 Domini
981 286 1136 325 Boriifacii,
1156 287 1263 318 Divina

1342 167 1811 216 PUBLICA:
2322 189 2374 229 29

1307 251 1400 295 diasta,
1419 251 1552 296 Sigillum
1566 256 1636 299 disti
1653 258 1815 289 Reverendi
1831 258 1861 288 in
1884 258 2001 290 Christo
2020 256 2108 291 Patris
2127 260 2251 293 Domini
2266 262 2369 295 Henri-
2386 263 2459 293 Ann,
2478 263 2518 297 D,

1305 299 1350 327 ci,
1369 291 1536 330 Deigratiit,
1554 294 1759 328 Lincolniensis
1767 297 1902 335 Episcopi
1910 298 2263 337 praeditsti,Procuratorio
2271 303 2367 334 nostro
2406 306 2491 339 1402,

61 240 136 275 Ann.
145 239 187 273 D.

80 289 165 320 1402.

58 325 120 349 Hm.
138 331 167 356 4·

52 939 181 972 vi*VIIL

77 982 142 1008 26e.

208 322 405 360 Providentifi,
424 325 505 362 Papae
519 325 613 360 Noni,
622 323 709 353 Anno
723 324 957 364 Terriodecimo,
973 327 1007 357 ὃς
1023 322 1129 356 Mensis
1138 325 1209 356 Maii
1218 326 1264 355 die

210 358 447 401 Qartadecima,
463 370 562 391 coram
575 360 755 392 Sereiiissimo
770 363 799 391 in
814 360 931 392 Christo
951 363 1085 402 Principe
1108 366 1141 396 ὃς
1157 363 1263 394 Domi-

205 410 245 430 no
262 398 377 436 nostro,
396 398 530 429 Domino
545 401 678 436 Henrico,
696 400 755 430 Dei
769 400 855 439 grati&
873 423 882 438 ,
909 404 978 439 Rege
993 402 1107 439 Angliae
1122 401 1160 436 &³
1175 405 1263 431 Fran-

206 442 269 475 ciae‚
286 437 319 466 ὃς
335 436 469 467 Domino
484 437 635 468 Hiberniae
650 437 768 476 lllustri,
787 448 819 468 ac
836 438 894 468 aliis
907 441 1049 470 nonnullis
1064 440 1261 471 Nobilibus&

205 469 370 520 Potentibus
388 475 542 515 Dominis,
561 477 594 506 ὃς
610 475 666 506 aliis
683 476 757 506 Viris
779 475 928 514 fidedignis
948 479 981 509 &
997 478 1121 510 discretis
1139 479 1262 510 infrano-

205 522 316 544 minatis

241 536 402 583 Coiilzituta
417 551 607 589 personaliter,
625 551 740 582 Nobilis
762 553 796 583 δεῖ
818 551 939 591 Egregia
957 553 1086 584 Domina

203 591 322 629 Philippa
335 590 443 628 praefati
461 590 631 620 Sereniffimi
644 590 780 628 Principis
796 590 920 621 Domini
942 591 1064 626 Heiirici
1084 577 1114 623 R

204 630 274 660 dieti
290 629 356 659 Filia
372 628 496 659 naturalis
512 630 544 659 ὃς
560 628 703 667 legitima,
724 629 838 667 volem,
857 638 886 660 ut
900 630 986 668 dixit,
1004 641 1036 661 ac
1054 632 1144 662 michi
1161 631 1260 661 Nota-

204 669 247 698 rio
261 669 295 699 δε
308 666 440 697 Testibus
458 665 634 703 infrascriptis
651 667 797 698 manifeste
810 670 952 708 apparuit,
971 668 1210 699 Excellentiffimo
1229 670 1259 698 in

204 706 323 736 Christo
339 704 464 744 Principi
480 705 513 735 δε
530 704 680 742 Domino,
698 705 833 736 Domino
855 708 936 736 Erico
952 730 961 745 ‚
987 707 1044 738 Dei
1060 708 1146 744 gratis
1160 730 1170 745 ,
1195 709 1261 744 Regi

202 746 316 782 Daciae,
335 743 466 781 Swetiae,
485 744 518 774 ὅτ
534 742 723 782 Norwegiae,
742 754 775 775 ac
798 744 879 775 Duci
895 745 1093 784 Poniertiniae,
1110 746 1260 776 matrimo-

200 783 309 813 nialiter
326 781 468 820 copulari,
486 781 522 811 de
537 780 723 813 Consensu&
739 783 891 813 Voluntate
906 782 1034 820 expressis
1056 783 1163 820 praefati
1180 783 1261 814 Sere—

201 821 307 851 niffimi
321 819 458 858 Principis
472 820 505 851 &
521 819 664 857 Domini,
679 820 802 851 Domini
818 821 956 858 Henrici,
975 820 1033 850 Dei
1041 821 1146 860 gratia,
1167 820 1256 859 Regis

199 857 315 896 Angliae
336 859 370 890 ὃ(
397 859 524 889 Franciae
539 882 548 896 ,
575 859 607 889 &
633 858 756 889 Domini
780 858 929 889 Hiberniae
953 858 1084 898 illustris,
1102 859 1190 890 Patris
1203 860 1260 898 sui,

199 896 305 928 ibidem
321 895 497 935 personaliter
512 896 806 936 existentis,adhibitis
813 896 847 926 ad
861 897 1087 927 contrahendum
1102 898 1259 928 Matrinio-

199 937 280 967 nium
297 936 459 974 legitimum
477 936 495 955 ²*
515 946 568 973 pro
583 935 682 966 eadem
696 934 826 964 Domini
841 934 988 973 Philippii,
1007 945 1040 965 ac
1058 937 1122 966 vice
1146 936 1179 966 δε
1203 946 1258 966 no-

197 976 276 1006 mine
299 975 351 1006 suis
367 997 377 1012 ‚
401 984 469 1006 curn
490 974 606 1012 prcefato
629 972 871 1003 Excellentiffimo
893 972 1029 1011 Principe
1053 975 1086 1005 &
1102 973 1257 1013 Domino,

197 1014 333 1048 Domino
349 1013 438 1044 Erico
451 1012 534 1049 Rege
549 1011 669 1049 Daciae,
685 1010 816 1049 vaetiae,
835 1012 869 1042 &
890 1011 1062 1049 Norwegiae
1076 1035 1086 1051 ‚
1112 1013 1145 1043 &
1169 1012 1255 1044 Duce

198 1052 378 1084 Pomeraniae
394 1051 550 1089 supradicto
556 1071 567 1088 ,

235 1091 334 1122 Certos
349 1090 548 1120 Procuratores
563 1086 753 1126 infrascriptos
770 1111 780 1126 ,
808 1089 892 1119 omni
907 1089 1015 1120 meliori
1031 1088 1120 1120 modo
1155 1089 1255 1129 causi,

196 1129 259 1168 via,
278 1131 312 1160 &
326 1127 420 1158 forms„
435 1127 534 1165 quibus
555 1127 648 1164 potuit
663 1125 756 1158 facere
771 1127 803 1158 &
822 1126 991 1158 constituere
1006 1127 1042 1158 de
1058 1113 1192 1159 consensu
1207 1139 1256 1159 ex-

217 1167 290 1199 reffo
308 1167 376 1198 dieti
394 1164 566 1196 Sereniffimi
587 1164 726 1202 Principis
748 1165 935 1196 &¹D0mini
952 1189 961 1205 ,
987 1165 1108 1196 Domini
1132 1167 1255 1198 Henrici

229 1207 285 1246 egis
300 1203 414 1242 Anglioe
434 1204 467 1235 &
483 1203 631 1242 Franciae,
645 1205 679 1235 δὲ
696 1203 818 1234 Domini
834 1203 1001 1243 Hiberniae,
1025 1204 1113 1235 Patris
1127 1205 1167 1236 sui
1182 1216 1254 1243 prae-

193 1245 264 1276 dieti
300 1251 330 1274 ut
342 1251 409 1274 tunc
423 1242 551 1280 apparuit
565 1241 714 1272 manifeste
728 1264 738 1280 ,
756 1242 875 1273 diledms
897 1243 948 1272 sibi
970 1245 1000 1273 in
1022 1242 1140 1273 Christo
1155 1244 1253 1274 Nobi-

191 1284 250 1314 lem
266 1267 369 1312 <lirum
384 1281 551 1311 Dominum
567 1303 577 1319 ,
604 1279 782 1310 Willielmum
805 1280 955 1317 Bourgcher
979 1280 1106 1311 Militem
1122 1281 1254 1312 Camerae

192 1321 229 1353 N
231 1320 377 1352 obiliffimi
392 1320 425 1350 δε
442 1318 670 1349 Excellentiffimi
684 1318 865 1356 Principis&
882 1318 1022 1357 Domini,
1045 1319 1166 1350 Domini
1174 1322 1254 1350 Hen-

1132 554 1263 599 Domina

1116 603 1175 630 egis
1189 603 1262 630 prae-

1305 338 1821 415 apffiniiopsrffiliiiaijigd‘szspermissione
1843 373 1968 413 Divini‚
1995 374 2200 406 Lincolniensis
2214 377 2367 416 Episcopus

1305 404 1492 450 supradictus,
1512 407 1545 450 ad
1562 410 1730 453 perionalem
1745 412 1778 442 &
1798 412 1944 455 specialem
1962 422 2090 452 rogatum
2099 415 2184 445 dietae
2200 415 2317 446 Nobilis
2329 420 2363 449 &

1306 441 1433 486 Egregtte
1452 444 1608 488 Donum-333,
1626 445 1766 491 Dominae
1782 448 1919 488 Philippae
1932 452 2155 492 Constituentis,
2171 453 2303 490 Sigillum
2312 466 2366 485 no·-

1305 480 1395 510 strum
1413 484 1532 513 fecimus
1548 483 1598 513 hiis
1613 494 1726 523 apponi.

1305 517 1554 588 c'DassvgiiAffl
1568 522 1629 551 sunt
1645 524 1708 552 haec
1731 524 1761 553 in
1783 524 1884 556 Castro
1906 527 1972 558 dicti
1997 527 2122 560 Domini
2142 529 2261 560 Henrici
2280 529 2363 561 Prin-

1325 566 1376 594 ipis
1437 569 1450 588 a
1473 568 1505 588 1ae

1306 593 1334 623 C
1391 597 1418 625 ‘t‘
1450 596 1478 627 C
1555 569 1571 589 c
1588 560 1681 590 Ducis
1697 561 1872 601 Aquitaniae,
1892 564 2078 605 Lancastriae‚
2096 568 2129 598 &
2145 567 2365 607 Cornubiae,ac

1335 605 1396 624 omi
1412 606 1432 626 is

1393 635 1397 639 ·
1426 636 1430 640 η
1521 598 1586 641 riae,
1606 599 1638 627 de
1654 599 1862 643 Berkbiaittstede
1880 601 2067 634 Lincolniensi
2092 605 2224 637 Dioecese
2241 629 2250 644 ,
2276 607 2365 638 Anno

1305 631 1450 672 Domini,
1471 635 1646 673 Indictione,
1664 636 1854 676 Pontificatu,
1873 638 1991 678 Mense,
2009 642 2042 672 &
2057 643 2103 673 die
2118 645 2277 682 praedictis,
2292 656 2365 683 prae-

1303 670 1424 732 Γεῑὲῑίὲξυε
1439 673 1572 704 Testibus
1584 674 1815 712 supranominatis
1830 676 1864 706 ad
1879 678 2017 714 praemilla
2031 685 2136 712 vocatis
2158 683 2310 721 specialiter
2328 684 2362 715 &

1303 718 1413 748 rogatis.

1338 785 1423 854 {Ac
1440 789 1538 831 omnia
1555 787 1632 826 supra
1656 789 1690 820 δὲ
1709 788 1880 829 infrascripta
1906 790 2030 830 expresse
2048 802 2115 826 tunc
2134 798 2310 834 approbantis
2325 795 2358 830 &

1304 833 1337 853 au
1370 833 1512 856 orizantis.

1324 903 1357 943 ,ς
1379 899 1434 945 Seu
1453 901 1594 946 Sponsalia
1611 913 1659 947 per
1678 905 1762 935 verba
1781 904 1818 935 de
1839 905 1933 937 futuro
1961 914 2092 938 mutuum
2109 909 2234 946 ipsorum
2255 911 2360 942 Domi-

1301 945 1338 1006 gie
1351 937 1672 1017 {iiffrirkrlffngtssmcoe'
1691 945 1724 974 δε
1742 943 1882 974 Dominae
1896 944 2035 986 Philippae
2053 948 2220 979 consensum
2237 947 2303 981 hinc
2317 952 2359 980 in—

1336 1052 1374 1085 Et
1390 1064 1448 1093 ego
1466 1055 1601 1096 Diomjfius
1617 1057 1650 1087 de
1669 1057 1794 1097 Lopham
1814 1057 1959 1099 Clericus,
1976 1059 2037 1095 &a

2072 1099 2164 1139 &gillo
2182 1102 2289 1142 avulso.

1352 1202 1445 1245 Super
1463 1199 1706 1234 Fabricatoribm
1723 1203 1962 1238 Mendaciorum
1972 1231 1983 1247 ‚
2006 1204 2042 1238 de
2058 1206 2305 1241 Proclamatione.

1296 1284 1350 1340 R
1360 1283 1384 1314 E
1393 1284 1425 1314 X
1446 1283 1620 1317 Vicecomiti
1630 1285 1744 1318 Kantiae
1751 1311 1762 1325 ,
1780 1287 1913 1321 Salutem.

2386 344 2449 369 Hm.
2465 347 2493 376 4.
2512 373 2519 381 ι

1389 1322 1610 1367 Fidedignorum
1625 1326 1808 1358 insinuatione
1815 1328 1849 1358 ad
1864 1327 1994 1359 nostrum
2007 1331 2132 1367 pervenit
2144 1330 2268 1362 auditum
2277 1331 2358 1370 quod
2379 1333 2453 1365 Ann.
2468 1332 2511 1373 D}

1317 1369 1412 1401 ropter
1431 1362 1566 1393 immensa
1587 1362 1764 1396 Gravamina
1779 1387 1790 1403 ,
1815 1376 1898 1404 quae,
1923 1368 1997 1399 circa
2020 1377 2130 1407 ternpus
2150 1369 2270 1401 Guerrae
2283 1373 2356 1401 inter
2402 1382 2491 1413 ¹402-

1328 1410 1435 1437 egnum
1451 1400 1581 1431 nostrum
1597 1401 1630 1432 &
1646 1402 1853 1442 Adversarium
1867 1416 1900 1433 no
1925 1416 1983 1435 rum
1998 1409 2092 1436 Scotiae
2115 1409 2226 1438 noviter
2246 1409 2355 1442 suscita-
2372 1416 2426 1441 An.
2442 1422 2469 1449 3.

1295 1446 1349 1476 tae,
1367 1439 1445 1469 idem
1462 1439 1640 1470 Adversarius
1661 1440 1755 1472 noster
1772 1442 1805 1472 δε
1820 1442 1880 1473 Sub
1902 1445 1933 1474 iti
1950 1442 1989 1474 sui
2005 1466 2015 1482 ,
2041 1455 2089 1482 per
2112 1446 2288 1486 frequentem
2304 1448 2354 1479 Li-
2375 1455 2410 1480 Η,
2429 1461 2457 1486 4.

1296 1487 1416 1514 georum
1432 1477 1596 1509 nostrorum
1612 1477 1810 1519 Invasionem,
1828 1481 1960 1512 haetenus
1975 1482 2037 1514 sunt
2050 1485 2167 1522 perpeffi
2178 1508 2187 1523 ,
2206 1486 2239 1516 &
2261 1488 2300 1517 im
2322 1497 2355 1518 o·
2374 1489 2463 1526 Claus.
2482 1493 2511 1526 31

1295 1515 1402 1546 sterum
1415 1515 1441 1546 se
1458 1518 1514 1553 pati
1530 1517 1633 1547 debere
1650 1517 1821 1558 formidant,
1840 1520 1926 1550 iidem
1942 1519 2057 1551 Inimici
2067 1522 2153 1553 nostri
2168 1524 2235 1554 Nos
2252 1497 2356 1556 &ffle-
2375 1531 2403 1555 H
2407 1551 2409 1553 .
2427 1537 2454 1563 4.
2472 1534 2496 1563 p.

1295 1562 1385 1593 gnum
1405 1555 1532 1585 nostrum
1547 1565 1581 1585 ex
1601 1556 1667 1586 totis
1682 1566 1784 1588 eorum
1793 1559 1952 1590 Conatibus
1961 1559 2061 1590 callide
2080 1561 2219 1592 destruere
2236 1563 2357 1603 satagen-
2377 1575 2403 1592 2.
2420 1575 2456 1594 m.
2470 1575 2511 1602 ¹3⁷

192 1364 261 1398 rici,
277 1359 335 1389 Dei
370 1357 450 1394 ratifi,
469 1358 597 1394 Principis
621 1356 726 1386 Walliae
743 1379 752 1393 ,
777 1366 810 1386 ac
825 1356 918 1388 Ducis
943 1356 1123 1396 Aquitaniae,
1142 1357 1254 1390 Lanca-

193 1399 282 1435 striae,
300 1398 333 1428 δε
375 1396 521 1432 ornubiae,
540 1396 573 1426 &
591 1393 716 1425 Comitis
731 1394 868 1434 Cestriae,
885 1395 971 1425 dietae
988 1395 1127 1426 Dominae
1142 1396 1252 1435 Philip-

192 1447 238 1475 με
255 1436 353 1466 Fratris
366 1432 491 1464 naturalis
502 1434 535 1464 &
549 1433 690 1471 legitimi,
709 1432 887 1470 Magistrum
910 1434 1056 1464 Ricardum
1076 1434 1199 1465 Derham
1224 1438 1252 1466 in

190 1474 276 1505 Sacrfi⁴
290 1472 452 1509 Theologis
474 1472 683 1510 Licentiatum,
701 1471 784 1502 Aulae
804 1472 964 1502 Scolarium
980 1472 1050 1503 dieii
1065 1472 1253 1504 Dominino-

189 1507 239 1543 stti
256 1512 341 1551 Regis
356 1510 472 1548 Angliae
484 1511 513 1540 in
536 1509 726 1540 Uiiiversitate
747 1510 794 1540 sua
807 1510 998 1550 Cantabrigiae
1013 1511 1188 1548 Magistrum
1214 1513 1248 1543 δε·

187 1550 363 1588 Custodem,
381 1560 413 1580 ac
428 1549 498 1580 dieti
515 1549 635 1579 Domini
650 1548 737 1579 nostri
746 1548 837 1586 Regis
858 1550 968 1588 Angli-ee
988 1548 1172 1594 Capellanurn
1184 1573 1194 1589 ,
1212 1552 1246 1582 δε

134 2275 137 2277 ,
187 2242 328 2284 Philippae
337 2244 404 2274 hinc
421 2243 486 2274 inde
493 2243 528 2273 de
538 2243 661 2281 praesenti
678 2245 862 2283 exprimentia
878 2267 888 2282 ,
918 2248 934 2280 Ἰ

189 1589 351 1628 Johannem
368 1590 505 1618 Perraurzt
531 1588 713 1627 Armigerum
729 1610 739 1626 ,
766 1597 799 1618 ac
817 1587 889 1618 dicti
907 1588 1031 1618 Domini
1052 1588 1141 1619 nostri
1162 1589 1252 1627 Regis

190 1628 305 1665 Angliae
321 1627 498 1658 Servientem
514 1626 548 1656 ad
564 1626 671 1664 Arma,
690 1625 793 1656 Virum
811 1626 995 1665 Litteratum,
1015 1628 1193 1665 conjunfflm
1217 1630 1250 1659 ὅτ.

189 1667 320 1704 divisim,
338 1667 372 1697 δε
387 1664 540 1705 quemlibet
562 1664 677 1695 illorum
695 1665 724 1694 in
746 1664 865 1695 solidum
878 1676 896 1702 5=
914 1665 950 1695 ita
968 1665 1048 1704 quod
1063 1676 1122 1695 non
1142 1667 1173 1697 sit
1192 1676 1255 1697 me-

190 1705 244 1736 lior
263 1704 392 1736 conditio
412 1703 591 1742 Occupantis
641 1703 677 1733 de
701 1703 833 1734 consensu
850 1704 884 1734 &
907 1702 1012 1735 assensu
1035 1704 1164 1743 expressis
1181 1706 1252 1735 dieii

192 1738 314 1774 Domini
328 1742 415 1773 nostri
430 1742 521 1780 Regis
537 1725 650 1779 Angliae
665 1741 698 1772 &
717 1742 739 1771 F
741 1743 861 1780 ranciae,
887 1743 920 1774 &
944 1741 1070 1773 Domini
1085 1742 1254 1783 Hiberniae,

190 1781 280 1812 Patris
296 1782 335 1812 sui
351 1780 474 1819 expresse
489 1790 559 1812 tunc
575 1780 705 1810 adhibitis
722 1781 751 1810 in
769 1781 821 1811 hac
837 1789 931 1819 parte,
951 1781 970 1800 ²¹²
991 1780 1062 1811 Suos
1079 1781 1251 1821 Ordinavit,

189 1820 276 1858 fecit,
292 1822 326 1852 &
342 1819 505 1858 constituit,
524 1818 662 1857 Ordinat,
680 1819 767 1857 facit,
785 1819 818 1849 &
840 1818 985 1851 constituit
1007 1820 1206 1852 Procuratores
1220 1821 1253 1853 &

189 1859 327 1890 Nuncios
340 1858 469 1896 speciales
476 1881 487 1897 ‚

224 1897 368 1935 Deditque
383 1896 416 1928 &
432 1895 586 1935 conceffit‚
605 1896 657 1930 dat,
673 1898 706 1928 &
728 1896 863 1928 concedit
889 1896 1002 1935 praefata
1018 1897 1202 1929 Nobiliffima
1220 1899 1254 1931 &

188 1934 313 1974 Egregia
329 1936 477 1973 Domina,
496 1935 626 1965 Domina
640 1935 785 1974 Philippa,
804 1936 840 1966 de
863 1937 994 1967 consensu
1018 1936 1106 1967 Patris
1123 1937 1160 1968 sui
1179 1946 1251 1975 prae-

188 1974 278 2012 dicii,
296 1974 452 2012 praedietis,
470 1974 702 2004 Procuratoribus
723 1974 775 2004 suis
790 1997 800 2012 ‚
826 1975 858 2005 ὃς
878 1975 995 2005 cuilibet
1010 1975 1124 2006 illorum
1141 1975 1252 2006 divisim

189 2013 223 2043 &
239 2014 268 2042 in
283 2012 420 2050 solidum,
440 2012 550 2049 plenam
566 2013 598 2042 ὃς
614 2012 732 2042 liberam
748 2011 937 2051 Potestatem,
956 2014 990 2044 δε
1008 2012 1181 2045 Mandatum
1193 2014 1252 2052 spe-

188 2050 276 2088 ciale,
293 2060 345 2088 pro
360 2051 414 2088 ipsa
439 2050 572 2080 Domina
596 2050 726 2088 Philippa
745 2049 944 2082 Constituente
959 2074 967 2090 ,
995 2051 1027 2081 ὃς
1050 2052 1109 2089 ejus
1132 2054 1251 2084 nomine

185 2088 410 2120 Matrimonium
426 2098 495 2119 cum
512 2088 628 2126 praefato
644 2086 887 2119 Excellentiliimo
900 2090 1032 2127 Principe
1045 2091 1078 2121 ὃ(
1098 2090 1250 2130 Domino,

188 2126 322 2159 Domino
337 2127 439 2165 Erico,
457 2126 515 2157 Dei
538 2126 642 2166 gratia,
671 2126 749 2166 Rege
773 2127 872 2158 Daciae
887 2151 896 2166 ‚
922 2127 1054 2166 Swetiae,
1071 2130 1105 2160 &
1120 2128 1252 2161 Norwe-

185 2167 264 2205 gire,
281 2176 314 2198 ac
329 2166 415 2198 Duce
429 2166 626 2203 Pomeraniae,
644 2176 692 2203 per
708 2166 794 2196 verba
809 2165 844 2197 de
858 2167 1002 2205 praesenti,
1018 2175 1149 2198 mutuum
1165 2167 1249 2199 Con-

188 2204 295 2236 sensum
312 2205 434 2243 ipsorum
450 2204 574 2235 Domini
597 2205 687 2241 Regis
704 2203 782 2234 Erici
803 2204 890 2245 Regis
910 2205 1013 2236 Daciae
1025 2227 1035 2243 ,
1061 2206 1095 2236 ὅς
1110 2206 1250 2238 Dominae

958 2244 1120 2275 melioribus
1142 2246 1251 2285 modis,

190 2283 299 2321 verbis,
316 2283 349 2314 &
365 2282 485 2320 formis,
504 2283 605 2320 quibus
620 2281 679 2312 fieri
704 2283 805 2320 poterit
821 2305 831 2320 ,
855 2283 884 2312 in
900 2282 959 2314 hoc
983 2280 1056 2313 Casu
1078 2285 1250 2316 contrahens

189 2319 276 2358 dum,
295 2332 327 2352 ac
345 2321 434 2358 ipsum
451 2320 726 2351 Excelientiffimum
742 2320 907 2359 Principem
927 2322 960 2353 &
984 2320 1167 2361 Dominum,
1187 2323 1250 2353 Do-

190 2359 306 2389 minum
320 2359 444 2390 Ericum
459 2359 572 2399 Regem
587 2358 708 2397 Daciae,
726 2359 858 2398 Swetiae‚
875 2360 907 2390 &
930 2359 1114 2399 Norwegiae‚
1137 2371 1171 2393 ac
1188 2361 1251 2393 Du-

192 2406 259 2427 cem
273 2395 470 2436 Pomeraniae,
487 2398 517 2427 in
532 2397 696 2428 Dominum
710 2398 744 2429 ὃς
760 2396 899 2429 Maritum
915 2398 995 2436 ipfius
1011 2397 1166 2438 Dominae,
1185 2399 1254 2431 Phi-

186 2435 271 2472 lippae
287 2434 491 2466 Constituentis
506 2436 689 2475 capiendum,
711 2437 744 2467 &
760 2437 790 2466 in
814 2437 905 2474 ipsum
920 2446 950 2467 ut
971 2446 1073 2468 verum
1089 2437 1254 2470 Dominum

189 2474 223 2504 δε
242 2472 381 2504 Maritum
395 2473 474 2504 suum
492 2474 742 2512 consentiendum,
759 2472 792 2505 &
815 2475 939 2506 eundem
962 2475 992 2505 in
1008 2474 1148 2507 Maritum
1173 2476 1253 2508 suurn

188 2510 350 2548 legitimum
365 2513 536 2548 capiendum
552 2514 586 2543 ὃς
601 2512 794 2550 affidandum,

228 2548 397 2587 Caeteraque
414 2549 552 2586 omnini&
561 2550 663 2587 singula
676 2550 869 2589 Faciendum,
887 2549 1102 2590 Exercendum,
1119 2552 1152 2583 ὃς
1161 2551 1253 2591 Expe-

188 2586 343 2627 diendum,
361 2597 425 2626 quae
441 2588 472 2617 in
488 2586 642 2617 Praemiffis
657 2588 702 2617 vel
716 2589 809 2625 aliquo
825 2588 1054 2627 Praemifforum,
1072 2598 1118 2621 aut
1133 2592 1247 2623 circaea

187 2627 336 2658 necellaria
349 2626 452 2657 fuerint
466 2625 511 2656 vel
525 2625 743 2664 quomodolibet
757 2635 895 2663 oportuna
912 2649 921 2664 ,
946 2628 1029 2657 etiam
1043 2628 1062 2657 ii
1083 2628 1251 2660 Mandatum

189 2666 334 2733 inalaliquo
356 2664 568 2696 Praemifforum
587 2663 622 2695 de
644 2664 682 2695 sui
705 2664 802 2694 naturii
825 2665 914 2703 magis
932 2664 967 2695 de
986 2665 1012 2696 se
1028 2668 1174 2704 exegerint
1193 2667 1252 2705 spe-

189 2714 218 2734 ci
244 2715 259 2734 e
269 2727 278 2742 ‚

174 2770 178 2774 .
226 2742 360 2774 Promisit
375 2742 481 2782 insuper
498 2736 608 2781 praefata
621 2738 751 2773 Domina
766 2738 1104 2782 PhilippaConstituens‚
1123 2738 1160 2775 de
1168 2744 1251 2776 Cori-

59 3936 172 3964 *VHL

65 3978 126 4002 261.

188 2779 266 2812 sensu
280 2782 313 2813 &
329 2782 480 2813 Voluntate
494 2781 624 2820 expressis
638 2781 710 2812 dieti
730 2781 902 2811 Sereniffimi
917 2781 1057 2819 Principis
1076 2784 1109 2815 &
1125 2783 1253 2815 Domini

189 2819 275 2850 nostri
285 2843 294 2855 ,
314 2819 438 2851 Domini
454 2820 575 2851 Henrici
590 2819 676 2860 Regis
691 2819 805 2857 Angliae
819 2820 853 2850 &
870 2820 997 2850 Fi'ancise
1014 2821 1145 2859 illustris,
1164 2823 1252 2853 Patris

188 2852 228 2888 sui
243 2858 350 2889 ibidem
369 2859 545 2897 personaliter
561 2858 718 2897 existentis,
739 2858 830 2889 michi
844 2858 977 2889 Dionisio
989 2859 1023 2889 N
1025 2861 1117 2890 otario
1126 2860 1250 2893 Publico

186 2896 374 2936 infrascripto,
391 2897 579 2935 stipulanti&
597 2897 760 2934 recipienti,
780 2898 844 2927 vice
859 2897 893 2927 &
917 2898 1035 2928 nomine
1059 2901 1193 2930 omnium
1216 2901 1249 2931 &

190 2935 365 2973 singulorum
376 2958 386 2973 ‚
403 2945 526 2974 quorum
543 2935 674 2972 interest,
693 2936 815 2965 intererit
851 2935 896 2965 vel
911 2935 1038 2966 interesse
1052 2939 1152 2975 poterit
1168 2940 1196 2968 in
1206 2939 1251 2969 fu-

190 2980 301 3012 turum,
319 2973 347 3005 se
361 2973 446 3011 ipsam
463 2974 623 3005 Dominam
638 2973 800 3011 Philippam
814 2958 940 3012 Rmum,
960 2974 1093 3005 Firmum
1105 2999 1121 3017 ,ἶ
1132 2976 1166 3007 ὃς
1189 2977 1251 3008 Sta-

188 3011 246 3042 bile
262 3013 292 3042 in
308 3021 473 3052 perpetuum
486 3013 643 3043 habituram
655 3007 769 3042 Totum
784 3013 817 3043 δε
834 3013 986 3051 quicquid,
1005 3023 1053 3051 per
1070 3014 1162 3045 dictos
1178 3014 1250 3046 Pro-

187 3058 328 3080 curatores
342 3052 417 3090 suOS,
435 3060 480 3082 aut
494 3061 592 3082 eorum
609 3051 747 3089 aliquem,
765 3050 1247 3092 A&um,Gestum‚Conrra<5tum

188 3087 245 3119 five
260 3087 445 3121 Procuratum
459 3090 540 3121 fuerit
554 3091 585 3121 in
602 3088 769 3127 Praemiffis,
787 3089 832 3119 vel
845 3090 939 3128 aliquo
950 3088 1159 3122 Praemissorum
1169 3117 1177 3130 ,
1198 3093 1246 3123 sub

186 3125 340 3164 Ypothec&
354 3128 387 3159 &
402 3128 591 3165 obligatione
607 3129 741 3159 omnium
755 3128 900 3158 Bonorum
913 3127 1026 3158 suorum
1040 3151 1050 3167 ,
1070 3130 1247 3167 praesentium

186 3163 220 3195 &
234 3165 410 3204 futurorum,
427 3167 460 3197 &
479 3166 631 3197 Cautiones
648 3166 790 3204 exposuit,

221 3201 404 3235 Praesentibus
418 3213 486 3235 tunc
510 3205 617 3236 ibidem
640 3204 758 3243 praefato
780 3204 959 3236 Sereniffimo
980 3203 1114 3244 Principe
1133 3207 1167 3237 &
1183 3206 1248 3238 Do-

189 3241 272 3271 mino
287 3241 384 3272 nostro
401 3242 533 3274 Domino
545 3243 678 3275 Henrico
700 3243 781 3283 Rege
798 3244 913 3282 Angliae
934 3245 968 3276 &
984 3245 1111 3275 Franciae
1128 3244 1246 3285 Illustri,

185 3277 220 3310 ὃς
236 3275 471 3311 Excellentiffimo
490 3281 622 3319 Principe
633 3283 666 3313 &
682 3281 833 3321 Domino,
851 3282 987 3313 Domino
1012 3283 1143 3313 Henrico
1167 3284 1248 3314 Prin-

186 3319 253 3355 cipe
276 3317 408 3355 Walliae,
426 3328 460 3349 ac
485 3319 570 3350 Duce
592 3321 752 3360 Aquitaniae
767 3344 776 3359 ‚
805 3321 971 3352 Lancastriae
991 3344 1001 3359 ,
1027 3323 1059 3352 &
1073 3321 1250 3362 Cornubiae,

186 3366 220 3387 ac
236 3356 355 3386 Comite
373 3355 509 3399 Cestriae,
527 3357 659 3396 Johanne
677 3359 710 3389 &
734 3358 856 3398 Unfredo
871 3359 958 3390 dietae
979 3359 1120 3390 Dominae
1138 3360 1248 3400 Philip-

186 3404 232 3440 pae
239 3393 451 3463 gffrigimssnns
465 3395 603 3464 Fggitssbus
614 3397 788 3441 ‘naturalibus‘
799 3398 832 3427 δε
849 3397 1058 3466 ξὲίῑὶφίεὺαο
1075 3399 1248 3446 Reverendo

186 3443 311 3516 {iinifnss
322 3442 461 3510 ἦψὲἑζῗ
480 3471 551 3516 <ssi
561 3444 691 3517 ‘ffl‘ffisii
697 3435 810 3503 2352?
812 3445 928 3513 ‘iege'
922 3446 1039 3514 Kssgiiaee
1041 3447 1050 3467 ¹
1064 3441 1250 3515 «Γέἳὶἳῇῗῖζῖ

189 3519 290 3544 minis,
307 3509 409 3540 Thumi
425 3514 526 3540 comite
539 3509 702 3540 Arundelzae
718 3510 756 3546 ὠ·
773 3514 875 3550 Suriae,
892 3514 1035 3543 Edmundo
1057 3518 1158 3544 Comite
1174 3519 1248 3545 Can—

189 3551 254 3587 tiae,
271 3550 304 3580 ὅ(
319 3548 419 3579 Thumi}
440 3551 554 3578 Domino
575 3548 607 3578 de
631 3548 781 3589 Moubray,
800 3549 956 3588 Dominis,
973 3551 1075 3587 Thomd

188 3586 292 3618 Thema
311 3586 484 3627 Erpyngham
497 3610 507 3625 ,
529 3587 601 3617 dieti
619 3586 748 3630 'Domini
772 3588 859 3618 nostri
878 3588 964 3619 Reois
989 3591 1153 3621 Cimerario
1176 3614 1185 3629 ,
1210 3593 1243 3622 &

188 3626 303 3656 Raherto
316 3626 410 3656 Corbet
420 3649 430 3664 ,
449 3624 579 3669 Camerae
596 3625 667 3669 disti
683 3621 806 3669 Domini
819 3626 906 3657 nostri
922 3614 1009 3665 Regis
1025 3629 1141 3666 Angliae
1163 3629 1245 3660 Mili-

188 3665 276 3704 tibus,
291 3666 325 3696 &
340 3665 501 3695 Venerabili
516 3665 549 3694 &
567 3663 699 3694 Discreto
714 3664 786 3694 Viro
800 3687 810 3702 ,
834 3664 967 3701 Domino
989 3667 1125 3697 Nicholao
1139 3668 1246 3698 Bubbe-

188 3701 1246 3778 ffit‘i'z’effcsiss{¹235ssDsssessffijssffthbiffssrffiiuffigiffissifflffil¹iiiiii}

333 3756 344 3772 δ
529 3764 538 3778 7

187 3780 234 3810 Re
254 3782 275 3811 is
290 3780 421 3811 Camerae
436 3779 606 3818 Arinigero,
624 3780 656 3810 &
672 3779 729 3820 aliis
742 3779 843 3809 multis.

240 3829 260 3848 n
274 3828 397 3856 quorum
416 3819 548 3848 omniurn
574 3817 782 3856 praemissorum
810 3816 1004 3849 testimonium
1024 3820 1094 3850 Nos
1115 3820 1246 3859 Philippa

189 3855 257 3888 Filia
273 3858 343 3888 dieti
361 3856 450 3887 Dom.
474 3856 585 3894 nostri,
608 3856 701 3886 Dom.
723 3855 799 3885 Heri.
822 3855 912 3895 Regis
934 3857 1017 3896 Angl.
1039 3860 1072 3890 &
1094 3858 1194 3889 Franc.
1210 3861 1244 3890 &

184 3893 310 3925 Domini
333 3895 479 3925 Hibernice
494 3894 609 3924 Illustris
623 3917 633 3933 ,
652 3893 791 3932 praemiffa
802 3896 900 3924 omnia
917 3895 949 3925 &
967 3896 1088 3935 singula,
1107 3907 1154 3935 per
1179 3897 1247 3927 Ma-

189 3932 307 3967 gistrum
323 3934 342 3953 ²*
360 3932 509 3972 Dionifium
520 3933 551 3962 de
565 3933 689 3971 Lopham
707 3932 853 3963 Clericum
869 3955 878 3970 ,
904 3931 1056 3964 Publicum
1083 3936 1246 3973 Apostolicfi

187 3970 222 4000 δε
235 3969 374 4008 Imperiali
395 3971 618 4002 Auctoritatibus
641 3971 795 4002 Notarium
817 3971 997 4008 subscriptum
1013 3994 1022 4009 ,
1055 3973 1186 4004 subscribi
1212 3976 1246 4004 &

186 4008 321 4045 publicari
340 4009 561 4047 Mandavimus3
578 4011 611 4041 &
625 4010 826 4040 nichilominus
861 4019 914 4046 pro
933 4011 1032 4048 majori
1045 4011 1196 4043 Securitate
1213 4013 1247 4042 &

187 4045 316 4078 firmitate
332 4049 464 4080 omnium
480 4047 696 4081 Praemifforum
706 4070 715 4087 ,
735 4047 804 4080 Nos
818 4032 1158 4087 fihilippassonstituens
1166 4059 1243 4084 ante-

1295 1601 1352 1631 tes,
1370 1593 1441 1623 inter
1456 1602 1556 1624 caetera
1572 1617 1581 1632 ‚
1608 1594 1779 1634 Mendacia,
1795 1606 1859 1634 quae
1874 1597 1928 1627 hiis
1948 1598 2046 1628 diebus
2066 1599 2126 1639 plus
2148 1601 2229 1630 solito
2244 1602 2359 1634 invales-
2378 1604 2404 1632 d.

1297 1640 1385 1669 cunt,
1401 1632 1472 1662 infra
1484 1632 1595 1663 dietum
1617 1632 1753 1672 Regnum
1774 1635 1905 1665 nostrum
1928 1636 2017 1667 indies
2037 1637 2174 1674 publicari
2197 1639 2301 1671 faciunt
2327 1643 2361 1673 &

1295 1669 1479 1707 Simplicium
1493 1672 1602 1701 auribus
1614 1672 1755 1710 intimari,
1775 1674 1854 1711 quoti
1876 1673 2022 1705 Dominus
2045 1677 2176 1706 Ricardus
2190 1687 2278 1716 nuper
2298 1682 2358 1709 Rex

1295 1708 1408 1746 Angliae
1426 1709 1540 1740 ultimus
1560 1709 1750 1741 Praedecessor
1770 1711 1865 1743 noster
1887 1712 1973 1742 adhuc
1996 1716 2074 1743 vivit
2097 1718 2126 1744 in
2142 1719 2247 1754 Scotia,
2273 1718 2363 1755 quod-

1297 1757 1351 1785 que
1366 1749 1395 1777 in
1411 1746 1506 1778 Manu
1520 1747 1605 1786 forti,
1623 1759 1656 1779 ac
1682 1748 1792 1780 Vexillo
1814 1751 1945 1787 protenso
1960 1774 1970 1790 ,
1995 1753 2090 1783 veniet
2105 1754 2160 1784 una
2176 1763 2244 1785 curn
2269 1756 2364 1787 Scotis

1297 1787 1327 1817 in
1341 1785 1454 1817 dictum
1469 1785 1606 1829 Regnum
1621 1786 1765 1826 nostrum,
1782 1787 1894 1827 Ipsum,
1914 1790 1947 1820 δε
1969 1790 2055 1829 Nos,
2073 1802 2106 1822 ac
2134 1793 2235 1832 Ligeos
2256 1793 2364 1825 nostros

1296 1823 1601 1895 protinsicisSInZlaiuruS,
1619 1826 1690 1856 cum
1702 1827 1733 1856 in
1747 1827 1785 1856 rei
1800 1829 1916 1859 veritate
1930 1829 2058 1866 praefatus
2071 1830 2212 1862 Ricardus
2226 1831 2259 1863 sit
2275 1831 2362 1864 Mor-³

1296 1873 1359 1895 tuus
1446 1873 1461 1894 e
1510 1873 1552 1895 tus

1333 1901 1402 1932 Nos
1415 1873 1500 1940 igitliir
1517 1888 1688 1934 attendentes
1706 1903 1867 1943 hujusmodi
1883 1903 2074 1937 Mendacium
2092 1906 2149 1938 effe
2161 1907 2297 1940 subtiliter
2312 1910 2361 1941 ad-

1297 1942 1462 1979 inventum,
1486 1942 1619 1981 quodque
1648 1943 1737 1981 (sicut
1754 1942 1896 1981 asseritur)
1917 1943 2033 1975 Inimici
2055 1946 2143 1976 nostri
2164 1947 2309 1987 praedicti,
2326 1950 2361 1980 ad

1294 1979 1497 2018 decipiendum
1513 1980 1654 2020 Populum
1670 1981 1817 2019 nostrum,
1837 1982 1978 2019 quandam
1994 1983 2076 2014 aliam
2095 1984 2264 2024 Personam,
2283 1988 2357 2025 quasi

1295 2019 1416 2049 similem
1431 2018 1510 2049 dicio
1524 2029 1612 2057 nuper
1628 2018 1704 2058 Regi
1720 2019 1864 2058 Ricardo,
1882 2021 2085 2061 producerent,
2103 2023 2133 2052 in
2150 2023 2291 2061 Regnum
2307 2036 2360 2056 no-

1296 2056 1383 2088 strum
1398 2056 1512 2089 Vexillo
1525 2057 1576 2088 suo
1588 2057 1738 2088 Personam
1753 2059 1828 2088 illam
1848 2059 1885 2089 fic
1908 2058 2003 2090 fidiam
2028 2061 2143 2099 publice
2162 2063 2358 2103 praecedente,

1296 2096 1330 2126 ad
1349 2094 1436 2128 finem
1455 2105 1486 2127 ut
1501 2095 1540 2126 illi
1556 2097 1593 2128 de
1608 2095 1721 2134 Populo
1734 2096 1850 2136 nostro,
1868 2098 1915 2135 qui
1925 2097 2067 2130 Rumores
2076 2100 2169 2131 audire
2186 2100 2358 2142 desiderant,

1296 2136 1331 2167 &
1348 2134 1509 2166 Mendaciis
1522 2134 1677 2166 affuescunt
1684 2158 1695 2174 ,
1714 2145 1832 2167 caeteros
1845 2135 1880 2166 de
1896 2135 2009 2175 Populo
2023 2137 2122 2168 nostro
2130 2139 2165 2169 ad
2179 2138 2359 2172 Divisionem

1295 2174 1329 2205 δι’
1345 2173 1475 2205 Sciffurae
1490 2173 1669 2212 dispendium
1691 2175 1798 2205 valeant
1818 2183 2029 2215 commovere,
2054 2177 2129 2208 unde
2149 2176 2249 2215 Regni
2271 2179 2360 2210 nostri

1296 2209 1462 2281 Dbesttufflo
1475 2213 1661 2245 vetiiimiliter
1676 2214 1790 2245 evenire
1801 2214 1922 2253 poterit,
1939 2215 1989 2246 niti
2004 2222 2089 2247 tantae
2103 2214 2225 2247 Malitiae
2241 2217 2358 2249 celerius

1294 2260 1314 2280 o
1338 2260 1426 2282 vietur
1441 2263 1444 2266 ⁴

1330 2275 1485 2328 Cupietites
1503 2300 1617 2331 quoque
1631 2290 1738 2323 Pacem
1747 2291 1780 2322 ὃ(
1798 2291 2034 2330 Tranquilitatem
2042 2294 2144 2333 ubique
2152 2303 2201 2331 per
2214 2293 2356 2333 Regnum

1294 2328 1422 2360 nostrum
1438 2330 1611 2369 confovere,
1629 2329 1828 2368 Populumque
1847 2331 1977 2361 nostrum
1992 2333 2030 2362 ab
2048 2332 2248 2371 cujuscumque
2264 2332 2356 2364 Com-

1296 2368 1432 2399 motionis
1450 2369 1483 2400 &
1498 2368 1683 2399 Dissensionis
1697 2369 1823 2406 turbine,
1840 2369 2016 2408 praeservari,

1333 2406 1405 2436 Tibi
1419 2407 1604 2445 Praecipimus
1619 2429 1629 2444 ‚
1654 2405 1769 2436 firmiter
1792 2407 1971 2443 injungentes
1986 2431 1995 2446 ,
2020 2407 2100 2446 quod
2117 2430 2127 2446 ,
2152 2409 2181 2438 in
2195 2407 2266 2439 locis
2285 2408 2358 2442 infra

1297 2443 1443 2475 Baillivam
1458 2453 1538 2475 tuam
1554 2445 1603 2474 ubi
1616 2445 1706 2480 magis
1718 2443 1822 2475 videris
1840 2444 1986 2484 expedire,
2003 2446 2060 2476 sine
2074 2446 2204 2477 dilatione
2217 2457 2353 2490 quacum-

1296 2492 1352 2520 que
1366 2482 1482 2519 publice
1498 2482 1581 2512 facias
1599 2481 1788 2521 Proclamari,
1805 2483 1844 2512 ne
1858 2484 1920 2520 quis
1941 2484 2100 2522 hujusmodi
2115 2484 2291 2516 Rumoribus
2313 2494 2359 2517 aut

1296 2519 1458 2551 Mendaciis
1472 2519 1559 2551 fidem
1570 2519 1718 2558 adhibeat,
1734 2520 1772 2551 set
1787 2524 1891 2551 attente
1915 2530 2012 2553 caveat
2035 2525 2072 2553 ne
2092 2522 2234 2554 seducatur
2250 2534 2283 2554 ex
2299 2526 2356 2563 eis,

1294 2558 1328 2589 δε
1346 2559 1365 2588 fi
1385 2568 1457 2597 quos
1483 2557 1647 2590 Rumorum
1670 2568 1716 2589 aut
1741 2557 1961 2590 Mendaciorum
1982 2561 2141 2599 hujusmodi
2166 2562 2360 2594 Fabricatores

1294 2597 1454 2635 inveneris,
1471 2596 1545 2634 ipsos
1560 2598 1686 2635 protinus
1699 2596 1837 2635 Arestari,
1856 2599 1890 2630 &
1914 2597 2035 2630 Prisonae
2062 2599 2166 2630 nostrae
2182 2600 2357 2639 Committi‚

1294 2634 1371 2665 &in
1390 2643 1422 2666 ea
1435 2635 1511 2666 salve>
1528 2635 1663 2666 custodiri
1684 2636 1767 2666 facias
1778 2658 1788 2674 ‚
1813 2636 1907 2667 donec
1923 2646 1975 2675 pro
1996 2648 2096 2669 eorum
2110 2638 2261 2670 Punitione
2279 2641 2354 2671 aliud

1295 2673 1458 2705 duxerimus
1473 2673 1683 2713 ordinandum,

1331 2711 1368 2742 Et
1386 2713 1459 2751 hoc,
1477 2713 1547 2743 sicut
1561 2712 1629 2742 Nos
1641 2713 1674 2743 &
1689 2712 1845 2744 Honorem
1868 2713 1996 2744 nostrum
2011 2738 2020 2753 ,
2043 2724 2077 2745 ac
2092 2714 2196 2746 Pacem
2210 2717 2243 2747 δε
2258 2716 2354 2747 Tran-

1294 2751 1456 2790 quillitatem
1475 2750 1544 2781 dieti
1559 2749 1660 2788 Populi
1673 2751 1762 2781 nostri
1777 2752 1886 2790 diligis,
1906 2752 2057 2784 nullatenus
2071 2755 2194 2784 omittas.

1331 2789 1421 2821 Teste
1436 2789 1522 2828 Rege
1537 2792 1611 2828 apud
1627 2789 1886 2830 Westmonasterium
1894 2813 1904 2829 ,
1923 2791 2037 2830 Qinto
2049 2791 2095 2822 die
2105 2791 2196 2830 Junii.

2024 2870 2076 2898 Per
2096 2869 2248 2899 Concilium.

1346 2943 1498 2985 Confimilia
1517 2947 1624 2976 Bre‘bia
1643 2945 1798 2983 diriguntur
1809 2942 1922 2985 fingulis
1940 2947 1968 2975 V
1968 2945 2143 2975 icecomitibus
2152 2953 2202 2984 per
2210 2946 2351 2984 Augliam.

1561 3081 1589 3108 *ἓ
1613 3085 1708 3128 Super
1733 3079 1910 3114 Mendaciis
1921 3081 2077 3127 stepefoztia

1387 3164 1419 3196 X
1437 3164 1664 3196 vicecomitibus
1677 3165 1852 3204 Londoniae,
1868 3166 2000 3197 Salutem.

1292 3101 1377 3219 ΚΕ

1290 3436 1505 3472 dampnabiliter
1516 3435 1656 3467 deducere
1674 3436 1845 3474 Cupientes,
1865 3436 1991 3475 Quidam
2000 3446 2115 3474 eorum,
2135 3439 2288 3474 propriis&
2301 3447 2350 3473 pti-

1291 3474 1372 3504 blicis
1389 3474 1427 3503 sui
1444 3472 1553 3504 Reatsis
1567 3474 1799 3505 Conseffionibus
1814 3475 2053 3513 praecedentibus,
2072 3475 2175 3513 litisque
2197 3475 2351 3505 Demetitis

1291 3514 1466 3548 exigentibus
1480 3514 1509 3542 in
1529 3513 1581 3543 hac
1600 3522 1693 3551 parte,
1713 3513 1852 3543 Convicti
1869 3515 1902 3545 &
1919 3512 2014 3544 Morti
2031 3514 2178 3551 adjudicati
2193 3514 2349 3551 extiterint,

1286 3551 1471 3589 Judiciaque,
1488 3552 1517 3581 in
1536 3552 1588 3582 hac
1608 3560 1683 3589 parte
1699 3551 1804 3581 reddita
1822 3552 1917 3582 debite
1936 3553 2036 3582 fuerint
2051 3561 2179 3590 executa,

1328 3588 1544 3620 Considerantes
1562 3598 1655 3620 tamen
1675 3589 1772 3627 quod,
1790 3591 1969 3627 quamplures
1986 3590 2070 3627 Ligei
2085 3590 2171 3620 nostri
2181 3589 2350 3621 Civitatis&

1291 3627 1388 3664 Regni
1403 3627 1565 3657 nostrorum
1586 3628 1805 3666 praediffitorum,
1822 3629 1870 3666 qui
1884 3628 1982 3659 Nobis
1997 3629 2030 3659 ἃ
2052 3630 2145 3659 eidem
2161 3628 2267 3670 Regno
2294 3638 2348 3657 no-

1290 3665 1346 3695 stro
1360 3674 1423 3696 ante
1443 3666 1505 3695 hzec
1521 3675 1648 3704 tempora
1668 3667 1776 3703 semper
1795 3666 1887 3696 fideles
1911 3666 2021 3697 fuerunt
2044 3668 2077 3698 <Sc
2101 3667 2191 3696 adhuc
2210 3666 2350 3704 existunt,

1291 3704 1394 3741 quique
1410 3703 1571 3742 hujusmodi
1590 3706 1743 3735 Mendacia
1764 3705 1873 3735 torritan
1891 3705 2050 3742 audierunt,
2071 3705 2102 3734 ὃ(
2116 3705 2151 3745 «ἐξ.
2173 3704 2249 3733 sacili
2267 3705 2351 3734 inno-

1289 3751 1386 3773 center
1400 3741 1548 3780 dixerunt‚
1564 3744 1658 3781 eisque
1676 3753 1712 3774 ue
1730 3743 1819 3773 Facto
1843 3743 1996 3773 nullatenus
2018 3742 2211 3772 consenieiunt
2219 3763 2236 3784 ,ἃ
2246 3742 2283 3771 set
2300 3743 2353 3773 hu-

1291 3782 1410 3818 jusmodi
1423 3780 1637 3819 Proditoribus',
1655 3782 1687 3812 ὃς
1702 3792 1803 3812 eorum
1822 3783 1921 3818 iniquis
1937 3781 2201 3817 ImaginationibuS,
2218 3783 2237 3809 ii
2258 3780 2291 3810 ad
2307 3783 2350 3818 ip<

1289 3820 1383 3849 sorum
1400 3819 1546 3849 Notitiam
1565 3820 1695 3850 deducta:
1711 3820 1822 3850 fuissent
1836 3842 1845 3857 ,
1865 3819 1983 3849 relistere
2006 3823 2112 3855 lemper
2138 3819 2220 3854 parati
2240 3817 2351 3850 fuerunt

1289 3858 1322 3888 &
1341 3858 1432 3887 adhuc
1448 3860 1567 3888 exiitunt
1578 3881 1588 3896 ‚
1607 3868 1687 3895 prout
1699 3858 1815 3888 firmiter
1823 3856 2085 3895 speramus,Po:nas
2094 3857 2232 3886 incurrere
2246 3867 2280 3887 ex
2296 3858 2350 3889 hac.

1291 3897 1370 3926 causa
1385 3897 1566 3926 veriliniiliter
1584 3897 1782 3930 formidarent,
1802 3896 1878 3933 quod
1897 3896 2048 3934 nollemus,
2082 3932 2086 3937 .

1330 3935 1419 3965 Vobis
1439 3934 1626 3971 Prcecipimus
1644 3936 1722 3973 quod
1740 3935 1832 3965 statim
1847 3957 1856 3971 ,
1881 3934 1941 3963 vilis
1955 3932 2160 3970 Proelentibus,
2179 3934 2209 3963 in
2222 3933 2293 3964 locis
2306 3935 2349 3964 in-

1290 3974 1328 4004 fra
1345 3973 1504 4003 Civitatem
1521 3974 1686 4009 praedictam
1700 3996 1709 4010 ,
1733 3974 1780 4002 ubi
1801 3972 1898 4001 melius
1924 3971 2050 4012 expedire
2070 3971 2192 4001 videritis
2200 3994 2210 4010 ,
2234 3973 2349 4010 publice

1291 4012 1477 4050 proclamari,
1495 4012 1527 4041 ὃ(
1549 4013 1584 4041 ad
1605 4011 1748 4041 Notitiam
1771 4009 1937 4039 eorumdem
1957 4008 2094 4038 bidelium
2120 4009 2275 4047 Ligeorum
2296 4021 2350 4040 no-

1295 4050 1414 4082 strorum
1430 4048 1562 4083 Civitatis
1579 4050 1724 4088 praedietae
1738 4047 1841 4115 deiiDuci
1859 4046 1966 4078 faciatis
1982 4069 1992 4085 ‚
2016 4047 2095 4085 quod
2113 4047 2277 4080 intentionis
2292 4059 2351 4116 sigo-

1825 4094 1839 4122 3
2317 4094 2354 4119 1*ae

2408 3105 2469 3115 vvvvv

1390 3205 1474 3235 Licet
1487 3214 1576 3242 nuper
1590 3227 1599 3243 ,
1625 3205 1770 3242 publicatis
1790 3206 1822 3235 δε
1839 3207 1954 3236 inaniter
1973 3205 2128 3243 praedicatis
2143 3206 2281 3237 nonnullis
2303 3206 2346 3238 fa-
2364 3206 2438 3235 Anu.
2488 3232 2491 3236 .

1288 3242 1402 3272 bricatis
1420 3242 1597 3281 MendaciiS,
1614 3247 1673 3273 tam
1689 3245 1727 3274 in‘
1742 3242 1866 3275 Civitate
1886 3244 1980 3274 nostra
2000 3244 2160 3275 Londoniae
2180 3247 2263 3283 quim
2282 3245 2346 3275 alibi
2386 3254 2469 3282 140:-

1290 3280 1361 3311 infra
1380 3280 1516 3318 Regnum
1532 3282 1660 3313 nostrum
1676 3282 1808 3321 Angliae,
1827 3293 1875 3320 per
1889 3282 1972 3313 Viros
1988 3283 2148 3317 Religiosos
2167 3284 2345 3321 diversetu&
2362 3288 2413 3311 κίκι.
2435 3294 2459 3318 3-

1292 3319 1378 3356 alios,
1398 3319 1634 3352 Insurree'tionem
1656 3321 1690 3351 &
1713 3320 1959 3352 Comtno'tionem
1982 3321 2086 3358 Populi
2108 3322 2228 3359 ejusdem
2251 3322 2346 3359 Regni
2364 3327 2433 3356 iel-4-

1290 3356 1380 3388 nostri
1402 3357 1526 3389 felonice
1540 3382 1550 3397 ,
1573 3361 1676 3399 ymmo
1693 3360 1785 3389 verius
1799 3359 1968 3397 proditorie,
1988 3368 2087 3390 contra
2107 3370 2206 3390 ectum
2224 3361 2347 3397 Ligcsn-
2364 3361 2418 3388 [bid
2427 3381 2432 3386 .
2446 3368 2484 3387 ms

1291 3398 1360 3426 tiam
1385 3398 1511 3436 nequiter
1536 3397 1736 3435 Conspirantes
1750 3420 1760 3435 ,
1781 3398 1814 3428 &
1836 3398 1870 3428 ad
1891 3397 2027 3428 effectum
2050 3407 2102 3435 pro
2123 3409 2223 3429 eorum
2247 3401 2349 3429 vitibus
2371 3397 2446 3433 lo-d,
