2562 4274
807 137 928 185 ΕΤ
1008 137 1271 184 ACTA
1356 134 1834 187 PURLICA.
2308 154 2359 202 63

50 233 125 268 Arm.
136 233 178 265 D.
2077 271 2107 275 μ,
2137 272 2140 273 ⁷
2213 271 2281 275 *—
2368 230 2495 300 Alma?

2435 279 2446 299 r
2470 294 2479 300 .

45 274 158 348 Hffir}
245 322 295 354 De
308 313 477 351 vastando
489 315 580 361 fiaper
595 313 815 358 Reformatione
827 314 1019 360 Treugamm
1034 315 1204 346 Britannia.
1598 312 1709 346 Altare
1724 315 1867 347 Portatila
1878 323 1934 361 pro·
1955 317 2044 361 Rege.
2366 279 2430 337 HJ·
2450 318 2478 344 5·

263 392 322 433 EX
339 397 501 438 Omnibus,
517 399 551 430 ad
567 409 652 438 quos,
671 400 731 431 &c.
750 398 883 431 Salutem.
1294 387 1661 454 MArtinqs'Epfiopus,
1681 397 1780 444 Serv-us
1794 399 1948 445 Servorum
1965 398 2020 443 Dei
2029 424 2048 446 ,ἡ
2057 385 2197 431 carissimo
2213 399 2241 428 in
2258 397 2345 428 Chri-
2365 395 2416 421 An.
2434 393 2461 422 6„

50 419 101 443 An.
115 416 144 442 ⁶·
203 403 259 459 R
299 440 397 470 Sciatis
413 439 494 477 qubd
1306 473 1310 477 ι
1389 435 1433 463 sto
1455 435 1542 479 hillo,
1560 438 1675 465 Henrtco
1688 438 1750 472 Regi
1769 437 1881 475 Anglzae
1894 437 2012 476 Illustri,
2030 438 2154 470 Salutem
2169 439 2203 469 ὃ(
2216 437 2342 475 Aposto-
2365 438 2402 477 H:
2419 440 2436 466 5
2440 452 2447 458 a

47 458 128 520 'gfff'
235 477 317 509 Cum
331 486 436 515 nuper,
453 477 488 507 ad
501 461 657 507 Honorem
671 473 743 512 Dei,
761 475 794 506 &
810 472 962 505 Christiani
976 475 1119 518 Sanguinis
1136 472 1251 504 effusio·
1294 471 1378 502 hcam
1396 472 1636 503 Benedlrfhonem-
2365 471 2429 499 ΠΜ·

41 2740 59 2762 ³
75 2745 128 2774 IX.

41 2786 109 2818 615.

42 2821 119 2852 Ann.
130 2819 171 2850 D.

62 2859 148 2898 1418.

41 2903 95 2929 An.
110 2899 137 2925 6.

73 2958 79 2964 .
98 2947 125 2973 5.

41 2980 83 3004 Ex
94 2974 156 3004 sibl.

42 3019 102 3042 Cot.

41 3052 156 3081 Tiberius

44 3095 74 3119 Β.
84 3093 110 3118 6.
112 3090 162 3128 fal.

0 3130 1 3165 ἐ
46 3138 93 3166 44·
111 3133 142 3160 B·

199 525 265 546 nem
279 515 460 554 evitandum,
478 516 635 551 inierimus7
655 513 820 551 fecerimus,
833 514 866 544 ὃς
884 512 1252 544 concordaverimusTrett-

197 562 243 592 gas
255 555 290 585 ὃς
303 554 491 585 Abstinentias
506 553 698 588 Guerrarum,
714 552 764 582 sub
779 554 863 582 certis
878 552 972 582 Modo
985 553 1018 583 &
1032 550 1152 588 Forma,
1171 559 1252 588 cum,

195 592 337 624 carissimo
351 592 445 623 Fratre
459 591 574 629 nostro,
591 589 723 629 Johanne
732 592 807 619 Duce
824 594 996 630 Britanniae,
1004 599 1088 628 prout
1103 597 1138 619 ex
1153 592 1250 619 earum

198 630 364 662 Tenoribus
375 630 476 661 clarius
489 629 596 667 liquere
612 629 732 667 poterit,
749 629 778 658 in
793 638 947 668 eventum,

234 669 304 700 Nos
1077 698 1079 700 ,

232 707 292 745 ipsa
311 691 395 737 ’Pacis
415 706 460 737 seu
480 705 661 745 Treugarum
684 703 822 743 Foedera,
841 712 977 743 quantum
992 701 1119 747 in'nobis
1133 701 1251 745 est,'inss

195 747 298 777 violata
311 747 344 777 δε
360 745 462 776 illibata
473 745 612 775 observari
634 745 796 782 cupientes,
814 754 847 773 ac
869 742 1004 781 quicquid
1024 751 1054 771 in
1076 749 1250 784 contrarium

195 785 293 816 actum
312 783 371 822 cst,
388 793 434 815 aut
453 783 521 823 fuit,
539 784 613 815 ultro
634 784 782 821 citroque,
800 781 894 812 debita
914 791 982 812 cum
1004 779 1142 811 celeritate
1161 778 1251 808 refor-

195 833 262 853 mal'l
1230 855 1235 860 .

231 846 280 892 De²
298 860 446 899 fidelitate,
470 859 599 892 circums
613 859 741 897 cerione,
764 859 798 890 ὃς
819 856 1130 901 1ηάιι11113,-Ρ1ἀ611υῃ1
1153 855 1186 885 &
1207 853 1251 884 ἀι-

192 899 334 930 lectorum
356 900 521 930 nostrorum
536 922 545 937 ,
575 897 711 928 '‘ohannis
729 895 870 926 Arundell
893 896 928 925 de
950 895 1053 925 Lichet
1075 893 1249 924 Mautravers

193 938 328 969 Chivaler
343 959 353 977 ,
376 939 411 970 δε
431 938 573 977 Johannis
597 936 629 966 de
652 934 789 974 Assheton
815 933 950 966 Chivaler
970 933 1077 973 plenius
1097 931 1245 962 confiden-

192 986 277 1047 ῑ68Ᾱά
292 1014 554 1051 Conveniendum,
574 1021 630 1050 per,
638 1011 692 1051 Se,
706 1011 752 1043 vel
767 1009 927 1049 Deputatos
939 1011 1018 1049 suos,
1041 1018 1111 1040 cnm
1126 1007 1250 1053 Ambas-

194 1053 355 1092 stateribus,
367 1052 592 1089 Commissariis,
607 1049 771 1089 Deputatis,
788 1050 1036 1088 Procuratoribus,
1049 1048 1104 1078 five
1125 1045 1252 1091 Nuncns

194 1093 304 1130 praefati
318 1091 424 1130 Ducis,
442 1090 627 1122 sufficientem
640 1089 671 1120 in
684 1089 738 1120 hac
752 1097 830 1126 parte
844 1088 1017 1120 Potestatem
1038 1086 1250 1123 exhibentibus,

192 1140 378 1170 quocumque
392 1130 477 1163 Loco
491 1128 524 1159 ad
540 1128 598 1159 hoc
612 1135 678 1167 apto
693 1129 727 1159 δε
742 1130 890 1166 congruo‘,

230 1168 472 1206 Audiendumque
491 1165 748 1204 Ambaffiatorum,
773 1164 1063 1202 Commissariorum,
1080 1162 1252 1206 Procurato-

194 1216 278 1245 rum,
292 1207 348 1238 sive
362 1206 550 1237 Nunciorum
560 1204 718 1235 hu'usmodi
734 1204 910 1235 voluntatem
923 1204 960 1234 de
975 1205 1008 1234 δε
1021 1204 1101 1240 super
1114 1202 1251 1245 omnibus

190 1246 225 1277 δε
240 1245 366 1284 singulis,
381 1244 557 1288 praefatarum
603 1250 750 1282 reugarum
766 1245 812 1273 seu
825 1242 1066 1272 Abstinentiarurn
1079 1241 1204 1271 debltam
1215 1239 1249 1270 &

189 1284 304 1315 fidelem
320 1283 537 1315 Obiervantiam
550 1281 788 1314 concernentibus
798 1303 808 1319 ,
1109 1318 1115 1323 ᾖ

229 1322 361 1353 Necnon
382 1322 417 1352 ad
437 1319 632 1352 Tractandum
651 1320 685 1351 ὃς
707 1317 991 1349 communicandum
1007 1328 1076 1349 cum
1091 1315 1193 1348 eisdem
1215 1314 1252 1345 de

191 1361 226 1392 &
241 1361 321 1398 super
332 1361 468 1394 omnibus
481 1361 514 1391 &
527 1359 654 1399 singulis,
668 1358 882 1389 Liberationem
897 1357 1140 1387 incarceratorum
1154 1353 1252 1398 utrius-

192 1409 249 1436 que
271 1400 398 1430 Partium
420 1398 617 1437 praedietarum
641 1406 675 1428 ac
693 1395 916 1434 Reparationem
932 1396 1175 1433 Attemptatorum
1196 1401 1251 1436 cir-

192 1448 227 1468 ca.
240 1438 365 1475 praefatas
377 1438 504 1477 Treugas
523 1438 556 1468 &
576 1435 765 1466 Abstinentias
787 1434 1029 1473 qualitercumque
1051 1439 1251 1464 concernenti-

216 1487 245 1507 us

193 1476 214 1508 b
230 1498 268 1545 E’r
285 1514 529 1553 Atter'npratorum
541 1511 701 1551 hujusmodi
714 1511 952 1548 Correffionem,
968 1510 1172 1545 Punitionern,
1190 1506 1253 1538 Re-

191 1553 383 1591 parationem,
400 1553 434 1584 &
459 1551 710 1582 Reformationem
723 1550 902 1587 faciendum,
915 1550 948 1580 δε
963 1559 1006 1580 eas
1021 1547 1079 1579 fieri
1091 1547 1251 1578 Petendum

189 1590 410 1630 requirendum,
427 1591 461 1622 ὃ(
473 1599 541 1621 cum
555 1588 662 1620 effeEtu
675 1588 891 1632 Optinendum,
1246 1597 1249 1601 ·

225 1629 272 1661 Ac
285 1629 424 1667 utriusque
439 1627 526 1659 Partis
542 1627 697 1666 QerelaS,
715 1627 790 1658 ultro
806 1635 934 1664 citroque
950 1625 1104 1665 propositas
1128 1626 1162 1656 ὃς
1186 1634 1254 1661 pro-

188 1666 333 1706 ponendas
344 1677 379 1700 cu
426 1665 479 1698 suis
493 1666 720 1706 emergentibus,
737 1664 940 1702 incidentibus,
963 1664 1197 1701 dependentibus,
1216 1663 1250 1693 &

189 1706 324 1737 'connexis
341 1705 387 1736 Au
409 1704 525 1736 iendum
539 1706 572 1736 &
587 1703 831 1741 Examinandum,
849 1713 881 1733 ac
899 1703 954 1732 fine
968 1703 1066 1733 debito
1076 1702 1252 1733 Terminan-

189 1744 277 1782 dum,
294 1744 462 1781 summarie,
481 1743 660 1780 fimpliciter,
679 1744 713 1774 &
727 1742 764 1772 de
775 1742 875 1780 plano,
898 1741 952 1771 sine
966 1741 1086 1785 'strepitu
1111 1744 1144 1773 ὃς
1166 1741 1251 1780 figura

186 1782 310 1821 Judicii,
327 1782 463 1820 legalibus
477 1781 624 1811 Terminis
639 1781 673 1818 (fi
684 1782 721 1811 eis
732 1780 861 1818 expedire
877 1780 1028 1817 videbitur)
1044 1790 1102 1810 non
1125 1780 1252 1818 servatis,

191 1830 240 1852 aut
256 1821 337 1859 alias,
353 1822 389 1852 de
408 1819 547 1852 <consensu
567 1818 711 1857 Partium,
728 1818 841 1850 resciffis
860 1827 905 1849 aut
927 1819 1108 1858 abbreviatis,
1126 1819 1250 1858 inspec‘ta

193 1859 251 1891 sola
265 1859 343 1890 Facti
359 1859 491 1896 veritate,
995 1895 998 1897 v

196 1930 199 1935 ,
229 1897 361 1928 Necnon
379 1896 415 1928 ad
437 1895 666 1927 Concedendum
676 1919 685 1934 ,
711 1895 887 1934 Petendum,
911 1897 944 1927 ὃς
969 1895 1168 1933 Optiuendum
1189 1897 1251 1935 qui-

193 1934 376 1974 buscumque
389 1935 516 1966 Personis
537 1935 601 1965 salvi
621 1933 796 1965 Condufflls
816 1934 943 1977 Literas,
972 1944 1107 1972 quatenus
1126 1935 1250 1974 Negotii

192 1973 324 2012 Natura,
340 1974 468 2012 qualitas,
484 1974 517 2004 &
532 1973 673 2011 expeditio
686 1974 770 2011 exigit
783 1973 815 2003 &
832 1973 960 2011 requirit,

230 2010 397 2050 Caeteraque
409 2012 507 2042 omnia
518 2012 551 2042 δε
563 2011 669 2047 lingula
683 2011 875 2049 Faciendum,
889 2010 1124 2049 Excercendum‚
1142 2013 1176 2043 δε
1191 2012 1249 2042 Ex-

189 2050 363 2090 pediendum
376 2054 441 2088 quae
455 2051 486 2080 in
500 2049 650 2080 Praemiffis
665 2050 698 2081 ὃς
709 2050 785 2080 circa
798 2059 829 2080 ea
844 2049 993 2080 necessaria
1005 2049 1109 2081 fuerint
1122 2059 1169 2082 aut
1177 2061 1250 2090 quo-

191 2088 388 2124 modolibeto
429 2096 524 2127 rtuna,
715 2101 719 2103 >

227 2126 320 2165 Ipsos,
338 2125 380 2165 Jo
399 2137 516 2165 mmm,
534 2127 567 2158 ὃς
584 2117 762 2165 Johannem,
788 2126 834 2158 seu
852 2125 1015 2170 ,Deputatos
1034 2126 1114 2167 sum,
1136 2128 1251 2161 nostros

188 2170 273 2198 vetos
283 2167 321 2198 ,δὲ
334 2165 726 2204 legitimosAmbaffiatores,
737 2164 956 2196 Comrmssarios
967 2190 977 2203 ,
991 2165 1249 2207 DeputatQS,Pro-·

190 2214 345 2242 curatoreS,
372 2204 570 2243 Negotiorum
585 2203 737 2241 Gestores,
757 2205 790 2235 ὃς
806 2203 944 2235 Nuncios
958 2205 1252 2246 speciales,Facimus,

190 2242 370 2280 ordinamus,
389 2250 533 2281 creamus,
551 2245 584 2275 ὃς
596 2242 795 2273 constituimus
807 2252 857 2281 per
871 2243 1040 2282 Praesentesz,

228 2281 451 2319 promittentes,
466 2283 496 2312 in
510 2283 601 2312 verbo
616 2280 715 2318 Regio
749 2280 823 2312 Nos
839 2280 966 2320 Ratum,
986 2281 1128 2321 Gratum,
1144 2283 1248 2315 &Fir-

190 2329 274 2351 mum
288 2329 425 2358 perpetuo
438 2320 583 2350 habituros
597 2303 734 2358 quicquid
753 2321 802 2357 per
823 2319 937 2351 eosdem
959 2321 1179 2352 Ambafflatores
1194 2333 1249 2354 no-

190 2359 277 2397 stros,
296 2359 340 2389 vel
358 2357 516 2396 Deputatos
528 2358 589 2389 suos
601 2358 769 2396 praedictos,
783 2358 898 2391 Aaum
906 2359 963 2391 five
976 2359 1102 2391 Gestum
1121 2360 1248 2392 fueritin

190 2395 358 2435 Praemiffis,
376 2407 421 2428 aut
437 2396 531 2435 aliquo
545 2396 769 2427 Praemifforum.

269 2434 302 2465 In
317 2436 412 2474 cu'us,
429 2437 492 2467 δίε.

231 2473 322 2504 Teste
377 2478 448 2513 ege,
464 2475 492 2504 in
515 2473 645 2506 Exercitu
665 2473 732 2513 suo,
751 2481 842 2512 prope
861 2477 1012 2505 Civitatem
1029 2474 1248 2516 Rotomagmftm

191 2512 312 2551 septimo
324 2512 382 2544 Die
397 2512 526 2554 Augusti.
559 2538 562 2542 .

826 2596 879 2624 Per
895 2593 979 2634 ipfiem
996 2598 1100 2632 Regem.

477 2722 506 2750 *ἓ
529 2725 621 2758 Plena
637 2723 771 2769 Remafflo
783 2737 839 2773 pro
855 2727 943 2773 Rege.

192 2809 390 2872 MArtinm
408 2809 565 2850 Ep‘fiopm,
583 2810 685 2842 Servus
704 2809 859 2842 servorum
878 2810 957 2849 Dei,
975 2810 1115 2843 cariffimo
1125 2812 1154 2842 in
1164 2811 1251 2843 Chri-

285 2849 329 2880 sto
359 2848 431 2879 Filio
442 2871 451 2886 ,
479 2850 594 2880 Henrico
612 2851 678 2886 Regi
696 2848 811 2888 Angl'iae
829 2848 951 2889 Illustri,
970 2850 1097 2882 Salutem
1113 2851 1147 2882 &
1166 2850 1250 2889 Apo·-

191 2886 319 2919 sto'licam
339 2886 577 2917 Benedidrionem

227 2926 350 2958 Eximiae
369 2925 543 2957 Devotionis
564 2926 596 2956 &
625 2923 800 2956 Sinceritaris
827 2925 979 2965 Affettus,
1007 2930 1096 2964 quern
1127 2926 1162 2958 ad
1179 2928 1251 2959 Nos

191 2964 226 2995 δε
244 2963 409 2995 Romanam
429 2964 501 3002 geris
520 2962 697 3002 Ecclesiam,
712 2965 818 2994 merito
827 2963 895 2994 Nos
913 2964 1052 2995 inducunt
1075 2974 1127 3003 ut,
1143 2966 1247 2998 Perso-

191 3011 262 3032 nam
287 3011 365 3033 tuam
394 3001 566 3042 Apostolicis
594 3002 748 3034 Favoribus
776 3002 973 3041 prosequentes
1020 3004 1066 3034 illa
1094 3009 1144 3042 per
1165 3015 1230 3043 quae
1240 3029 1250 3044 ,

192 3039 262 3070 Deo
289 3041 431 3080 propitio,
457 3040 572 3071 Animae
599 3049 656 3071 tuae
673 3040 760 3072 Saluti
778 3041 890 3072 uberius
909 3026 1054 3072 considere
1073 3042 1181 3083 valeas,
1209 3044 1250 3075 fa-

192 3087 262 3110 vore
280 3079 332 3109 tibi
349 3079 488 3110 benivolo
503 3079 702 3111 concedamus.
1194 3114 1195 3117 Ἴ

233 3116 317 3148 Hinc
345 3115 387 3146 est
414 3117 499 3156 quod,
512 3117 582 3149 Nos
603 3119 667 3157 (tuis
685 3117 941 3156 Supplicationibus
960 3118 1098 3156 inclinati)
1117 3127 1148 3150 ut
1166 3118 1250 3151 Con-

192 3155 280 3186 festor
297 3162 360 3186 tuus
378 3154 478 3192 (quem
496 3154 606 3187 duxeris
623 3156 794 3195 eligendum)
815 3158 949 3187 omnium
968 3156 1159 3188 Pecoetorum
1185 3166 1250 3189 tuo-

193 3204 258 3225 rum
269 3216 279 3232 ,
296 3193 333 3224 de
352 3194 452 3231 quibus
470 3192 570 3223 Corde
587 3196 724 3225 contritus
742 3197 776 3227 ὃς
796 3194 859 3225 Ore
876 3195 1020 3227 confeffus
1039 3195 1140 3234 fueris,
1164 3196 1250 3227 semel

194 3235 225 3264 in
243 3232 355 3270 singulis
373 3231 463 3263 Annis
481 3231 575 3270 quoad
592 3233 711 3270 vixeris,
729 3233 763 3263 ὃς
781 3234 865 3264 etiam
883 3234 968 3265 semel
987 3235 1017 3265 in
1042 3232 1146 3266 Mortis
1173 3235 1250 3267 Arti-

194 3271 263 3304 culo
273 3294 284 3310 ,
299 3270 410 3308 plenam
427 3268 637 3301 Remiffionern
655 3270 748 3310 Tibi,

231 3307 265 3340 In
293 3309 458 3340 Sinceritate
486 3307 585 3346 Fidei,
611 3308 732 3340 Unitate
750 3310 861 3341 Sanc‘lae
879 3309 1024 3341 Romanae
1042 3309 1192 3351 Ecclesiae,
1218 3322 1251 3344 ac

195 3346 368 3379 obedientia
388 3347 421 3378 &
439 3346 606 3378 Devorione
623 3346 738 3384 nostra,
762 3348 808 3379 vel
836 3347 1040 3379 Succefforum
1071 3350 1250 3390 nostrorum,

193 3387 399 3418 Romanorum
413 3384 604 3423 Pontificum,
619 3387 759 3417 canonice
775 3387 938 3417 intrantium
948 3411 958 3424 ,
975 3386 1127 3425 persistenti
1137 3413 1147 3427 ,

233 3425 410 3456 Auctoritate
430 3423 597 3463 Apostolica
616 3424 773 3455 concedere
791 3424 897 3462 valeat,
920 3423 1082 3457 Devotioni
1109 3436 1166 3458 tuae
1191 3428 1250 3459 Te-

195 3472 273 3494 nore.
286 3463 469 3494 Praesentium
487 3462 659 3500 Indulgemus
669 3473 679 3491 .-

234 3501 282 3533 Sic
302 3510 398 3533 tamen
413 3501 493 3539 quod
508 3501 585 3532 idem
603 3499 760 3531 Confeffor
778 3500 813 3531 de
830 3500 902 3539 hiis,
919 3499 955 3531 de
973 3502 1075 3540 quibus
1096 3503 1150 3535 fuit
1176 3504 1257 3536 alteri·

196 3538 353 3571 satisfactio
367 3539 573 3580 impendenda,
599 3549 662 3570 eam
676 3540 750 3578 tibi,
773 3540 802 3569 in
822 3538 888 3569 Vita
905 3548 954 3578 per
972 3546 1002 3571 te
1021 3541 1040 3570 fi
1056 3541 1254 3582 supervixeris,

197 3579 245 3609 vel
260 3589 309 3618 per
327 3578 464 3609 Haeredes
482 3586 547 3609 tuos
558 3601 566 3615 ,
585 3577 605 3608 si
622 3586 691 3608 tunc
710 3577 783 3608 forte
807 3577 943 3608 transieris
975 3579 1138 3611 faciendum
1160 3582 1254 3620 injun-

197 3624 260 3656 gat·
282 3626 366 3656 quam
380 3626 412 3648 tu
426 3616 471 3648 vel
484 3617 524 3647 illi
541 3616 632 3647 facere
651 3616 819 3654 teneamini,
838 3624 868 3646 ut
884 3625 940 3652 prae
953 3625 1038 3648 ertur.

219 3655 223 3659 ”
262 3664 275 3686 t
289 3657 347 3694 ne,
363 3655 443 3695 quod
460 3655 546 3693 absit,
566 3664 680 3693 propter
696 3653 856 3692 hujusmodi
879 3653 1026 3694 Gratiam,
1043 3656 1163 3688 reddaris
1187 3667 1256 3695 pro·-

198 3693 300 3724 clivior
324 3692 359 3724 ad
384 3694 479 3725 illicita
497 3693 688 3731 imposterum
711 3691 936 3731 committenda,
963 3693 1095 3726 volumus
1114 3696 1214 3734 quod,
1234 3696 1253 3727 fi

199 3739 240 3760 err
253 3729 436 3764 confidentia
457 3730 641 3763 Remiffionis
659 3730 818 3769 hujusmodi
836 3731 928 3767 aliqua
946 3730 1020 3763 forte
1043 3735 1235 3765 committeres
1246 3757 1256 3772 ,

200 3769 297 3807 qioad·
310 3770 355 3800 illa
374 3770 507 3809 praedieta
526 3769 667 3801 Remiffio
687 3770 839 3800 nullatenus
851 3767 1024 3808 suffragetur.

236 3804 319 3836 Nulli
349 3817 419 3845 ergo
447 3809 569 3839 omnino
593 3807 760 3840 Hominum
780 3809 864 3838 liceat
890 3807 963 3839 hanc
987 3808 1126 3849 Paginam
1149 3809 1254 3842 nostrae

198 3843 396 3877 Conceffionis
412 3847 446 3878 ὃς
463 3846 622 3879 Voluntatis
634 3847 804 3886 infringere,
820 3847 880 3877 ὅτε.

237 3917 306 3950 Dat.
334 3919 481 3952 Gebennis
501 3922 617 3956 decimo
641 3924 742 3964 quinto
767 3922 833 3956 Kal.
855 3921 1046 3962 Septembris,
1071 3923 1257 3957 Pontificatfis

201 3957 288 3990 nostri
305 3957 397 3991 Anno
409 3958 518 3995 Primo.

1331 509 1424 548 Exigit
1443 511 1499 541 tuae
1522 511 1661 548 praeclar-ce
1684 510 1855 543 Devntionis
1870 513 2028 552 integritas,
2047 515 2101 552 qua
2113 513 2180 545 Nos
2195 514 2227 544 δε
2242 513 2345 544 Sacro-

1292 547 1414 578 sand‘carn
1429 547 1593 579 Romanam
1607 549 1762 580 Ecclesiam
1779 554 1963 589 revereris,ut
1979 553 2060 584 VOtis
2077 555 2145 592 tuis,
2163 554 2193 583 in
2207 553 2258 583 hiis
2271 562 2344 590 prae-

1292 586 1385 616 sertim
1400 596 1465 624 quae
1479 597 1513 616 ex
1529 587 1700 618 Devotionis
1714 589 1826 619 fervore
1847 590 1959 627 prodire
1983 591 2189 631 conspicimus,
2208 599 2345 630 quantum

1291 634 1358 654 cum
1373 624 1441 655 Deo
1453 625 1615 664 possumus,
1633 627 1819 657 favorabiliter
1833 638 1996 659 annuamus.

1330 662 1411 692 Hinc
1431 664 1473 693 est
1490 664 1570 701 quod
1591 674 1642 694 nos
1666 666 1736 701 (ruis
1758 664 1881 697 Devotis
1903 668 1931 696 in
1952 667 2004 698 hac
2024 666 2107 698 Parte
2129 666 2348 706 supplicationis

1293 700 1345 744 bus
1369 701 1503 745 inclinati)
1526 711 1556 732 ut
1572 702 1652 733 liceat
1665 703 1755 742 Tibi,
1774 705 1805 734 δε
1822 704 2031 735 Succefforibus
2052 707 2119 742 tuis,
2137 706 2263 746 Regibus
2284 707 2347 737 An-

1294 738 1375 776 gliae,
1399 747 1449 777 qui
1470 749 1551 770 erunt
1570 750 1624 778 pro
1642 741 1808 780 Tempore,
1833 743 1934 773 habere
1957 743 2046 781 Duo,
2070 744 2116 774 vel
2137 744 2231 782 plura,
2248 755 2281 774 ac
2302 752 2345 776 tot

1293 782 1295 786 ’
1314 785 1364 806 uot
1386 787 1439 815 pro
1459 777 1598 808 Fidelium
1614 802 1623 816 ,
1656 788 1709 816 pro
1732 788 1861 818 tempore
1884 782 2112 813 concurrentium
2127 804 2136 820 ,
2166 783 2347 813 multitudine

1304 813 1446 854 ufficiant,
1464 815 1567 846 Altaria
1586 817 1743 856 Portatilia,
1760 828 1828 849 cum
1844 819 1936 850 debita
1950 819 2121 851 Reverentia
2135 821 2169 851 ὃς
2184 820 2322 859 Honore,

1329 852 1420 891 Super
1464 854 1544 884 uibus
1565 855 1648 885 etiam
1664 878 1674 894 ,
1708 864 1855 895 antequam
1875 858 2013 889 illucescat
2033 858 2104 888 Dies
2119 881 2129 896 ,
2154 859 2229 889 circa
2251 865 2347 889 tamen

1291 890 1420 922 diurnam
1471 902 1553 923 ucem
1569 915 1580 928 ,
1605 904 1673 924 cum
1695 894 1808 933 qualitas
1830 895 2030 934 Negotiorum
2045 919 2056 935 ,
2079 906 2134 935 pro
2157 901 2285 935 tempore
2304 898 2351 927 in-

1291 932 1469 969 gruentium,
1487 931 1516 961 id
1529 932 1664 970 exigerit,

1329 968 1474 1012 IuLocis
1496 970 1583 1000 etiarn
1604 970 1804 1003 Ecclesiastico
1826 972 1977 1004 inter-didio
1996 973 2086 1004 forsan
2108 972 2268 1012 suppositis,
2287 973 2350 1004 fite

1292 1006 1339 1037 vel
1352 1007 1442 1038 dictos
1454 1007 1633 1039 Successores
1646 1009 1681 1040 ad
1701 1010 1745 1040 illa
1764 1011 1903 1044 declinare
1923 1013 2093 1052 contigerit,
2111 1012 2176 1042 alias
2198 1020 2293 1043 tamen
2314 1011 2351 1043 ad

1293 1045 1352 1075 hoc
1367 1048 1588 1086 congruentibus
1602 1048 1636 1078 &
1653 1048 1796 1088 honestis,

1329 1083 1439 1115 Poslitis
1452 1086 1480 1115 in
1497 1085 1603 1124 vestra,
1621 1097 1654 1117 ac
1672 1086 1792 1118 Ducum
1808 1087 1979 1127 Comitum,
1994 1088 2157 1127 Baronum,
2175 1089 2210 1120 ὃς
2226 1089 2349 1121 aliorum

1292 1120 1468 1161 Nobilium,
1493 1134 1608 1154 necnon
1630 1124 1819 1156 Familiarium
1843 1127 2020 1166 vestrorum,
2045 1137 2292 1167 caeterorumque,
2318 1130 2350 1159 in

1292 1159 1441 1203 Comitiva
1455 1162 1500 1192 seu
1513 1161 1648 1193 Exercitu
1663 1163 1757 1195 vestro
1771 1164 1949 1197 existentium
1962 1166 2009 1197 seu
2022 1165 2350 1206 concurrentium,Cle-=

1293 1206 1433 1237 ricorurn,
1452 1200 1485 1230 δε
1503 1199 1674 1239 Laicorurn,
1693 1201 1858 1241 Praesentia,

1331 1235 1425 1280 Etiam
1439 1237 1600 1282 separatim,
1617 1240 1650 1270 ὃ(
1665 1242 1696 1270 in
1710 1240 1822 1271 diversis
1838 1242 1998 1281 hujusmodi
2013 1245 2233 1283 congruentibus
2248 1245 2281 1276 δε
2294 1244 2349 1275 ho-

1291 1273 1385 1319 nestis·
1398 1275 1501 1323 Locis,
1518 1287 1548 1306 m
1569 1276 1666 1308 vestro
1688 1278 1794 1309 Palatio
1815 1280 1859 1311 vel
1880 1281 1960 1319 alibi,
1978 1282 2028 1312 ubi
2042 1292 2094 1313 vos
2107 1293 2176 1313 cum
2191 1282 2350 1321 hujusmodi

1296 1310 1445 1345 Comitrva
1460 1315 1505 1346 vel
1519 1314 1654 1346 Exercitu
1673 1316 1791 1346 Moram
1805 1318 1914 1349 trahere
1926 1321 2093 1359 contigerit,

1331 1350 1364 1381 In
1383 1351 1469 1383 Locis
1488 1353 1569 1391 (viz.)
1592 1354 1752 1385 hu'usmodi
1770 1354 1927 1387 Interdieto
1948 1358 2106 1397 suppositiS,
2119 1359 2216 1398 Januis
2235 1360 2350 1398 clausis,

1293 1388 1555 1423 Excommunicatis
1573 1393 1607 1424 &
1636 1393 1780 1425 nterdiffls
1793 1395 1924 1433 exclulis,
1941 1404 2000 1426 non
2015 1397 2121 1434 pulsatis
2137 1397 2348 1439 Campanis,&

1293 1427 1425 1459 submissa
1437 1428 1538 1469 Voce,

1331 1465 1387 1497 Per
1402 1471 1536 1511 'proprios
1549 1470 1594 1501 vel
1608 1470 1676 1501 alios
1689 1470 1855 1502 Sacerdotes
1872 1471 2015 1511 ydoneOS,
2033 1472 2132 1504 Missas
2148 1476 2182 1506 δε
2196 1477 2247 1507 alia
2265 1476 2351 1508 Divi-

1293 1514 1329 1535 na
1346 1505 1468 1545 Officia,
1487 1509 1542 1538 sine
1556 1508 1633 1547 Juris
1646 1510 1728 1540 alieni
1744 1510 1928 1548 praejudicio,
1945 1510 2037 1541 facere
2052 1512 2204 1552 celebrari,

1331 1542 1505 1576 Dummodo
1519 1557 1571 1578 vos
1585 1548 1630 1577 vel
1641 1548 1681 1577 illi
1697 1547 1815 1579 Causam
1828 1559 1889 1578 non
1903 1548 2033 1580 dederitis
2050 1549 2206 1582 Interdicto
2217 1575 2227 1591 ,
2245 1563 2300 1584 nec
2321 1552 2352 1584 id

1294 1584 1376 1613 vobis
1392 1585 1435 1615 vel
1448 1585 1499 1615 illis
1511 1587 1665 1623 contigerit
1679 1586 1828 1624 specialiter
1844 1586 1995 1625 Interdici,

1330 1621 1416 1660 Tibi,
1435 1623 1468 1653 ὅ(
1482 1624 1586 1654 eisdem
1599 1624 1832 1664 Succefforibus,
1850 1626 2029 1656 Au&oritate
2045 1626 2232 1667 Apostolica‚
2249 1628 2351 1661 Teno-

1294 1670 1322 1690 rc
1337 1659 1534 1701 Praesentium,
1552 1663 1589 1693 de
1604 1663 1711 1701 speciali
1729 1663 1846 1701 Gratia,
1861 1664 2031 1701 Indulgemus
2041 1676 2050 1694 r
2069 1666 2189 1698 Proviso
2203 1667 2284 1705 quod
2297 1668 2352 1699 hu·-

1288 1697 1411 1737 jusmodi
1427 1699 1638 1740 Concessione,
1657 1702 1749 1740 quoad
1764 1702 1915 1733 Miffarum
1930 1702 2158 1735 Celebrationem
2174 1714 2240 1736 ante
2248 1705 2350 1746 Diem,

1293 1740 1379 1775 parce
1398 1739 1534 1777 utamini,
1552 1741 1616 1778 quia
1638 1750 1721 1778 cum,
1739 1742 1767 1771 in
1789 1741 1889 1772 AltarIS
1910 1741 2042 1781 Officio,
2060 1743 2226 1775 immoletur
2240 1743 2348 1776 Domi-

1294 1785 1346 1806 nus
1370 1776 1465 1808 noster
1487 1777 1563 1817 Jesus
1587 1778 1732 1816 Christus,
1759 1779 1818 1810 Dei
1841 1780 1945 1818 Filius,
1969 1781 2019 1818 qui
2044 1780 2162 1812 Candor
2183 1782 2202 1802 ³*
2224 1782 2266 1812 est
2288 1783 2352 1816 Lu-
2375 1799 2390 1816 ο
2412 1784 2453 1827 ης·

1293 1815 1333 1860 cis
1355 1825 1484 1855 aeternae‚
1510 1818 1646 1856 congruit
1667 1817 1724 1848 hoc
1744 1828 1803 1849 non
1819 1817 1929 1849 Nostis
1943 1820 2063 1850 tenebris
2082 1819 2159 1859 fieri,
2175 1820 2220 1852 sed
2241 1822 2272 1852 in
2291 1821 2353 1853 Lu-
2374 1839 2439 1867 ⁶¹⁶·
2457 1818 2464 1827 ”

1292 1863 1334 1884 ce.
2437 1871 2440 1874 ’

1329 1890 1412 1936 Nulli
1424 1901 1495 1932 ergo
1506 1893 1629 1924 omnino
1643 1893 1809 1926 Hominum
1824 1895 1906 1927 liceat
1919 1895 1993 1927 hanc
2006 1895 2141 1936 Paginam
2154 1897 2259 1928 nostrae
2269 1897 2353 1930 Con-

1291 1929 1420 1961 ceffionts
1438 1932 1610 1970 infringere,
1623 1933 1669 1964 vel
1683 1934 1709 1963 ei
1723 1933 1788 1964 ausu
1804 1936 1951 1965 temerario
1964 1938 2125 1975 contraire,
2142 1936 2162 1966 fi
2176 1938 2238 1975 quis
2255 1942 2353 1971 autem

1292 1969 1352 1999 hoc
1370 1978 1534 2008 attemptare
1557 1971 1773 2010 praesumpserit,
1791 1972 2017 2011 indignationem
2037 1974 2254 2013 omnipotentis
2273 1975 2351 2015 Dei,

1289 2007 1325 2075 «ἐκ
1341 2006 1490 2039 Beatorum
1507 2008 1585 2039 Petri
1603 2011 1637 2041 &
1653 2009 1753 2049 Pauli,
1771 2010 1980 2049 Apostolorum
1993 2013 2066 2052 ejus,
2083 2013 2110 2045 se
2122 2014 2236 2046 noverit
2255 2014 2354 2047 incur-

1303 2055 1396 2076 urum.

1292 2083 1398 2154 Prligig
1423 2082 1555 2117 Gebenm's
1573 2095 1620 2120 xv.
1645 2085 1712 2119 Kal.
1737 2087 1913 2127 Septembris
1936 2088 2124 2122 Pontificatiis
2143 2090 2237 2123 nostri
2261 2091 2354 2124 Anno

1455 2265 1648 2315 Indulgentia
1657 2295 1670 2312 ,
1686 2268 1779 2316 [ἦρεν
1796 2269 1941 2317 Reliquiis
1958 2268 2184 2316 tranfirendis.

1291 2358 1493 2421 MArtinus
1506 2360 1664 2402 Epifiopus‚
1682 2362 1790 2395 Servus
1802 2363 1956 2396 Servorum
1970 2363 2027 2395 Dei
2038 2364 2206 2403 ,Cariffimo
2220 2368 2250 2401 in
2262 2365 2350 2399 Clari-
2373 2364 2449 2396 Ann.
2458 2364 2501 2398 D„

1386 2400 1431 2431 sto
1455 2401 1545 2438 Filio,
1568 2401 1703 2440 Henrr‘m,
1717 2404 1782 2440 Regi
1799 2401 1912 2441 Angliae
1933 2403 2052 2443 Illustri,
2067 2404 2192 2436 Salutem
2213 2407 2247 2437 &
2266 2409 2348 2445 Apo-
2389 2405 2477 2444 1418.

1289 2437 1420 2469 stolicam
1437 2438 1679 2470 Benedictionem.
2364 2448 2418 2472 An.
2436 2445 2465 2472 6.

1304 2514 1306 2517 .
1327 2476 1405 2508 Non
1425 2477 1517 2508 solum
1539 2478 1672 2515 praeclara
1693 2486 1750 2509 tuae
1771 2477 1887 2516 Regalis
1909 2478 2087 2513 Celfitudirris
2106 2481 2271 2521 Sinceritas,
2287 2482 2345 2522 qua
2364 2486 2400 2509 H.
2418 2491 2447 2517 5-

1289 2513 1360 2545 Nos
1382 2515 1416 2546 &
1438 2515 1603 2547 Romanam
1621 2516 1780 2549 Ecclesiam
1798 2517 1948 2548 Revereris
1963 2541 1973 2557 ,
2004 2519 2049 2549 sed
2069 2521 2102 2550 &
2121 2521 2166 2551 illa
2189 2521 2342 2553 affectuosa
2359 2520 2426 2549 Ibid.

1289 2563 1368 2591 purae
1396 2553 1507 2586 Mentis
1526 2553 1671 2593 Dilectio,
1691 2565 1778 2594 quam
1799 2556 1833 2586 ad
1850 2557 2024 2587 cunctorum
2038 2557 2209 2590 Sancitorum
2229 2568 2343 2592 eorum·
2355 2558 2406 2597 fol.
2423 2562 2472 2595 43⁸,

1312 2602 1348 2622 ue
1374 2593 1581 2624 Venerabilium
1603 2593 1798 2632 Reliquiarum
1820 2593 2042 2627 Venerationem
2060 2597 2158 2627 humili
2181 2597 2348 2638 devotoque

1320 2630 1391 2662 orde
1416 2632 1583 2663 incessanter
1604 2633 1709 2663 habere
1733 2633 1884 2664 dinosceris
1901 2659 1911 2673 ,
1940 2636 2043 2666 merito
2067 2635 2135 2666 Nos
2157 2637 2297 2668 inducunt
2320 2646 2352 2669 ut

1292 2668 1375 2699 Votis
1391 2671 1463 2708 tuis,
1479 2671 1532 2701 illas
1544 2671 1699 2710 praesertim
1716 2681 1781 2710 quae
1794 2673 1834 2702 ob
1854 2671 2076 2704 Venerarionem
2099 2675 2217 2706 eandem
2240 2685 2274 2706 ex
2293 2675 2359 2714 Cas

1291 2708 1369 2738 ritate
1393 2707 1543 2747 defidems,
1561 2718 1696 2748 quantum
1720 2719 1790 2742 cum
1814 2710 1883 2741 Deo
1907 2711 2069 2751 possumus,
2095 2711 2281 2746 favorabiliter
2303 2724 2355 2746 an-

1292 2755 1421 2777 nuamus.

1329 2784 1410 2815 Hinc
1432 2785 1473 2816 est
1494 2784 1573 2825 quod
1593 2785 1663 2818 Nos
1677 2787 1742 2824 (tuis
1761 2786 1871 2818 devotis
1885 2789 1914 2818 in
1927 2788 1983 2819 hac
1997 2788 2079 2819 Patre
2093 2788 2355 2828 Supplicationibus

1292 2823 1428 2862 inclinati)
1443 2832 1492 2861 ut,
1507 2825 1543 2856 de
1568 2825 1709 2863 quibusvis
1730 2825 1975 2863 Metropolitanis,
1994 2826 2221 2868 Cathedralibus,
2240 2832 2279 2862 δι’
2295 2831 2353 2862 aliis

1293 2861 1441 2901 Ecclefiis‚
1459 2863 1505 2894 seu
1523 2863 1612 2894 Locis
1625 2863 1840 2902 Ecclesiasticis,
1859 2864 1991 2895 Ducatfis
2007 2866 2042 2895 N
2044 2869 2203 2898 ormanniae‘
2209 2891 2218 2907 ,
2237 2870 2270 2900 δε
2288 2870 2356 2900 aliass

1292 2911 1357 2931 rum
1372 2900 1498 2932 Partium
1515 2902 1692 2933 Gallicarum
1709 2902 1790 2939 (Tibi
1807 2903 1841 2932 ad
1860 2903 1978 2940 praesens
2002 2905 2207 2945 subje&arum,
2224 2916 2272 2937 aut
2293 2909 2350 2938 irn-v

1291 2939 1437 2977 posterum
1451 2940 1686 2975 subiciendarum)
1697 2942 1817 2979 aliquam
1832 2941 2002 2972 Sanctorum
2018 2943 2215 2982 Reliquiarum
2231 2944 2345 2976 Partem

1293 2978 1341 3014 (de
1357 2978 1413 3016 qua
1427 2978 1513 3016 Tibi,
1532 2980 1604 3016 juxta
1617 2988 1673 3010 tuae
1692 2979 1882 3010 Conscientiae
1896 2981 2054 3020 distamen,
2070 2983 2219 3021 videbitur)
2242 2984 2275 3013 ad
2298 2985 2349 3015 alia

1291 3015 1429 3047 Ecclesras
1450 3018 1484 3048 &
1505 3016 1586 3047 Loca
1604 3017 1706 3056 Sacra,
1725 3018 1775 3048 ubi
1799 3018 1870 3048 Tibi
1891 3019 2041 3058 placuerit,
2057 3030 2109 3057 pro
2132 3031 2227 3052 earum
2243 3023 2347 3053 devota

1293 3052 1497 3092 veneratione,
1522 3055 1683 3094 transferre,
1709 3056 1756 3086 seu
1782 3065 1833 3093 per
1853 3056 1967 3087 devotas
1990 3057 2195 3090 Eccleliasticas
2214 3059 2355 3091 Personas·

1291 3091 1425 3123 decenter
1441 3093 1578 3124 transferri
1591 3094 1700 3132 facete,
1718 3095 1807 3124 libere
1820 3096 1853 3125 &
1869 3095 1944 3126 licite
1964 3096 2056 3127 Poffis
2077 3095 2353 3133 (Constitutionibus

1292 3130 1326 3161 &
1350 3131 1596 3164 Prohibitionibus
1619 3133 1809 3171 Apostolicis,
1826 3133 1860 3164 &
1884 3135 1942 3164 aliis
1963 3136 2175 3174 quibuscunque
2190 3139 2357 3176 contrariis,

1291 3177 1470 3240 ffegffgflu}m
1487 3169 1689 3240 ffbgssanrtibtlisg
1699 3171 1876 3240 33οὲὶὲηᾷ
1889 3181 1946 3203 tuae
1968 3174 2147 3205 Auctoritare
2163 3175 2356 3216 Apostolica,

1395 3219 1411 3239 e
1448 3219 1533 3239 raeen
1546 3219 1575 3239 iu
1849 3226 1857 3240 i
1885 3220 1909 3241 v
1934 3235 1940 3241 .

1330 3246 1415 3277 Nulli
1427 3256 1496 3287 ergo
1508 3233 1632 3278 omnini)
1644 3247 1812 3279 Hominum
1824 3249 1907 3281 liceat
1918 3221 1994 3281 itanc
2008 3249 2141 3290 Paginam
2156 3249 2259 3282 nostrae
2268 3251 2354 3284 Con-⁶

1293 3285 1424 3316 ceffionis
1441 3286 1608 3324 infringere,
1625 3287 1686 3318 &c.

1294 3323 1399 3392 PDag.
1421 3325 1553 3355 Gebenm's
1577 3334 1624 3357 xv.
1651 3324 1716 3356 Kal.
1742 3325 1915 3364 Septembris
1943 3325 2132 3359 Pontificatfis
2153 3327 2242 3359 nostri
2264 3328 2359 3360 Anno

1319 3372 1373 3393 rim
1396 3385 1403 3392 .

1295 3491 1433 3523 Licentia
1448 3487 1571 3534 conceffiae
1589 3491 1631 3521 Re
1651 3491 1712 3521 iut
1741 3490 1880 3521 Decanm
1909 3489 2028 3536 Capellae
2051 3489 2182 3536 Hospitii
2197 3491 2252 3533 siai
2270 3487 2352 3535 poffi't

1386 3535 1494 3570 audire
1514 3535 1603 3580 Confi?
1623 3547 1697 3569 lones
1717 3538 1805 3583 lpfius
1826 3541 1911 3584 Regis
1928 3541 1964 3576 cj-
1982 3541 2072 3570 totius
2085 3541 2256 3571 Exercitus.

1297 3621 1496 3683 MArtinus
1511 3619 1665 3660 Episcopus,
1681 3620 1781 3652 Servus
1797 3621 1954 3653 Servorum
1969 3619 2025 3653 Dei
2061 3621 2210 3653 Carisfimo
2226 3622 2252 3650 in
2263 3621 2350 3652 Chri-
2371 3628 2435 3658 [ism
2461 3626 2502 3659 {ig

1394 3660 1437 3690 sto
1452 3660 1474 3689 F
1476 3661 1541 3697 ilio,
1556 3661 1673 3690 Henn'co
1684 3663 1748 3700 Regi
1760 3661 1872 3699 Angliae
1886 3660 2005 3699 Illustri,
2024 3643 2144 3691 Salutem
2159 3661 2191 3691 δε
2205 3660 2351 3698 Apostoli-
2393 3667 2479 3700 14:³2,
2498 3662 2503 3665 ”

1295 3707 1359 3730 cam
1374 3697 1616 3729 Bene-dictionem.
2371 3709 2412 3733 A.»
2440 3708 2465 3732 ί,

1336 3737 1448 3775 Regalis
1468 3735 1622 3775 Majestatis
1640 3745 1696 3768 tuae
1715 3737 1832 3776 probata
1850 3737 1998 3768 Sinceritas
2019 3746 2052 3766 ac
2074 3736 2150 3766 Fidei
2173 3736 2206 3765 8:
2228 3735 2352 3768 solidatae
2372 3749 2399 3771 H
2426 3753 2451 3778 5-

1297 3773 1474 3805 Constantis
1492 3774 1618 3813 Puritas,
1637 3785 1702 3813 quas
1717 3776 1751 3806 ad
1767 3775 1834 3806 Nos
1848 3777 1881 3807 ὃς
1900 3776 2065 3806 Romanam
2081 3776 2153 3810 geris
2176 3774 2332 3806 Ecclesiam
2345 3799 2353 3815 ,
2386 3782 2451 3810 mid,

1297 3823 1357 3843 non
1372 3813 1486 3851 indigne
1501 3822 1642 3844 merentur
1659 3822 1689 3844 ut
1707 3813 1789 3844 Votis
1811 3815 1879 3851 tuis,
1900 3814 1950 3842 illis
1973 3812 2123 3850 praesertim
2144 3822 2193 3851 per
2214 3822 2278 3851 quae
2299 3814 2352 3846 Tu
2366 3820 2415 3860 fol,
2431 3821 2479 3856 443

1297 3851 1330 3882 &
1344 3850 1450 3881 Fideles
1465 3853 1503 3881 tui
1520 3850 1625 3882 Pacem
1640 3853 1673 3883 ὃς
1688 3851 1810 3882 Salutem
1826 3851 2012 3888 Animarum,
2031 3848 2099 3880 Deo
2120 3852 2263 3890 propitio,
2281 3862 2352 3884 con-

1297 3889 1373 3926 sequi
1387 3889 1498 3919 valeatis
1507 3912 1516 3927 ,
1534 3890 1722 3921 favorabiliter
1733 3898 1900 3926 annuamus,

1337 3927 1416 3958 Hinc
1439 3927 1480 3957 est
1503 3927 1583 3965 quod
1601 3927 1669 3958 Nos
1685 3928 1805 3966 (devotis
1822 3928 1889 3962 tuis,
1907 3924 2002 3969 inb-fic
2023 3923 2358 3970 Parte,·Supplicationi—

1301 3966 1354 3996 bus
1369 3966 1504 4000 inclinati)
1521 3975 1551 3996 ut
1565 3966 1698 3997 Decanus
1715 3965 1838 4003 Capellae
1853 3963 1977 4000 Hospitii
1995 3973 2034 3994 tur
2051 3964 2180 4001 (existens
2194 3975 2246 4004 pro
2263 3967 2357 3998 Tem-‘-

1301 4014 1391 4042 pore,
1408 4005 1457 4042 qui
1472 4003 1608 4043 Magister
1625 4004 1668 4035 vel
1682 4004 1777 4035 saltem
1793 4002 1956 4033 Bacallarius
1970 4002 1999 4030 in
2015 4002 2100 4034 Sacra
2117 4003 2277 4044 Theologia
2300 4006 2357 4036 exi-

1303 4041 1371 4081 stat)
1389 4051 1468 4075 tuam
1486 4051 1521 4074 ac
1542 4042 1676 4074 omnium
1695 4040 1922 4080 &singulorum
1947 4037 2055 4071 Christi
2076 4040 2238 4082 Fidelium,
2263 4043 2310 4111 {e
2329 4045 2359 4078 in

2298 4089 2360 4110 xer-
