2562 4274
52 208 184 242 Ann.D.

75 249 160 287 1426.

53 291 115 317 Heu.
137 288 166 316 6.

48 611 124 645 Arm.
140 612 180 643 D.

71 653 158 691 1426.

51 695 104 718 Aa.
119 702 146 726 4.

47 733 82 756 H.
99 730 125 756 6.

45 767 105 797 Pell.

61 2276 79 2295 ³
93 2277 132 2308 Χ,

43 2317 108 2352 360.

42 2355 110 2383 Ann
134 2352 162 2383 D

40 2435 81 2461 An

41 2474 74 2497 H.
96 2472 123 2496 6.

38 2509 128 2546 Claus.
146 2518 175 2544 4.

40 2549 157 2575 H.6.m.

45 2595 86 2612 ii.
101 2591 152 2612 dor.

61 2377 148 2430 142'6.
165 2377 170 2383 ’
195 2410 197 2417 .

202 140 280 168 122

197 222 260 242 rum
280 211 489 242 Dominiorum
502 233 511 249 ,
536 210 691 242 Terrarum
704 233 713 248 ,
732 211 765 242 δε
782 209 1036 240 Tenementorum
1052 208 1257 248 praedicstorum

198 250 269 281 infra
284 249 465 281 Comitatum
479 249 637 280 Suffolciae.

233 289 267 320 In
283 290 360 326 cujus
369 312 378 326 ,
393 290 454 318 &c.

232 327 322 359 Teste
334 327 416 366 Rege
432 325 504 364 apud
518 325 649 367 Leycestr.
668 325 806 358 vicesimo
821 324 899 356 sexto
916 325 963 356 die
982 324 1063 355 Maii.

695 403 750 432 Per
765 405 858 432 Breve
869 402 901 432 de
918 404 1039 432 Privato
1054 400 1155 441 sigillo.

562 527 620 557 Pro
638 527 726 559 Duce
741 523 912 570 Bedfordiae.

196 609 257 671 V
275 609 398 643 Icelimo
413 609 545 649 Septimo
561 609 621 641 Die
637 609 728 650 Μαίἱ,
747 610 837 642 Αηηο
853 609 951 649 Regni
964 612 1042 648 Regi:
1055 611 1169 640 Henrici
1181 611 1260 640 Sexti

200 727 205 731 .
235 649 419 731 pr{}g‡{jtgfls
440 688 473 732 in·
489 686 593 732 Castro
611 686 780 728 Leycestriae
797 686 935 718 Dominis
948 686 984 719 de
999 686 1140 719 Concilio
1156 686 1261 726 Regis,

197 725 313 757 inferuis
329 727 356 757 se
373 726 624 765 subscribentibus,

231 763 270 794 Et
283 765 459 796 considerato
477 775 526 802 per
539 766 611 802 ipsos
627 764 733 795 ibidem
749 763 960 802 quod,illustris
975 764 1128 803 Princeps,
1145 763 1260 804 Johan-

195 814 241 833 nes
255 826 264 841 ‚
289 806 389 841 Regem
410 807 529 842 Regnum
549 807 671 833 Franciae
686 826 696 841 ,
720 807 789 833 Dux
812 802 983 842 Bedfordiae,
1003 803 1119 835 Patruus
1137 804 1259 834 Domini

194 841 282 872 nostri
302 842 391 879 Regis
405 867 415 880 ,
440 853 529 881 nuper
550 842 585 874 de
606 842 711 881 Regno
732 842 859 872 Franciz
875 844 902 872 in
917 841 1063 880 Regnum
1076 843 1202 883 Angliae,
1219 842 1259 873 ob

194 890 328 918 magnam
348 882 438 918 Regis
453 883 485 913 ὃς
502 881 683 920 Reipublicae
700 881 863 918 utilitatem,
882 881 1040 919 veniendo,
1057 883 1090 913 δε
1109 883 1136 911 in
1154 881 1259 912 eodem

194 918 302 950 Reono
318 921 427 959 Angliae
440 921 598 958 morando,
618 920 715 950 Onera
729 919 761 950 eii
776 920 927 950 occalione
941 919 1022 950 subiit
1035 920 1069 951 &
1083 920 1241 958 lix-pensas,

229 943 407 995 Ktienroque
419 961 502 989 etiarn
521 969 568 997 per
579 958 693 988 eoldem
710 958 808 995 quod,
827 957 943 988 Illustris
957 958 1113 996 Princeps,
1131 957 1259 998 Humfri-

192 995 242 1026 dus
261 1000 330 1026 Dux
348 997 515 1038 Gloucestriae
530 1020 538 1033 ,
564 997 632 1026 dicti
649 996 774 1026 Domini
788 996 877 1026 nostri
896 996 985 1034 Regis
999 996 1134 1036 Patruus,
1173 1007 1205 1028 ro
1221 1007 1258 1027 eo

194 1036 274 1078 quod
292 1036 444 1067 Proteetor
466 1037 498 1066 &
515 1035 656 1079 Defensor
679 1034 774 1074 Regni
792 1035 906 1072 Aiiglize
922 1036 955 1065 &
974 1034 1136 1105 Ρῑίηςίὲἑϋε
1181 1036 1258 1067 onfi-

193 1073 283 1104 liarius
306 1074 387 1112 ipsius
411 1074 533 1104 Domini
557 1073 645 1104 nostri
664 1073 752 1112 Regis
776 1073 883 1111 fuerat,
900 1073 997 1103 habuit
1012 1083 1047 1104 ex
1114 1075 1260 1107 nceffione

193 1112 262 1143 dieti
279 1111 403 1143 Domini
416 1112 506 1144 nostri
521 1112 624 1152 Regis,
640 1112 676 1143 de
689 1113 885 1144 advisamento.
902 1112 941 1142 sui
965 1110 1111 1152 Concilii,
1131 1115 1259 1152 quolibet

193 1151 301 1189 Anno,
320 1151 404 1188 usque
419 1152 447 1182 iu
464 1151 631 1182 Adventum
645 1151 805 1182 dictinum
822 1150 994 1191 Beasfiirdiae,
1011 1151 1166 1183 Summam
1175 1153 1258 1184 octo

192 1189 311 1221 Milium
327 1189 509 1227 Marcarum,
597 1229 601 1234 ⁵
731 1228 740 1234 ⁸
785 1229 791 1234 ⁹
1023 1230 1028 1236 η
1184 1230 1190 1236 .

191 1228 591 1311 offlssmqffffii‘ssfff
595 1228 903 1308 ¹1⁶}2'af303222⁰,²¹‘3i305{”
913 1228 1260 1306 ccuffiiffiigimssfflf

192 1314 282 1336 menti
298 1306 364 1336 inde
382 1307 525 1344 confeffl,
543 1307 722 1345 tribuuntur,

229 1343 408 1376 Concessum
432 1345 485 1376 fuit
504 1346 538 1376 &
562 1344 782 1376 Concordatum
796 1368 806 1382 ‚
832 1354 881 1383 pei·
905 1344 1054 1376 Dominos
1068 1345 1104 1377 de
1120 1346 1258 1377 Concilio

190 1391 386 1422 memoratos,
402 1383 484 1422 quod
502 1383 608 1414 Custos
621 1384 725 1415 Privati
741 1383 830 1422 Sigilli
846 1384 927 1414 faciat
945 1384 1117 1416 warantum
1132 1385 1259 1425 Episcopo

191 1421 372 1463 Bathonienfi
387 1423 421 1454 &
446 1421 570 1462 Wllenfi
582 1446 591 1457 ,
607 1432 698 1460 nuper
717 1421 906 1452 Thesaurario
923 1421 969 1452 An
991 1422 1052 1460 liae,
1071 1423 1105 1454 &
1121 1422 1258 1454 Camera-

190 1462 236 1490 riis
250 1460 455 1492 de·Scaccario
471 1461 541 1492 dicti
560 1461 684 1491 Domini
700 1460 806 1498 Regis,
822 1460 857 1491 de
873 1459 947 1491 Data
986 1461 1106 1492 icesimo
1123 1461 1183 1492 Die
1194 1462 1258 1493 De-

189 1500 314 1529 cembris
329 1499 433 1530 ultimo
451 1501 608 1538 preterito,
625 1499 659 1529 ad
678 1499 838 1530 faciendum
855 1498 1037 1530 Solutionem
1052 1500 1099 1531 vel
1113 1500 1256 1532 sufficien-

188 1546 249 1568 tem
264 1537 491 1577 Affignaiionem
505 1538 620 1576 prefato
633 1541 705 1568 Duci
715 1535 871 1575 Bedfhrdiae
888 1538 1018 1577 quolibet
1035 1538 1142 1576 Anno,
1153 1549 1256 1578 quam-

187 1577 238 1607 diu
261 1577 289 1607 in
312 1576 420 1616 Regno
447 1577 560 1616 Angliae
580 1577 618 1606 fic
635 1576 739 1608 steterit
756 1578 790 1607 &
806 1575 885 1613 Regi
921 1577 1056 1616 lacuerit,
1073 1577 1110 1608 de
1145 1579 1258 1610 raedieca

189 1615 310 1646 Summa
327 1615 410 1646 octo
424 1614 541 1646 Milium
558 1615 740 1653 Marcarum,
765 1616 887 1653 incipien
909 1625 928 1645 ο
944 1616 1065 1647 Annum
1080 1627 1096 1648 a
1138 1617 1256 1649 icelimo

189 1653 248 1684 Die
268 1653 441 1684 Decembris
457 1654 635 1692 supradieto,

227 1691 265 1723 Et
287 1692 359 1723 aliud
375 1692 416 1722 W
419 1702 545 1723 arantum
563 1692 695 1723 Domino
711 1691 833 1722 Wltero
853 1691 1046 1732 Hungerford‚
1066 1693 1159 1724 modo
1177 1694 1258 1725 The-

188 1730 306 1761 sturm-io
331 1731 441 1769 Angliic
454 1754 463 1769 ,
488 1733 522 1763 ὃ(
545 1731 716 1762 Camerariis
735 1730 772 1760 de
791 1730 944 1762 Scaccano
959 1732 1065 1771 Regis,
1082 1733 1117 1763 ad
1132 1733 1257 1763 Solven-

189 1770 260 1799 duni
285 1770 327 1799 vel
351 1769 582 1802 Satisfaciendum
596 1769 676 1801 dicto
697 1772 768 1800 Duci
783 1768 938 1808 Bedfiirdiae
953 1770 989 1801 de
1003 1772 1085 1802 omni
1104 1781 1158 1810 eo,
1177 1771 1255 1810 quod

188 1807 224 1837 de
249 1808 368 1839 Summa
388 1808 521 1846 praedieca
535 1832 546 1847 ,
573 1818 589 1839 a
611 1808 692 1839 dicio
706 1807 853 1840 Vicefimo
866 1808 925 1839 Die
943 1808 1133 1848 Decembris,
1151 1820 1165 1840 a
1180 1820 1255 1841 retro

188 1846 289 1883 fuerit,
308 1846 342 1878 ὃ(
360 1847 397 1878 sic
414 1847 546 1886 deinceps
561 1846 696 1886 quamdiu
715 1847 774 1885 fic,
791 1855 822 1878 ut
836 1847 1014 1888 praedicitur,
1032 1849 1062 1880 in
1078 1847 1185 1889 Regno
1193 1849 1259 1880 An-

188 1885 253 1924 gliae
271 1885 375 1917 steterit
389 1887 423 1919 &
439 1886 516 1927 Regi
530 1886 677 1926 placuerit.

188 1962 228 1992 H.
247 1961 404 2002 Gloucestre.

189 2003 232 2032 H.
251 2005 386 2032 Cantuar.

188 2043 220 2070 T.
239 2041 332 2069 Exon.

186 2078 225 2117 J.
244 2077 329 2108 Ebor.
349 2077 524 2109 Cancellario.

186 2120 217 2147 T.
238 2117 366 2148 Dunelm.

189 2157 225 2186 P.
241 2156 334 2186 Elien.

740 1962 894 1993 Cromwell.

739 2006 827 2040 Scrop.

740 2040 778 2078 J.
798 2040 920 2070 Bathon.

742 2078 926 2119 Hungerford.

742 2121 849 2159 Typtot.

230 2279 262 2306 *ξ
288 2284 347 2315 Pro
364 2279 589 2326 Flandrerfibus
602 2308 612 2324 ,
652 2282 750 2328 Ligeis
772 2283 861 2329 Regis
877 2284 914 2320 θ’
941 2283 1053 2315 Coronae
1070 2282 1214 2315 Franciae.

261 2367 285 2399 E
297 2367 328 2399 X
351 2367 580 2398 Vicecomitibus
597 2366 778 2405 Londoniae,
796 2366 931 2398 Salutem.

292 2407 387 2446 Quia,
405 2415 439 2436 ex
460 2407 539 2445 gravi
562 2405 780 2443 conquestione
801 2404 926 2436 fidelium
954 2406 1113 2445 Ligeorum
1133 2405 1166 2436 &
1181 2404 1257 2436 Sub-

189 2445 317 2477 ditorum
338 2444 502 2475 nostrorum
523 2444 662 2475 Flandriae
675 2468 684 2482 ,
702 2446 752 2483 qui
764 2443 814 2474 sub
835 2445 953 2475 Ditione
969 2444 1001 2475 &
1016 2443 1189 2475 Obedientia
1204 2455 1257 2474 no-

191 2483 250 2513 stris
276 2485 309 2515 &
328 2483 457 2514 Coronae
480 2483 585 2514 nostrse
608 2483 734 2514 Francia:
755 2483 878 2513 existunt
893 2506 902 2522 ,
927 2483 961 2513 ad
983 2482 1113 2513 nostrum
1129 2485 1257 2521 pervenit

191 2522 317 2552 auditum
336 2522 416 2560 quiid
434 2522 549 2560 quidam
568 2522 724 2561 Ligeorum
738 2522 770 2552 &
785 2521 974 2553 Subditorum
991 2521 1156 2553 nostrorum
1174 2521 1254 2561 Reg-

191 2561 220 2590 ni
236 2560 325 2590 nostri
340 2561 453 2594 Angliae
470 2560 557 2591 Prisas
572 2560 606 2591 &
619 2559 778 2598 Captiones
793 2559 959 2591 Hominum
975 2570 1007 2591 ac
1024 2559 1157 2591 Navium
1169 2583 1178 2599 ,
1197 2561 1255 2591 Bo—

188 2608 295 2629 norum
317 2599 350 2628 &
368 2598 632 2637 Mercandisarum,
650 2600 773 2637 ipsorum
791 2598 976 2630 Subditorum
994 2598 1158 2630 nostrorum
1175 2599 1257 2630 Flan-

187 2636 349 2673 drensium,
367 2647 399 2666 ac
414 2637 464 2666 alia
478 2636 611 2675 Dampna
629 2638 661 2668 &
678 2637 755 2668 Mila
772 2639 898 2668 enormia
912 2637 1015 2667 eisdem
1027 2638 1120 2677 Ligeis
1137 2638 1255 2669 &Sub-

188 2675 252 2706 ditis
266 2674 366 2706 nostris
382 2675 536 2712 Flandriae,
555 2685 643 2712 nuper
662 2676 738 2713 supra
754 2675 856 2712 Mare,
875 2685 974 2707 contra
995 2675 1120 2707 formam
1134 2676 1256 2715 Appun-

189 2714 345 2744 &uamenn
372 2713 394 2743 F
406 2723 416 2743 1
428 2721 449 2742 N
461 2721 508 2742 AL
519 2722 529 2742 i
540 2722 552 2743 s
578 2713 600 2742 P
611 2724 627 2743 A
638 2723 654 2743 c
665 2723 673 2743 i
686 2724 698 2743 s
713 2737 722 2751 ,
748 2716 820 2744 inter
837 2715 910 2745 Duo
928 2714 1028 2753 Regna
1043 2714 1138 2745 nostra
1151 2716 1255 2746 habitae

189 2754 223 2783 δε
244 2751 403 2790 concliifie,
421 2751 547 2793 fecerunt
565 2751 597 2781 &
616 2752 826 2791 perpetrarunt,
842 2755 875 2784 ὅ(
891 2753 982 2783 adliuc
997 2753 1089 2783 facere
1105 2754 1139 2785 &
1154 2764 1257 2792 perpe-

190 2801 260 2821 trare
277 2789 365 2821 indies
380 2800 440 2820 non
454 2789 607 2826 delistunt,

225 2828 337 2865 Unde,
355 2838 389 2858 ex
410 2828 493 2859 Parte
520 2828 725 2868 praeditstorum
750 2827 938 2860 Subditorum
960 2827 1144 2868 nostrorum,
1171 2831 1254 2862 nobis

191 2867 232 2897 est
246 2867 390 2898 humiliter
406 2867 590 2905 supplicatum
607 2876 638 2898 ut
654 2868 705 2898 libi
718 2867 753 2899 de
772 2867 920 2898 Remedio
936 2877 1077 2905 congruo,
1087 2869 1116 2898 in
1131 2869 1185 2900 hac
1195 2880 1256 2908 par—

192 2917 218 2937 re
230 2905 381 2973 Ι[ζιὲονίὀεὲηῑ
398 2905 598 2944 dignaremur,

267 2954 315 2982 os,

227 2982 373 3013 Praemiffa
388 2982 482 3013 debite
501 2982 703 3020 ponderantes,
721 2993 754 3014 ac
769 2981 873 3014 Pacem
891 2982 1187 3021 &Tranquillitatem
1205 2984 1257 3016 U-

191 3021 305 3051 niveriis
325 3023 420 3058 Ligeis
436 3023 467 3051 διε
483 3021 608 3051 Subditis
621 3021 739 3058 nostris,
756 3030 943 3060 utrorumque
951 3021 1125 3059 Regnorum
1140 3023 1255 3054 nostro-

191 3069 254 3089 iiiin
278 3060 480 3128 piz¹etlic²ioruin
491 3083 501 3098 ,
519 3060 553 3091 &
575 3061 647 3091 inter
669 3069 717 3090 eos
743 3060 940 3091 inviolabiliter
957 3060 1144 3092 observari&
1161 3062 1257 3093 obser-

192 3108 257 3131 vare
272 3109 310 3129 vo
323 3108 399 3128 entes
409 3121 419 3136 ,

231 3136 340 3175 Vobis,
358 3137 393 3167 de
407 3136 580 3167 avisamento
593 3136 626 3167 &
639 3135 746 3167 assensu
764 3135 890 3168 Concilii
907 3137 996 3168 nostri
1013 3159 1022 3175 ,
1048 3136 1238 3176 Praecipimus

190 3173 308 3205 firmiter
326 3176 522 3213 lrijuiigentes,
541 3176 620 3213 quod
635 3175 749 3214 statim,
767 3176 829 3205 visis
851 3176 1037 3207 Praesentibus
1051 3199 1060 3214 ,
1080 3178 1109 3206 in
1127 3178 1197 3208 locis
1214 3180 1257 3208 in—

191 3213 233 3243 fra
257 3213 410 3244 Civitatem
433 3214 596 3251 praedifflim
618 3215 651 3244 &
675 3213 816 3244 Suburbia
835 3214 956 3253 ejusdcm
971 3238 981 3252 ,
1010 3215 1058 3245 ubi
1073 3217 1158 3255 magis
1172 3226 1257 3256 expe-

191 3252 269 3295 diens
281 3252 363 3283 fuerit
375 3253 408 3284 ὅ(
425 3251 556 3290 necesse,
575 3252 692 3290 publice
711 3260 746 3282 ex
765 3251 848 3284 Parte
871 3253 967 3283 nostra
984 3252 1157 3284 proclamari
1174 3255 1257 3286 facia-

192 3297 244 3325 tis,

234 3326 287 3357 Ne
310 3329 371 3365 quis
393 3327 536 3359 dieiorurn
560 3327 714 3367 Ligeorum
737 3328 769 3359 &
786 3327 971 3359 Subditorum
988 3328 1171 3368 nostrorum,
1189 3330 1259 3362 diisti

195 3364 293 3405 Regni
317 3365 405 3395 nostri
430 3366 541 3406 Angliae
557 3389 567 3404 ,
593 3368 695 3404 aliquas
719 3367 877 3404 hujusmodi
905 3367 992 3398 Pristis
1014 3367 1071 3397 five
1102 3367 1258 3405 Captiones

194 3403 362 3435 Hominum
378 3413 424 3434 aut
436 3404 585 3443 Navium,
604 3404 749 3434 Bonorum
764 3406 820 3435 sive
838 3405 1080 3437 Marcandisarum
1092 3428 1101 3444 ,
1115 3407 1260 3438 dictorum

197 3443 355 3479 Ligeorum
375 3443 408 3481 δε
423 3442 607 3474 Subditorum
623 3443 788 3473 nostrorum
812 3443 967 3481 Flaiidriae,
984 3453 1031 3475 aut
1049 3445 1169 3475 aliorum
1186 3456 1259 3483 quo-

196 3491 388 3519 rumcumque
402 3480 504 3511 eisdem
521 3482 615 3519 Ligeis
629 3483 661 3512 ὃς
677 3482 800 3512 Subditis
816 3482 935 3520 nostris,
954 3484 982 3512 in
1002 3481 1150 3521 Personis,
1169 3485 1214 3515 vel
1228 3486 1259 3514 in

197 3519 315 3557 Rebus,
333 3521 427 3558 aliquo
440 3520 556 3556 quaelito
574 3520 687 3557 colore,
703 3519 799 3558 faciat,
817 3520 874 3550 siv'e
892 3520 984 3550 facere
999 3521 1163 3559 praesumat,

229 3557 391 3588 Intirmntes
412 3558 515 3587 eisdem
540 3557 632 3597 Ligeis
656 3559 687 3588 ὃ(
711 3558 834 3589 Subditis
859 3558 962 3589 nostris
977 3582 986 3597 ,
1014 3559 1141 3596 praedicti
1164 3560 1258 3601 Regni

197 3598 286 3626 nostri
309 3597 421 3629 Aneliae
434 3620 443 3634 ,
469 3596 549 3635 quod
565 3619 574 3634 ,
596 3597 613 3626 si
637 3598 698 3634 quis
715 3607 817 3627 eorum
841 3597 976 3635 quicquid
992 3621 1002 3635 ,
1020 3607 1119 3628 contra
1133 3599 1257 3630 formam

198 3636 338 3673 prii-sentis
353 3634 584 3665 proclamationis
599 3635 718 3671 nostrae,
737 3635 853 3672 fecerit,
873 3636 927 3665 five
942 3638 1166 3675 attemptaverit,
1186 3638 1256 3670 Nos

198 3683 246 3702 eo<
263 3674 295 3703 ὅτ.
310 3682 408 3704 eorum
426 3673 582 3711 quemlibet
597 3673 685 3703 taliter
706 3673 915 3710 Castigabimus
936 3676 970 3705 ὃ(
991 3674 1164 3712 Puniemus,
1183 3678 1262 3715 quod

199 3721 297 3754 eorum
309 3712 463 3779 lcastigatio
478 3713 511 3742 &
534 3710 650 3741 Punitio
666 3711 737 3750 aliis,
757 3712 847 3742 taliter
862 3711 1118 3752 Delinquentibus,
1136 3715 1218 3748 cedet
1231 3717 1260 3746 in

199 3755 308 3786 &zenip
320 3760 381 3780 um·

238 3788 274 3817 Et
290 3789 346 3818 lioc
365 3774 521 3818 Sullat'enus
536 3788 683 3818 omittatis.

235 3826 324 3856 Teste
341 3826 422 3865 Rege
434 3825 507 3864 apud
523 3824 795 3866 westmonasterium,
814 3825 931 3856 decimo
949 3835 1049 3864 quarto
1064 3826 1109 3859 die
1119 3828 1196 3866 Julii.

239 3900 405 3933 Coiisimilia
420 3902 528 3932 Brevia*
536 3902 692 3942 diriguntur
708 3901 928 3933 Constabulario
938 3902 1032 3933 Castri
1048 3904 1086 3934 sui
1103 3903 1259 3936 Dovorriae

201 3939 240 3981 ὃς
256 3938 375 3974 Custodi
395 3941 533 3980 Qinque
557 3940 697 3971 Portuum
726 3941 840 3970 suorum
858 3965 866 3978 ,
891 3940 935 3971 vel
959 3942 1017 3979 ejus
1034 3941 1259 3975 Locumtenenti

202 3976 325 4013 ibidem,
344 3988 374 4007 ac
391 3978 619 4010 vicecomitibus
633 3980 663 4010 in
679 3979 872 4011 Comitatibus
895 3978 1050 4018 subscriptis
1066 4004 1075 4018 ,
1093 3980 1144 4011 sub
1160 3981 1259 4013 eadem

201 4014 295 4053 Data,
316 4016 460 4054 videlicet,
479 4016 540 4052 &a

671 118 1903 170 CONVENTIONES‚LITERAE‚

1553 294 1602 326 De
1618 292 1725 327 Vadiis
1733 305 1789 341 pro
1806 295 1986 337 Consiliariis
2006 299 2105 345 Regis.
2375 246 2509 354 ἓξὲξ).

1295 376 1445 446 LEvaj
1460 377 1534 422 jour
1550 377 1587 409 de
1599 377 1685 419 Juyl,
1702 379 1770 411 l'An
1788 380 1898 419 Qiart,
1916 380 1943 421 yl
1957 380 2031 413 feust
2044 392 2094 422 par
2107 383 2146 415 les
2158 384 2357 424 Seigneursdu
2372 403 2424 430 Aa.
2461 424 2470 432 ⁴

1404 416 1501 446 onseill
1517 415 1555 447 du
1569 416 1638 456 Roy
1650 419 1796 449 considere
1809 429 1942 457 comens,
2437 413 2458 440 4

2375 444 2409 467 H.
2427 443 2457 471 6.

1335 453 1389 484 Par
1407 454 1489 485 force
1507 455 1576 485 d'un
1596 454 1672 486 Acte
1693 456 1732 487 du
1755 457 1871 489 Couseil
1886 481 1896 497 ,
1920 459 1957 489 de
1978 457 2056 491 Date
2073 458 2100 491 le
2115 459 2225 492 Primer
2235 463 2309 503 Jour
2324 466 2360 497 de
2373 478 2435 508 1231!-

1295 491 1480 531 Septembre,
1497 493 1582 530 l'An,
1595 494 1656 525 ἃς.
1675 494 1780 533 Tierz,

1333 531 1546 577 L'Arcevesque
1558 532 1591 562 de
1599 533 1768 574 cantorbury
1777 535 1811 566 &
1826 534 1972 577 I’Evefiq‘ue
1987 536 2020 566 de
2036 537 2079 567 W
2077 536 2207 578 inchqstre
2215 549 2360 579 pregnent

1296 569 1508 609 (c’estaffavoir)
1528 571 1650 602 chascun
1665 573 1702 603 de
1716 572 1774 603 Eus
1789 576 1865 603 Trois
1883 579 1950 605 Cens
1967 578 2050 605 Mars
2065 586 2113 614 par
2128 577 2196 616 An,

1333 608 1498 650 L'Evesejue
1519 610 1551 640 de
1573 609 1704 648 Duresme
1718 635 1728 648 ,
1755 613 1789 643 &
1813 611 1838 641 le
1864 617 1966 643 Counte
1984 615 2016 644 de
2039 619 2133 646 Warw
2147 616 2166 646 k
2180 639 2191 655 ,
2215 614 2360 658 Pregnent

1297 646 1505 685 (c'estaffavoir)
1523 649 1647 680 chascun
1659 649 1695 680 de
1711 650 1769 681 Eus
1781 653 1857 680 Deus
1872 654 1940 681 Cens
1953 654 2035 683 Mars
2047 663 2097 691 par
2143 664 2161 684 n
2170 678 2180 693 ,

1330 685 1464 756 Ctixascun
1475 696 1552 718 autre
1567 687 1695 728 Evefique
1709 699 1749 720 ou
1765 693 1848 719 Conte
1862 690 1900 720 du
1915 689 1956 721 dit
1963 689 2097 732 Conseil,
2112 695 2188 723 Deus
2198 696 2267 725 Cem-
2274 697 2358 725 Mars

1331 734 1343 753 r
1389 735 1406 754 n
1465 739 1475 750 ·

1294 735 1464 795 paChasc’un
1479 767 1575 795 Baron
1589 775 1629 795 ou
1643 767 1766 795 Baneret
1775 789 1785 804 ,
1805 770 1873 796 Ceut
1887 769 1989 797 Livres
1999 790 2009 805 ,

1331 801 1368 832 Et
1386 802 1519 834 Chascun
1538 803 1673 844 Esquier,
1690 805 1842 846 Qarante
1857 808 1960 835 Livres
1980 816 2027 845 par
2042 805 2107 844 An,

1334 840 1412 872 Pour
1434 842 1494 872 leur
1515 842 1667 879 Graundes
1686 845 1868 874 Labours'&
1889 844 2029 882 Expenses
2043 868 2054 884 ,
2071 854 2129 883 que
2140 846 2356 881 necessairment

1293 879 1352 948 lgur
1368 881 1538 949 scolnvendia
1559 881 1674 912 souffrir
1693 891 1796 913 entour
1813 882 1852 913 les
1878 882 2030 923 Busoignes
2057 883 2097 914 du
2116 883 2185 925 Roy
2204 887 2237 917 &
2253 887 2304 917 son
2318 889 2359 920 dit

1327 928 1365 948 on
1379 929 1403 950 ei
1423 942 1432 957 ,

1330 956 1377 987 En
1391 959 1513 988 maniere
1527 968 1647 989 comme
1660 968 1696 989 en
1712 959 1737 989 la
1751 958 1809 989 dite
1817 959 1891 990 Acie
1907 959 1967 997 plus
1980 960 2152 999 plainement
2167 961 2210 992 est
2223 963 2359 1002 expresse,

1329 994 1368 1026 Et
1394 997 1533 1027 combien
1554 1008 1610 1035 que
1631 996 1745 1028 Thomas
1767 1001 1836 1028 Dux
1857 998 2036 1038 d’Excesti-e,
2061 1001 2111 1039 qui
2127 1010 2143 1031 a
2163 999 2222 1031 este
2233 1001 2310 1042 aussy
2325 1003 2360 1034 &

1293 1033 1336 1063 est
1349 1034 1387 1065 du
1409 1034 1536 1066 Conseill
1553 1037 1592 1066 du
1616 1036 1668 1067 Ro
1707 1047 1754 1075 par
1770 1044 1834 1068 tout
1853 1037 1878 1067 le
1895 1045 1988 1075 temps
2003 1038 2069 1077 qu'il
2082 1048 2099 1069 a
2114 1038 2173 1070 este
2189 1039 2276 1079 Roy,
2294 1042 2327 1072 ὃς
2343 1051 2359 1071 a

1294 1082 1328 1102 eu
1342 1073 1375 1104 &
1390 1073 1486 1105 soffert
1501 1073 1631 1119 Grandes
1651 1046 1810 1115 goustages
1829 1076 1863 1106 &
1877 1074 2016 1113 Expenses
2073 1087 2106 1107 ur
2122 1077 2330 1110 l’Entendance
2343 1090 2360 1110 a

1294 1111 1400 1143 mesme
1419 1112 1444 1144 le
1464 1112 1625 1152 Counseill‚
1650 1115 1684 1146 &
1697 1113 1795 1145 soffres
1807 1124 1855 1152 par
1870 1113 1896 1144 la
1916 1113 2010 1147 Cause
2045 1115 2190 1155 effusdite,
2205 1116 2275 1148 n'est
2291 1128 2357 1158 pas,

1294 1160 1342 1188 par
1357 1151 1408 1182 son
1421 1150 1515 1183 Noun
1550 1162 1586 1183 en
1598 1152 1624 1184 la
1639 1152 1681 1184 dit
1696 1153 1772 1184 Acte
1786 1152 1937 1192 Expreffe,

1330 1189 1477 1235 Accordes
1494 1175 1536 1222 est
1557 1191 1591 1222 &
1612 1191 1748 1223 Assenrus
1768 1202 1842 1230 que,
1860 1202 1945 1223 venes
1959 1192 1992 1224 &
2005 1191 2181 1224 considere&
2194 1193 2232 1224 les
2245 1192 2356 1226 Choles
2413 1215 2415 1218 ι

1292 1226 1451 1260 deffusdites
1467 1254 1477 1268 ‚
1501 1230 1536 1261 &
1553 1230 1572 1249 ’¹‘
1592 1240 1647 1268 que
1668 1230 1692 1260 le
1712 1231 1755 1261 dit
1775 1233 1839 1260 Duc
1858 1230 1990 1262 Entende
2008 1241 2060 1262 ore
2078 1231 2279 1272 diligeaument
2292 1257 2303 1273 ,
2320 1235 2357 1266 de
2394 1236 2410 1253 ‘
2432 1238 2471 1265 X.

1288 1265 1361 1305 Jour
1373 1278 1408 1298 en
1423 1269 1526 1307 aultre,
1545 1278 1580 1299 au
1597 1269 1640 1300 dit
1654 1268 1815 1308 Counseill‚
1856 1270 1900 1300 u'il
1914 1271 1951 1301 ait
1966 1271 2001 1302 &
2015 1280 2143 1309 pregne,
2162 1271 2283 1303 chascun
2291 1273 2356 1312 An,
2376 1277 2441 1312 361.

1292 1315 1341 1342 par
1360 1305 1399 1336 les
1422 1308 1513 1338 mains
1531 1306 1581 1338 des
1600 1308 1759 1340 Tresoriers
1781 1310 1814 1341 &
1833 1279 2055 1340 Qhamberlains
2070 1309 2108 1340 de
2124 1309 2323 1350 l'Eschequer,
2340 1323 2355 1343 a

1293 1344 1406 1383 Quatre
1427 1345 1551 1376 Termes
1572 1345 1618 1376 del
1642 1348 1691 1378 An
1715 1347 1882 1386 principales
1895 1371 1905 1385 ,
1931 1357 1980 1386 par
1998 1348 2088 1386 egales
2109 1347 2259 1387 Portions,
2277 1353 2354 1381 Trois

1292 1386 1360 1412 Cens
1377 1386 1478 1423 Mars,
1494 1394 1543 1422 par
1560 1394 1673 1417 manere
1690 1395 1775 1417 come
1798 1386 1837 1417 les
1861 1387 1903 1416 dis
1919 1385 2112 1428 Archa-esque
2129 1388 2163 1419 &
2178 1387 2306 1428 Evesqae
2323 1390 2355 1420 de

1292 1422 1480 1462 Wynchestre,
1495 1433 1535 1454 ou
1550 1424 1638 1454 aultre
1653 1425 1689 1455 de
1707 1425 1756 1456 son
1773 1424 1852 1456 Estat
1867 1426 1906 1456 du
1921 1425 1962 1457 dit
1979 1425 2225 1465 Counseill,0unt
2244 1431 2278 1458 ὅ(
2294 1437 2358 1466 pre-

1292 1468 1382 1497 gnent
1404 1462 1627 1493 Annuellement
1640 1487 1651 1502 ,
1676 1464 1710 1495 &
1729 1463 1805 1503 ainsy
1829 1463 1909 1495 d’ore
1927 1474 1964 1495 en
1979 1473 2062 1496 avant
2073 1473 2132 1496 tant
2151 1475 2240 1496 come
2252 1465 2271 1496 il
2287 1467 2358 1497 serra

1294 1498 1333 1528 du
1351 1498 1494 1532 Counseill
1506 1500 1545 1531 du
1559 1500 1611 1532 Ro
1638 1525 1648 1540 ,
1666 1501 1864 1534 Comenceant
1879 1503 1928 1533 son
1942 1502 2091 1534 Paiement
2104 1503 2140 1535 de
2154 1503 2181 1535 la
2195 1504 2253 1535 dite
2268 1504 2357 1536 Some

1290 1536 1491 1582 le'Noefisme
1505 1539 1579 1578 Jour
1621 1551 1638 1572 e
1658 1540 1844 1580 Decembre,
1869 1542 1936 1573 l'An
1955 1542 1995 1573 du
2018 1541 2123 1583 Regae
2144 1543 2184 1574 du
2197 1542 2267 1582 Roy
2287 1543 2357 1574 Pre—

1292 1585 1364 1606 mier
1375 1601 1384 1614 ,

1331 1615 1407 1654 Qiel
1419 1614 1510 1655 Jour,
1525 1626 1573 1654 par
1593 1616 1742 1649 Aunorite
1765 1617 1803 1648 du
1828 1617 1896 1657 Roy
1911 1641 1921 1656 ,
1936 1628 1973 1649 en
1985 1618 2037 1650 son
2055 1617 2237 1660 Parlement,
2254 1620 2283 1660 yl
2300 1620 2357 1652 fust

1292 1652 1443 1684 Ordeniies
1461 1656 1494 1686 &
1511 1654 1639 1694 Affignes
1654 1656 1754 1687 d’estre
1767 1657 1804 1686 de
1816 1656 1867 1687 son
1886 1656 2037 1694 Counseil,

1329 1692 1463 1723 Pourveu
1485 1694 1633 1724 toutesfois
1674 1705 1728 1731 ue,
1755 1695 1795 1724 s’il
1814 1705 1830 1725 a
1852 1695 1910 1725 este
1921 1695 2016 1726 absent
2030 1695 2133 1727 devant
2167 1707 2207 1727 ou
2224 1697 2357 1729 s'absentc

1291 1729 1388 1761 defore
1411 1741 1446 1761 en
1468 1741 1568 1776 avant,
1593 1733 1632 1763 du
1652 1704 1694 1763 dit
1709 1732 1827 1764 Conseil
1841 1742 1934 1763 aucun
1947 1732 2038 1771 Jour,
2055 1744 2133 1772 apres
2141 1719 2171 1766 ie
2184 1734 2355 1767 Comence-

1292 1778 1371 1800 ment
1394 1769 1432 1800 du
1459 1769 1576 1801 Conseil
1590 1794 1599 1809 ,
1624 1781 1660 1802 en
1676 1772 1749 1811 plain
1764 1772 1892 1808 Terme,
1909 1771 1956 1801 lez
1972 1771 2069 1802 Cours
2083 1772 2184 1811 scians,
2203 1774 2260 1804 sans
2276 1776 2356 1805 cause

1293 1807 1476 1839 Resonnable
1496 1819 1510 1838 a
1532 1819 1639 1849 provee
1664 1820 1712 1848 par
1736 1819 1799 1841 tous
1822 1810 1860 1840 les
1882 1819 1972 1840 autres
1991 1809 2028 1840 de
2043 1811 2150 1841 mesine
2167 1811 2194 1842 le
2209 1810 2356 1843 Counseill

1291 1847 1420 1885 presens,
1437 1847 1499 1885 qu’a
1521 1858 1647 1887 onques,
1664 1859 1737 1887 pour
1751 1850 1778 1879 le
1787 1848 1859 1888 Jour
1874 1848 1911 1879 de
1926 1848 1999 1880 tielle
2014 1848 2165 1887 Absence,
2190 1850 2247 1881 sera
2259 1849 2356 1882 Raba—

1290 1894 1335 1916 tus
1348 1886 1385 1916 de
1399 1885 1445 1926 luy
1454 1911 1463 1924 ,
1479 1886 1515 1918 dc
1529 1886 1568 1918 les
1584 1888 1709 1920 avantdis
1723 1891 1798 1919 Trois
1814 1891 1882 1918 Cens
1896 1889 1993 1926 Mars,
2015 1890 2102 1926 Vingt
2116 1887 2220 1919 Souldt.

1291 1961 1401 2002 Johan.
1844 1967 1873 1994 T
1897 1964 2025 1996 Dunelm.

1293 2003 1333 2031 H.
1352 1999 1508 2041 Gloucistre.
1845 2005 1878 2032 Ρ.
1899 2003 1991 2034 Elim.

1289 2039 1327 2078 J.
1340 2040 1423 2070 Ebor.
1443 2044 1525 2071 canc.
1843 2041 1880 2081 J
1900 2042 2022 2073 Bathon.

1289 2077 1326 2118 J.
1347 2081 1482 2108 Cantuar.
1844 2081 1998 2111 Cromwell.

1313 2208 1372 2239 Pro
1405 2203 1631 2248 Flandrenſsbus
1655 2205 1691 2238 de
1718 2205 1894 2251 Iasercursi't
1913 2232 1923 2247 ‚
1964 2218 2142 2254 quacunque
2172 2209 2336 2241 Exoriente

1597 2257 1735 2293 Gummi,
1758 2268 1815 2287 non
1832 2254 2049 2301 interpellando.

1361 2338 1444 2377 EX,
1463 2339 1615 2378 omnibus,
1634 2339 1668 2371 ad
1682 2334 1773 2380 eum,
1791 2341 1844 2373 &c
1872 2341 2005 2372 Salutem.
2376 2339 2450 2373 Ann.
2464 2342 2508 2375 D.

1393 2379 1492 2409 Sciatis
1510 2379 1608 2418 quod,
2395 2382 2483 2420 1426.

1327 2417 1430 2456 Cum,
1448 2426 1481 2447 ex
1495 2427 1591 2456 parte,
1611 2416 1755 2449 Cariffimi
1774 2418 1918 2449 Avunculi
1934 2417 2042 2457 nostri,
2061 2416 2177 2457 Philippi
2192 2420 2357 2449 DucisBur-
2373 2424 2427 2449 An.
2441 2433 2470 2458 4.

1285 2458 1410 2494 gundiae,
1427 2455 1554 2487 Comitis
1571 2457 1728 2495 Flandriae,
1753 2457 1853 2488 Artelii
1869 2481 1879 2496 ,
1904 2459 1937 2489 &
1961 2457 2017 2488 Bur
2038 2458 2148 2495 undiae‚
2163 2466 2215 2495 ae,
2234 2457 2356 2488 dilecto·
2372 2456 2455 2488 31⁶6.

1290 2505 1355 2525 rum
1373 2495 1560 2526 Subditorum
1578 2496 1610 2526 &
1628 2495 1785 2535 Ligeorum
1802 2495 1968 2527 nostrorum
1981 2520 1990 2535 ,
2034 2496 2173 2527 roborum
2189 2495 2354 2527 Hominum
2370 2500 2460 2526 Franc.
2477 2508 2507 2535 4.

1288 2534 1318 2563 in
1335 2536 1434 2563 Patria
1447 2532 1585 2564 Flandriae
1605 2533 1825 2566 Inhabitantium
1843 2558 1853 2573 ,
1878 2534 1978 2565 Nobis
1994 2535 2025 2566 sit
2038 2559 2048 2573 ,
2068 2545 2118 2572 per
2133 2533 2352 2565 Ambassiatores
2368 2538 2507 2574 H.6.m.5.

1289 2573 1351 2603 suos
1370 2574 1403 2604 δε
1422 2572 1457 2603 N
1459 2574 1560 2603 uncios
1573 2573 1728 2612 notabiles,
1744 2573 1932 2604 monstratum
1947 2575 1981 2605 &
1998 2574 2154 2612 expositum
2169 2573 2268 2612 quod,
2286 2573 2353 2604 licet

1289 2611 1326 2641 ab
1353 2611 1482 2650 Antiquo
1507 2620 1655 2650 tempore,
1681 2621 1746 2644 ante
1769 2612 1892 2643 Guerras
1912 2612 2040 2642 Franciae
2060 2611 2094 2641 δε
2120 2611 2254 2649 Angliae,
2272 2610 2309 2641 illi
2319 2611 2356 2642 de

1293 2649 1400 2690 Regno
1414 2649 1514 2681 nostro
1530 2651 1641 2691 Angliae
1657 2651 1691 2682 &
1704 2651 1790 2681 didiae
1807 2650 1908 2682 Patriae
1922 2649 2059 2680 Flandriae
2075 2650 2103 2678 in
2120 2648 2306 2680 Mercandisis
2321 2651 2356 2681 &

1289 2688 1346 2718 aliis
1373 2689 1425 2719 suis
1448 2689 1576 2726 Agendis
1591 2712 1600 2727 ,
1624 2691 1683 2720 ram
1703 2699 1752 2727 per
1764 2689 1907 2727 Terram,
1922 2689 2010 2727 quiim
2022 2697 2071 2728 per
2084 2686 2184 2726 Mare,
2200 2688 2300 2719 secure
2319 2690 2355 2721 δὲ

1290 2727 1474 2757 amicabiliter
1493 2728 1591 2763 pariter
1608 2727 1916 2764 Conimunicaverint,

1328 2764 1367 2795 Et
1391 2765 1454 2802 post
1479 2765 1568 2795 dietas
1591 2765 1716 2796 Guerras
1739 2766 1883 2796 inchoatae
1898 2788 1907 2803 ,
1932 2765 1966 2796 &
1979 2764 2156 2802 temporibus
2168 2764 2357 2805 eorumdem,

1289 2802 1389 2833 diversi
1411 2803 1495 2833 Modi
1510 2805 1652 2841 comperti
1667 2804 1785 2842 fuerint,
1800 2815 1850 2842 per
1866 2814 1937 2843 quos
1954 2802 2197 2834 Communicatio
2217 2803 2250 2834 &
2266 2803 2357 2835 Secu—

1290 2843 1353 2872 ritas
1374 2842 1547 2880 hujusmodi,
1562 2852 1627 2881 quae
1643 2843 1727 2874 dietis
1744 2843 1864 2873 Duabus
1888 2842 1985 2874 Patriis
2004 2843 2145 2881 perquam
2166 2842 2247 2873 utiles
2260 2843 2294 2874 &
2305 2852 2357 2873 ne—

1290 2881 1412 2912 ceffiiriae.
1427 2881 1546 2919 fuerint,
1566 2883 1638 2912 inter
1654 2881 1763 2912 easdem
1782 2882 1975 2919 habebantur,

1289 2919 2045 2990 pafflffiffl‘iffifi‘ss‘fflffiiti⁰nffnfffiiffii²55
2062 2917 2357 2988 ⁹2⁵{1ss‘1120i0s‘ss'331‘5

1290 2997 1350 3035 jam
1365 2996 1533 3028 Interteneri
1549 2997 1702 3036 deberent,
1770 2969 1805 3000 eg
2051 2978 2061 2994 ’
2155 3033 2160 3038 ,
2341 2980 2352 2997 ²

1329 3035 1522 3074 Qiamplures
1543 3046 1637 3067 tamen
1659 3036 1696 3068 de
1715 3036 1796 3067 dieto
1823 3035 1929 3103 Rffino
1948 3032 2049 3064 nostro
2071 3032 2187 3077 Angliae
2211 3043 2300 3073 nuper
2321 3034 2356 3066 ὃ(

1290 3074 1355 3114 post
1380 3084 1456 3105 certa
1479 3084 1608 3113 tempora
1626 3076 1686 3113 jam
1709 3084 1769 3105 non
1795 3074 1836 3104 est
1886 3083 1904 3103 u
1928 3071 2082 3108 transadia,
2101 3070 2203 3110 Prisas,
2221 3071 2356 3104 Excessus

1290 3112 1423 3152 grandes,
1441 3114 1474 3143 δε
1492 3114 1711 3144 Inhumanitates
1727 3111 1914 3143 multimodos
1928 3111 1957 3141 in
1976 3110 2172 3148 Mercatores,
2189 3110 2355 3150 Piscatores,

1247 3163 1256 3178 ²
1291 3153 1325 3183 &
1347 3151 1515 3182 marinarios
1535 3152 1620 3182 dietae
1645 3151 1747 3181 Patriae
1771 3149 1910 3180 Flandriae
1931 3149 2127 3188 perpetrarunt
2152 3150 2185 3179 δε
2209 3149 2354 3188 fecerunt,

1292 3200 1416 3258 quoi-lum
1433 3189 1596 3222 Declaratio
1612 3191 1640 3220 in
1656 3189 1739 3220 Parte
1752 3188 1824 3219 fasta
1842 3189 1876 3220 &
1891 3190 1921 3219 in
1937 3188 2046 3227 scriptis
2059 3188 2148 3219 eXtitit
2160 3188 2283 3219 exhibita
2292 3198 2354 3219 ma-

1311 3239 1331 3258 is
1376 3239 1429 3259 ane

1290 3238 1309 3268 g
1330 3239 1420 3304 Εἶρα
1437 3251 1545 3305 ⁷quibus
1563 3265 1782 3297 Ambaffiatores
1803 3265 1930 3304 praediffi
1945 3264 2046 3295 Nobis
2058 3264 2202 3295 humiliter
2213 3264 2354 3303 supplici-

1292 3315 1358 3336 runt
1371 3306 1404 3335 &
1413 3304 1481 3335 Nos
1496 3306 1677 3343 requisierunt
1692 3313 1721 3335 ut
1735 3305 1823 3335 dietas
1840 3304 1926 3335 Prisas
1940 3304 2092 3346 Reparari,
2110 3303 2142 3334 &
2155 3302 2259 3334 eisdem
2270 3303 2353 3334 Mer-

1292 3345 1434 3374 catoribus
1455 3343 1489 3373 &
1505 3344 1563 3374 aliis
1586 3344 1728 3382 praeditstis
1743 3343 1968 3374 Restitutionem
1985 3343 2046 3373 neri
2059 3343 2175 3380 jubere,
2191 3352 2225 3372 ac
2239 3343 2269 3371 in
2285 3351 2354 3373 eum

1293 3382 1412 3412 modum
1434 3383 1582 3419 providere
1606 3382 1686 3420 quod
1706 3382 1835 3421 praediffi
1857 3380 1990 3418 Subditi,
2012 3381 2134 3418 ejusdem
2151 3378 2252 3411 Patriae
2269 3381 2353 3411 Flan-

1293 3421 1374 3457 drize,
1394 3420 1429 3449 de
1443 3430 1539 3451 cetero
1556 3421 1657 3451 habere
1671 3421 1793 3459 poffint,
1812 3422 1871 3451 tam
1884 3429 1934 3458 pei·
1949 3419 2074 3450 Terram
2088 3440 2098 3456 ,
2116 3419 2203 3456 quam
2219 3428 2269 3457 per
2284 3417 2351 3462 Ma-

1292 3469 1340 3496 re,
1358 3467 1459 3490 contra
1474 3462 1664 3498 quascumque
1678 3459 1804 3490 Guerras
1817 3458 1977 3496 huiusmodi
1989 3457 2035 3488 seu
2056 3456 2223 3495 Molestias,
2240 3457 2353 3487 Securi-

1293 3507 1381 3528 tatem
1398 3497 1587 3535 Generalem,
1604 3499 1799 3536 dignaremur,
2333 3531 2339 3538 ,

1331 3535 1420 3574 Nos,
1434 3535 1604 3574 PraemisRS,
1625 3538 1657 3566 ὅ(
1673 3537 1825 3574 praesertim
1843 3534 1919 3566 dieta
1938 3533 2014 3566 Pace
2038 3532 2188 3570 Generali,
2206 3540 2237 3563 ut
2246 3530 2354 3574 ‚piaedi-

1292 3574 1372 3605 &uni
1387 3575 1446 3611 est,
1465 3574 1537 3605 faciei
1552 3598 1562 3612 ,
1586 3575 1646 3605 vilis
1660 3576 1692 3606 ὃ(
1708 3574 1903 3612 consideratis,
1922 3573 1958 3603 de
1972 3573 2161 3610 avisamento,
2184 3568 2352 3614 Carlffimo-

1293 3623 1358 3643 rum
1376 3614 1409 3644 &
1426 3613 1655 3652 praedilectorum
1674 3613 1893 3644 Avunculorum
1911 3612 2092 3648 nostrorum,
2138 3610 2252 3651 ohannis¹
2266 3609 2352 3638 Ducis

1293 3650 1448 3690 Beafordxae
1464 3651 1601 3690 Regentis
1615 3651 1751 3689 Regnum
1765 3651 1894 3681 nostrum
1910 3650 2036 3681 Franciae
2049 3650 2082 3679 &
2121 3646 2266 3690 mtedioris
2272 3645 2353 3686 Reg-

1293 3693 1320 3720 ni
1341 3689 1429 3719 nostri
1451 3689 1561 3729 Angliae
1576 3713 1586 3729 ,
1611 3691 1645 3722 &
1667 3689 1816 3729 Humfredi
1828 3692 1911 3719 Ducis
1925 3686 2112 3727 Glaucessriae,
2130 3685 2163 3716 ὃ(
2180 3684 2352 3730 αὶιοῑυῐῐιιρε

1294 3728 1406 3766 Magno
1432 3726 1570 3760 Concilio
1591 3728 1691 3758 nostro
1709 3751 1719 3766 ,
1744 3728 1864 3766 praefatis
1883 3724 2134 3769 Ambaffiatoribus
2157 3723 2191 3754 &
2206 3722 2241 3753 N
2245 3733 2351 3769 unciis,

1294 3768 1385 3797 modo
1399 3776 1459 3803 quo
1474 3766 1596 3805 sequitur
1606 3790 1615 3805 ,
1633 3766 1753 3797 fecimus
1769 3765 1969 3804 Responderi3
1988 3762 2140 3806 videlicet,

1331 3803 1424 3842 Quod
1445 3803 1614 3836 Intentionis
1635 3806 1668 3836 &
1693 3804 1852 3836 Voluntatis
1872 3804 1979 3833 nostrae
1999 3799 2090 3844 egistit
2112 3799 2148 3830 de
2165 3799 2351 3844 Trac‘kando,

1292 3843 1497 3881 Favorisando,
1515 3845 1548 3876 &
1564 3843 1709 3881 Regendo
1722 3843 1785 3874 illos
1805 3844 1840 3872 de
1858 3841 1941 3884 dieta,
1955 3840 2045 3870 Patria
2062 3838 2198 3869 Flandriae
2212 3849 2243 3869 m
2255 3848 2352 3868 omni-

1293 3883 1344 3912 bus
1365 3882 1435 3912 ficut
1453 3882 1566 3912 nostros
1582 3882 1678 3913 bonos
1699 3883 1733 3912 &
1757 3890 1840 3912 veros
1854 3879 2003 3915 Subditos‚
2022 3879 2055 3908 ὃ(
2071 3886 2156 3915 prout
2170 3887 2220 3908 eos
2232 3877 2351 3922 traciare

1292 3920 1431 3950 debemus
1453 3920 1486 3950 &
1509 3930 1639 3951 tenemur
1654 3943 1664 3958 ,
1692 3921 1726 3950 &
1770 3917 1993 3949 uemadmodum
2008 3915 2230 3946 Praedecessores
2245 3915 2352 3954 nostri,

1293 3959 1391 3995 Reges
1414 3957 1562 3997 Franciae,
1588 3969 1637 3989 eos
1655 3966 1744 3996 perti-a
1775 3966 1820 3986 are
1845 3954 2052 3985 consueverunt
2066 3977 2076 3993 ,
2101 3954 2236 3993 quodque
2258 3954 2306 3994 ipsi
2319 3964 2355 3986 ac

1293 3997 1405 4028 Subditi
1419 3995 1524 4034 nostri,
1540 3998 1577 4028 de
1592 3997 1672 4027 dicio
1687 3995 1793 4034 Regno
1809 3993 1909 4023 nostro
1925 3993 2035 4032 Angliae
2046 4016 2056 4032 ,
2071 3993 2130 4023 tam
2146 4002 2195 4031 per
2210 3992 2350 4030 Terram,

1292 4036 1379 4074 quim
1396 4044 1446 4073 per
1462 4033 1564 4074 Mare,
1580 4036 1640 4067 tam
1653 4035 1683 4065 in
1697 4032 1788 4064 Facto
1799 4031 2004 4070 Mercandisae,
2024 4033 2110 4070 quiin
2130 4032 2227 4070 aliter,
2244 4031 2356 4098 agiiiffgr
