2562 4274
0 2697 2 2787 l

0 2994 2 3019 l

0 2940 6 3129 i

2 3161 8 3284 l

396 164 405 181 ⁴
755 167 862 209 ET
946 166 1214 209 ACTA

55 321 156 395 nillil?
363 343 412 376 De
428 339 562 384 Custodia
579 341 802 386 Tbmporalinm
822 339 858 372 de
880 339 1064 374 Bcchclonm.

51 400 137 472 sill-5?
268 426 344 469 EX·
359 425 520 470 Omnibus,
538 425 572 456 ad
588 434 678 463 quos,
698 426 757 457 &c.
778 424 911 455 Salutem,

56 476 149 504 Ibidem
299 465 396 496 Sciatts
407 464 486 503 quod
494 487 503 501 ,

238 503 287 534 De
302 502 400 534 Gratia
415 502 508 532 nostra
522 501 648 539 speciali,
663 502 697 532 ὅ(
711 508 742 530 ut
762 501 891 531 divinum
907 502 1058 533 Servitium
1082 512 1115 533 ac
1128 503 1177 533 alia
1191 502 1255 533 Pie-

199 542 261 571 tatis
276 541 371 579 Opera
388 563 398 578 ,
424 550 487 579 quae
508 541 537 569 in
559 539 687 569 Abbatia
709 539 741 568 de
764 539 953 569 Beccohellium
967 539 1025 570 ficri
1038 541 1175 579 debeant,
1195 541 1255 578 plus

201 579 284 611 solito
299 580 474 615 accrescant,
493 579 526 608 ὅ(
541 578 648 607 ibidem
663 577 821 607 laudabilius
843 588 1069 609 manuteneantur
1091 580 1123 611 &
1139 579 1256 609 sustine-

200 625 302 657 antur,
316 628 349 649 ac
362 628 415 656 pto
428 626 465 647 eo
480 615 559 654 quod
573 615 670 646 Abbas
685 615 758 646 Loci
771 616 899 653 praedicti
913 618 1005 647 absens
1020 616 1110 648 existit
1130 627 1160 648 ut
1183 617 1257 648 dici-

202 663 248 687 tur

239 681 415 734 dommifimux
428 715 439 730 ,
469 691 577 723 dilectis
601 691 700 722 Nobis
722 693 751 722 in
773 690 890 723 Christo
903 717 912 730 ,
939 695 1028 722 Priori
1050 692 1088 727 ό·
1104 697 1258 723 conventui

201 733 341 764 'Abbatiae
350 732 489 770 praedic‘t'ae
502 730 651 771 Custodiam
672 731 803 760 omnium
829 731 1045 769 Temporalium
1063 754 1072 769 ,
1090 731 1182 761 eidem
1198 732 1258 761 Ab-

205 772 287 802 batiae
297 793 306 809 ,
322 771 393 801 infra
414 769 561 800 Ducatum
575 769 706 799 nostrum
720 768 929 808 Normanniae,
945 769 1184 808 qualitercumque
1198 779 1260 807 per-

205 811 356 840 tinentium
370 808 427 839 five
441 808 641 846 spectantium,
685 817 687 819 ’

241 847 490 877 HABENDAM
505 869 514 884 ,
547 845 793 876 REGENDAM
813 868 822 883 ,
848 845 882 876 &
908 844 1260 876 CUSTODIENDAM

205 885 341 922 quamdiu
363 884 461 915 Nobis
502 885 617 915 iacuerit
628 907 638 920 ,
661 883 846 921 Percipiendo
867 883 1021 914 Annuatim
1036 883 1072 913 de
1087 884 1211 914 Exitibus
1227 885 1260 914 &

205 923 367 962 Proficuis,
392 932 451 953 tam
502 921 688 960 emporalium
711 921 930 959 praedictorum,
949 931 1033 959 quam
1048 922 1262 960 Spiritualium,

207 962 341 994 Abbatiae
353 961 514 999 praedic‘tae,
533 970 585 998 pro
600 959 808 990 Sustentatione
823 959 884 998 sua,
900 970 932 990 ac
949 961 1096 990 Solutione
1105 960 1262 991 Vadiorum

207 1000 489 1039 VigintiHominum
503 998 538 1028 ad
545 998 651 1035 Arma,
668 998 701 1027 &
711 997 855 1036 Sexaginta
871 999 1099 1038 Sagittariorum,
1117 999 1187 1028 infra
1203 1000 1264 1029 Ab-

209 1040 314 1071 batiam
330 1038 494 1076 praedictam
509 1047 561 1074 pro
575 1036 644 1066 salva
654 1035 792 1066 Custodia
805 1036 925 1074 ejusdem
942 1038 1198 1074 commorantium,
1207 1047 1268 1069 tan-

207 1086 269 1110 tum
282 1102 292 1117 ,
318 1084 454 1115 quantum
468 1075 649 1105 necessarium
664 1074 744 1104 fuerit
757 1075 791 1105 &
804 1085 996 1113 oportunum,

245 1116 365 1148 Proviso
378 1115 485 1151 semper
500 1113 580 1150 quod
594 1123 694 1143 omnes
711 1115 744 1145 &
766 1114 861 1152 finguli
886 1113 1032 1145 Tenentes
1048 1114 1180 1144 Abbatiae
1194 1123 1265 1152 prae-

207 1155 294 1186 dietae
308 1177 318 1192 ,
350 1163 383 1183 ac
411 1152 471 1183 ali-ae
491 1151 623 1183 Personae
646 1150 849 1182 Parochiarum
869 1153 974 1182 ibidem
998 1154 1152 1183 vicinarum
1167 1175 1177 1190 ,
1201 1161 1266 1189 quae

210 1193 436 1224 CusToDIAE
457 1190 587 1221 Abbatiae
601 1190 689 1228 illius,
707 1192 882 1228 temporibus
902 1190 1076 1221 Guerrarum
1093 1213 1102 1228 ,
1120 1190 1266 1221 intendere

210 1231 353 1268 solebant,
373 1238 489 1259 necnon
502 1238 603 1258 omnes
614 1228 674 1258 aliae
690 1227 819 1258 Personae
830 1253 839 1265 ,
858 1239 922 1267 quae
943 1229 1117 1267 temporibus
1139 1228 1261 1258 Grterra-

211 1279 276 1300 rum
293 1267 453 1307 hujusmodi
468 1289 478 1305 ,
504 1277 557 1304 pro
578 1266 754 1297 Defenfione
776 1267 821 1296 sua
833 1277 865 1297 ac
882 1267 950 1298 saiva
965 1267 1103 1297 Custodia
1119 1266 1267 1296 Bonorum

209 1309 328 1339 suorum
344 1305 529 1344 imposterum
544 1305 679 1336 accedent
695 1327 705 1343 ,
730 1305 922 1335 Solutionibus
946 1305 1101 1335 Vadiorum
1116 1305 1267 1343 praeditfto-

209 1355 275 1378 rum
288 1345 484 1382 contribuant,
503 1344 536 1374 &
549 1344 730 1374 contribuere
745 1351 889 1373 teneantur
902 1345 931 1372 in
946 1344 1090 1380 futurum,

249 1383 285 1414 Et
306 1382 384 1422 quod
405 1382 491 1413 iidem
510 1384 589 1411 Prior
608 1380 646 1415 ώ-
662 1385 817 1411 Conventus
835 1381 870 1410 de
893 1381 1107 1419 Superplusagio
1131 1381 1267 1411 Exituum

210 1422 245 1454 &
259 1421 460 1453 Proficuorum
483 1420 686 1458 praedictorum
702 1441 711 1456 ,
730 1420 798 1450 ultra
815 1419 912 1450 Onera
928 1419 1095 1458 supradicta,
1114 1420 1147 1449 ad
1162 1419 1267 1449 Carne-

212 1470 276 1491 ram
295 1460 421 1490 nostram
439 1457 656 1496 Compotorum
678 1457 870 1488 Normanniae
892 1457 1046 1489 Annuatim
1067 1456 1267 1496 respondeant,

212 1499 348 1538 quamdiu
362 1496 531 1528 Custodiam
546 1496 692 1527 habuerint
708 1496 901 1534 supradietam.

250 1536 285 1566 In
301 1537 395 1574 cujus,
415 1536 476 1566 &c.

247 1573 339 1607 Teste
352 1573 434 1613 Rege
446 1577 476 1604 in
491 1572 630 1614 Obfidione
645 1571 728 1604 Villae
741 1573 774 1602 de
788 1575 929 1614 Louvyers
945 1574 1001 1603 xix.
1018 1573 1064 1605 die
1077 1573 1164 1612 Junii.

900 1652 954 1680 Per
968 1650 1050 1690 ipſsem
1062 1653 1168 1689 Regem.

66 1783 84 1801 ·
99 1781 153 1811 IX.
217 1777 245 1804 ἵε
271 1780 318 1811 De
337 1774 577 1819 Restitutionibus
594 1776 815 1822 Dmporalmm
842 1776 1016 1821 Leproflzriae
1027 1777 1126 1820 juxta
1145 1777 1272 1808 Baieux.

64 1831 145 1890 5l-&9n9m
160 1856 201 1889 D.
218 1863 269 1918 R
280 1861 345 1893 EX
372 1861 521 1898 omnibus,
539 1860 574 1891 ad
589 1871 678 1900 quOS,
696 1862 756 1893 &c.
774 1860 909 1892 Salutem.

85 1896 174 1936 1418·
308 1900 405 1931 Sciatis
419 1899 498 1938 quod
507 1923 517 1937 ,

69 1940 124 1966 An.
136 1937 164 1962 6.
252 1938 302 1969 De
317 1938 414 1969 Gratia
429 1938 522 1968 nostra
536 1936 659 1976 speciali,
678 1938 712 1968 &
726 1946 756 1968 ut
771 1937 914 1968 Divinum
931 1936 1081 1968 Servitium
1097 1947 1130 1968 ac
1145 1938 1197 1969 alia
1209 1937 1275 1968 Pie-

68 1979 106 2003 Η·
120 1983 149 2008 5·
216 1979 276 2008 tatis
289 1976 384 2014 Opera
393 1999 403 2014 ,
422 1986 487 2014 quae
500 1977 530 2005 in
544 1974 708 2015 Leprofizria
729 1977 823 2005 Sanc‘lz'
840 1975 967 2006 Nicholai
975 1977 1064 2014 juxta
1077 1979 1183 2006 Baieux
1196 1978 1274 2014 (quae

65 2012 132 2042 lbid·
151 2029 154 2032 ·
217 2016 254 2046 de
273 2015 452 2046 Fundatione.
470 2014 689 2052 Pnogenitorum
711 2013 874 2044 nostrorum
889 2038 898 2052 ,
924 2014 1068 2052 quondam
1084 2014 1197 2054 Regum
1213 2015 1275 2045 An-

216 2054 302 2094 gliae,
329 2055 362 2084 δε
382 2052 480 2083 nostro
496 2051 648 2082 Patronatu
669 2051 771 2088 existit)
793 2051 851 2082 fieri
866 2052 981 2090 debeat,
1000 2053 1060 2090 plus
1074 2052 1155 2083 solito
1166 2063 1276 2084 accres-

214 2094 351 2131 cant,‘&
364 2091 472 2122 ibidem
484 2090 646 2121 laudabilius
660 2099 891 2121 manuteneantur
904 2092 938 2122 ὃς
953 2090 1153 2130 sustineantur,

253 2130 284 2161 C
292 2139 343 2160 oN
351 2139 369 2160 c
378 2138 396 2160 E
407 2139 420 2160 s
428 2139 440 2160 s
452 2139 464 2159 1
472 2138 500 2160 M
509 2137 532 2159 u
541 2138 554 2159 s
563 2150 573 2165 ,
592 2128 709 2159 Diieeio
729 2128 825 2159 Nobis
839 2131 868 2159 in
883 2128 1001 2160 Christo
1021 2152 1031 2167 ,
1050 2132 1138 2159 Priori
1153 2129 1190 2164 ώ-
1205 2133 1275 2160 Fra-

216 2167 304 2202 tribus
315 2167 482 2208 Leprtffa'riae
491 2167 629 2206 praedmae
644 2168 742 2197 omnia
753 2167 938 2205 Temporalia
946 2190 956 2206 ,
974 2168 1067 2198 eidem
1086 2169 1279 2207 Leprosariae,

217 2207 291 2239 infra
303 2207 453 2250 Ducatum
464 2206 594 2237 nostrum
608 2206 819 2244 Normanniae,
841 2207 1081 2245 qualitercumque
1096 2208 1261 2244 pertinentia
1274 2230 1285 2246 ,

220 2245 467 2314 fivfiffiffiarbrlngk
484 2305 495 2320 ,
515 2284 546 2313 in
566 2282 806 2314 Sustentationem
829 2282 931 2315 Divini
950 2283 1061 2314 Servitii
1081 2283 1190 2314 ibidem
1205 2307 1216 2322 ,
1244 2293 1278 2316 ac

219 2322 351 2391 aninum·
360 2321 468 2391 Pietgtcics
480 2321 611 2359 Operum
625 2321 863 2360 supradietorum,
881 2321 918 2352 de
931 2321 1024 2352 Dono
1039 2321 1147 2352 nostro.

238 2444 241 2445 ⁷
257 2370 446 2438 fefllguffege
457 2382 487 2430 io
502 2397 641 2441 Obfidione
660 2401 689 2430 V
688 2397 744 2430 illae
758 2398 791 2429 de
806 2400 950 2441 Louvyers
968 2408 1013 2429 xx.
1033 2398 1078 2429 die
1090 2398 1176 2438 Junii.

911 2478 965 2506 Per
976 2475 1059 2515 ipfhnz
1070 2478 1174 2514 Regem.

503 2600 562 2634 Pro
583 2601 746 2635 Cardinale
763 2602 866 2635 Sansli
886 2601 1008 2635 Marci.

76 2688 157 2720 Ann.
171 2680 214 2720 D'.
226 2685 359 2747 REX
382 2686 545 2724 Omnibus,
563 2685 597 2717 ad
613 2696 702 2726 quOS,
717 2687 779 2719 &c-
797 2685 931 2718 Salutem.

98 2727 185 2768 1418.
326 2725 422 2756 Sciatis
437 2725 516 2764 quod
530 2725 600 2755 Nos
611 2749 621 2762 ,

76 2771 128 2796 An.
145 2769 173 2796 6.
259 2760 311 2791 Ob
322 2763 525 2794 Reverentiam
540 2763 615 2800 Dei,
633 2763 681 2800 &,
697 2761 870 2793 Sanctiffimi
889 2762 918 2792 in
932 2760 1050 2792 Christo
1064 2761 1151 2792 Patris
1167 2761 1278 2800 nostri,

78 2809 114 2833 Η.
128 2816 155 2841 5.
221 2802 361 2839 Martini,
378 2801 560 2840 Sacrosc'znessae
572 2805 699 2831 Romanae
714 2800 952 2840 EcclefiaelSummi
973 2800 1127 2839 Pontificis,
1144 2809 1278 2831 contem-

76 2842 187 2874 Ibid.m,
218 2838 342 2876 platione
390 2849 423 2870 ac
448 2840 483 2870 ad
498 2840 634 2870 internam
648 2838 835 2870 affectionem
847 2849 933 2877 quam
945 2838 978 2869 ad
988 2863 997 2875 ,
1014 2838 1210 2869 Venerabilem
1224 2839 1280 2869 Pa-

79 2889 126 2910 21.
218 2885 310 2917 trem,
327 2863 483 2918 Jirrdanem
496 2876 650 2915 Episcopum
660 2876 846 2917 Albanenfem
862 2877 1036 2907 Cardinalem
1053 2878 1085 2907 de
1098 2877 1200 2915 Ursinis
1213 2876 1279 2906 vul-

216 2919 322 2952 gariter
341 2923 520 2955 nuncupatum
531 2939 541 2953 ,
568 2914 821 2954 Conlanguineum
841 2915 971 2946 nostrum
986 2915 1188 2953 Cariffimum,
1206 2916 1280 2955 geri-

221 2961 285 2983 mus
297 2956 331 2985 &
345 2955 497 2993 habemus,

254 2990 417 3032 Volumus,
441 2993 636 3024 Permittitnus
649 3016 659 3031 ,
684 2993 718 3023 &
736 2991 916 3023 Tolleramus
937 2991 1016 3030 quod
1032 3016 1041 3030 ,
1061 2991 1234 3022 Venerabilis
1248 2993 1277 3022 in

221 3026 341 3062 Christo
354 3030 449 3069 Pater,
470 3030 645 3069 Guillermus,
663 3030 738 3061 tituli
759 3031 852 3061 Sanffl
867 3033 960 3060 Marci
973 3030 1108 3060 Presbiter
1130 3031 1209 3060 diezae
1222 3033 1278 3060 Ec-

218 3065 302 3107 clefiae
322 3069 448 3099 Romanae
468 3069 623 3100 Cardinalis
638 3092 648 3107 ,
668 3078 768 3100 omnes
790 3068 927 3099 Redditus
941 3069 974 3100 &
991 3068 1168 3106 Proventus,
1185 3079 1218 3099 ac
1228 3069 1279 3099 alia

220 3103 352 3135 Proficua
364 3107 398 3137 δε
411 3106 613 3138 Emolumenta
626 3116 835 3146 quaecumque,
852 3107 888 3138 de
895 3106 1039 3137 Beneficiis
1050 3106 1118 3145 suiS,
1134 3107 1203 3137 infra
1211 3106 1278 3137 Du-

219 3150 316 3173 catum
338 3143 468 3175 nostrum
489 3144 681 3177 Normanniae
694 3170 704 3184 ,
728 3146 774 3177 seu
795 3145 860 3176 alibi
882 3145 955 3177 infra
970 3144 1119 3175 Ditionem
1135 3144 1277 3182 nostram,

219 3183 416 3219 provenientia
429 3205 439 3220 ,
460 3183 560 3214 habeat
579 3184 614 3214 &
632 3185 765 3222 percipiat
780 3207 789 3223 ,
813 3194 847 3215 ac
857 3183 1087 3222 Jurisdiffionem
1099 3183 1174 3214 suam
1190 3183 1278 3221 Spiri-

220 3219 326 3250 rualem
346 3229 472 3251 exerceat
492 3231 542 3259 per
567 3221 605 3252 Se
620 3244 630 3258 ,
648 3231 696 3253 aut
708 3221 883 3261 Deputatos,
902 3221 1066 3259 Ministrm,
1084 3221 1128 3251 seu
1142 3222 1209 3252 alios
1224 3221 1277 3253 ser-

221 3258 330 3289 vientes
344 3258 423 3296 suOS,
443 3258 552 3296 Ligeos
563 3258 675 3291 nostros
694 3260 868 3297 (dummodo
890 3260 1017 3298 praefatus
1038 3259 1199 3291 Guillermus
1211 3259 1278 3290 Ob—

219 3296 319 3334 sequiis
341 3297 448 3335 praefati
466 3296 637 3328 Sanfflffimi
659 3297 748 3328 Patris
764 3298 854 3328 nostri
876 3299 1035 3335 intenderit)
1051 3298 1153 3336 absque
1167 3299 1279 3337 impeti-

220 3335 300 3366 tione
322 3344 368 3367 aut
388 3335 594 3373 impedimento
612 3335 742 3375 Nostri,
764 3335 996 3376 officiariorum,
1010 3336 1056 3368 seu
1072 3336 1275 3369 Ministrorum

221 3372 387 3405 nostrorum
401 3383 661 3412 quorumcumque.

257 3410 294 3441 In
309 3413 404 3451 cujus,
422 3413 483 3444 &c.

257 3449 349 3482 Teste
363 3451 445 3490 Rege
456 3450 531 3490 apud
548 3449 652 3483 Villam
663 3451 696 3481 de
708 3453 849 3492 Louvyers
863 3452 937 3484 xxiv.
954 3450 1002 3482 die
1011 3451 1099 3490 Junii.

919 3530 972 3558 Per
984 3526 1065 3568 ipfiam
1079 3530 1183 3567 Regem.

553 3666 612 3697 Pro
630 3665 716 3696 Duce
732 3661 950 3705 Aurelianenst.

76 3741 154 3819 Affii
165 3741 212 3812 ἑ).
225 3744 370 3812 RliZX,
385 3746 536 3780 Univerfis
546 3749 581 3781 &
598 3748 708 3788 lingulis
723 3745 899 3785 Admirallis,
918 3746 978 3779 ὅτε.
997 3747 1032 3779 ad
1045 3756 1135 3786 quos,
1147 3748 1208 3780 ὅτε.
1226 3745 1277 3778 Sa-

147 3791 159 3811 1
186 3804 193 3811 .
306 3792 392 3815 utem.

74 3821 128 3847 An.
148 3823 175 3849 6.
260 3819 358 3851 Sciatis
372 3824 452 3861 quod
465 3824 632 3862 suscepimus
647 3826 674 3855 in
697 3824 802 3855 salvum
824 3824 858 3855 &
872 3823 999 3854 securum
1020 3823 1211 3855 Conductum
1223 3832 1277 3854 no-

73 3860 110 3884 Η.
132 3867 159 3893 5.
226 3855 333 3902 strum,
351 3862 427 3890 acin
439 3861 677 3901 Proteffionem,
695 3863 883 3899 Tuitionem,
901 3862 933 3892 &
950 3861 1156 3893 Defenfionem
1171 3861 1277 3892 nostras

73 3898 162 3925 Franc.
176 3899 204 3926 6.
223 3894 350 3933 spectales
367 3920 377 3934 ,
400 3897 569 3937 Magistrum
590 3902 745 3931 Cudardum
758 3901 790 3930 der
805 3899 971 3937 Fau-Iliaco,
990 3900 1175 3932 Secretarium
1191 3903 1277 3930 Ducis

73 3937 204 3970 H.5.m.6.
221 3934 427 3974 Aurelianensis
439 3935 585 3968 Prisonarii
602 3939 705 3977 nostri,
722 3940 906 3969 Aubertinum
916 3936 1074 3977 Vollifeues,
1083 3938 1275 3976 Aurifabrum,

219 3971 254 4002 &
265 3971 424 4016 Johannem
439 3977 582 4014 Mercerii,
603 3978 752 4009 Famulum
769 3976 898 4007 Camerse
916 3978 983 4007 diesti
1002 3977 1109 4013 Ducis,
1127 3978 1160 4008 δε
1174 3986 1273 4008 eorum

214 4010 390 4049 quemlibet,
407 4011 440 4041 ad
456 4012 633 4045 Praesentiam
649 4039 659 4054 ,
676 4015 806 4047 carissimi
826 4015 926 4045 Fratris
942 4015 1048 4054 nostri,
1066 4014 1172 4045 Thomae
1190 4018 1275 4044 Ducis

213 4048 359 4080 clarenciae
375 4072 385 4087 ,
410 4059 478 4080 cum
499 4050 581 4084 Osto
600 4053 728 4087 Personis
749 4055 781 4086 in
803 4052 951 4087 Comitiva
975 4053 1020 4087 sua
1034 4077 1045 4092 ,
1063 4053 1223 4094 veniendo,
1238 4054 1273 4087 &

251 4089 324 4127 anm,
360 4089 411 4125 JV,
428 4090 463 4119 P.
480 4090 541 4123 ιιι.

1297 168 1778 213 PUBLICA.
2308 185 2359 225 57

1285 253 1387 284 deinde
1408 257 1437 285 in
1457 254 1593 297 Regnum
1613 254 1742 286 nostrum
1765 256 1896 295 Angliae,
1913 265 1981 288 cum
1996 255 2127 289 Personis
2141 257 2300 295 praedietis,
2315 258 2342 287 in
2361 254 2428 285 Ann
2451 253 2495 285 DJ

1291 292 1413 333 quadam·
1427 293 1506 323 Navi
1520 299 1575 324 uve
1590 293 1746 332 Balingera,
2389 293 2475 331 1418.

1330 330 1375 360 Ad
1394 331 1600 367 Exequcndum
1623 331 1791 362 Triduum
1807 331 1842 363 de
1857 333 1986 364 Financia
2023 334 2130 364 saetam
2147 343 2198 370 pro
2214 332 2346 371 Johanne
2363 336 2426 360 Hen.
2442 341 2471 367 5.

1293 370 1391 397 Fratre
1411 370 1477 398 dieti
1499 372 1581 398 Ducis
1605 370 1806 411 Aurelianenfis
1817 381 1884 400 cum
1900 372 1978 402 dicto
1994 357 2090 402 Fratre
2103 372 2202 402 nostro
2235 379 2280 401 aut
2294 372 2346 401 suis

1292 404 1479 473 cConsiliariss,
1499 407 1702 445 Servitortbus,
1723 418 1769 438 aut
1789 409 1845 438 aliis
1858 419 1910 446 pro
1923 420 1959 439 eo
1975 410 2122 447 Deputatis
2138 420 2184 441 aut
2198 394 2346 447 &eputari-

1313 453 1350 481 is,

1328 481 1532 521 Transeundo,
1550 482 1657 513 ibidem
1672 484 1830 521 morando,
1849 485 1882 514 &
1894 485 1994 515 exinde
2006 486 2039 515 ad
2057 487 2167 523 propria
2184 485 2343 523 redeundo,

1294 530 1326 549 ac
1350 520 1468 550 Navem
1491 521 1546 551 five
1570 521 1739 559 Balingeram
1762 522 1926 559 praedictam
1941 545 1950 559 ,
1977 534 2090 554 necnon
2107 525 2298 560 Navigatores
2312 525 2346 555 ὃ(

1297 557 1464 589 Matinarios
1485 560 1606 596 ejusdem
1619 582 1629 597 ,
1653 569 1686 590 ac
1710 561 1793 590 etiam
1811 560 1904 595 Bona,
1924 560 1998 598 Res,
2016 563 2049 593 &
2064 562 2198 592 Hernefia
2211 563 2255 593 sia
2269 572 2346 601 quae-

1295 606 1435 634 cumque,
1452 598 1475 627 F
1477 599 1629 635 inanciam,
1643 597 1749 635 Jocalia
1763 607 1842 628 aurea
1857 598 1889 628 ὃ(
1902 607 2043 636 argentea,
2063 600 2216 638 Gemmas,
2233 603 2266 631 &
2286 601 2347 638 alia,

1296 636 1496 673 cujuscumque
1516 635 1602 666 Pretii
1617 658 1627 674 ,
1652 635 1774 671 Valoris,
1795 635 2019 674 AEstimationis,
2040 638 2165 676 Formae,
2184 639 2227 669 seu
2245 638 2347 671 Faetu-

1297 683 1336 703 rae
1356 674 1424 711 sint,
1440 682 1496 704 tam
1511 675 1537 703 in
1554 674 1633 705 Navi
1648 674 1704 704 five
1718 674 1855 712 Balingeta
1871 676 2000 710 praedict]
2011 698 2019 710 ,
2039 685 2122 712 quam
2137 685 2227 715 extra,
2248 679 2297 715 qui
2313 677 2346 706 &

1299 721 1362 749 quae
1377 721 1443 742 cum
1458 711 1597 749 praedie‘lis
1610 713 1749 749 Cadardo,
1766 712 1937 749 Aubertino,
1956 714 1988 744 <Sc
2001 713 2132 751 Jdaanne
2141 737 2151 751 ,
2171 724 2216 745 aut
2232 726 2290 745 uno
2306 718 2348 753 ip-

1298 752 1410 787 sorum,
1429 749 1490 780 sunt
1513 750 1544 779 ὃ(
1568 751 1586 769 *
1606 758 1687 780 erunt
1702 775 1710 787 ,
1737 760 1880 787 portantur
1896 774 1905 787 ,
1924 750 1956 780 ὅ(
1973 752 2171 790 portabuntur,
2191 763 2242 790 pto
2257 754 2347 784 Facto
2369 759 2388 779 ²*
2408 760 2460 788 lx.

1298 788 1322 817 F
1323 789 1440 818 inanciae
1454 787 1522 817 dieti
1537 790 1643 817 Fratris
1652 786 1766 827 praefati
1779 791 1864 818 Ducis
1878 788 2090 828 Aurelianenfis.
2371 801 2437 828 600·

1337 826 1374 855 Et
1396 826 1460 856 ideo
1479 826 1562 856 vobis
1582 826 1753 856 Mandamus
1768 827 1848 864 quod
1862 826 1948 864 ipsos,
1964 827 2131 865 Cudardum,
2149 828 2351 868 Aubertinum‚
2434 830 2454 835 ‘'

1301 862 1338 900 ῤ’
1352 863 1509 903 Johannem
1522 866 1666 902 Merserii,
1685 866 1718 894 &
1736 874 1837 895 eorum
1853 865 2023 902 quemlibet,
2039 866 2073 894 ad
2089 865 2267 897 Praelentiam
2278 876 2352 904 pra>-

1301 903 1369 933 dic‘ti
1381 905 1488 932 Fratris
1502 900 1602 941 nostri,
1620 912 1689 933 cum
1707 902 1831 933 Personis
1847 903 2003 940 praediffls,
2021 904 2162 934 veniendo
2175 926 2184 941 ,
2205 906 2237 935 &
2253 905 2352 936 exinde

1302 943 1330 971 in
1355 940 1489 980 Regnum
1508 940 1638 971 nostrum
1652 941 1780 979 Angliae,
1798 951 1866 972 cum
1881 941 1985 972 eisdem
2007 941 2152 980 Personis,
2170 944 2200 972 in
2215 943 2293 975 Navi
2308 943 2355 974 seu

1303 979 1447 1017 Balingera
1460 979 1591 1016 paedieta
1599 1002 1608 1018 ,

1346 1018 1391 1048 Ad
1415 1018 1621 1055 Exequendum
1642 1017 1813 1048 Tra&atum
1835 1018 1870 1048 de
1883 1017 2032 1057 Financia,
2048 1018 2154 1049 facium
2169 1028 2222 1058 pro
2235 1020 2355 1057 praefato

1303 1055 1434 1095 Johanne
1453 1059 1551 1085 Fratre
1565 1055 1689 1094 praedic‘li
1712 1059 1795 1086 Ducis
1815 1056 2017 1097 Aurelianenfis
2037 1067 2105 1087 cum
2113 1058 2242 1096 praedillo
2256 1061 2355 1088 Fratre

1305 1094 1392 1133 nostro
1406 1117 1415 1132 ,
1438 1103 1484 1124 aut
1504 1095 1555 1125 suis
1571 1094 1758 1133 Confiliariis,
1775 1095 1979 1134 Servitoribus,
1997 1104 2043 1126 aut
2055 1096 2112 1126 aliis
2126 1106 2178 1135 pro
2192 1106 2228 1127 eo
2241 1097 2357 1135 deputa-

1305 1134 1356 1170 tis,
1369 1133 1417 1163 seu
1438 1132 1627 1170 Deputandis,
1820 1146 1833 1158 ι

1342 1170 1546 1208 Transeundo,
1566 1172 1672 1201 ibidem
1686 1171 1841 1208 morando,
1860 1173 1893 1202 ὃς
1907 1172 2006 1202 exinde
2021 1172 2055 1203 ad
2069 1171 2185 1211 Propria
2200 1173 2357 1212 redeundo,

1305 1219 1338 1239 ac
1359 1208 1478 1238 Navem
1500 1209 1556 1238 sive
1576 1208 1747 1246 Balingeram
1766 1210 1930 1247 praedictam
1948 1233 1957 1248 ,
1983 1221 2096 1241 necnon
2120 1211 2308 1252 Navigatores
2322 1214 2357 1244 δε

1308 1247 1477 1277 Μᾱτίηεπίοε
1502 1246 1621 1284 ejusdem
1635 1270 1644 1284 ,
1661 1257 1692 1276 ac
1706 1249 1788 1277 etiam
1804 1247 1899 1286 Bona,
1919 1248 1994 1287 Res,
2012 1251 2043 1281 &
2059 1249 2195 1280 Herneiia
2211 1261 2360 1289 quecum-

1307 1295 1379 1324 que,
1400 1284 1561 1314 Financiam
1574 1308 1583 1323 ,
1597 1284 1706 1321 Jocalia
1727 1295 1808 1315 aurea
1831 1288 1862 1316 &
1882 1295 2012 1322 argentea
2027 1310 2036 1326 ,
2059 1287 2198 1318 Gemmas
2211 1312 2220 1327 ,
2245 1290 2278 1320 &
2291 1289 2359 1327 alia,

1307 1324 1508 1362 cujuscumque
1522 1322 1625 1361 Pretii,
1646 1322 1771 1360 Valoris,
1787 1322 2012 1361 AEstimationis,
2032 1326 2146 1356 Formae
2160 1349 2170 1365 ,
2188 1327 2232 1358 seu
2242 1328 2360 1358 fastum

1306 1362 1359 1392 siut
1372 1386 1381 1401 ,
1407 1370 1465 1392 tarn
1487 1363 1516 1391 in
1535 1360 1616 1392 Navi
1637 1361 1693 1391 five
1714 1360 1856 1398 Balingera
1877 1363 2007 1398 praedicta
2021 1384 2030 1399 ‚
2055 1374 2139 1400 quam
2153 1374 2244 1402 extra,
2263 1367 2359 1405 qui&

1307 1410 1371 1438 quae
1388 1409 1457 1430 cum
1478 1400 1619 1437 praedietis
1633 1423 1642 1436 ,
1669 1400 1810 1437 Cudardo,
1828 1400 1996 1438 Auberrz'no,
2015 1402 2047 1430 &
2063 1402 2195 1440 Johnnne
2212 1407 2357 1442 Mercerii,

1305 1448 1350 1469 aut
1373 1449 1430 1469 uno
1454 1438 1575 1476 ipsorum
1590 1461 1599 1475 ,
1623 1438 1686 1468 sunt
1706 1439 1739 1468 ὃς
1758 1447 1839 1468 erunt
1856 1461 1864 1475 ,
1892 1448 2035 1476 port-antur
2055 1442 2087 1470 ὅς
2110 1443 2290 1477 portabuntur
2306 1451 2359 1480 pro

1305 1477 1382 1508 facto
1409 1477 1549 1508 Financiae
1568 1477 1633 1506 difli
1653 1479 1759 1507 Fratris
1769 1476 1882 1515 praefati
1901 1480 1983 1506 Ducis
1999 1478 2143 1508 Aurelian.
2171 1480 2239 1510 sicut
2254 1480 2357 1517 praedi-

1307 1516 1388 1547 ‹stum
1405 1516 1460 1551 est,
1482 1517 1699 1552 manuteneatis,
1716 1523 1864 1554 proregatts
1880 1517 1913 1545 ὃς
1928 1515 2094 1553 defendatis,

1346 1554 1423 1592 Qae
1447 1553 1523 1584 Bona
1537 1577 1546 1592 ,
1573 1554 1630 1584 Res
1645 1577 1655 1591 ,
1674 1554 1781 1591 jocalia
1802 1563 1883 1584 aurea
1898 1554 1930 1584 &
1945 1563 2088 1593 argentea,
2107 1554 2246 1585 Gemmas
2264 1558 2296 1588 δε
2310 1556 2362 1588 alia

1309 1602 1499 1632 quaecumque
1514 1592 1714 1629 cuiuscumque
1730 1592 1835 1630 Pretii,
1854 1592 1978 1630 Valoris‚
1998 1591 2204 1623 AEstim-,rionis
2215 1618 2222 1629 ,
2239 1594 2362 1633 Formae,

1309 1633 1354 1663 seu
1368 1631 1496 1661 Faclurae
1510 1631 1613 1662 fuerint
1624 1654 1634 1668 ,
1658 1631 1785 1668 praedic-“ti
1799 1653 1808 1667 ,
1827 1630 1966 1660 eudardm
1975 1654 1984 1669 ,
2000 1630 2170 1661 Aubertinus
2179 1655 2187 1669 ,
2207 1634 2239 1663 ὃς
2253 1632 2366 1671 Johan-

1309 1681 1355 1702 nes
1375 1672 1500 1699 Mercerii
1516 1691 1526 1707 ,
1551 1678 1598 1700 aut
1621 1678 1691 1699 unus
1707 1669 1848 1707 ipsorum,
1867 1668 1969 1706 poffint
1989 1669 2135 1707 Vendere,
2155 1669 2366 1710 [inpignt)l·are,

1310 1711 1344 1741 &
1363 1707 1431 1738 loco
1443 1708 1595 1738 Solutionis
1614 1707 1679 1738 dare
1694 1709 1760 1745 uni,
1777 1717 1824 1738 aut
1838 1707 1960 1744 pluribus
1976 1706 2118 1745 Perlonis,
2140 1707 2365 1747 Mercatoribus,

1311 1748 1332 1778 fi
1345 1747 1428 1777 fuerit
1440 1746 1550 1776 necesse
1567 1748 1599 1776 Sc
1615 1746 1778 1783 expediens,
1796 1755 1849 1783 pro
1866 1745 1998 1776 Financia
2012 1745 2138 1784 praedieti
2152 1747 2281 1785 Johaom'
2294 1751 2366 1777 Fra-

1310 1788 1363 1816 tris
1372 1785 1499 1823 praedicli
1512 1788 1596 1815 Ducis
1608 1783 1811 1825 Aurelianenfir
1820 1807 1829 1820 ,

1348 1823 1462 1861 Absque
1475 1824 1532 1854 hoc
1545 1823 1625 1861 quod
1641 1823 1784 1861 praedicti,
1803 1822 2155 1861 Cudardus,Aubertinu5,
2174 1825 2207 1855 &
2221 1823 2367 1863 Johannes

1313 1865 1454 1900 Mercerii,
1473 1870 1519 1892 aut
1534 1872 1605 1892 unus
1620 1861 1760 1899 ipsorum,
1777 1871 1940 1899 teneantur,
1958 1862 2196 1900 qualitercumque
2211 1866 2240 1893 fit
2255 1887 2265 1901 ,
2282 1874 2369 1904 prop-

1311 1908 1353 1932 ter
1368 1900 1529 1931 Financiam
1545 1901 1579 1931 &
1589 1900 1696 1938 Jocalia
1710 1900 1860 1937 ptaedicsta,
1875 1910 1938 1938 quae
1953 1901 2048 1930 secum
2064 1901 2210 1931 habuerint
2225 1903 2259 1933 &
2275 1911 2369 1940 porta-

1313 1940 1435 1977 buntur,
1451 1938 1626 1978 vendentur,
1646 1939 1929 1977 impignorabuntur,
1948 1947 1992 1968 aut
2007 1938 2073 1968 loco
2088 1939 2244 1969 Solutionis
2257 1940 2369 1971 dabun-

1313 1986 1373 2015 tur,
1391 1985 1422 2008 ut
1438 1977 1608 2015 praedistum
1628 1976 1668 2006 est
1685 2000 1694 2015 ,
1722 1977 1810 2014 aliqua
1830 1976 1935 2007 solvere
1957 1976 2095 2015 Tributa,
2115 1977 2253 2015 Pedagia,
2271 1977 2369 2010 Rede-

1314 2017 1442 2054 vancias,
1459 2015 1600 2055 Paffagia,
1618 2015 1799 2052 Theolonia,
1817 2024 1862 2045 aut
1876 2015 1926 2046 alia
1942 2015 2173 2054 hujusmodiJura
2189 2018 2221 2047 ὃς
2238 2016 2370 2047 Consue-

1315 2054 1424 2085 tudines
1440 2055 1468 2084 in
1486 2054 1590 2093 Regno
1606 2053 1705 2084 nostro
1718 2054 1763 2084 vel
1779 2062 1877 2096 exrra,
1889 2063 1946 2084 tam
1960 2063 2010 2092 per
2029 2053 2221 2093 Mare,quam
2237 2065 2285 2092 per
2292 2055 2369 2086 Ter-

1315 2103 1375 2125 ram
1390 2093 1526 2123 Nomine
1541 2091 1640 2123 nostro
1651 2101 1697 2123 aut
1711 2091 1820 2123 alterius
1834 2092 2033 2130 cnjuscumque
2047 2102 2052 2120 :

1353 2131 1492 2162 Voiumus
1516 2132 1594 2162 enim
1616 2130 1697 2169 quod
1715 2131 1802 2160 libere
1817 2132 1851 2163 &
1866 2130 1959 2162 secure
1971 2130 2115 2168 praediffi,
2133 2130 2289 2168 Cua'ardus,
2304 2134 2371 2162 Au-

1317 2170 1452 2208 bertinus,
1472 2171 1505 2201 &
1523 2169 1668 2208 Johannes
1691 2171 1817 2199 Mercerii
1832 2192 1842 2208 ,
1865 2177 1911 2200 aut
1927 2179 1996 2199 unus
2009 2169 2196 2207 eorumdem,
2216 2170 2320 2208 poffint
2335 2173 2371 2203 δε

1317 2210 1426 2241 valeant
1441 2208 1546 2239 dietam
1560 2208 1583 2238 F
1584 2209 1724 2238 inanciam
1739 2208 1773 2239 &
1787 2206 1920 2245 praedieta
1941 2207 2050 2245 Jocalia
2063 2229 2072 2245 ,
2093 2206 2229 2245 Cedulas,
2249 2209 2372 2248 Lireras,

1318 2248 1351 2279 δε
1366 2246 1547 2277 Memorialia
1560 2248 1655 2277 secum
1671 2255 1797 2284 portare,
1812 2245 1953 2283 vendere,
1972 2247 2175 2284 impignorare,
2195 2248 2229 2277 ὃς
2243 2247 2372 2278 locoSo-

1317 2286 1427 2316 lutionis
1448 2285 1511 2316 dare
1533 2287 1582 2315 uni
1603 2293 1650 2315 aut
1671 2284 1795 2324 pluribus
1813 2282 1940 2314 Personis
1953 2305 1963 2321 ,
1988 2283 2197 2314 Mercatoribus
2214 2309 2224 2322 ,
2244 2285 2298 2316 five
2311 2296 2371 2317 non

1317 2323 1525 2354 Mercatoribus
1541 2346 1551 2361 ,
1576 2331 1606 2353 ut
1627 2322 1796 2360 praedictum
1819 2321 1859 2352 est
1877 2345 1886 2360 ,
1903 2323 1936 2353 &
1950 2321 1984 2350 ad
1999 2324 2125 2360 propria,
2146 2323 2164 2352 si
2179 2323 2216 2353 eis
2231 2323 2372 2355 videbitur

1316 2362 1481 2400 expediens,
1499 2370 1640 2399 reportare
1657 2360 1702 2391 seu
1723 2361 1860 2398 reportari
1882 2360 1974 2391 facere
1988 2384 1997 2397 ,
2023 2360 2125 2398 absque
2146 2361 2240 2399 aliquo
2254 2362 2375 2400 impedi-

1317 2410 1434 2438 mento,
1451 2399 1668 2436 Molestatione,
1686 2398 1843 2429 Exactione
1859 2421 1868 2437 ,
1886 2407 1932 2429 aut
1946 2398 2155 2430 Arrestamento
2171 2409 2371 2441 quocumque,

1316 2439 1403 2470 libere
1417 2441 1451 2470 δε
1464 2438 1564 2476 absque
1577 2437 1723 2469 Solutione
1737 2437 1845 2475 aliqua,
1864 2446 1948 2474 prout
1963 2438 2131 2475 praedie‘tum
2145 2437 2204 2476 est,

1355 2478 1431 2508 Non
1453 2477 1602 2507 inferentes
1623 2477 1660 2506 eis
1674 2500 1684 2513 ‚
1709 2482 1754 2506 aut
1773 2485 1873 2506 eorum
1894 2476 1999 2513 alicui,
2016 2476 2078 2512 seu,
2095 2484 2231 2514 quantum
2245 2478 2275 2506 in
2291 2477 2375 2509 vobis

1317 2516 1375 2555 est,
1390 2517 1425 2546 ab
1438 2515 1494 2545 aliis
1508 2514 1601 2546 inferri
1615 2515 1803 2552 permittentes
1818 2513 1968 2551 Injuriam,
1987 2513 2169 2552 Molestiam,
2190 2513 2372 2555 Damnum,

1317 2554 1491 2586 Violentiam
1504 2578 1514 2592 ,
1538 2563 1592 2584 nec
1612 2552 1851 2590 [mpedimentum
1865 2552 1996 2590 aliquod,
2013 2553 2058 2582 seu
2074 2551 2257 2591 Gravamen,
2274 2553 2374 2585 Cauiis

1317 2594 1351 2625 &
1365 2592 1571 2624 Occafionibus
1584 2591 1728 2622 antediCtis
1741 2615 1751 2628 ,
1773 2601 1826 2621 nec
1848 2592 1930 2621 etiam
1945 2589 2037 2620 Causa
2051 2590 2083 2621 &
2095 2590 2254 2622 Occasione
2267 2592 2374 2631 aliqua-

1317 2641 1381 2662 rum
1397 2631 1579 2661 Marcharum
1617 2629 1851 2668 Reprisaliarum,
1868 2627 2046 2659 Intercursfis
2080 2628 2302 2666 Obligationum
2313 2631 2373 2669 ,Y-

1317 2670 1467 2710 potbecae,
1485 2679 1548 2709 erga
1564 2653 1632 2699 Nos
1649 2676 1694 2698 aut
1714 2668 1796 2698 aliam
1819 2677 2028 2706 quamcumque
2049 2650 2204 2698 Personam
2223 2668 2372 2700 Mercato-

1317 2719 1396 2746 rem,
1414 2708 1459 2739 seu
1469 2708 1567 2745 aliam,
1585 2708 1614 2737 in
1629 2705 1736 2745 Regno
1751 2705 1850 2736 nostro
1863 2705 1994 2745 Angliae,
2010 2713 2056 2736 aut
2070 2715 2161 2744 extra,
2171 2716 2224 2737 nec
2240 2707 2289 2738 alia
2304 2718 2373 2747 qua-

1317 2749 1361 2779 vis
1376 2747 1469 2778 Causa
1483 2746 1528 2776 seu
1543 2745 1702 2776 Occasione
1716 2744 1932 2783 qualicumque,

1355 2785 1411 2824 Et,
1431 2785 1450 2816 fi
1474 2784 1541 2823 quid
1559 2786 1597 2815 eis
1611 2808 1620 2822 ,
1644 2792 1691 2814 aut
1707 2793 1806 2813 eorum
1821 2783 1919 2820 alicui,
1939 2782 2128 2813 Forisfactum
2142 2782 2197 2814 sive
2213 2784 2374 2822 injuriatum

1318 2825 1417 2863 fuerit,
1435 2824 1463 2855 id
1478 2825 1533 2861 eis,
1551 2824 1586 2854 &
1598 2832 1699 2854 eorum
1716 2821 1831 2852 cuilibet
1836 2844 1847 2860 ,
1865 2821 1923 2851 fine
1938 2821 2086 2858 dilatione,
2103 2820 2198 2852 debite
2221 2824 2376 2862 corrigi&

1318 2863 1465 2894 reformari
1479 2863 1602 2900 faciatis,

1353 2901 1472 2932 Proviso
1491 2901 1598 2940 semper
1620 2898 1700 2938 quod
1714 2923 1724 2935 ,
1749 2898 1769 2928 fi
1790 2897 1935 2936 praedisti,
1955 2897 2117 2936 cudardus,
2136 2898 2320 2936 Aubertinus,
2338 2899 2374 2930 &

1316 2939 1461 2978 Johannes
1475 2941 1620 2975 Merserii,
1638 2946 1684 2967 aut
1697 2946 1796 2968 eorum
1808 2936 1920 2974 aliquis,
1938 2935 1983 2967 seu
1997 2936 2093 2974 aliquis
2105 2936 2171 2967 alius
2187 2947 2288 2968 eorum
2302 2937 2337 2967 N
2339 2947 2374 2967 o-

1317 2979 1409 3016 mine,
1428 2977 1561 3009 Vendant
1574 2977 1619 3008 seu
1632 2975 1762 3012 Vendat,
1779 2974 1890 3005 Alienet
1910 2974 1967 3005 sive
1988 2974 2109 3005 Alienati
2131 2975 2252 3014 faciant,
2271 2975 2373 3013 praedi-

1317 3017 1362 3047 &a
1370 3017 1478 3054 Jocalia
1491 3025 1570 3046 aurea
1584 3015 1640 3046 five
1655 3022 1804 3051 argentea,
1824 3012 1964 3043 Gemmas
1977 3034 1987 3050 ,
2005 3022 2052 3043 aut
2066 3013 2115 3043 alia
2134 3012 2211 3043 Bona
2224 3023 2372 3052 quaecum-

1316 3065 1394 3093 que,
1421 3055 1476 3085 five
1499 3054 1620 3092 aliquam
1643 3051 1796 3082 Parcellam
1816 3051 1983 3081 eorumdem
1997 3073 2006 3088 ,
2023 3050 2057 3080 ad
2082 3051 2203 3088 aliquem
2225 3053 2309 3082 alium
2337 3062 2370 3082 u-

1315 3094 1392 3130 sum,
1411 3101 1597 3132 praeterquam
1617 3100 1670 3129 pro
1685 3090 1815 3119 Financia
1831 3090 1864 3119 &
1880 3089 2089 3120 Deliberatione
2109 3090 2236 3126 praedicti
2256 3090 2372 3128 Johan-

1315 3135 1356 3161 nis
1368 3134 1476 3161 Fratris
1490 3131 1554 3160 diat
1568 3133 1652 3159 Ducis
1666 3127 1883 3166 Aurelianensis,
1902 3127 1982 3166 quod
1997 3136 2064 3158 tunc
2080 3128 2128 3164 ipsi
2145 3138 2196 3165 pro
2213 3128 2371 3166 hujusmodi

1315 3169 1415 3207 Bonis,
1435 3169 1535 3199 Rebus
1549 3191 1558 3207 ,
1571 3167 1731 3205 Jocalibus,
1750 3165 1885 3196 Gemmis
1895 3165 2053 3203 supradictis
2068 3188 2078 3204 ,
2098 3165 2134 3195 fic
2152 3165 2292 3203 Venditis,
2312 3167 2370 3198 sive

1315 3208 1448 3239 Alienatis
1461 3232 1470 3246 ,
1488 3207 1611 3244 solvant,
1629 3206 1676 3236 seu
1688 3205 1796 3235 solvent
1807 3203 1906 3234 Nobis
1917 3204 2070 3234 Custumas
2085 3226 2094 3239 ,
2116 3203 2238 3234 Sublidia
2248 3227 2257 3242 ,
2273 3205 2305 3235 &
2319 3205 2370 3236 alia

1316 3246 1457 3284 Devetia,
1475 3246 1575 3276 Nobis
1590 3244 1656 3275 inde
1677 3244 1786 3281 debita,
1803 3243 1837 3273 &
1856 3242 1936 3280 quod
1958 3243 2009 3280 ips1
2029 3243 2182 3280 quicquam
2237 3242 2316 3280 quod
2336 3244 2368 3274 in

1315 3285 1403 3316 nostri
1417 3293 1617 3322 contemptum
1633 3282 1678 3313 vel
1693 3281 1907 3320 praejudicium,
1924 3290 1969 3311 aut
1979 3280 2080 3320 Populi
2092 3280 2179 3310 nostri
2189 3267 2372 3319 Dampnum,

1316 3323 1468 3362 aliqualiter
1481 3322 1581 3354 cedere
1597 3320 1684 3353 valeat
1698 3330 1758 3350 non
1772 3328 1956 3358 attemptent,
1974 3319 2019 3350 seu
2034 3319 2136 3350 faciant
2151 3320 2372 3357 quomodolibet

1316 3371 1566 3439 attfttilgiiiiils,&c.
1586 3408 1635 3436 per
1647 3397 1841 3436 Qadraginta
1849 3395 1920 3426 Dies
1935 3396 2069 3432 proximo
2088 3395 2197 3426 futuros
2211 3395 2361 3426 duraturas.

1351 3438 1442 3470 Teste
1459 3438 1592 3478 Johanne
1613 3440 1688 3466 Duce
1709 3434 1861 3479 Bedfhrdiae
1884 3432 2014 3465 Custode
2029 3435 2141 3471 Angliae
2155 3434 2228 3472 apud
2245 3433 2371 3473 Wstmof

1316 3477 1460 3519 nastert'um
1472 3476 1596 3509 secundo
1608 3475 1654 3506 die
1662 3474 1742 3513 Julit.
2189 3514 2193 3518 ι
2210 3513 2214 3518 .

2046 3513 2100 3541 Per
2115 3509 2267 3541 Conczltum.

1557 3655 1585 3683 ’ἵε
1610 3659 1659 3691 De
1675 3658 1873 3690 Arraiatione
1893 3655 1972 3687 Cleri
1980 3651 2137 3699 facienda.
2389 3661 2472 3726 2151,-

2409 3711 2424 3726 0
2431 3710 2441 3727 1
2450 3723 2454 3727 .

1321 3746 1376 3801 R
1387 3743 1471 3781 EX,
1489 3741 1649 3788 Venerabili
1669 3743 1697 3772 in
1717 3739 1836 3785 Christo
1849 3739 1943 3785 Patri,
1961 3741 1999 3768 Η.
2017 3737 2115 3779 eadem
2130 3734 2234 3772 gratia,
2252 3734 2369 3765 Archie-
2388 3738 2463 3767 Ann.
2475 3737 2520 3771 D.-

1389 3781 1488 3821 piscopo
1502 3779 1708 3820 cantuartenfi,
1723 3788 1807 3809 totius
1824 3778 1934 3818 Angliae
1947 3773 2233 3817 Pr1mau,·Salutem.
2340 3812 2346 3817 .
2412 3777 2499 3815 1418.

1355 3820 1433 3858 Quia
1448 3819 1530 3858 Nos,
1548 3822 1577 3850 in
1594 3821 1706 3857 propria
1720 3817 1839 3848 Persona
1853 3817 1961 3851 nostra,
1977 3823 2007 3844 ut
2022 3812 2103 3854 vobis
2116 3811 2173 3841 satis
2187 3809 2298 3854 constat
2311 3834 2321 3849 ,
2338 3821 2367 3841 in
2384 3818 2436 3842 An.
2455 3817 2484 3842 6.

1316 3858 1445 3889 Partibus
1465 3857 1572 3889 Exteris
1585 3880 1594 3895 ,
1619 3867 1672 3895 pro
1693 3855 1922 3893 Recuperatione
1941 3854 1973 3883 δε
1989 3851 2147 3892 Adeptione
2161 3848 2367 3893 Haereditatum
2388 3858 2420 3880 H.
2440 3862 2469 3887 5.

1316 3898 1351 3929 &
1366 3898 1480 3935 Jurium
1503 3895 1633 3927 Coronae
1654 3895 1758 3925 nostrae
1774 3916 1783 3931 ,
1808 3904 1822 3922 a
1844 3893 1891 3921 diu
1945 3888 2099 3932 utcunCtis
2114 3888 2216 3926 liquet,
2235 3890 2368 3925 injuriose
2388 3890 2484 3918 Pat.6.

1315 3936 1514 3972 detentorum,
1532 3943 1645 3965 moram
1656 3933 1790 3963 trahimus
1806 3933 1833 3960 in
1848 3939 1905 3967 prae
1912 3937 1991 3970 enti,
2124 3964 2129 3969 ι
2388 3933 2421 3956 H.
2436 3938 2463 3964 5.
2478 3935 2517 3955 m.

1352 3972 1388 4003 Et
1402 3973 1528 4004 volentes
1540 3971 1678 4010 proinde,
1695 3980 1748 4008 pro
1770 3969 1839 3999 salva
1855 3969 1888 3998 &
1904 3970 1996 3997 lecura
2009 3962 2147 3994 Custodia
2161 3964 2194 3995 δε
2208 3963 2370 3995 defensione
2389 3977 2433 4003 24.
2450 3963 2513 4003 dors=

1316 4010 1362 4042 Re
1383 4012 1411 4041 ni
1425 4011 1557 4044 nostri&
1570 4010 1703 4043 Eccleliae
1717 4007 1897 4047 Angncanae,
1913 4003 2015 4036 Matris
2033 4002 2156 4040 nostrae,
2174 4010 2206 4034 ac
2219 4002 2298 4035 Fidei
2311 4002 2370 4033 Ca-

1315 4049 1366 4083 tho
1379 4050 1451 4088 cae,
1810 4080 1844 4113 H
2313 4076 2362 4109 Ad
