2562 4274
17 218 93 251 Ann.
106 219 148 250 D.

39 266 125 297 1417.

17 302 82 329 Hm.
98 306 128 334 5.

20 683 88 711 445-

38 2597 116 2631 Auri.
126 2594 168 2627 D.

57 2641 144 2676 1417.

34 2681 88 2705 An.
104 2685 131 2711 5.

35 2721 71 2744 H.
98 2723 125 2749 5.

35 2759 124 2783 Franc-
141 2761 169 2787 5·

36 2798 74 2823 H.
86 2798 115 2825 5.
129 2800 166 2818 m.

38 2841 86 2867 ²4·

59 3334 79 3355 ⁴
98 3334 150 3365 IX.

38 3412 116 3443 Ann.
129 3409 171 3441 D.

60 3458 145 3488 1417.

37 3493 91 3517 An.
105 3499 134 3525 5.

37 3531 72 3554 Η.
91 3534 118 3561 ς’.

37 3565 103 3594 thid.

688 138 797 180 ET
881 140 1139 182 ACTA
1221 138 1695 188 PUBLICA.

161 235 232 265 vos,
250 225 414 265 subjectos,
432 222 629 255 &Debitores
651 230 746 263 meos,
766 226 781 254 a
802 234 865 255 mea
887 223 1028 255 Potestate
1051 225 1084 256 ὃς
1107 224 1217 254 Debito

166 265 327 302 Liberatos‚
344 264 512 299 Absolutos,
528 264 560 293 &
575 264 700 293 omnino
717 263 836 293 Liberos
859 265 1048 300 pronuncient
1068 264 1102 294 δε
1124 263 1216 292 decla—

163 312 227 334 rent
244 313 294 341 ac,
317 301 373 332 sola
395 300 567 332 Probatione
587 300 721 338 praedieifi
744 300 881 338 inspeCffi,
905 302 1075 338 pronunciet
1097 301 1214 338 quilibet

163 341 330 372 eorumdem
348 351 359 376 .·,
382 340 419 369 ita
443 338 607 377 (videlicet)
630 339 708 377 quod
729 339 820 369 nullus
839 340 1039 377 praedictorum
1058 339 1213 378 judicum,

162 388 276 418 propter
296 378 367 408 Litis
385 377 613 414 Dependentiam
628 402 637 413 ,
662 387 760 407 coram
781 377 854 415 alit),
879 377 1052 414 supersedere
1071 388 1215 414 teneatur,

160 417 208 448 sed
222 416 410 484 quodlcoram
424 415 546 453 pluribus
556 416 698 454 judicibus
716 415 828 446 diversis
849 417 952 446 eodeni
971 417 1119 454 Tempore
1141 425 1214 446 con—

182 465 253 485 eniri
264 464 297 484 va
308 464 379 484 eam.

162 465 180 488 v
199 491 344 530 Posfitque
367 492 431 522 Pars
451 490 519 521 dieti
542 490 767 522 victoriosissimi
790 491 929 530 Principis
947 492 1062 523 Eleftos
1083 492 1215 531 Judices,

164 531 266 563 totiens
288 532 420 569 quotiens
442 529 579 566 voluerit,
596 539 719 567 mutare,
745 531 778 559 ὃς
799 531 832 561 ad
855 531 966 561 eosdem
991 532 1036 561 vel
1056 532 1122 561 alios
1145 531 1217 560 redi-

165 568 272 608 re31ta
294 569 372 608 quod
395 564 542 603 Proceffus
561 568 641 598 unius
663 567 758 598 Curiae
781 579 828 606 per
851 569 931 599 aliam
956 571 1073 600 minime
1097 570 1217 600 retarde-

166 615 223 639 tur.

204 649 221 664 ‘⁵
241 645 391 684 Qiodque
400 642 610 682 diciiJudices‚
624 644 794 683 &ipsorum
814 645 949 685 quilibet,
964 645 1020 675 sola
1042 645 1219 685 Inspefflone

164 684 304 723 praeientis
325 682 509 713 instrumenti
529 691 581 719 pro
603 682 684 719 plena
706 683 878 716 Probatione
902 683 1032 721 recepta,
1056 685 1085 713 in
1108 683 1218 722 singulis

163 723 308 760 Articulis,
317 722 375 752 five
387 720 521 758 Capitulis
533 722 561 750 in
576 720 680 751 eodem
695 724 850 761 contentis,
856 723 983 761 judicent
992 724 1195 760 ‚pronuncient
1209 745 1218 760 ‚

165 761 306 792 declarent
316 761 350 790 &
366 759 426 790 fieri
440 759 542 789 faciant
553 760 752 797 ,pronunciet,
765 761 885 792 declaret
894 763 927 792 ὃς
943 760 1001 791 fieri
1014 761 1147 798 faciat,in
1155 770 1221 790 om-

166 799 296 833 nibus&
311 798 436 838 singulis,
449 805 533 835 prout
548 797 629 835 ipfius
645 797 826 829 instrumenti
841 801 940 829 Tenor
954 799 1083 836 exigit&
1097 800 1222 836 requirit,

165 847 200 868 ac
213 837 311 867 eadem
327 836 494 868 Executioni
509 835 630 873 plenarie
641 836 813 867 demandent
827 839 859 869 ὃς
882 837 1050 874 demandet3
1069 836 1222 875 Exceptio-

166 885 206 906 ne
229 875 275 906 seu
297 874 494 914 Appellatione
515 872 638 912 qualibet
660 884 720 905 non
742 875 887 912 obstante,
906 885 938 906 ac
961 876 981 905 fi
1005 886 1080 913 una,
1098 875 1143 906 vel
1167 884 1222 906 tres

166 914 320 946 Sententiae
331 914 497 945 conformes
510 913 573 944 latae
587 912 717 951 fuiffent,
732 923 796 952 quae
808 915 836 943 in
852 923 912 944 rem
934 913 1086 945 transissent
1108 915 1222 945 notorie

167 952 332 984 'udicatamz

160 962 173 993 J
204 990 244 1022 Et
263 988 392 1028 finaliter,
411 998 442 1021 ut
465 989 654 1027 cujuscunque
672 988 842 1028 Subterfugii
866 990 998 1021 veniendi
1022 998 1121 1021 contra
1144 990 1222 1021 Prae-

167 1029 248 1062 miffa
263 1030 309 1061 via
323 1029 413 1060 michi
430 1027 613 1060 effectualiter
627 1027 829 1072 praecludatur,
848 1028 1004 1060 Renuncio
1016 1031 1149 1059 omnibus
1162 1029 1223 1060 Re-

167 1068 284 1106 mediis,
301 1068 435 1104 Auxiliis,
451 1075 497 1096 aut
511 1065 655 1097 Beneficiis
663 1066 738 1104 Juris
760 1067 870 1105 scripti,
889 1077 947 1099 tam
970 1067 1111 1099 Canonici
1135 1069 1221 1106 quam

168 1105 286 1143 Civilis;
304 1106 443 1143 omnique
456 1104 606 1142 Privilegio
618 1103 721 1135 Crucis
735 1105 881 1143 affumptae
895 1107 939 1137 vel
955 1106 1111 1145 sumendae,
1129 1107 1224 1137 omni-

191 1154 225 1175 ue
244 1143 386 1176 Beneficio
408 1142 608 1174 Restitutionis
630 1144 660 1172 in
675 1145 820 1180 integrum
831 1170 839 1185 ‚
853 1144 987 1176 omnibus
1002 1144 1122 1182 Gratiis,
1138 1146 1221 1175 etiam

167 1154 358 1221 apostolicis,
376 1175 540 1212 Gratiarum
556 1181 676 1220 Lsteris,
693 1182 821 1220 Statutis,
839 1184 1012 1219 generalibus
1037 1183 1082 1213 vel
1100 1182 1223 1220 speciali-

168 1221 240 1259 bus,
254 1220 406 1258 praesertim
422 1219 516 1257 Regni
532 1219 673 1257 Franciae3
692 1220 822 1251 Necnon
838 1221 1084 1258 Protefflonibus,
1098 1230 1144 1252 aut
1173 1222 1223 1251 Li-

167 1260 233 1290 teris
246 1259 321 1289 Salvi
335 1257 526 1296 conducitis,
542 1257 610 1288 datis
627 1260 672 1288 vel
687 1259 794 1297 dandis,
814 1260 952 1290 concessis
966 1260 1009 1289 vel
1025 1259 1223 1297 concedendi33

167 1298 251 1329 omni
265 1296 403 1328 Dilationi
416 1298 444 1326 in
460 1296 581 1327 Guerrae
596 1297 822 1335 quibuscumque
832 1298 961 1336 Juribus,
981 1298 1082 1335 quibus
1100 1298 1224 1342 deceptis

166 1336 214 1367 vel
235 1335 407 1374 decipiendis,
426 1335 643 1373 quomodolibet
663 1336 844 1375 subvenitur,
867 1337 948 1367 omni
974 1336 1153 1367 Relaxationi
1176 1335 1224 1365 In-

168 1374 316 1411 strumenti
338 1373 469 1412 praestiti;
494 1374 575 1403 omni
598 1372 832 1412 Provocationis,
860 1374 1078 1413 AppellationiS,
1095 1374 1223 1406 aut.Ad-

169 1412 313 1443 haereniiae
326 1411 469 1450 remedio3
487 1413 566 1442 omni
580 1412 706 1442 remedio
722 1410 926 1451 Immunitatis,
943 1413 1129 1451 Franchefiae,
1143 1411 1224 1443 Con—

169 1451 337 1488 suetudinis,
358 1449 457 1489 Usta,
472 1450 518 1480 vel
533 1450 647 1489 Statuti,
667 1450 812 1482 Praemiffa
825 1451 1047 1488 quomodolibet
1069 1451 1225 1488 impedien-

168 1490 243 1521 tibus
257 1490 314 1521 five
326 1488 533 1526 differendbus,
551 1490 633 1519 omni
649 1489 837 1527 implorationi
851 1489 949 1520 Officii
969 1489 1095 1528 Judicis,
1109 1490 1225 1528 Juribus

168 1528 325 1560 dicentibus
362 1528 421 1559 uod
433 1526 537 1558 Nemo
550 1527 635 1558 debet
647 1537 745 1558 coram
759 1528 871 1558 diversis
882 1528 1028 1568 Judicibus
1041 1528 1122 1559 fimul
1140 1528 1225 1568 trahi,

167 1576 202 1598 ac
217 1565 312 1605 quod,
331 1576 348 1596 u
372 1566 380 1595 i
395 1574 510 1602 captum
526 1565 566 1595 est
577 1565 722 1603 judicium
733 1588 742 1604 ,
762 1567 800 1596 ibi
813 1565 886 1596 finiri
902 1567 1001 1606 debet3
1015 1566 1077 1605 Juri
1101 1567 1224 1606 dicenti,

169 1604 252 1644 quod
264 1614 323 1634 non
336 1604 409 1635 valet
429 1603 622 1634 Renunciatio
641 1604 791 1642 generalis,
806 1606 855 1635 nili
874 1605 890 1634 s
903 1605 992 1637 ecialis
1016 1605 1168 1643 praecedat*
1187 1605 1226 1638 Et

169 1640 293 1674 breviter
305 1642 440 1673 omnibus
455 1642 488 1672 &
503 1642 611 1681 singulis
624 1643 681 1672 aliis
701 1642 826 1680 Legibus
836 1667 846 1682 ,
893 1643 1140 1681 onstitutionibus,
1173 1645 1228 1674 uri-

167 1681 240 1719 bus,
265 1679 543 1718 Consuetudinibus,
566 1679 862 1719 Renunciationibus,
889 1683 1097 1720 Dilationibus,
1116 1682 1228 1720 Excep-

171 1719 314 1756 tionibus,
331 1719 552 1756 Subtilitatibus,
571 1718 820 1758 Cavillationibus,
839 1722 872 1751 ὅ(
887 1719 1009 1751 Cautelis
1021 1720 1098 1760 Juris
1121 1723 1154 1752 ὃς
1176 1721 1229 1751 Fa-

169 1758 228 1795 cti,
247 1758 348 1795 quibus
369 1757 402 1788 ad
421 1757 596 1788 veniendum
617 1767 717 1789 contra
741 1758 903 1796 Praemiffa,
923 1759 967 1790 vel
983 1769 1084 1790 eorum
1098 1760 1230 1798 aliquod,

172 1805 221 1826 me
234 1805 350 1834 potero,
369 1797 471 1833 quovis
482 1795 598 1833 quaesito
614 1795 740 1834 Colore,
752 1797 856 1835 juvare
869 1821 879 1836 ,
896 1797 1064 1836 defendere,
1082 1798 1128 1829 vel
1145 1799 1229 1836 tueri,

169 1835 256 1865 etiam
270 1835 290 1864 si
304 1833 443 1864 Defensio
459 1833 541 1864 fuerit
550 1834 623 1873 Juris
640 1835 776 1865 naturalis.

208 1910 282 1940 Data
297 1911 330 1940 δε
349 1909 421 1940 Aeta
437 1908 497 1940 sunt
511 1910 589 1948 haec,
609 1919 693 1948 prout
708 1911 943 1949 suprascribuntur
956 1912 988 1943 δε
1002 1913 1168 1951 recitantur,
1187 1914 1231 1943 in-

171 1948 213 1979 fra
227 1948 346 1978 Turrim
361 1947 537 1986 Londoniae,
556 1949 643 1979 Anno
659 1949 785 1980 Domini
800 1950 864 1980 Mil.
881 1950 1009 1982 CCCC.
1022 1952 1080 1981 xvi.
1093 1949 1231 1981 indiccio-

172 1986 350 2031 nenDecima
365 1985 449 2024 (Sede
464 1987 630 2025 Apostolica
640 1989 698 2027 jam
711 1992 838 2028 vacante)
856 1987 965 2020 Mensis
978 1999 1049 2021 vero
1063 1989 1161 2020 Martii
1174 1989 1230 2020 Die

172 2034 238 2056 xxii.

214 2104 248 2136 In
272 2114 394 2144 quorum
417 2106 550 2136 omnium
572 2106 670 2137 Fidem
691 2107 724 2138 ὃ(
737 2106 950 2140 Testimonium
966 2108 1040 2139 hanc
1056 2108 1168 2140 Partem
1185 2108 1233 2140 ha-

177 2154 242 2175 rum
252 2144 408 2176 Literarum
417 2143 625 2176 Indentatarum
635 2168 645 2182 ,
664 2144 753 2176 Penes
767 2148 913 2185 praefatum
925 2147 1137 2179 Serenisfimurn
1153 2148 1235 2178 Prin-

177 2184 272 2227 cipem
287 2181 400 2221 Regem
415 2182 524 2226 Angliae
540 2193 731 2228 remanentem
741 2207 755 2229 ²,
766 2196 815 2230 per
829 2186 986 2231 Notarium
1010 2186 1173 2230 Publicuml
1185 2186 1234 2230 In-

177 2222 351 2259 frascriptum
364 2220 496 2252 subscribi
511 2222 659 2261 mandam,
680 2224 714 2254 ὃς
727 2223 816 2263 Sigilli
830 2234 887 2256 mei
900 2225 1082 2264 Appenfione
1095 2235 1207 2256 muniri.

214 2297 399 2328 Praesentibus
414 2305 482 2328 tunc
497 2297 622 2338 ibidem,
640 2299 889 2331 Reverendiffimo
913 2303 940 2332 in
959 2300 1077 2332 Christo
1099 2300 1181 2332 Patre
1201 2302 1235 2333 &

178 2334 333 2374 Domino,
351 2336 486 2366 Domino
499 2339 633 2376 Henrico,
652 2338 709 2368 Dei
726 2338 832 2377 gratia,
847 2340 1033 2379 cantuarienfi
1055 2339 1236 2379 Archiepisco-

173 2384 228 2414 po,
245 2376 331 2405 totius
345 2373 459 2412 Angliae
472 2374 614 2415 Primate,
631 2377 665 2408 &
681 2376 857 2415 Apostolicae
871 2379 948 2410 Sedis
962 2380 1080 2419 Legato.

447 2506 506 2538 Pro
529 2503 796 2549 Ambaffiatoribm
818 2509 960 2542 Francia.

185 2585 321 2646 REX,
339 2599 388 2628 per
413 2589 519 2621 Literas
538 2590 596 2620 suas
615 2590 763 2630 Parentes,
781 2603 830 2630 per
854 2593 961 2633 Viginti
983 2596 1015 2626 &
1035 2591 1141 2626 Urium
1166 2595 1238 2626 Dies

260 2630 397 2666 proximo
419 2629 529 2659 futuros
552 2628 711 2669 duraturas,
737 2632 851 2670 suscepit
874 2633 902 2662 in
923 2633 1030 2664 salvum
1054 2635 1086 2665 &
1109 2635 1238 2664 securum

183 2665 373 2698 Conductum
400 2667 496 2705 suum,
515 2676 548 2698 ac
568 2668 599 2697 in
624 2668 853 2707 Protefflonem,
869 2671 1054 2709 Tuitionem,
1074 2674 1107 2703 ὃς
1128 2672 1239 2703 Defen-

182 2705 289 2742 sionem
304 2706 361 2738 suas
375 2705 522 2744 speciales,
537 2705 733 2737 Venerabilem
745 2708 856 2739 Patrem
865 2731 874 2747 ,
892 2709 1240 2749 ArchiepifcopumRemen-

176 2743 254 2783 ftm,
269 2743 450 2774 Guillielmum
466 2748 557 2781 Signet
572 2744 760 2776 Senescallum
777 2746 812 2778 de
827 2746 992 2785 Beaucaire,
1008 2750 1041 2779 ὃς
1063 2749 1239 2787 Magistrum

183 2785 332 2813 Gauterum
355 2781 423 2821 Col,
437 2783 453 2812 a
476 2782 550 2827 Villa
571 2784 607 2814 de
625 2783 717 2824 Diepe
739 2785 774 2815 us
790 2796 824 2816 ue
842 2785 945 2817 Villam
969 2786 1056 2827 Regis
1072 2788 1192 2826 Calesii,
1211 2790 1240 2818 in

181 2820 301 2858 quadam
316 2820 411 2858 Navi,
427 2820 483 2851 five
499 2831 527 2850 in
543 2821 666 2859 quodam
684 2824 740 2854 alio
792 2824 849 2862 ase,
867 2825 1026 2863 veniendo,
1045 2826 1151 2857 ibidem
1173 2837 1238 2857 mo-

182 2859 271 2889 rando
286 2861 319 2890 &
339 2858 584 2898 perhendinandO,
599 2861 632 2891 δε
650 2862 750 2892 exinde
762 2862 795 2892 ad
810 2863 974 2902 praediC’cam
990 2865 1092 2895 Villam
1108 2866 1141 2896 de
1166 2865 1238 2896 Die-

183 2907 220 2965 ἒε
245 2897 409 2936 redeundo,
426 2907 540 2928 necnon
565 2897 683 2929 Navem
706 2900 762 2930 sive
778 2900 835 2931 Vas
846 2903 995 2941 praedicta,
1014 2912 1047 2934 ac
1062 2904 1237 2943 Servienres,

232 2945 300 2974 um,
317 2935 411 2974 Bona,
430 2935 508 2974 Res,
528 2937 560 2967 &
575 2935 710 2967 Hernefia
725 2937 771 2968 sua
787 2947 997 2980 quaecumque,

247 2974 337 3006 roviso
357 2975 464 3012 semper
487 2974 568 3013 quod
587 2975 729 3013 praedii-sti,
747 2976 983 3018 Archiepiscopus‚
1000 2979 1182 3019 Guillielmur,
1201 2979 1238 3015 (ἂι

184 3011 335 3050 Gauterus,
351 3022 384 3042 ac
405 3013 562 3044 Servientes
584 3014 624 3044 sui
640 3014 783 3052 praediffi,
802 3017 973 3056 quicquam,
992 3018 1068 3056 quod
1095 3020 1124 3049 in
1148 3020 1240 3056 Regis

186 3047 413 3089 Contemptum,
428 3060 474 3082 aut
491 3050 596 3089 Populi
613 3052 650 3083 sui
667 3053 854 3092 Dampnum,
869 3055 970 3086 cedere
989 3057 1097 3094 valeat,
1114 3068 1174 3088 non
1199 3067 1241 3089 at-

187 3095 344 3127 temptent,
357 3088 402 3118 seu
416 3092 571 3126 attemptari
584 3090 675 3121 facere
691 3092 874 3131 praesumant,
894 3095 995 3130 quovis
1011 3095 1110 3126 modo.

222 3124 313 3156 Teste
325 3125 405 3165 Rege
419 3126 491 3165 apud
504 3128 761 3168 Westmonastermm
777 3131 879 3162 Tertio
896 3131 954 3163 Die
971 3133 1082 3172 Aprilis.

819 3210 874 3238 Per
883 3208 965 3249 ipficm
979 3212 1082 3249 Regem.

380 3324 406 3351 ‘X‘
430 3328 488 3359 Pro
505 3326 722 3361 familiaribus
739 3332 835 3364 Ducis
849 3334 1040 3377 Aurelicffs.

190 3413 326 3472 REX,
345 3425 394 3454 per
410 3415 515 3459 Literas
527 3415 584 3451 suas
600 3415 743 3456 Parentes,
759 3417 843 3457 usque
858 3420 1148 3459 Qintumdecimum
1159 3427 1236 3458 diem

269 3453 341 3484 Maii
356 3457 490 3492 proximo
503 3454 628 3485 futurum
643 3455 799 3494 duraturas,
818 3459 934 3496 suscepit
948 3461 975 3489 in
991 3462 1096 3492 salvum
1112 3465 1145 3495 ὃς
1161 3466 1238 3497 secu-

186 3500 250 3522 rum
265 3492 455 3524 Condui'tum
472 3492 566 3530 suum,
584 3503 617 3523 ac
633 3493 661 3523 in
677 3494 907 3534 Protefflonem,
923 3497 1089 3530 Tuitionem
1100 3525 1108 3538 ,
1127 3504 1160 3533 &
1177 3504 1239 3534 De-

186 3529 349 3562 sensionem·
361 3532 419 3566 suas
438 3532 566 3568 speciales
579 3556 588 3570 ‚
618 3531 787 3571 Magistrum
810 3535 954 3565 Robertum
974 3538 1006 3567 de
1025 3539 1176 3579 Tuillz'rres,
1204 3545 1238 3574 &

186 3567 343 3606 Johannem
357 3570 482 3610 chamery
494 3570 679 3603 Secretarium
696 3575 780 3602 Ducis
792 3573 962 3613 Aurialensae's
977 3576 1124 3608 Priionaiii
1139 3579 1239 3620 Regis,

187 3615 220 3637 ac
236 3607 527 3647 Trigintapersonas,
545 3618 602 3640 tam
621 3609 806 3649 Marinarios,
823 3612 908 3650 qu‘arn
922 3613 1094 3654 Balistarios‚
1113 3618 1155 3649 vel
1171 3620 1238 3650 alios

184 3642 327 3676 Homines
337 3647 477 3686 Guerrae,
493 3649 524 3677 in
540 3648 659 3685 quadam
677 3648 834 3687 Balingera,
853 3650 909 3680 five
932 3651 1011 3683 Navi
1033 3654 1166 3693 Armata,
1184 3668 1236 3697 pro

184 3685 265 3714 certis
279 3684 408 3716 Materiis
421 3686 510 3722 ipsum
524 3689 625 3716 Ducem
643 3689 818 3727 tangentibus
830 3689 859 3718 in
874 3687 1009 3727 Regnum
1025 3690 1113 3732 Regis
1126 3695 1237 3734 Angliae

183 3722 340 3762 veniendo,
359 3724 465 3754 ibidem
485 3726 641 3764 morando,
655 3728 689 3757 &
701 3725 801 3756 exinde
815 3727 847 3756 ad
866 3729 977 3764 propria
991 3730 1152 3771 redeundo,
1168 3745 1237 3764 nec—

185 3766 244 3788 non
258 3759 429 3801 Balingeram
441 3763 497 3793 five
512 3762 630 3795 Navem
644 3765 827 3803 praedidtam,
846 3775 878 3795 ac
901 3764 993 3805 Bona,
1014 3767 1092 3808 Res,
1110 3772 1143 3803 &
1161 3773 1238 3803 Her-

185 3796 259 3826 nesia
270 3798 316 3828 sua
328 3809 531 3840 quaecumque;

183 3833 338 3902 4232&sp
353 3838 460 3877 semper
474 3839 553 3878 quod
568 3839 652 3871 iidem
661 3864 670 3880 ,
682 3840 742 3876 &a
761 3848 792 3870 ut
806 3842 835 3870 in
848 3839 998 3880 hujufhzodi
1011 3847 1114 3877 Literis
1127 3847 1160 3878 de
1168 3852 1238 3880 con-

223 3909 313 3943 Teste
323 3910 407 3952 Rege
421 3915 495 3953 apud
504 3916 764 3956 Wstmonasterium
777 3917 879 3948 Tertio
894 3917 951 3948 Die
964 3919 988 3949 A
992 3921 1075 3958 prilis.

841 3987 895 4017 Per
907 3986 990 4028 ipspm
1004 3991 1108 4030 Regem.

2237 166 2314 210 197

1268 266 1366 270 —VW
1392 269 1407 270 1
2325 238 2402 269 Ann.
2413 236 2456 269 D.

2341 284 2428 315 1417.

1323 315 1417 357 Super
1436 313 1586 346 solutione
1603 317 1705 348 Partis
1722 320 1865 353 Pinanciae
1884 323 2007 354 Comitis
2021 321 2056 355 de
2073 322 2240 368 Vendosme.
2323 320 2387 345 Hen.
2407 325 2436 351 5·

1260 394 1394 450 REX,
1407 407 1465 444 *per
1486 397 1589 428 Literas
1615 395 1672 430 suas
1698 400 1846 441 Parentes,
1861 403 1947 442 usque
1965 406 2095 438 ultimum
2121 407 2209 438 Diem
2233 408 2305 440 Maii
2323 422 2372 448 An.
2386 424 2417 457 5;

1335 444 1467 469 proximo
1491 436 1625 481 futurum*
1640 438 1794 483 duraturas,
1820 441 1933 480 suscepit
1952 445 1979 487 in
1998 446 2102 477 salvum
2123 449 2156 479 &
2176 448 2304 478 fiturum
2320 463 2354 486 H.
2374 464 2402 493 5·

1256 468 1443 503 Conductum
1459 473 1554 512 suum,
1572 485 1605 505 ac
1618 485 1646 505 in
1661 476 1888 518 Profectionem,
1907 481 2092 523 Tuitionem,

1255 518 1324 539 nem
1338 510 1394 540 suas
1407 511 1549 550 speciales,
1564 513 1724 580 ¹Johasmem
1738 516 1770 544 de
1783 515 1811 545 la
1825 520 1904 557 Croys
1915 519 1951 550 de
1966 520 2081 553 Francia

1260 546 1363 587 Regno
1388 548 1478 594 Regis
1498 549 1563 590 Ang
1574 553 1608 582 iae
1627 553 1686 589 jam
1709 553 1888 594 existentem,
1903 558 1939 586 ab
1953 560 2056 589 eodem
2072 560 2101 590 R

1256 594 1343 622 partes
1356 587 1497 626 Francrae,
1514 589 1695 627 transeundo,
1713 602 1746 622 ac
1757 592 1919 630 Stephanum
1933 596 1966 625 de
1981 595 2011 625 la
2026 597 2099 628 Floir
2132 602 2242 632 Petrum
2257 605 2309 633 Ve-

1259 623 1331 668 lyern,
1350 626 1383 656 &
1401 625 1560 670 Johannem
1582 627 1611 672 le·¹
1627 629 1741 672 Szfeille,
1765 631 1793 660 in
1817 631 1927 662 dietum
1948 633 2084 673 Regnum
2106 622 2215 676 Regis,
2241 651 2309 672 curn

1262 662 1476 707 Quinquaginta
1498 665 1625 696 Personis
1648 677 1677 697 in
1698 667 1846 699 Comitiva
1865 670 1926 708 sua,
1944 673 1974 702 in
1998 675 2115 711 quadam
2139 676 2238 716 Navi,
2256 680 2312 710 sive

1261 701 1317 744 alio
1336 700 1469 746 Vassede
1484 703 1615 742 Francia,
1633 715 1739 737 armato
1755 707 1800 738 vel
1814 717 1872 737 non
1888 718 2016 749 armato,
2034 721 2087 748 pro
2100 723 2177 750 parte
2190 715 2315 748 Solutio-

1261 748 1303 783 nis
1321 739 1456 784 Finantiae
1475 744 1585 771 Comitis
1600 743 1633 772 de
1647 745 1788 783 Vendofine
1804 745 1952 778 Prisonarii
1966 748 2054 787 Regis
2069 751 2198 782 solvenda
2208 777 2218 792 ,
2236 765 2314 786 reve-

1262 777 1369 807 mendo
1378 800 1387 815 ,
1403 778 1508 809 ibidem
1524 781 1664 812 morando
1674 806 1683 820 ‚
1702 784 1734 813 ὃς
1748 783 1847 814 exinde
1860 786 1951 815 versus
1963 796 2050 824 partes
2062 787 2119 818 suas
2132 793 2256 828 proprias
2269 804 2319 824 re-

1262 815 1377 846 deundo
1411 826 1445 847 ac
1465 817 1614 856 Personas,
1629 821 1662 850 &
1688 820 1823 859 Navem,
1842 822 1898 854 five
1917 822 1975 856 Vas
1994 825 2162 863 praedieium
2204 839 2318 861 necnon

1264 851 1359 892 Bona,
1380 839 1458 892 Res,
1474 855 1507 886 ὃς
1520 855 1654 888 Hemefia
1669 859 1714 890 sua
1730 869 1936 899 quaecutnque;
2170 852 2179 865 ²

1302 891 1423 922 Proviso
1437 893 1545 940 semper
1569 896 1649 934 quod
1672 897 1722 935 ipsi
1744 900 1915 938 quicquam,
1932 899 1992 936 ὠς.
2008 910 2040 931 ut
2062 906 2092 933 in
2115 902 2263 944 hujusmodi
2288 906 2320 936 de

1262 931 1399 960 conduclu
1416 934 1528 962 Ltterzs.

1300 968 1388 1000 Teste
1401 970 1483 1010 Rege
1497 971 1569 1009 apud
1587 973 1844 1015 Wstmonastcrium
1859 976 1896 1006 ix.
1917 976 1976 1008 Die
1992 978 2104 1017 Aprilis.

2107 485 2141 515 &
2157 485 2308 531 Defenlioe
2322 502 2409 525 Franc.
2426 502 2456 533 53

2104 522 2257 564 Chivaler⁷
2278 536 2307 556 in
2322 538 2353 562 H,
2374 544 2404 571 5.

2103 570 2175 600 egno
2188 585 2197 599 ,
2216 564 2308 595 versus
2322 584 2358 601 m,
2374 581 2419 610 23..

1435 1104 1494 1135 Pro
1518 1102 1723 1137 Servientibus
1748 1106 1928 1151 sthireftalli
1953 1108 2137 1156 Bnrsbgaud.

1266 1181 1404 1240 REX,
1415 1194 1470 1228 'per
1486 1185 1593 1217 Literas
1609 1188 1666 1218 suas
1684 1189 1829 1228 Parentes,
1847 1192 1931 1230 usque
1948 1193 2062 1225 Festum
2083 1194 2177 1226 Sancti
2199 1194 2319 1236 Georgii
2337 1202 2411 1233 Anu.
2428 1199 2471 1232 D}

1341 1225 1475 1259 proximo
1494 1224 1622 1256 futurum
1643 1226 1798 1266 duraturas,
1815 1230 1932 1267 suspecit
1953 1233 1981 1261 in
2002 1233 2107 1263 salvum
2133 1235 2167 1264 ὃς
2189 1235 2318 1266 securum
2359 1248 2444 1279 1417.

1265 1257 1455 1301 Conduistum
1472 1261 1570 1305 suum,
1588 1273 1622 1294 ac
1648 1266 1677 1294 in
1696 1265 1929 1306 protectionem,
1949 1270 2139 1310 Tuitionem,
2154 1274 2187 1304 ὃς
2210 1273 2322 1304 Desen-
2340 1284 2390 1308 A...
2405 1288 2431 1315 5.

1266 1298 1372 1342 sionem
1386 1298 1443 1329 suas
1454 1299 1599 1340 speeiales,
1615 1300 1768 1332 Rolandum
1788 1305 1820 1334 de
1839 1306 1908 1335 chin
1933 1330 1942 1345 ,
1960 1309 1994 1338 &
2045 1309 2175 1340 ohannem
2200 1313 2324 1352 Vaudin‚
2341 1324 2373 1347 H.
2397 1328 2425 1355 5.

1264 1335 1423 1379 Servientes
1445 1338 1608 1378 Marefi'alli
1633 1341 1803 1380 Burftgand,
1830 1343 1860 1372 in
1917 1355 1990 1384 egno
2048 1349 2106 1385 egis
2129 1349 2241 1389 Angiiae
2263 1353 2321 1390 jam
2337 1357 2401 1387 ibid.

1265 1374 1427 1442 gxistentes,
1453 1377 1488 1406 ab
1509 1378 1612 1409 eodem
1634 1378 1760 1419 Regno,
1785 1381 1875 1412 versus
1899 1392 1988 1420 partes
2011 1385 2133 1417 Franciae
2147 1410 2158 1426 ,
2184 1389 2325 1421 transeun-

1286 1422 1328 1450 0;

1304 1451 1422 1482 Proviso
1441 1452 1551 1491 semper
1571 1455 1652 1494 quod
1675 1455 1725 1496 ipfi
1746 1457 1901 1496 quicquam
1914 1483 1925 1497 ‚
1949 1458 2009 1495 &a
2034 1468 2066 1491 ut
2087 1465 2117 1492 in
2138 1464 2271 1496 Similibus
2292 1466 2325 1497 de

1267 1490 1404 1520 Conduelu
1420 1493 1534 1522 Literis.

1305 1528 1396 1559 Teste
1409 1538 1439 1560 ut
1452 1530 1540 1569 supra.

1619 1668 1679 1699 Pro
1704 1668 1792 1701 Duce
1814 1671 1983 1706 Britannia.

1271 1747 1580 1818 Rlffiffeznsjniverfis
1592 1751 1625 1782 &
1639 1751 1750 1792 singulis
1771 1752 1948 1796 Admirallis,
1962 1757 2022 1789 ἃς.
2039 1757 2074 1789 ad
2095 1766 2185 1798 quos,
2202 1759 2263 1792 &c-
2282 1759 2333 1792 Sa-
2350 1762 2479 1843 Alani?

1310 1825 1408 1856 Sciatis
1422 1825 1521 1864 quod,
2348 1848 2401 1872 An.
2417 1854 2446 1880 5.

1296 1863 1388 1910 'Cum
1405 1863 1571 1896 Carisfimus
1588 1865 1821 1906 consanguineus
1841 1870 1936 1902 noster
1957 1872 2102 1911 Johannes
2124 1875 2194 1904 Dux
2215 1879 2332 1907 Britan·
2351 1888 2386 1910 H.
2406 1892 2434 1917 5·

1270 1913 1324 1933 mae
1336 1913 1366 1947 in
1381 1902 1518 1948 Regnum
1527 1905 1666 1948 ‘nostrum
1683 1907 1811 1947 Angliae‚
1829 1920 1913 1947 penes
1928 1911 2104 1943 Praesentiam
2117 1913 2260 1953 nostram,
2279 1925 2330 1952 pro
2348 1925 2434 1949 franc.
2451 1929 2481 1957 5.

1272 1950 1355 1971 certis
1368 1940 1509 1989 Materiis,
1524 1953 1554 1972 in
1569 1943 1704 1975 Adventu
1719 1948 1767 1976 suo
1784 1949 1866 1978 nobis
1891 1949 2060 1980 declarandis
2070 1974 2079 1988 ,
2095 1961 2163 1981 cum
2183 1952 2330 1984 Gentibus
2349 1965 2383 1987 H.
2401 1969 2429 1995 5,

1273 1980 1307 2010 &
1325 1979 1429 2012 famiha
1448 1980 1516 2019 suis,
1537 1984 1634 2013 venire
1653 1983 1787 2016 desideret
1810 1987 1842 2017 δε
1865 1987 1992 2027 affeetet,
2008 1997 2093 2027 prout
2113 1989 2172 2020 satis
2192 1991 2328 2023 informa-
2345 2007 2382 2026 m.
2403 2008 2447 2034 24·

1272 2027 1354 2056 mur,

1310 2056 1399 2094 Nos,
1416 2056 1449 2087 ea
1463 2057 1704 2101 consideratione,
1719 2061 1887 2100 suscepimus
1903 2063 1992 2101 ipsum
2010 2066 2129 2104 Ducem,
2146 2075 2179 2097 ac
2203 2066 2332 2098 Centum

1273 2095 1306 2126 &
1323 2094 1342 2113 ³*
1358 2095 1551 2139 Quadraginta
1564 2096 1714 2137 Personas,
1731 2108 1791 2130 tam
1804 2101 1952 2141 Praelatos,
1972 2112 2058 2141 quam
2081 2102 2231 2144 Comites,
2248 2105 2334 2136 Baro·
2352 2119 2372 2140 *ιι
2393 2122 2447 2150 Ιχ

1274 2143 1339 2170 nes,
1351 2133 1476 2180 AMilites,
1495 2134 1725 2180 &lArm-igeros,
1745 2140 1774 2169 in
1790 2140 1927 2171 comitiva
1940 2141 1987 2172 susi
2003 2142 2217 2182 (cujuscumque
2231 2143 2335 2182 Status,
2437 2145 2446 2159 '⁷

1276 2172 1398 2216 graduS,
1417 2172 1463 2216 seii
1486 2183 1648 2216 eminentiae
1670 2176 1786 2213 fuerint)
1808 2179 1836 2208 in
1857 2179 1991 2218 Regnum
2011 2179 2142 2212 nostrum
2166 2182 2334 2220 praedffium
2350 2169 2417 2197 447'

1274 2211 1435 2248 veniendo,
1453 2210 1561 2242 ibidem
1579 2215 1718 2244 morando
1728 2238 1738 2253 ,
1754 2217 1788 2246 &
1804 2216 1905 2247 exinde
1921 2218 2011 2249 versus
2027 2227 2114 2255 partes
2133 2221 2189 2251 suas
2212 2223 2337 2259 proprias

1275 2248 1442 2279 transeundo
1458 2249 1491 2279 &
1506 2249 1652 2282 redeundo
1662 2276 1671 2290 ,
1687 2262 1720 2283 ac
1737 2253 1881 2286 Homines
1894 2257 1928 2286 &
1943 2256 2100 2288 Servientes
2124 2258 2186 2289 suos
2195 2281 2206 2298 ,
2221 2269 2338 2291 necnon

1278 2286 1392 2325 Equos,
1412 2287 1542 2326 Aurum,
1560 2288 1737 2330 Argentum,
1753 2291 1850 2332 Bona,
1861 2293 1989 2333 Jocalia,
2008 2295 2067 2326 Res
2082 2296 2116 2327 &
2132 2296 2270 2329 Hernefia
2292 2299 2338 2331 sua

1298 2334 1485 2364 uaecumque3

1277 2336 1296 2408 ‘⁴3
1312 2364 1358 2408 ‚Ita
1381 2363 1489 2401 semper
1509 2364 1589 2402 quod
1610 2367 1760 2412 praedietus
1779 2372 1866 2408 Dux,
1884 2371 1914 2400 in
1934 2372 2122 2409 applicatione
2134 2373 2196 2413 suii,
2213 2373 2268 2414 illi,
2290 2374 2338 2407 vel

1279 2402 1350 2440 illis,
1390 2412 1475 2446 uem,
1494 2403 1541 2433 vel
1561 2414 1648 2443 quos,
1665 2406 1715 2436 sibi
1737 2417 1765 2436 in
1789 2408 1906 2440 obviam
1925 2410 2126 2442 destinabimus
2142 2422 2177 2443 ex
2189 2422 2265 2451 parte
2284 2424 2339 2445 no-

1280 2441 1350 2478 stra,
1388 2440 1485 2484 deliter
1503 2444 1646 2486 promittat
1667 2445 1747 2482 quod
1772 2445 1850 2485 Ipse,
1880 2447 1925 2477 seu
1945 2449 2060 2488 aliquis,
2081 2450 2174 2482 secum
2197 2453 2340 2484 comitans

1279 2480 1335 2524 five
1348 2479 1508 2523 applicans,
1526 2490 1698 2524 quicquam,
1715 2485 1794 2521 quod
1809 2485 1838 2515 in
1855 2485 1943 2516 nostri
1963 2486 2178 2527 contemptum
2201 2491 2246 2521 vel
2264 2491 2340 2521 Prae-

1275 2519 1414 2587 Jludicium
1429 2517 1583 2562 aliqualiter
1597 2520 1698 2551 cedere
1712 2522 1814 2561 valeat,
1828 2533 1888 2554 non
1901 2533 2068 2565 attemptet,
2082 2527 2127 2558 seu
2141 2528 2222 2560 faciet
2237 2529 2341 2568 aliqua-

1289 2566 1340 2587 iter
1357 2564 1523 2596 attemptari.

1316 2594 1350 2625 In
1364 2595 1459 2632 cujus,
1476 2595 1537 2625 &c-
1557 2595 1644 2634 usque
1657 2597 1789 2629 ultimum
1802 2599 1878 2631 diem
1891 2599 1965 2632 Maii
1985 2603 2120 2640 proxime)
2138 2603 2266 2637 futurum
2288 2605 2341 2638 du-

1280 2643 1390 2665 raturas.

1318 2671 1410 2703 Teste
1426 2670 1511 2710 Rege
1525 2672 1599 2710 apud
1615 2673 1823 2714 Castrumfiaeum
1838 2677 1871 2707 de
1885 2677 2044 2719 Wyndeftre
2058 2681 2114 2711 xiii.
2131 2680 2177 2712 die
2190 2681 2303 2721 Aprilis.

1912 2755 1967 2784 Per
1981 2755 2064 2795 ipsi'aem
2080 2757 2183 2794 Regem.

1424 2870 1473 2904 De
1496 2870 1561 2904 alta
1582 2876 1636 2905 via
1661 2876 1754 2921 Regia
1778 2878 1810 2906 in
1833 2872 2004 2909 Holbourne
2020 2879 2192 2924 pavianda.

1285 2954 1422 3023 REhX‚
1441 2955 1547 3001 dileetis
1567 2956 1635 2995 fibi,
1650 2957 1757 2988 Thomae
1776 2959 1886 2998 Frank,
1903 2959 2033 2999 Johanni
2056 2963 2204 3005 Boreford,
2231 2967 2266 2999 &
2282 2968 2339 3008 Jo-

1382 3006 1448 3024 anm
1465 2993 1555 3032 Snell,
1573 2995 1705 3027 Salutem.

1319 3033 1417 3064 Sciatis
1433 3033 1513 3070 quod
1525 3055 1535 3071 ,

1319 3071 1402 3102 Cum
1417 3070 1470 3100 alta
1484 3072 1527 3101 via
1540 3072 1616 3108 regia
1632 3073 1660 3103 in
1677 3072 1830 3104 Holburne
1845 3072 2006 3108 Londoniae
2030 3077 2103 3109 adeo
2128 3078 2231 3112 Lutofii
2252 3082 2284 3113 sit
2305 3084 2338 3114 &

1281 3109 1445 3146 Profunda,
1464 3109 1543 3146 quod
1560 3109 1688 3141 Pericula
1704 3121 1801 3149 magna
1816 3113 1849 3143 δε
1870 3113 1989 3153 diversa,
2007 3125 2064 3146 ram
2086 3117 2261 3150 Hominibus
2285 3131 2339 3152 no-
2358 3139 2375 3162 p
2394 3143 2404 3162 3

1283 3149 1343 3178 stris
1360 3157 1429 3191 cuin
1445 3146 1705 3192 Cariagiolnostro,
1725 3151 1809 3188 qu‘am
1831 3151 1888 3181 aliis
1909 3152 2004 3192 Ligeis
2028 3155 2146 3194 nostris,
2167 3168 2215 3194 per
2234 3158 2338 3190 ibidem
2357 3147 2390 3200 Ha
2408 3158 2414 3164 ”
2430 3146 2457 3171 5⁴

1281 3187 1498 3223 transeuntibUS,
1523 3186 1620 3224 iaepiiis
1643 3197 1708 3218 ante
1732 3190 1794 3218 haec
1815 3197 1944 3228 tempora
1967 3202 2136 3233 evenerunt,
2161 3196 2194 3226 &
2217 3199 2321 3236 majora
2385 3194 2389 3199 ’
2411 3183 2438 3209 5'

1283 3224 1413 3263 processu
1430 3225 1566 3261 temporiS
1577 3248 1586 3263 ,
1602 3228 1714 3257 evenire
1728 3227 1932 3267 formidantur,
1949 3230 1999 3261 nisi
2012 3241 2061 3268 per
2077 3232 2146 3263 Nos
2158 3234 2187 3263 in
2199 3235 2252 3266 hac
2264 3223 2341 3274 parte}
2359 3221 2394 3239 Μ’
2413 3222 2458 3248 ²9⁶

1282 3263 1400 3296 celerius
1417 3262 1589 3293 succurratur
1599 3286 1609 3302 ,
2322 3272 2325 3276 “

1319 3301 1387 3332 Nos
1406 3302 1627 3338 (praemissorum
1644 3303 1764 3341 intuitu,
1784 3303 1910 3336 volentes
1926 3306 2036 3343 Ligeos
2050 3308 2163 3340 nostros
2184 3310 2221 3341 ab
2243 3312 2341 3352 hujus-

1282 3341 1362 3370 modi
1382 3339 1515 3383 Periculis
1535 3340 1570 3370 de
1592 3350 1697 3371 caetero
1723 3342 1897 3380 praeservare)
1921 3345 2127 3385 Affignavimus
2149 3359 2201 3379 vos
2221 3354 2342 3389 conjun-

1282 3380 1372 3416 ctim,
1389 3378 1422 3408 &
1447 3378 1573 3415 divisim,
1589 3380 1623 3409 ad
1649 3380 1731 3410 Duos
1753 3380 1888 3420 Barellos,
1915 3393 2067 3423 utrumque
2089 3385 2211 3426 Portagii
2232 3389 2337 3428 Viginti

1281 3417 1437 3447 Doliorum
1459 3417 1503 3447 vel
1527 3418 1610 3456 infra,
1629 3428 1682 3456 pro
1700 3417 1802 3457 Petris,
1820 3421 1854 3451 ad
1880 3420 1963 3451 Viam
1984 3424 2146 3460 praediCmm
2161 3425 2336 3458 Paviandum

1281 3457 1314 3486 &
1332 3455 1569 3493 Emendandum,
1588 3456 1734 3495 cariandis,
1754 3467 1806 3495 pro
1824 3457 1954 3490 Denariis
1973 3461 2094 3501 nostris,
2111 3464 2140 3493 in
2164 3464 2216 3494 hac
2241 3474 2336 3504 parte,

1280 3502 1367 3532 prout
1383 3495 1453 3523 inter
1469 3491 1528 3523 Vos
1542 3495 1575 3524 ὃς
1592 3495 1763 3525 Poffessores
1781 3495 1949 3528 Batellorum
1964 3500 2168 3537 praedictorum
2190 3504 2339 3534 rationabi-

1279 3534 1339 3563 liter
1355 3533 1457 3569 poterit
1469 3533 1640 3563 concordari
1656 3534 1790 3571 (exceptis
1804 3534 1911 3566 Batellis
1924 3546 1976 3574 pro
2000 3537 2217 3578 operationibus
2237 3542 2338 3572 nostris

1279 3576 1314 3601 de
1329 3570 1421 3600 Shene
1434 3570 1467 3599 &
1483 3569 1607 3600 Ecclesia
1620 3571 1661 3600 W
1664 3571 1911 3605 estmonasterienli
1926 3575 2063 3615 affignatis
2075 3579 2107 3609 ὃς
2122 3578 2266 3617 deputatis)
2277 3579 2335 3610 Ca-

1279 3609 1414 3648 piendum
1431 3608 1464 3638 &
1478 3606 1711 3648 Providendum3

1317 3646 1353 3677 Et
1369 3644 1434 3677 ideo
1450 3645 1541 3676 Vobis
1554 3646 1735 3716 Ρτεεςίἓζίτῃυε
1750 3649 1829 3686 quod
1857 3651 1932 3681 circa
1954 3652 2098 3684 Praemiffa
2118 3653 2261 3692 diligenter
2286 3655 2334 3687 In-

1279 3685 1411 3722 tendatis,
1431 3685 1464 3715 &
1477 3694 1507 3714 ea
1521 3684 1622 3715 faciatis
1637 3700 1654 3717 c
1682 3689 1857 3725 exequamini
1872 3691 1900 3719 in
1917 3690 2009 3720 forma
2026 3691 2172 3729 praediera:

1317 3723 1428 3753 Damus
1442 3732 1534 3752 autern
1549 3723 1696 3755 Univerfis
1709 3727 1742 3756 &
1759 3726 1879 3765 Singulis
1899 3729 1923 3758 V
1928 3730 2137 3767 icecomitibus,
2157 3729 2332 3772 Majoribus,

1279 3762 1404 3799 Ballivis,
1430 3760 1664 3801 Constabulariis,
1681 3773 1714 3794 ac
1734 3764 1810 3802 aliis,
1828 3764 1981 3796 Officiariis
2001 3770 2034 3798 ὃς
2057 3767 2194 3797 Ministris
2217 3770 2332 3810 nostris,

1279 3810 1337 3831 tam
1356 3801 1427 3843 infra
1446 3795 1601 3831 Libertates
1619 3803 1705 3839 quam
1723 3812 1813 3839 extra,
1833 3804 1952 3833 Tenore
1964 3805 2158 3843 praesentium,
2175 3806 2290 3838 firmiter
2303 3811 2333 3840 in

1281 3838 1424 3870 Mandans
1437 3837 1516 3875 quod
1529 3840 1611 3869 vobis
1623 3842 1656 3871 &
1673 3841 1788 3871 cuilibet
1803 3841 1943 3878 vestrum,
1962 3844 1990 3871 in
2006 3842 2181 3874 Executione
2202 3845 2333 3878 Praemis-

1280 3878 1394 3915 sorum,
1411 3875 1590 3908 Intendentes
1611 3877 1680 3917 fint,
1698 3878 1901 3916 Consulemes,
1916 3880 1949 3909 &
1975 3880 2161 3921 Auxiliante5‚
2180 3892 2262 3921 prout
2284 3887 2336 3917 de-

1280 3924 1334 3948 cet.

1319 3952 1352 3983 In
1369 3952 1461 3990 cujus,
1479 3953 1539 3983 &c.
1560 3953 1705 3992 Qamdiu
1722 3953 1821 3984 Nobis
1835 3954 1974 3991 placuerit.

1320 3990 1411 4022 Teste
1427 3989 1509 4031 Rege
1523 3994 1597 4031 apud
1611 3992 1865 4034 Westmonasterium
1883 3995 1939 4025 xiv.
1957 3994 2003 4025 die
2014 3994 2125 4034 Aprilis.

1752 4066 1835 4107 Bb3

2357 2979 2432 3011 Ann.
2447 2979 2492 3012 D.'

2385 3028 2471 3059 1417.

2357 3062 2408 3085 An,
2424 3069 2451 3094 5.

2361 3102 2393 3123 H.
2414 3107 2441 3133 5,

2255 4079 2319 4114 Supe
2322 4080 2337 4110 1·
