2562 4274
155 157 232 201 19'0

11 233 87 265 Ann.
102 232 142 262 D.
162 243 260 264 vorem
276 232 450 264 consimilem
469 231 512 261 seu
529 231 664 267 majorem
687 238 767 268 grato
781 230 878 260 animo
899 228 1062 267 impendere
1077 225 1220 266 promitti-

42 280 127 310 1330.
164 284 243 310 mus,
264 273 294 302 ἃ
314 272 346 302 de
361 271 436 300 frixo
452 270 583 301 veraciter
598 269 795 305 impendemus
1150 304 1155 309 .

63 309 68 312 ’
201 311 233 341 In
252 312 327 345 cuius
341 312 378 339 rei
395 308 610 339 Testimonium
634 308 680 337 has
703 306 808 337 Literas
821 304 927 336 nostras
947 305 1075 336 Patentes
1097 303 1172 341 fieri,
1187 303 1221 334 δε

162 349 266 389 Magni
282 349 368 387 Sigilli
384 347 467 376 nostri
483 348 640 376 munimine
654 346 770 374 fecimu:
784 345 951 381 consignari.

197 388 265 419 Dat.
280 389 308 417 in
324 385 434 416 Palatio
450 386 536 426 nostro
553 383 776 424 Wcstmonasterii
786 406 796 422 ,
811 382 915 413 ofitavo
930 382 976 412 die
990 381 1140 412 Februarii.

12 317 74 339 Hen.
99 313 126 338 6.

375 516 468 560 Super
491 511 677 546 Liberarione
701 510 854 559 Johannis
879 509 998 546 Talbot.

10 597 139 629 Anni).
165 599 306 663 REX,
325 609 373 637 per
390 599 496 630 Literas
512 599 568 629 suas
583 597 732 634 Parentes,
751 596 836 636 usque
855 596 970 627 Festum
986 594 1224 634 SanfflJohannis

32 646 116 676 ¹433·
242 639 372 678 sztistae
390 640 522 675 proximo
537 638 663 667 futurum
678 636 836 673 duraturas,
854 635 970 673 suscepit
986 636 1014 664 in
1024 635 1129 665 salvum
1143 635 1223 666 &se-

7 680 58 703 Aa.
79 686 119 703 ιι.
163 688 264 708 curuni
288 677 476 707 Conductum
503 676 604 713 suum,
627 685 659 704 ac
685 675 713 703 in
734 674 966 711 Proteciionem,
983 674 1170 712 Tuitionem,
1188 673 1222 704 &

7 719 39 740 H.
62 716 89 740 6.
164 716 371 746 Defenfionem
390 716 446 746 suas
469 715 595 752 speciales
616 714 787 741 Bernardum
810 713 841 741 de
862 712 1011 752 Genesi-cll,
1030 713 1060 742 in
1083 711 1222 748 Regnum

41 752 103 779 Ibixl·
162 753 250 793 Regi<
268 755 393 794 Angliae,
413 763 461 792 per
476 754 573 784 omnia
589 751 726 782 Dominia
740 750 954 783 &potestatem
965 751 1073 789 Regis,
1091 750 1223 781 cumSex

159 792 288 824 Personis
310 796 338 824 in
362 792 510 823 Comitiva
531 791 591 828 sua,
609 790 654 821 vel
678 789 767 828 infra,
786 790 906 819 Armatis
929 790 974 819 vel
999 799 1058 820 non
1081 789 1220 828 Armatis,

157 831 313 870 Equestre,
332 832 376 862 vel
393 830 543 868 Pedestre,
562 839 610 867 per
625 829 746 859 Terram
763 828 807 859 vel
824 838 872 866 per
890 828 989 866 Mare,

195 872 273 900 Tam
290 881 340 910 pro
356 870 566 900 Deliberatione
580 866 720 906 Johanm's
735 867 767 896 de
779 867 877 896 Talbot
896 866 1013 906 Militis,
1037 867 1070 898 &
1088 866 1220 898 obsidum

156 909 271 939 ‘suorum
282 934 290 947 ‚
310 909 360 939 sub
376 907 512 939 Potestate
529 907 716 937 inimicorum
735 905 821 945 Regis
844 906 872 936 in
887 907 1009 943 partibus
1022 905 1146 936 Franciae
1162 907 1221 936 exi-

157 947 270 987 stentis,
288 948 374 986 quam
386 947 421 978 de
439 949 533 976 Poton.
554 947 586 976 de
603 943 779 983 Saintailles,
798 944 944 975 l’risonarii
965 946 994 974 in
1014 944 1094 975 dicto
1114 944 1220 984 Regno

157 985 247 1024 Regis
262 987 373 1025 Angliae,
387 985 542 1021 existentis,

194 1024 274 1056 Cum
298 1025 397 1060 Bonis,
417 1023 576 1060 Hernesris,
597 1021 699 1052 Literis
722 1020 829 1052 Clausis
852 1021 897 1051 vel
919 1020 1050 1061 Aperds,
1069 1022 1101 1052 &
1120 1021 1220 1052 Rebus

152 1063 204 1131 filis
217 1064 298 1094 licitis
314 1062 552 1101 quibuscumque,
569 1059 728 1099 veniendo,
744 1058 804 1095 &a
818 1067 901 1099 prout
915 1064 943 1089 in
952 1060 1085 1101 fimilibus
1099 1061 1131 1090 de
1147 1064 1215 1091 con-

99 1104 102 1106 ’
174 1104 236 1131 uffa
248 1105 359 1131 Literir.

192 1140 280 1172 Teste
299 1140 384 1178 Rege
398 1140 470 1178 apud
489 1136 762 1178 westmonasterium,
780 1138 815 1167 xii
829 1137 874 1168 die
890 1137 1037 1169 Februarii.

833 1216 888 1244 Per
907 1214 1058 1245 Concilium.

2 1340 133 1375 ¹X.537.
153 1342 179 1369 ,Χ-
199 1346 319 1377 Literas
340 1343 376 1377 de
399 1344 490 1377 Salvo
515 1343 666 1377 ConduHa
690 1341 796 1376 habent
822 1340 1007 1388 Subftripti,
1038 1339 1075 1374 de
1100 1343 1192 1375 Datis

538 1391 717 1439 Subftriptis
729 1406 738 1432 ;
766 1397 835 1426 viat..

1 1471 82 1502 A'm·
94 1471 133 1503 D·
153 1479 356 1538 SErvientes,

22 1520 109 1551 1433.
229 1519 355 1557 Magistri
368 1518 399 1547 de
414 1516 518 1548 Athell
525 1516 638 1549 Obfidis
649 1527 702 1557 pro
711 1517 794 1554 Rege
809 1515 973 1548 Scotorum.
991 1516 1067 1555 Sept.
1084 1525 1109 1546 1.

0 1553 55 1577 An.
74 1560 112 1580 ¹¹-
192 1554 337 1588 Willielmi
354 1558 385 1586 de
401 1557 526 1596 Sterlyn,
544 1557 657 1587 O'ofidis
671 1567 701 1586 ut
717 1556 802 1594 supra.
815 1555 884 1594 julii
902 1565 947 1593 17.

0 1593 34 1615 H.
53 1590 80 1615 ⁶-
189 1599 307 1626 Damon
324 1596 356 1625 de
372 1599 500 1636 Wemmys
516 1595 631 1625 Obsidis
644 1604 673 1626 ut
687 1595 772 1634 supra.
790 1594 865 1634 Sept.
883 1595 928 1625 18.
947 1593 1030 1624 Nov.
1044 1593 1072 1623 6.

0 1631 65 1655 Scae,
85 1637 125 1655 ¹¹·
191 1635 341 1671 Sexaginta
355 1633 485 1664 Perlonae
501 1634 536 1663 de
550 1634 655 1664 Scotia.
674 1633 745 1664 Maii
763 1642 788 1667 7.

0 1670 32 1692 H·
49 1667 74 1693 ⁶·
188 1673 333 1711 Johannes
348 1673 446 1702 Abbar
462 1673 493 1702 de
509 1672 627 1711 Melan,
645 1672 783 1702 Walterus
800 1670 911 1710 Ogilby,
931 1670 1033 1709 Miles,
1052 1669 1217 1700 Alexander

0 1712 25 1729 '⁷¹
49 1714 76 1739 4·
152 1712 183 1741 de
200 1713 344 1748 Lauader,
362 1721 394 1742 ac
409 1711 540 1750 Triginta
561 1710 691 1742 Personae
711 1712 740 1741 in
760 1711 908 1740 Cor-nitiva
924 1711 985 1747 sua,
1003 1719 1051 1749 per
1076 1710 1214 1746 Regnum

0 1752 24 1768 ⁷⁷¹
54 1752 68 1768 2
152 1749 240 1789 Regis
258 1751 366 1788 Angliae
392 1749 483 1780 versus
503 1749 561 1780 Co
572 1758 619 1779 Nc
629 1759 638 1779 1
649 1758 669 1780 L
679 1758 689 1779 1
700 1758 722 1780 u
734 1757 762 1780 M
780 1748 812 1779 G
823 1757 840 1778 i:
850 1757 872 1778 N
884 1758 901 1779 E
911 1757 934 1779 R
944 1759 964 1778 A
974 1757 1022 1778 LE
1038 1747 1072 1778 ad
1096 1748 1214 1786 praesens

0 1790 35 1807 m.
49 1791 68 1815 4
151 1792 222 1828 apud
241 1788 362 1819 Basiliam
379 1788 505 1818 existens.
532 1787 615 1818 Nov.
634 1796 680 1828 30.

0 1828 33 1845 m,
52 1828 76 1854 3·
189 1827 321 1857 Andreas
344 1827 482 1857 Mela'rum
504 1826 592 1858 Miles
616 1827 648 1858 ὃ(
664 1827 682 1856 6
697 1825 829 1857 Personae
842 1827 873 1864 in
889 1824 1040 1856 Comitiva
1062 1824 1116 1856 sua.
1144 1824 1214 1856 Dat.

0 1866 31 1884 m·
48 1867 76 1892 4·
149 1875 178 1897 nt
194 1866 220 1896 fi:
246 1876 281 1896 ra.

186 1877 331 1943 Joffaannes
345 1903 483 1943 Episcopus
499 1905 531 1934 de
546 1904 702 1944 Glascowe,
721 1905 755 1936 &
772 1903 902 1943 Triginta
917 1903 1048 1934 Personae
1065 1903 1093 1933 in
1109 1902 1214 1935 Corni-

148 1944 204 1974 tiva
221 1944 284 1982 sua,
302 1944 394 1974 versus
409 1944 515 1974 curiam
531 1943 697 1975 Romanam
712 1952 780 1974 cum
796 1942 901 1981 Equis,
919 1943 980 1974 &c.
999 1942 1084 1974 Nov.
1099 1951 1147 1981 29.

180 2020 331 2061 Bastardus
343 2019 486 2050 ol'orlean.⁵
501 2030 570 2052 cum
585 2022 623 2052 80
639 2020 766 2052 Personis
778 2022 808 2051 in
829 2018 978 2051 Comitiva
992 2019 1048 2051 sua.
1069 2019 1147 2059 Sept.
1166 2029 1214 2059 17.

181 2059 374 2099 Thcfhurarius
392 2063 473 2089 Ducis
485 2060 700 2101 Aurelianenfis.
721 2060 789 2091 Dat.
809 2068 838 2090 ut
854 2059 940 2096 supra.

181 2102 345 2128 Serretarius
362 2099 429 2127 disti
444 2102 534 2129 Duris.
566 2099 613 2130 Ut
629 2098 707 2139 supra
721 2100 755 2131 &
770 2098 869 2130 Martii
885 2106 933 2128 20.

181 2136 336 2168 Servienres
352 2140 436 2166 Ducis
444 2138 580 2176 praediHi.
607 2137 654 2168 Ut
670 2138 756 2177 supra.

0 2197 33 2216 m·
47 2197 90 2224 ¹4·
181 2176 348 2216 Confiliarius
369 2179 453 2205 Ducis
471 2176 638 2206 Bourboniae.
660 2176 737 2208 Dec.
757 2177 803 2208 18.

0 2236 33 2254 m„
54 2234 81 2264 7,
182 2215 341 2246 Servientes
354 2218 464 2244 Comitis
481 2213 700 2283 Angosssmenfis.
731 2215 820 2254 April.
838 2215 892 2254 15.‘

93 2278 96 2280 ,
183 2253 275 2283 Caroli
291 2253 427 2293 d'Artoyx
440 2257 550 2285 Comitis
581 2265 596 2283 e
609 2255 662 2283 Eu.
684 2253 756 2285 Maii
771 2264 819 2293 27.

180 2291 321 2330 Johannix
334 2292 366 2321 de
381 2292 524 2332 Vendosme
540 2292 672 2325 Vidastne
687 2293 724 2324 de
739 2292 874 2325 Chartres
887 2291 1037 2325 Prisonarii
1045 2291 1168 2324 Domini
1175 2291 1211 2323 de

81 2363 98 2368 ..
117 2366 119 2369 .
145 2329 340 2370 Hungerford.
360 2330 428 2370 Julii
445 2341 490 2362 11.

367 2462 427 2493 Pro
454 2459 626 2507 Humfrido
653 2461 735 2494 Duce
760 2458 954 2504 Glaucestriae.

0 2551 74 2583 Αῃῃ,
88 2552 127 2583 Ι),
150 2544 274 2600 REX
295 2546 462 2585 Omnibus,
480 2547 514 2577 ad
531 2557 618 2590 quos,
639 2547 698 2577 &c
719 2546 853 2590 Salutem.

24 2601 109 2630 143«,
247 2584 325 2613 Cum
341 2585 457 2622 Castra,
476 2585 617 2624 Hospitia,
636 2584 820 2617 &Dominia
834 2585 870 2615 de
885 2583 1008 2623 Cuffac,
1028 2583 1154 2623 Listrac,
1173 2586 1206 2616 &

0 2634 47 2658 An.
69 2614 110 2659 ιζ.
148 2618 365 2661 Montynghag,
383 2634 449 2653 cum
466 2624 519 2653 suis
535 2625 720 2661 pertinentiis,
739 2634 786 2661 per
803 2624 932 2654 Mortem
948 2623 1069 2654 Domini
1086 2627 1209 2654 Bernar-

0 2674 29 2695 H.
52 2671 68 2695 6
144 2661 172 2689 di
185 2659 218 2688 de
234 2661 385 2699 Lesparre,
400 2672 488 2700 nuper
504 2662 627 2691 Domini
639 2662 671 2692 de
684 2663 798 2701 Barda,
817 2662 934 2701 Nobis,
950 2672 1082 2701 tanquam
1099 2662 1210 2694 Domi—

0 2708 63 2741 ¹3²ss-
88 2717 96 2734 1
106 2718 128 2736 ,-
146 2708 186 2728 no
196 2699 231 2729 de
246 2700 390 2739 Lelparre,
408 2702 579 2739 pertineant,

0 2741 32 2773 H]
51 2748 78 2774 6.
94 2744 120 2765 --·
150 2762 164 2771 .,
181 2736 228 2770 Eo
242 2743 411 2772 tamettnon
422 2738 551 2769 obstante
563 2741 652 2768 Comes
661 2737 691 2766 de
699 2737 880 2774 Longuaville
887 2736 1055 2775 Capitaneus
1072 2739 1108 2769 de
1116 2738 1208 2779 Buch,

0 2793 34 2811 m,
57 2785 101 2813 16‚.
146 2786 178 2806 ac
200 2779 330 2806 Dominus
349 2778 382 2807 δε
399 2779 518 2806 Domina
540 2777 570 2805 de
590 2775 753 2815 Monferant
768 2786 799 2806 ea
821 2778 1009 2813 intraverunt,
1025 2778 1058 2807 ὃ(
1075 2779 1208 2820 ριίιξεάἰᾶα

145 2814 245 2846 Castra
258 2815 291 2845 &
307 2815 447 2846 Dominia
462 2815 498 2845 de
510 2814 617 2845 Curiae
632 2817 665 2846 &
681 2814 788 2845 Listrac
805 2822 946 2851 occupant
961 2815 989 2844 in
1006 2817 1147 2853 praesenti,

102 2866 107 2869 ·
183 2854 390 2886 Aeplacitum
404 2877 413 2892 ,
441 2856 512 2884 inter
533 2853 752 2884 Procuratorem
774 2851 902 2882 nostrum
925 2852 1058 2883 Fiscalem
1081 2853 1210 2885 Ducatfis

147 2891 235 2922 nostri
251 2894 431 2930 Aquimnnioe
447 2902 480 2922 ex
495 2903 548 2923 una
566 2901 656 2930 parte,
674 2893 706 2922 ὃς
724 2891 852 2929 praefatos
873 2894 1049 2928 capitaneum
1062 2894 1210 2923 Dominum

149 2932 182 2962 &
185 2933 344 2998 1&Dominam
362 2933 393 2961 de
407 2930 584 2971 Montferant
594 2954 603 2969 ‚
621 2940 654 2962 ex
667 2931 749 2961 altera
762 2938 856 2969 parte,
872 2930 939 2960 inde
955 2930 1090 2969 pendeat,

222 2980 270 3006 os,

186 3006 402 3038 Conliderantes
417 3007 495 3045 quod
513 3007 645 3044 praedffla
660 3005 758 3037 Castra
778 3006 811 3037 δε
829 3005 988 3044 Dominia,
1007 3017 1056 3044 per
1077 3007 1209 3045 praefatos

149 3049 293 3077 Dominum
306 3048 338 3077 de
355 3046 536 3084 Longuavili'e
556 3047 588 3076 &
604 3049 750 3075 Dominum
766 3045 797 3074 de
819 3044 995 3081 fi10ntferant
1013 3046 1045 3075 &
1061 3047 1124 3078 alias
1141 3046 1209 3077 Pes.

146 3085 242 3123 sonas,
258 3085 306 3122 Jus
324 3087 352 3116 in
365 3087 469 3116 eisdem
485 3085 521 3114 de
536 3084 612 3115 facio
627 3085 659 3115 &
669 3094 727 3113 non
736 3083 771 3113 de
780 3082 849 3121 Jure
856 3083 1078 3123 praetendentes,
1096 3084 1209 3125 Deten'†

149 3131 176 3153 ta
189 3124 307 3155 existunt
325 3126 414 3155 minus
427 3122 519 3161 just'e,
539 3124 587 3152 ubi
602 3122 669 3152 Nos
687 3132 716 3152 ea
733 3121 869 3159 possidere
885 3122 1039 3161 debemus,
1059 3133 1141 3161 prout
1160 3134 1209 3163 per

147 3161 347 3193 Venerabileni
366 3163 493 3199 Patrem,
512 3162 665 3199 Episcopum
680 3159 832 3200 Aquensem
852 3170 902 3197 ac,
920 3160 1061 3191 dile&um
1086 3164 1120 3192 &
1140 3162 1209 3193 fide-

147 3199 204 3229 lem
218 3201 365 3239 nostrum,
382 3202 552 3230 Bernardum
562 3203 714 3238 Angevyn,
734 3197 916 3229 Confiliar'ios
930 3199 1057 3238 nostros,
1076 3211 1163 3238 nuper
1171 3201 1208 3231 de

148 3237 272 3281 Civuate
289 3240 380 3269 nostra
395 3239 563 3278 Bur-degaliae
579 3248 663 3276 penes
681 3238 748 3267 Nos
771 3238 804 3268 &
823 3236 991 3268 Concilium
1014 3237 1144 3269 nostrum
1159 3250 1209 3271 ve—

149 3286 275 3314 nientes,
295 3286 464 3315 reportatur,

189 3316 233 3345 Ac
256 3316 404 3346 verisimile
422 3315 464 3346 est
487 3315 568 3354 quod
588 3313 687 3345 Castra
712 3314 746 3344 &
763 3313 904 3345 Dominia
922 3314 1073 3354 praedic‘ia,
1093 3315 1210 3347 durante

150 3352 264 3383 Minori
279 3352 376 3384 AEtate
389 3353 500 3393 nostra,
518 3364 566 3390 per
582 3355 691 3392 iniquos
714 3353 745 3383 &
762 3352 924 3383 subornatos
941 3352 1089 3384 Proceffus
1110 3353 1210 3385 Patriae

150 3393 258 3423 ibidem
273 3391 308 3423 de
325 3394 453 3422 manibus
472 3393 573 3423 nostris
589 3393 753 3423 evincantur
763 3414 772 3429 ,

190 3430 236 3460 De
244 3430 414 3461 avisamento
430 3432 461 3461 ὃ(
480 3431 583 3461 affensu
595 3430 720 3461 Concilii
736 3429 823 3459 nostri
835 3429 1053 3469 Conceffimus,
1070 3430 1212 3462 carisiimo

150 3469 185 3500 &
209 3469 371 3506 praedilet‘to
393 3469 545 3500 Avunculo
569 3468 682 3506 nostro,
710 3465 856 3506 Humfrido
881 3472 952 3497 Duci
975 3469 1160 3510 Glouccstrise,
1177 3471 1211 3501 &

152 3507 325 3537 Haeredibus
339 3507 389 3537 suis
410 3507 539 3538 Masculis
553 3507 588 3537 de
604 3507 737 3545 Corpore
751 3507 800 3538 suo
810 3506 935 3545 legitime
948 3510 1119 3546 procreatis,
1138 3519 1211 3546 prae-

154 3546 229 3613 diei?
242 3544 357 3584 Castra,
372 3545 519 3583 Hospitia,
537 3546 570 3576 &
580 3545 720 3576 Dominia
735 3545 770 3575 de
790 3543 914 3584 Cuffac,
933 3544 1062 3584 Listrac,
1078 3546 1213 3578 &Mon-

151 3593 163 3615 t
181 3594 201 3614 Π
221 3593 272 3623 ag>

163 3594 179 3624 y
188 3622 342 3659 Habenda,
359 3633 373 3652 a
389 3631 518 3658 tempore
528 3621 633 3651 Mortis
641 3621 767 3659 praedidii
782 3624 892 3651 Domini
906 3622 938 3651 de
948 3622 1045 3652 Barda
1054 3646 1064 3661 ,
1080 3624 1132 3654 una
1143 3634 1212 3655 cum

151 3660 323 3691 omnimodis
341 3661 487 3691 Doniiniis
498 3660 556 3690 altis
574 3660 606 3690 &
622 3660 719 3697 basiis,
737 3662 820 3690 meris
842 3662 934 3690 mixtis
957 3662 989 3692 &
1005 3662 1213 3701 imperialibus,

152 3699 322 3736 I-lomagiis,
345 3699 528 3736 Redditibus,
560 3697 755 3736 Molendinis,
781 3697 928 3735 Decimis,
949 3698 1082 3738 Nativis,
1102 3701 1213 3732 Lauda-

155 3738 277 3767 minibus
291 3760 299 3773 ,
326 3736 562 3775 Retentionibus,
590 3735 762 3766 Investituris
773 3759 782 3772 ,
807 3736 1043 3776 operationibus,
1069 3739 1212 3778 Pedagiis,

155 3774 265 3812 Boscis,
289 3775 453 3813 Herbagiis,
479 3774 713 3811 Haereditatibus,
738 3773 949 3812 Manfionibus,
976 3775 1211 3817 venditionibus,

156 3812 475 3853 Retrovenditionibus,
492 3814 631 3850 Servitiis,
650 3813 684 3844 &
705 3812 839 3842 omnibus
857 3813 914 3842 aliis
929 3813 1044 3852 Juribus
1061 3816 1093 3846 &
1115 3815 1213 3846 Deve·—

156 3852 201 3880 riis
218 3851 455 3890 quibuscumque,
473 3861 542 3882 cum
561 3852 748 3890 pertinentiis,
765 3850 868 3881 eodem
885 3852 974 3881 modo
988 3862 1047 3890 quo
1063 3854 1214 3891 praedkstus

159 3891 286 3918 Dominus
300 3890 331 3918 de
345 3892 439 3919 Barda
451 3900 482 3921 ea
496 3891 590 3920 habuit
606 3890 639 3920 ὃς
653 3890 743 3920 tenuit
758 3889 829 3919 dum
845 3890 966 3920 vivebat.

149 3955 152 3958 ,
194 3926 227 3957 In
244 3928 336 3963 cujus,
353 3930 412 3958 ὅτε.

208 3963 297 3995 Teste
315 3965 396 4004 Rege
413 3967 485 4005 apud
501 3965 774 4006 westmonasterium,
793 3967 830 3996 xii
845 3965 891 3996 die
908 3965 1061 3998 Februarii.

613 4037 667 4065 Per
683 4037 777 4066 Breve
795 4035 828 4066 de
845 4037 964 4068 Privato
980 4035 1079 4075 sigillo.

595 135 1396 186 CONVENTIONES,

1478 135 1876 190 LITERAE,

2280 254 2283 255 .
2338 223 2473 271 Ann3D.

1260 307 1283 330 *
1301 311 1360 342 Pro
1385 308 1543 342 Cardinali
1567 312 1682 357 Angliae
1705 311 1756 344 ‘ad
1780 311 1946 345 Concilium
1970 310 2121 357 Bafiliensb
2140 311 2320 359 profestum.
2341 274 2464 380 ξιξ-ἷξε

1262 392 1388 447 REX
1408 392 1571 437 Omnibus,
1588 395 1623 425 ad
1637 406 1727 435 quos,
1746 398 1807 429 ὅτε.
1822 397 1956 428 Salutem.
2338 405 2407 438 Αῃῃ
2432 407 2465 439 D

1361 432 1460 462 Sciatis
1476 433 1556 471 quod
1577 434 1659 472 Nos,
2360 431 2448 487 143'3,
2468 433 2475 439 ⁴

1299 467 1514 514 Considerantes
1532 473 1608 502 bona
1621 473 1653 504 &
1669 473 1801 504 notabilia
1815 474 1932 507 Servitia
1943 497 1953 513 ,
1971 484 2035 513 quae
2055 472 2221 505 Cariffimus
2238 473 2321 506 Con·
2336 488 2390 513 An.
2413 496 2442 514 Π

1260 504 1424 550 sanguineus
1441 510 1553 548 noster,
1571 513 1702 541 Henricus
1721 512 1874 542 Cardinalis
1890 511 2003 550 Angliae
2018 512 2171 551 Episcopus
2190 514 2322 553 Wynto-
2338 527 2373 550 H,
2389 526 2416 552 6,
2447 509 2455 517 ⁸

1259 550 1360 588 meniis
1376 547 1476 578 Nobis
1490 549 1643 587 impendit,
1661 551 1694 581 &
1711 551 1809 580 Nobis
1823 552 1856 582 ad
1870 552 2003 591 praesens,
2018 553 2047 581 in
2062 553 2158 583 eundo
2176 554 2205 583 in
2226 554 2321 584 Servi·
2335 564 2391 590 pat,
2408 571 2455 592 ῃ,

1261 590 1303 613 tio
1317 584 1690 630 nostro-C‘ONcrLrum
1709 589 1953 620 GENERALE
1973 590 2250 630 Bisrmansiz,
2265 601 2319 631 pro
2338 603 2372 626 H.
2387 603 2413 629 6.
2429 607 2455 638 p.

1260 631 1489 668 augmentatione
1514 626 1548 657 &
1570 627 1793 658 consolidatione
1813 628 1891 658 Fidei
1911 627 2070 659 Catholicae
2089 630 2122 661 ὃς
2145 629 2321 661 Universalis
2343 647 2472 668 1.m.10.

1259 659 1412 706 Ecclefiae,
1429 663 1593 704 impendet,
1612 675 1645 696 ac
1659 676 1711 704 pro
1726 667 1806 697 bono
1822 665 1962 704 Publice,
1977 666 2117 706 Honore,
2136 668 2169 699 &
2183 667 2320 701 Proficuo

1260 700 1378 739 nostris,
1397 712 1514 734 necnon
1531 703 1702 743 Regnorum
1718 706 1751 738 ὃς
1768 704 1978 735 Dominiorum
1992 704 2173 743 nostrorum,

1298 737 1348 769 De
1361 740 1533 772 avisamento
1549 743 1581 773 ὃ(
1597 742 1702 774 assensu
1725 742 1851 774 Concilii
1873 743 1967 776 nostri⁴
1985 742 2184 776 Conceffimus
2198 744 2321 816 prgam

1258 777 1454 823 (gonsanguineo
1470 779 1556 819 nost-ro
1571 781 1651 819 quod
1665 782 1736 820 ipse,
1755 782 1891 813 affociato
1899 782 1949 812 sibi
1964 781 2097 812 Notabili
2111 792 2231 814 numero
2270 795 2323 817 en-

1259 823 1352 859 tium,
1367 818 1485 862 talium,
1503 828 1586 858 prout
1609 821 1709 851 melius
1729 820 1779 851 fibi
1800 820 1960 858 videbitur,
1976 820 2066 851 Statui
2085 821 2135 851 suo
2156 831 2320 861 congruen-

1258 861 1347 893 tium,
1365 856 1452 887 libere
1468 857 1552 896 possit
1566 858 1677 891 transire
1703 858 1805 898 Mare,
1822 868 1936 899 portans
1947 860 1980 890 &
2002 860 2143 890 adducens
2162 859 2273 899 secum,
2290 863 2321 892 in

1257 901 1316 961 guo
1331 902 1414 931 portu
1431 896 1488 926 five
1503 895 1643 927 Portubus
1660 898 1710 928 sibi
1725 898 1874 936 placuerit,
1891 898 2006 929 Aurum
2018 898 2052 929 ὃ(
2066 897 2224 938 Argentum
2234 922 2244 937 ,
2259 901 2319 930 tam

1287 940 1423 972 unatum,
1441 935 1529 973 quarn
1549 936 1577 965 in
1597 935 1674 967 Plata
1695 937 1729 967 &
1746 936 1854 974 Masta,
1869 936 1904 967 ad
1925 935 2060 967 valorem
2085 938 2112 967 in
2135 946 2198 968 toto
2216 941 2320 975 Viginti

1257 969 1368 1014 Miliurn
1380 973 1531 1003 Librarum
1544 973 1735 1012 sterlingorum
1745 998 1754 1012 ,
1774 975 1818 1005 vel
1832 974 1922 1013 infra,
1939 975 2040 1014 absque
2059 975 2153 1013 aliquo
2172 975 2319 1007 Scrutinio

1257 1008 1303 1051 seu
1318 1009 1400 1053 Visu,
1421 1021 1470 1048 per
1486 1011 1555 1042 Nos
1577 1013 1622 1042 vel
1643 1012 1780 1045 Haeredes
1796 1011 1921 1051 nostros,
1939 1014 1968 1042 in
1989 1013 2085 1051 aliquo
2100 1014 2186 1044 Loco
2201 1015 2236 1045 de
2247 1016 2320 1046 obe-

1255 1046 1358 1078 dientia
1372 1050 1482 1093 nostra,
1500 1051 1567 1081 inde
1581 1051 1731 1090 faciendis,
1747 1051 1849 1091 absque
1872 1051 2101 1090 impedimento,
2120 1051 2320 1094 Impetitione,

1255 1084 1477 1130 Molestatione,
1494 1089 1539 1120 seu
1561 1089 1736 1121 Gravamine
1752 1089 1874 1128 Nostri,
1892 1089 2068 1127 Haeredum,
2085 1089 2318 1132 Officiariorum,

1255 1123 1301 1155 seu
1323 1124 1522 1157 Ministrorum
1542 1127 1707 1159 nostrorum
1729 1138 1981 1167 quorumcumque
2001 1129 2030 1159 in
2051 1129 2199 1168 futurum,
2224 1130 2318 1169 aliquo

1255 1162 1383 1207 Siatuto,
1404 1165 1611 1205 ordinatione,
1630 1169 1677 1199 seu
1698 1167 1942 1206 Proclamatione,
1959 1166 2024 1199 inde
2045 1168 2075 1198 in
2090 1169 2263 1200 contrarium
2277 1169 2319 1201 fa-

1254 1200 1326 1240 ἃιε,
1345 1213 1404 1234 non
1421 1205 1604 1236 obstantibus.

1289 1239 1324 1271 In
1341 1242 1439 1281 cujus,
1455 1244 1516 1274 &c.

1309 1278 1379 1312 Dat.
1397 1283 1471 1321 apud
1487 1283 1745 1325 Wstmonasterium
1759 1307 1769 1323 ‚
1788 1286 1834 1324 xvj
1851 1283 1896 1315 die
1910 1283 2062 1316 Februarii.

1693 1356 1747 1384 Per
1764 1357 1857 1385 Breve
1872 1354 1905 1384 de
1923 1356 2041 1384 Privato
2057 1351 2156 1392 sigillo.

1252 1478 1310 1508 Pro
1343 1480 1403 1524 Epi
1417 1490 1481 1527 copo
1511 1483 1646 1523 Sarum,
1682 1479 1717 1513 de
1748 1482 1866 1514 licentia
1898 1481 2074 1529 exportandi
2100 1479 2144 1514 ad
2175 1481 2316 1515 Valonm

2335 1619 2412 1652 Ann.
2427 1620 2470 1654 D.

1631 1530 1729 1563 Mille
1752 1528 1931 1564 Librarum.

1251 1610 1515 1672 RE...
1666 1655 1670 1658 .
1941 1654 2135 1662 -...
2233 1643 2260 1656 «-

1352 1652 1449 1683 Sciatrs
1464 1653 1563 1697 quod,
1579 1653 1614 1683 de
1626 1653 1798 1696 avisamento
1812 1656 1845 1685 &
1855 1655 1960 1685 affeniu
1970 1654 2099 1700 Concilii
2111 1654 2218 1695 nostrl,
2232 1655 2317 1688 Con·
2342 1669 2408 1700 -143
2417 1669 2442 1700 3.

1252 1689 1384 1721 cessimus
1398 1691 1431 1721 &
1450 1691 1611 1722 Licentiam
1628 1690 1785 1730 Dedimus,
1800 1690 1974 1723 Reverendo
1989 1703 2018 1722 in
2027 1693 2147 1724 Christo
2163 1693 2318 1734 Patri,Ro-
2334 1703 2385 1727 An.
2407 1709 2416 1726 ι
2426 1709 2451 1729 ι.

1250 1729 1325 1758 berto
1339 1729 1462 1768 Epifiopo
1477 1733 1592 1768 Sarum,
2336 1740 2371 1764 H.
2385 1739 2414 1765 6.

1249 1804 1265 1836 f
1278 1767 1375 1837 53:35,
1384 1768 1431 1837 ensi?
1444 1769 1557 1800 licentia
1571 1768 1683 1807 nostra,
1701 1768 1736 1800 ad
1755 1767 1897 1799 Generale
1908 1766 2078 1799 Concilium
2092 1766 2234 1801 Basiliense
2253 1780 2320 1809 pro-
2350 1775 2418 1805 ibid,
2430 1784 2467 1805 m.

1261 1816 1277 1837 e
1287 1845 1378 1884 Qiod
1393 1829 1449 1883 ipse
1464 1845 1575 1876 Aurum
1588 1847 1622 1878 &
1641 1846 1819 1884 Argentum,
1835 1847 1892 1877 tam
1908 1847 1936 1876 in
1954 1844 2060 1883 Masta,
2079 1846 2163 1884 quam
2185 1855 2319 1887 moneta,
2335 1821 2365 1849 5⁸

1250 1883 1284 1913 ad
1302 1884 1442 1915 summam
1456 1885 1488 1915 δε
1505 1885 1630 1915 valorem
1646 1884 1727 1914 Mille
1734 1885 1902 1922 Librarum,
1918 1885 2014 1914 secum
2030 1893 2106 1914 extra
2114 1883 2252 1924 Regnum
2265 1896 2320 1917 no-

1250 1921 1340 1952 strum
1357 1923 1466 1962 Angliae
1481 1923 1584 1954 ducere
1601 1924 1634 1954 &
1651 1923 1753 1954 habere
1773 1922 1857 1962 possit
1877 1921 1977 1961 absque
1994 1923 2190 1962 impetitione,
2210 1933 2321 1962 pertur-

1251 1961 1382 2000 batione,
1404 1962 1449 1992 seu
1463 1962 1670 2000 impedimento
1683 1961 1787 1999 nostri,
1806 1961 1964 1992 Haeredum
1985 1961 2030 1991 seu
2048 1961 2248 1993 Successorum
2266 1973 2321 1993 no-

1251 1998 1390 2043 strorum,
1409 2009 1454 2044 aut
1469 2001 1589 2031 aliorum
1606 2002 1872 2045 quorumcumque,
1891 2000 2029 2043 aliquibus
2046 1999 2152 2031 statutis
2164 2001 2220 2033 five
2229 2000 2316 2033 Ordi-

1249 2039 1429 2115 naiirpncigtlilss,
1448 2041 1670 2109 {sonnatium
1684 2040 1779 2079 factis,
1797 2050 1859 2070 non
1873 2038 2055 2070 obstantibus.

1303 2115 1392 2147 Teste
1406 2102 1489 2156 Rege
1499 2101 1575 2156 apud
1591 2116 1866 2158 Wstmonasterrum,
1885 2116 1985 2155 xxxviij
2001 2115 2045 2146 die
2061 2115 2211 2148 Februarii.

1718 2188 1772 2217 Per
1789 2188 1882 2217 Breve
1900 2186 1932 2216 de
1950 2187 2069 2216 Privato
2086 2185 2184 2225 sigillo.

1352 1613 1384 1644 X
1403 1615 1554 1653 omnibus,
1571 1615 1606 1646 ad
1618 1625 1708 1653 qu05,
1725 1615 1786 1646 &c.
1803 1616 1940 1654 Salutem,

1268 2321 1333 2355 Pro
1359 2323 1478 2355 Decano
1500 2321 1628 2365 Ecclefiae
1649 2318 1832 2368 Burdegaliae
1858 2317 1903 2352 ad
1924 2319 2087 2354 Concilium
2107 2319 2276 2362 tratfituro.

1244 2405 1394 2468 REX,
1412 2408 1565 2457 omnibus,
1584 2407 1618 2439 ad
1637 2417 1728 2452 quos,
1744 2407 1804 2440 διε.
1822 2405 1956 2437 Salutem.
2186 2445 2192 2452 ·

1347 2447 1428 2492 Scias.
1437 2448 1535 2491 quod,
1553 2446 1590 2477 de
1609 2447 1782 2478 avisamento
1796 2445 1830 2476 &
1844 2444 1950 2476 assensu
1965 2443 2090 2475 Concilii
2105 2444 2192 2476 nostri
2202 2468 2212 2484 ,
2226 2445 2310 2492 Coq—
2353 2466 2442 2498 1433·

1245 2485 1376 2517 cessimus
1393 2486 1552 2517 Licentiam
1567 2484 1717 2516 Theobaldo
1729 2487 1836 2522 Dages,
1855 2483 1978 2515 Decano
1991 2482 2126 2514 Ecclesiae
2139 2483 2311 2516 Cathedtalis
2326 2499 2378 2524 An.
2398 2506 2407 2523 ι
2417 2505 2441 2525 ¹,

1244 2524 1376 2556 Civitatis
1389 2524 1493 2555 nostrae
1515 2524 1701 2562 Burdegaliae,
1720 2523 1801 2562 quod
1817 2522 1883 2566 ipset
1897 2521 1975 2553 Bona
1996 2521 2041 2553 sua
2061 2523 2215 2562 (videlicet)
2235 2524 2310 2556 Pan·
2327 2539 2362 2562 H.
2375 2535 2402 2562 6,

1243 2574 1285 2632 ¹¹1⁴?
1285 2574 1313 2632 ζ’
1324 2563 1461 2632 ἑὲἑὲῗ
1484 2561 2258 2637 ΞεῗᾶῗωΑἙῗξέὠεέῧὶῗῖἲυὲᾛέὅεέἑὲωὲῗᾭ
2273 2564 2309 2631 Ξῖ
2328 2572 2396 2608 ‘'”s‘·

1244 2613 1380 2672 avxiiorem
1397 2611 1511 2670 Centgm
1523 2639 1562 2674 φ’
1577 2624 1679 2677 Vig’inti
1693 2639 1843 2669 Librarum
1855 2638 1892 2669 de
1908 2637 2031 2668 Moneta
2047 2611 2221 2676 Anglic’ana}
2238 2638 2308 2669 libe·
2325 2614 2364 2678 ἕ
2379 2611 2407 2676 ξ
2457 2638 2462 2641 “

1248 2681 1278 2710 re
1293 2681 1326 2710 &
1342 2679 1444 2717 absque
1460 2678 1665 2718 impedimento
1681 2686 1865 2716 quocumque
1887 2675 1981 2707 secum
1996 2675 2089 2706 versus
2102 2683 2189 2714 partes
2198 2675 2306 2707 Trans-

1249 2718 1369 2748 marinas
1385 2718 1488 2747 ducere
1505 2717 1610 2755 valeat,
1625 2717 1718 2755 aliquo
1740 2716 1870 2753 statuto,
1887 2715 1917 2744 in
1938 2714 2113 2744 contrarium
2134 2713 2230 2752 facto,
2247 2725 2309 2746 non

1245 2755 1436 2824 Obgzritaernen
1455 2791 1536 2830 quod
1549 2792 1617 2821 idem
1631 2794 1760 2822 Decanus
1779 2791 1814 2822 ad
1830 2788 1887 2821 Co
1898 2798 1921 2820 N
1930 2799 1947 2821 c
1955 2798 1996 2820 11..
2006 2798 2017 2820 1
2027 2797 2050 2819 u
2061 2798 2089 2821 M
2107 2789 2139 2821 G
2147 2799 2166 2821 Ε.
2176 2800 2200 2822 N
2208 2800 2228 2823 E
2238 2801 2262 2823 R
2271 2801 2308 2823 Α-

1247 2840 1268 2862 L
1283 2841 1300 2861 E
1322 2831 1348 2862 se
1364 2831 1517 2861 transferat.

1282 2871 1315 2901 In
1335 2870 1436 2908 cujus,
1454 2870 1525 2900 &ca

1298 2908 1387 2939 Teste
1403 2907 1485 2947 Rege
1498 2907 1571 2945 apud
1591 2905 1862 2948 Wqstmonasterium,
1878 2906 1924 2936 xix
1939 2905 1984 2936 die
2001 2905 2150 2937 Februarii.

1709 2978 1762 3006 Per
1781 2978 1874 3007 Breve
1891 2975 1924 3006 de
1942 2977 2062 3005 Privato
2080 2972 2180 3012 sigillo.

2330 2417 2408 2449 Ann.
2418 2411 2460 2450 D.

1307 3108 1334 3135 ²*
1355 3113 1412 3143 Pro
1439 3109 1597 3143 Cardinali
1621 3110 1737 3158 Angliae
1761 3109 1863 3154 versia
1883 3107 1993 3155 Regem
2015 3110 2229 3141 Romanorum.
2325 3110 2455 3148 ⁸X.539.

1249 3194 1472 3251 REverendus
1495 3197 1524 3226 in
1545 3195 1662 3225 Christo
1681 3193 1779 3232 Pater,
1797 3192 2028 3232 Conffinguineus
2049 3192 2154 3234 Regis,
2171 3194 2304 3224 Hernicus·
2322 3195 2399 3227 Ann.
2414 3194 2454 3226 D.

1325 3234 1484 3264 cardinalis
1499 3233 1613 3271 Angliae
1627 3243 1659 3263 ac
1676 3233 1829 3272 Episcopus
1842 3231 2058 3271 Wyntonienfis
2344 3244 2431 3275 1433.

1285 3272 1366 3310 Qu,
1384 3273 1413 3302 in
1428 3271 1595 3310 obsequium
1614 3271 1718 3311 Regis,
1736 3271 1845 3309 versus,
1864 3271 2038 3301 carissimum
2061 3255 2185 3301 Fratrem
2201 3269 2232 3300 R
2269 3271 2274 3277 ’
2295 3292 2305 3309 ‚
2323 3277 2374 3302 An.
2395 3283 2436 3301 ir.

1231 3312 1342 3348 Regem
1357 3313 1536 3340 Romanorum
1551 3310 1728 3348 profecturus
1740 3309 1798 3348 est,
1816 3309 1923 3340 ibidem
1941 3311 1970 3340 in
1981 3308 2084 3339 eodem
2096 3308 2232 3349 obsequio
2276 3319 2307 3340 e-
2322 3317 2357 3340 Η,
2372 3313 2400 3338 6.

1246 3350 1286 3388 gis
1302 3357 1475 3386 moraturuS,
2324 3355 2414 3378 Franc.

1284 3386 1379 3417 Habet
1396 3386 1501 3417 Literas
1514 3385 1602 3426 Regis
1616 3386 1651 3419 de
1667 3385 1853 3418 Protectione
1871 3387 1952 3422 (cutn
1970 3384 2089 3417 clausula
2106 3384 2240 3424 Volumus)
2259 3394 2308 3426 per
2327 3398 2337 3416 1
2347 3398 2370 3417 ι.
2381 3391 2412 3415 H.
2425 3389 2454 3415 6.

1248 3435 1337 3456 unum
1353 3424 1470 3455 Annum
1484 3425 1633 3457 duraturas.
2323 3435 2362 3456 m.
2376 3434 2420 3454 ιο.

1286 3462 1370 3493 Praes.
1390 3463 1450 3494 &c.

1283 3500 1371 3532 Teste
1386 3501 1470 3540 Rege
1484 3502 1559 3542 apud
1574 3501 1848 3542 Wstmonasterium,
1866 3510 1911 3532 xx.
1925 3501 1972 3532 die
1985 3500 2134 3532 Februarii.

1692 3581 1747 3609 Per
1764 3578 1868 3610 Billam
1884 3579 1917 3608 de
1935 3580 2053 3608 Privato
2071 3575 2171 3616 Sigillo.

1347 3716 1406 3746 Pro
1429 3712 1564 3758 Epifiopo
1586 3714 1700 3745 Sarum
1722 3711 1826 3757 verfics
1851 3711 1995 3744 Generale
2021 3709 2194 3744 Concilium.

2319 3791 2399 3824 Arm.
2411 3793 2456 3825 D:

1250 3798 1414 3855 RObertus
1429 3795 1545 3827 Neville
1558 3796 1696 3836 Epifiopus
1711 3799 1808 3826 Sarum
1816 3819 1826 3835 ,

1337 3836 1418 3874 Qui,
1434 3837 1464 3865 in
1485 3835 1652 3874 obsequium
1675 3835 1763 3874 Regis
1773 3857 1783 3873 ,
1806 3833 1898 3865 versus
1924 3833 1957 3864 G
1966 3841 1984 3864 ε
1994 3840 2018 3862 N
2028 3839 2047 3860 E
2057 3838 2140 3875 R1AL
2149 3838 2169 3861 Ε
2197 3829 2254 3862 Co
2264 3838 2302 3862 Ν-
2341 3841 2429 3873 1433.

1249 3884 1316 3907 c11.
1327 3884 1339 3904 1
1349 3882 1407 3905 υΜ
1427 3873 1603 3912 profeeturus
1617 3873 1659 3904 est
1669 3897 1679 3913 ,
1697 3872 1803 3904 ibidem
1816 3873 1847 3903 in
1860 3871 1964 3903 eodem
1980 3868 2114 3908 obsequio
2128 3878 2304 3909 moraturus,
2320 3873 2374 3899 An.
2393 3881 2435 3899 ιι.

1287 3913 1403 3951 Habet,
1422 3911 1482 3947 &c-
1498 3912 1630 3951 utfitpra.
2318 3912 2354 3937 Η.
2370 3910 2397 3936 6.

1289 3950 1380 3983 Teste
1393 3958 1424 3982 ut
1439 3951 1526 3988 supra.
2350 3946 2415 3976 lbrl.

1724 3990 1779 4019 Per
1797 3984 1900 4018 Billam
1917 3984 1949 4015 de
1965 3985 2083 4017 Privato
2100 3983 2202 4024 sigillo.⁴

2253 4074 2309 4105 Pro
