2546 4279
155 157 207 195 m

9 225 86 258 Ann.
100 225 140 258 D.
193 230 239 260 Ac
256 227 357 259 deinde
372 228 461 259 Anno
473 228 489 257 ὲ
508 226 666 258 Nativitate
686 227 812 256 Domini
830 225 1005 263 Millesimo,
1023 224 1223 266 Quadringen-

32 274 115 304 1401·
155 269 256 300 tesimo
271 269 371 306 tertio,
390 267 448 297 Die
463 267 623 296 Dominica
640 266 747 304 Qarta
761 265 825 303 post
842 265 959 296 Festum
972 264 1105 303 Paschae,
1124 267 1228 296 eodem

11 309 77 333 Hm.
93 315 123 340 4-
160 308 249 338 Auiio
263 330 273 345 ,
293 307 347 344 qua
370 316 421 344 pro
447 305 563 335 introitu
587 304 686 334 Miffae
708 304 866 334 cantabitur
891 304 982 335 CAN
994 312 1077 335 τΑτ
1092 313 1109 333 Ε
1126 326 1135 341 ‚
1161 303 1230 334 Sex-

159 345 255 376 decim
278 345 362 375 Milia
384 343 538 374 Nobilium
554 343 663 380 cunei,
685 352 718 372 ac
739 342 855 382 valoris,
873 344 907 375 &
930 342 1060 381 ponderis
1075 342 1229 380 praedieto-

155 393 220 414 rum

199 405 354 452 R'esiduum
368 422 439 451 vero
454 419 551 449 Dietae
566 418 696 449 Summae
719 419 916 458 Qiadraginta
940 418 1057 449 Milium
1071 419 1230 449 Nobilium

187 460 336 496 videlicet)
357 459 426 489 octo
449 456 532 487 Milia
555 457 715 488 Nobilium
731 481 740 497 ,
758 462 786 488 in
811 458 897 488 Festo
923 458 1022 488 Sancti
1048 457 1184 494 Martini,
1203 457 1234 485 in

190 497 265 529 sense
281 496 480 533 Novembris,
498 496 588 526 Anno
603 495 731 526 Domini
747 496 922 535 Millesimo,
940 496 1232 534 Quadringentesimo

161 536 194 567 T
194 537 266 567 ertio
281 536 411 574 proxime.
427 542 495 564 tunc
512 534 623 572 futuro,

201 576 289 605 Prout
304 575 366 603 haec
382 574 479 603 omnia
494 573 524 602 in
539 573 636 610 Actis,
654 573 760 610 Faetis,
779 572 892 611 Gestis,
910 574 944 604 &
959 571 1169 610 concordatis,
1188 573 1230 602 iri-

161 621 203 644 ter
220 613 415 643 Procuratores
431 612 464 642 &
479 610 701 642 commissarios
725 611 883 642 Dictorum
901 610 1100 641 Domitiorum
1120 611 1235 649 Regum

160 661 194 681 ac
216 651 385 680 Liberorum
407 649 522 680 suorum
546 650 769 688 praescriptorum
784 651 813 679 in
829 650 883 680 hac
896 658 972 687 parte
991 649 1107 688 habitis,
1125 648 1235 687 plenius

162 698 292 757 apparere
312 689 434 727 poterint
448 687 590 727 Intuenti,

226 736 323 764 erum,

200 764 284 796 Cum
310 765 407 796 Locus
427 765 471 796 seu
497 765 577 796 Loca
594 789 603 803 ,
624 767 654 796 in
678 775 738 803 quo
760 765 805 796 seu
821 766 922 805 quibus
937 765 1064 795 Summae
1084 764 1237 795 Sexdecim

163 803 283 834 Milium
298 804 454 834 Nobilium
471 826 480 842 ,
499 805 531 834 &
549 804 630 834 Octo
648 804 765 834 Milium
783 805 925 834 nobilium
941 827 950 841 ,
969 804 1090 841 superius
1107 804 1235 842 proxime

163 843 347 881 conscriptae,
367 843 437 874 solvi
450 843 601 881 debererit,
617 843 764 874 nullatinus
777 842 953 881 specificata,
969 842 1125 882 deiignata,
1142 850 1189 873 aut
1203 841 1237 871 li-

165 882 263 950 mita-ata
279 882 400 921 fuerint,

237 930 269 950 os

202 943 352 988 Nich’olaus
367 958 523 989 Burchman
539 957 732 989 Decretorum
749 957 868 988 Douor
885 957 1085 988 Thesaurarius
1101 955 1236 986 Ecclefiae

163 996 366 1029 Wormacien.
401 1007 435 1028 ac
454 997 594 1027 Tilmanus
609 1000 640 1027 de
651 996 855 1034 Smallenburgh
871 997 1006 1026 Decanus
1021 995 1151 1024 Ecclesiae
1167 994 1236 1025 Bea-

164 1044 203 1066 tae
226 1035 329 1066 Mariae
357 1036 389 1066 ad
419 1035 532 1066 Gradus
554 1036 706 1066 Colonien.
747 1035 946 1065 Domitiorum
965 1034 1083 1070 Ruperti
1100 1032 1190 1070 Regis
1202 1043 1236 1063 ac

166 1073 322 1143 Lifiioigici
335 1075 392 1112 ejus
407 1074 472 1104 Filii
488 1073 599 1104 senioris
613 1073 834 1112 praedic'torum,

231 1122 242 1143 t
295 1123 327 1143 os

203 1136 362 1181 Wlliehnt’aes
377 1149 503 1191 Esturmy
522 1149 607 1180 Miles
621 1173 630 1187 ,
646 1149 793 1188 Johannes
807 1151 936 1190 Kyngton
952 1149 1084 1180 Clericus
1098 1148 1234 1181 Ecclesiae

164 1188 371 1220 Lincohiiensis
386 1191 565 1225 canonicus,
586 1187 710 1219 Domini
726 1190 837 1218 Henricz'
851 1191 929 1224 Regis
944 1187 1057 1226 Auglrae
1067 1210 1076 1226 ,

201 1228 400 1259 Procuratores
424 1227 556 1265 hincinde
578 1227 747 1263 (videlicet)
769 1228 797 1256 iii
822 1226 987 1256 Crastinum
1012 1227 1086 1256 Festi
1104 1225 1238 1264 Assump-

163 1266 246 1296 tionis
261 1266 364 1296 Mariae
381 1267 500 1305 Virginis
514 1265 611 1295 Almae
623 1267 652 1296 in
669 1265 771 1304 Opido
781 1264 1132 1304 Dordraco‚‘sraje6tenfi
1149 1264 1237 1295 Dioe-

163 1305 241 1343 cese,
260 1315 375 1343 propter
389 1305 446 1334 hoc
462 1304 608 1334 constituti
621 1305 747 1334 invicem
756 1328 765 1343 ,

203 1344 337 1374 Nomine
352 1345 385 1374 &
399 1353 449 1381 pro
466 1351 540 1380 parte
557 1343 637 1380 supra
652 1344 864 1373 nominatorum
888 1342 1089 1373 Dominorum
1105 1342 1239 1381 Regum,

163 1391 197 1411 ac
217 1382 382 1419 Ludowici,
404 1381 570 1412 nominibus
586 1382 619 1411 &
632 1382 733 1419 vigore
749 1381 1029 1420 Procuratoriorum,
1048 1381 1094 1411 seu
1111 1380 1237 1411 Manda-

164 1428 261 1450 toz‘um
277 1421 310 1452 ad
329 1421 386 1451 hoc
400 1421 480 1450 nobis
493 1419 650 1458 factorum,
668 1431 702 1451 ac
718 1419 920 1450 concessorum
930 1443 940 1458 ‚

201 1457 288 1489 Certa
307 1459 498 1496 descientia,
516 1458 934 1496 CONCORDAVIMUS,
958 1469 992 1490 ac
1008 1458 1252 1497 VoLUMth,

163 1497 196 1527 &
215 1497 482 1528 Conconnsss
509 1496 670 1534 Sumus,
694 1506 776 1535 atque
799 1495 999 1527 Concordiam
1018 1521 1027 1536 ‚
1051 1508 1098 1535 per
1122 1498 1187 1528 Nos
1204 1499 1235 1528 in
1288 1512 1290 1514 v

163 1535 217 1566 hac
235 1545 310 1574 parte
326 1538 390 1567 alias
406 1537 505 1566 initam
515 1558 524 1574 ,
543 1535 593 1565 Ex
604 1545 622 1565 P
633 1545 656 1565 R
668 1545 678 1565 1
690 1544 716 1566 M
726 1545 736 1565 1
746 1544 774 1566 M
784 1544 806 1565 u
818 1545 830 1565 s
840 1558 850 1573 ,
868 1537 946 1573 quod
971 1536 1132 1574 hujuimodi
1147 1536 1236 1566 Sum-

162 1583 220 1604 111ae
240 1576 312 1613 (pro
325 1585 444 1613 quarum
462 1574 611 1605 Solutione
637 1575 732 1604 Locus
753 1583 845 1604 certus
867 1575 999 1604 limitatus
1022 1574 1065 1604 vel
1088 1574 1235 1613 affignatus

160 1613 291 1643 nondum
306 1614 397 1644 existit
414 1622 442 1644 ut
459 1612 622 1650 praefertur)
633 1612 915 1650 scilicet‚Sexdecirn
931 1612 1050 1643 Milium
1067 1613 1234 1652 Nobilium,

159 1651 196 1681 de
216 1654 302 1682 Anno
319 1652 442 1682 Domini
458 1651 612 1681 Milleiimo
628 1651 915 1689 Qiadringentesiiiio
932 1653 1029 1690 tertio,
1049 1651 1108 1682 Die
1125 1651 1233 1682 Domi-

161 1690 227 1721 nica
241 1691 351 1729 Quarti
367 1690 512 1727 praedicsta,
521 1700 574 1727 qua
588 1690 744 1720 cantabitur
762 1699 779 1719 c
789 1699 808 1719 Α
819 1698 841 1720 N
853 1699 876 1720 'r
889 1700 908 1719 A
920 1699 943 1719 T
956 1699 972 1719 E
984 1700 1053 1727 ⁷nec
1068 1700 1128 1720 non
1143 1690 1229 1721 Sutri—

163 1738 211 1758 rna
228 1728 309 1759 Octo
332 1728 453 1759 Milium
480 1728 656 1766 Nobilium,
674 1729 703 1757 in
721 1728 805 1758 Festo
824 1728 922 1758 Saneti
944 1727 1062 1758 Martini
1078 1737 1147 1759 tunc
1163 1740 1231 1767 pro-

161 1768 239 1797 xime
255 1767 399 1806 secuturo,
418 1769 447 1797 in
458 1766 581 1797 Civitate
596 1765 779 1804 Coloniensi,
798 1766 958 1805 Gentibus,
977 1766 1231 1806 Procuratoribus,

161 1806 195 1837 δε
212 1805 385 1844 Attornatis,
406 1806 488 1844 ipsius
503 1805 628 1835 Domini
646 1806 800 1835 Ludowici
817 1828 826 1843 ‚
843 1814 925 1843 prout
940 1807 1135 1845 praemittitur,
1153 1807 1229 1837 diffi-

161 1844 280 1883 cultate,
299 1845 386 1882 dolo,
404 1845 572 1883 fraudeque,
587 1843 716 1881 semotis,
735 1843 942 1881 persolvantur,
960 1843 1010 1874 sub
1027 1843 1128 1874 Modis
1160 1845 1230 1875 Poe-

160 1885 219 1920 nis,
240 1885 274 1915 ὃς
287 1883 532 1920 proniiffionibus,
552 1884 581 1912 iii
599 1882 655 1912 aliis
676 1882 805 1920 Litteris,
823 1892 872 1920 per
896 1882 964 1912 Nos
986 1884 1105 1913 nomine
1122 1867 1232 1914 Domi-

162 1931 266 1952 norum
281 1922 442 1952 nostrorum
457 1922 532 1959 prius
545 1920 738 1951 Coiicordatis
752 1923 785 1952 ὅ(
799 1921 934 1959 Sigillatis.

199 1961 218 1978 *
235 1960 290 1998 Et,
310 1962 340 1990 in
353 1960 568 1990 Testimonium
584 1960 749 1989 concordia:
763 1959 923 1998 praedictae,
944 1960 977 1991 δε
987 1958 1146 1991 firmitatem
1156 1960 1234 1991 Prae-

164 1997 332 2037 missorum,
353 1999 435 2037 sigilla
451 1999 544 2029 nostra
559 1997 743 2029 Praesentibus
757 1999 886 2028 duximus
901 1999 1087 2037 apponenda,

198 2037 307 2067 Datum
321 2039 456 2067 Dor-draci
477 2037 624 2074 praedic'ti,
642 2038 729 2067 Anno
747 2035 873 2067 Domini
895 2037 1066 2075 Millelimo,
1087 2037 1234 2076 Quadrin-

163 2076 317 2115 gentesima
333 2075 455 2115 Primo,
472 2078 518 2106 die
533 2076 580 2107 xvi
597 2074 704 2106 Mensis
719 2074 847 2115 Augusti.

21 1953 40 1974 ἱ
57 1953 140 1980 VIII.

50 2001 116 2020 222.

511 2205 571 2236 Pro
595 2202 731 2248 Fpistopo
754 2199 920 2247 Affaveefi.

166 2288 293 2343 REX
306 2289 479 2337 Omnibus,
497 2286 532 2318 ad
549 2298 640 2326 quos,
656 2289 717 2319 &c
737 2287 870 2318 Salutem.

264 2330 364 2360 Sciatis
380 2327 473 2366 quod,

15 2295 93 2329 Arm.
105 2295 145 2327 D.

35 2346 121 2375 1401.

12 2379 66 2403 An.
86 2386 112 2404 2.
201 2367 283 2398 Cum
293 2390 303 2406 ,
321 2376 351 2397 ut
367 2367 548 2404 accepimus,
566 2363 758 2396 Sanetiffimus
773 2365 803 2394 in
815 2363 912 2393 Cristo
925 2362 1009 2394 Pater
1028 2365 1105 2401 Papa
1124 2363 1237 2394 Moder-

12 2419 109 2481 {22:42-
164 2417 253 2475 ⁷¹qu
275 2444 459 2475 reverentiam
483 2441 606 2472 nostram
624 2464 634 2480 ,
651 2442 685 2472 &
705 2440 926 2472 consideratione
951 2440 1110 2470 Literarum
1125 2439 1238 2471 nostra-

164 2493 227 2514 rum
236 2506 246 2522 ,
264 2483 313 2512 fibi
327 2492 416 2520 nuper
429 2481 618 2518 direfflrum,

200 2522 246 2553 Ac
259 2522 343 2552 etiam
365 2521 398 2551 ea
414 2520 637 2550 consideratione
657 2517 737 2557 quod
754 2517 878 2548 Ecclesia
894 2515 1050 2546 Assavensis
1062 2538 1072 2553 ,
1089 2516 1238 2558 occasione

164 2560 337 2591 Guerrarum
353 2560 385 2590 &
402 2558 635 2599 Tribulationum
645 2579 655 2593 ‚
673 2566 735 2596 quae
751 2566 837 2595 nuper
852 2556 882 2585 in
895 2554 1025 2584 Partibus
1040 2555 1090 2584 illis
1106 2558 1235 2592 suerunt,

163 2598 358 2636 multipliciter
375 2597 587 2634 Dampnincata
601 2595 692 2624 existit
703 2617 713 2632 ,

201 2637 366 2676 Qiodque,
384 2636 416 2666 ea
430 2634 580 2665 occalione
590 2657 600 2672 ,
617 2632 805 2663 Reverendus
818 2631 900 2662 Pater
915 2630 1077 2669 Johannes,
1095 2631 1236 2669 Episcopus

162 2674 213 2706 Ioci
222 2675 367 2714 praeditfi‘i‚
386 2674 494 2704 Statum
510 2672 587 2702 suum
603 2671 798 2709 Episcopalem
821 2670 857 2700 de
880 2669 902 2699 F
905 2670 1030 2700 ructibus
1045 2671 1079 2700 &
1097 2668 1237 2699 Pi‘oficuis

164 2713 301 2745 Ecclesiae
325 2714 378 2744 suc
403 2712 549 2750 praedidtae
566 2734 575 2749 ,
602 2719 685 2748 prout
706 2709 851 2740 retroatstis
873 2709 1047 2746 temporibus
1070 2707 1236 2746 consuevit,

163 2752 323 2783 honorifice
339 2760 517 2781 manutenere
531 2760 591 2780 non
607 2747 697 2786 potest
707 2771 717 2785 ,
920 2786 924 2790 .
970 2786 975 2791 .

201 2791 250 2822 De
274 2790 373 2821 Gritia
394 2789 439 2820 sua
461 2789 569 2826 speciali
586 2787 753 2818 concesserit
766 2787 798 2817 ὃς
815 2784 996 2827 commiserit
1004 2784 1178 2827 Potestatem
1194 2784 1235 2815 E-

162 2830 302 2868 piscopis,
317 2827 533 2865 Herefordensi,
551 2826 740 2857 Vulteraneiiii
757 2847 766 2862 ,
786 2826 819 2856 &
834 2824 1013 2862 Bangorenii,
1029 2824 1108 2861 quod
1125 2824 1175 2861 ipii
1189 2823 1234 2854 seu

165 2879 265 2899 corum
282 2868 377 2905 aliquis
400 2865 556 2896 Ecclesiam
581 2864 776 2895 parochialem
800 2863 845 2905 de⁴
858 2862 980 2904 Meyvot
995 2884 1005 2899 ,
1024 2872 1093 2892 cum
1108 2862 1234 2905 Capellis

164 2908 201 2937 de
218 2907 286 2936 Pole
299 2907 332 2936 δε
352 2905 493 2942 Kegitva,
509 2905 538 2933 iri
553 2902 689 2933 Dioecese
705 2902 848 2933 Affavenii
864 2924 873 2938 ,
894 2904 1009 2938 praetato
1026 2900 1148 2939 johanni
1165 2900 1232 2938 Epi—

163 2947 253 2983 scopo
269 2944 426 2975 concedere
441 2942 544 2981 possint
559 2942 604 2972 seu
614 2940 697 2979 possit
712 2943 740 2971 iii
758 2939 943 2982 Coxiieiidani
963 2961 972 2977 ,
1043 2977 1048 2981 ¹
1085 2977 1089 2982 .
1215 2978 1220 2982 ¹

201 2983 343 3014 Habendo
362 2982 519 3012 Ecclesiam
542 2981 706 3017 praedictam
727 2989 795 3009 cum
819 2977 942 3015 Cape-llis
963 2976 1103 3019 praedic‘tffi
1116 2999 1126 3014 ,
1147 2977 1180 3007 &
1196 2987 1234 3007 eis

163 3022 333 3060 gaudendo,
354 3021 408 3051 tina
431 3029 499 3050 cum
516 3018 666 3049 Fructibus
681 3019 713 3049 &
731 3016 865 3047 proficuis
889 3016 1112 3054 quibuicumque
1129 3015 1232 3059 eisdem

161 3058 508 3099 spectantibus,quamdiu
526 3057 601 3087 idem
612 3056 755 3095 Joliaiiiies
771 3055 924 3092 Episcopus
941 3054 1072 3088 (durante
1088 3052 1155 3083 Vita
1172 3052 1229 3091 sua)

162 3099 320 3137 Episcopus
341 3098 425 3128 dicta:
447 3095 581 3126 Eccleiiae
602 3094 755 3125 Affavensis
769 3094 889 3124 extiterit
906 3115 915 3130 ,
934 3091 1122 3134 supportando
1137 3091 1233 3122 Onera

164 3138 266 3168 eisdem
288 3136 422 3167 Ecclei‘iae
439 3136 471 3166 δε
489 3134 611 3171 Capellis
633 3133 826 3164 incumbenti-a
841 3154 850 3169 ,
868 3140 949 3168 prout
970 3132 999 3160 'in
1021 3129 1100 3160 Bullis
1125 3130 1233 3168 praefati

164 3175 340 3208 Sanfflssimi
357 3175 460 3212 Patris,
478 3172 545 3203 inde
558 3171 717 3209 confectis,
733 3170 841 3208 plenius
857 3171 1034 3212 continetur,
1183 3208 1187 3212 .
1224 3207 1230 3212 ⁸

203 3214 285 3252 Nos,
303 3214 337 3243 de
357 3212 458 3242 Gratia
475 3210 567 3241 nostra
585 3211 693 3248 speciali
710 3233 719 3247 ,
744 3210 776 3239 ὃ(
794 3208 828 3238 ad
846 3207 1087 3244 Supplicationem
1104 3206 1232 3244 pi'aediftl

159 3253 299 3291 Johannis
318 3251 478 3289 Episcopi,
496 3248 696 3279 Conceilimus
712 3249 745 3279 δε
766 3247 924 3277 Licentiaiii
950 3245 1091 3287 Dedimus
1115 3244 1233 3282 prtefatis

162 3291 327 3328 Episcopis,
345 3287 564 3325 Herefordensi,
584 3286 774 3317 Vulteranciisi
789 3308 799 3323 ,
818 3287 851 3316 δε
870 3284 1053 3320 Bangorenli,
1072 3284 1150 3321 quod
1165 3284 1231 3321 ipsi,

162 3330 209 3360 seu
227 3338 326 3359 eorum
343 3328 438 3365 aliquis
451 3350 461 3365 ,
479 3326 566 3357 dietas
584 3325 672 3356 Bullas
693 3325 793 3362 exequi
812 3331 944 3360 poterunt
964 3344 972 3358 ‚
988 3322 1033 3365 seu
1052 3323 1153 3358 poterit
1169 3344 1178 3359 ,
1198 3322 1231 3351 ὃς

163 3368 260 3399 eidem
280 3365 424 3404 Episcopo
442 3364 521 3403 quod
540 3364 596 3402 ipse
613 3364 720 3393 dist-am
741 3363 869 3392 Gratiam
890 3360 1087 3398 Apostolicam
1105 3383 1114 3398 ,
1135 3360 1232 3389 secun-

164 3407 236 3437 dum
254 3404 379 3435 formam
397 3404 430 3434 δε
450 3402 587 3433 effestum
607 3401 771 3432 earumdem
793 3399 932 3430 Bullarum
950 3421 960 3436 ,
988 3407 1133 3434 acceptare
1149 3399 1183 3429 ὃ(
1201 3398 1234 3428 ea

164 3446 205 3476 uti
224 3444 349 3483 poterit,
373 3441 474 3480 absque
500 3439 604 3471 offensa
622 3440 736 3477 alicujus
754 3438 854 3469 Statuti
869 3437 964 3474 Regni
981 3436 1072 3467 nostri
1090 3438 1234 3466 incurren-

163 3483 209 3518 da.

207 3521 241 3554 In
259 3521 357 3557 cu'us‚
374 3519 436 3550 &c.
939 3553 944 3558 ἡ
1094 3553 1099 3557 ¹

237 3560 297 3590 Tei
310 3569 326 3590 e
344 3557 423 3597 Rege
438 3555 512 3595 apud
528 3553 785 3595 Wstmonasterium
799 3577 809 3591 ,
829 3562 897 3590 xxiij
917 3551 962 3582 die
979 3550 1112 3589 Augusti.

14 2495 50 2519 H.
66 2496 127 2527 4.p.

15 2539 145 2566 4,m.i3-

776 3631 830 3659 Per
847 3631 939 3658 Breve
954 3628 985 3657 de
1000 3630 1122 3658 Privato
1135 3627 1233 3665 sigillo.

166 3769 214 3800 De
241 3767 380 3811 Potestate
402 3765 556 3815 prestandi
573 3768 772 3798 Sacramenta
785 3774 839 3808 pro
863 3764 962 3809 Rege,
988 3765 1019 3794 in
1038 3762 1163 3794 Ducam
1184 3764 1235 3795 A·

541 3817 697 3860 quisaniae,
723 3811 868 3854 confiteta.

23 3866 151 3944 pango?
169 3899 294 3954 REX
307 3899 474 3946 'O-mriibus,
491 3900 525 3930 ad
541 3907 631 3937 quos,
649 3898 709 3929 διε.
728 3895 865 3940 Salutem.
985 3933 989 3938 ⁵
1170 3933 1175 3939 .

20 3949 75 3974 An.
93 3955 119 3971 2.
265 3939 362 3968 §critis
382 3939 459 3976 quod
481 3937 681 3968 Conceisimus
694 3958 703 3973 ,
728 3933 834 3964 diletfto
858 3933 892 3963 &
918 3931 991 3962 fideli
1011 3931 1234 3968 Consanguineo

22 3988 58 4011 H.
76 3994 104 4018 4.
172 3976 288 4014 nostro,
308 3976 450 4005 Edwardo
474 3979 571 4005 Comiti
588 3973 775 4016 Ruttelandg'ae
795 3973 829 4002 &
848 3971 883 4000 de
903 3969 1004 4008 Cork,
1032 3968 1147 4000 Locum
1173 3972 1235 4001 nos-

22 4022 90 4057 12zsc.
107 4031 133 4048 2.
161 4025 234 4049 trum
254 4016 358 4044 teneiizi
379 4015 407 4043 iii
427 4013 544 4044 Ducatu
564 4013 663 4043 nostro
676 4008 1057 4052 Aquitanmaeffotestatem
1076 4010 1234 4052 generalem

22 4064 57 4086 H.
76 4070 106 4094 4-
154 4058 187 4091 ὃς
205 4052 375 4087 Mindarum
392 4052 508 4090 speciale
526 4052 560 4082 ad
575 4051 751 4090 jurandum,
768 4049 801 4081 δε
820 4047 1032 4080 Sacramentum
1050 4057 1080 4079 m
1096 4047 1233 4079 Animam

21 4106 57 4127 77).
78 4106 110 4132 7·

646 133 1912 195 CONVENTIONEQIATERAE‚

2358 231 2436 264 Ann.
2451 232 2496 267 D,

1288 265 1428 335 llsnsil'atis
1446 268 1653 309 Ecclesiarum,
1669 270 1825 308 Capitulis,
1843 269 2000 310 Collegiis,
2015 273 2048 302 &
2069 272 2127 302 aliis
2147 271 2273 302 Personis
2287 271 2344 304 Ec·
2379 281 2469 310 1401.

1270 315 1313 335 ce
1326 316 1351 335 ia
1377 315 1427 336 icis
2359 315 2422 341 Heu.
2460 330 2468 341 .

1310 344 1356 387 Ac
1373 329 1462 387 ‚etiain
1484 344 1650 377 Comitibus
1666 368 1675 384 ,
1696 347 1927 377 Vicecomitibus
1939 370 1949 385 ,
1972 346 2125 378 Batonibus
2142 371 2152 386 ,
2182 348 2345 388 Militibus,
2439 320 2458 345 4

1271 381 1449 421 Nobilibus,
1469 383 1639 423 Generosis,
1657 384 1856 423 Dominis,&
1874 386 2054 416 Tenentibus
2067 387 2240 426 Terrarum,

1295 420 1355 463 'Ac
1369 420 1651 464 Communitatibus,
1671 423 1907 454 Universitatibus
1917 447 1927 462 ,
1945 423 2112 454 Castellanis
2122 448 2130 462 ,
2146 425 2272 465 Ballivis,
2286 426 2345 457 Ca-

1273 459 1581 503 pitaneis,-Praeposiiis
1595 485 1604 500 ,
1625 461 1786 499 Majoribus
1801 484 1811 499 ,
1825 462 1926 500 Juratis
1942 485 1951 500 ,
1971 461 2220 494 Gubernator-ibus
2235 465 2346 496 Civita-

1272 505 1373 565 35:113]
1378 496 1518 528 Villarum
1530 522 1541 538 ,
1560 500 1708 530 Locorum
1723 523 1733 539 ,
1751 499 1938 539 Castrorum,
1955 500 2168 531 Fortalitiorurn
2178 525 2188 540 ,
2206 503 2239 533 &
2259 503 2348 534 Basti-

1298 574 1357 620 nAc
1382 559 1516 619 bmnibus
1539 576 1598 606 aliis
1618 576 1717 620 Ligeis
1731 576 1903 619 &Subditis
1918 576 2016 608 nostris
2036 578 2257 617 (cujuscumque
2273 579 2347 610 Gra-

1274 611 1345 650 dus,
1363 612 1408 644 seu
1430 614 1603 644 conditionis
1624 614 1744 652 fuerint)
1766 624 1795 644 in
1818 616 1898 646 dieto
1918 616 2036 647 Ducatu
2057 616 2154 647 nostro
2176 619 2208 649 &
2233 620 2261 648 iii
2279 628 2346 657 qua-

1274 661 1402 689 cumque
1415 661 1492 689 parte
1508 652 1630 690 ejusdem
1644 653 1821 683 existentibus
1829 677 1839 692 ,
2212 675 2215 677 -

1311 690 1499 729 Qiibus‚per
1508 691 1571 721 Nos
1585 691 1630 722 seu
1645 701 1695 729 per
1706 691 2012 729 alios,Sacramentum
2027 694 2057 724 in
2074 694 2211 725 Animam
2220 695 2346 726 nostram

1274 726 1418 767 hucusque
1432 729 1588 767 praestitum
1603 740 1663 760 non
1679 729 1787 767 existit,

1314 766 1409 804 Quod
1423 768 1490 798 Nos
1506 770 1612 799 erimus
1627 770 1720 799 botius
1736 769 1768 799 &
1784 768 1876 807 legalis
1890 769 2054 810 Dominus,

1310 804 1352 847 ¹Et
1376 807 1456 844 quod
1481 807 1550 838 Nos
1576 807 1648 845 ipsos
1671 809 1704 839 &
1729 816 1828 837 eorum
1850 809 2003 844 quemlibet
2024 811 2060 840 de
2077 811 2160 841 omni
2182 810 2288 849 Injuria
2309 811 2342 842 &

1276 841 1436 884 Violentia,
1454 845 1489 875 de
1509 846 1608 876 Nobis
1625 846 1670 876 seu
1688 846 1723 876 de
1740 846 1817 883 aliis,
1837 855 1889 882 pro
1910 846 1988 883 poffe
2005 848 2104 879 nostro
2123 849 2325 887 custodiemus,

1313 882 1359 912 Ac
1382 884 1421 914 eis
1442 884 1651 915 observabimus
1665 885 1840 922 Libertates,
1859 883 2024 929 Privilegia,
2043 886 2216 918 Franchesias
2253 888 2343 918 Statu-

1273 927 1298 949 ta
1314 943 1324 958 ,
1340 920 1490 952 Custumas
1504 945 1514 960 ,
1530 922 1752 966 Consuetudines
1768 946 1777 961 ,
1802 923 1834 953 ὃ(
1852 922 2047 954 Observantias
2062 947 2071 963 ,
2091 935 2154 962 quae
2175 925 2194 944 ³¹²
2215 911 2344 963 Subditi,
2360 931 2486 967 *νῐῐωῖ

1275 957 1403 998 Incolae,
1421 962 1454 991 ὃ(
1469 961 1659 992 inhabitantes
1674 960 1805 993 Ducatfis
1820 961 1906 991 nostri
1922 963 2051 999 praedicti
2069 972 2198 1001 ternpore
2218 965 2341 1002 praeteri-
2362 981 2425 1008 2²3·

1274 1005 1306 1026 to
1322 997 1493 1038 habuerunt,
1509 1000 1542 1030 &
1560 1001 1590 1029 in
1608 1001 1711 1038 quibus
1725 1000 1775 1037 ipfi
1789 1000 1981 1039 perstiterunt,

1312 1034 1347 1065 Et
1368 1046 1416 1073 per
1439 1037 1635 1077 Progenitores
1659 1039 1692 1068 ὅ(
1715 1039 1936 1070 Praedecessores
1960 1038 2071 1070 nostros
2094 1040 2122 1070 in
2145 1050 2244 1071 eorum
2267 1041 2345 1072 nova

1274 1072 1457 1141 ¹Receptione
1475 1076 1508 1106 &
1525 1075 1692 1114 Adoptione
1706 1077 1889 1107 Poi'ieflionis
1904 1077 2034 1109 Ducatfis
2046 1079 2256 1119 praediffisseri
2272 1090 2344 1110 con-

1286 1122 1379 1151 ueVit,

1315 1151 1360 1182 Ac
1375 1153 1462 1183 etiam
1476 1152 1511 1183 ad
1523 1152 1699 1192 jurandum,
1717 1154 1747 1184 in
1766 1153 1903 1184 Animam
1921 1154 2062 1194 nostram,
2080 1157 2176 1187 omnia
2191 1157 2224 1187 &
2238 1156 2344 1193 singula

1276 1188 1406 1233 Capitula
1447 1201 1496 1229 per
1516 1191 1715 1229 Progenitores
1733 1192 1766 1223 ὃς
1784 1190 2005 1223 Praedeceffores
2022 1194 2146 1233 nostros,
2163 1195 2261 1233 Reges
2281 1197 2342 1225 An-

1275 1228 1341 1272 glite
1355 1232 1388 1259 ὃς
1441 1240 1504 1261 uces
1525 1230 1686 1270 Aquitaniae
1737 1232 1767 1261 in
1785 1241 1883 1261 eorum
1898 1240 1974 1261 nova
1990 1230 2171 1269 Receptione
2188 1235 2221 1265 ὃς
2243 1234 2343 1272 Adop-

1278 1275 1358 1336 tiolne
1370 1267 1547 1338 pqffeffiggnis
1562 1269 1686 1307 ejusdem
1700 1253 1847 1308 Ducatfis,
1860 1269 1947 1307 jurati
1963 1270 2097 1301 consueti.

1331 1316 1349 1335 ii
1367 1317 1404 1337 cu
1417 1318 1447 1338 us
1517 1317 1542 1337 c.

1350 1317 1418 1376 DatJ.
1453 1330 1488 1376 ³in
1503 1345 1615 1376 Palatio
1626 1349 1704 1386 Regis
1722 1345 1831 1386 Wstm.
1849 1347 1942 1386 xxviij.
1961 1346 2006 1378 die
2023 1346 2154 1385 Augusti.

1266 226 1393 259 nostram
1413 228 1762 269 praestandum,omnibus
1779 232 1813 262 ὅ(
1831 231 1945 269 fingulis
1963 228 2105 263 Fidelibus
2123 229 2238 271 nostris,

1847 1425 1901 1454 Per
1918 1426 2011 1454 Breve
2024 1423 2057 1454 de
2071 1426 2192 1454 Privato
2204 1424 2304 1464 Sigillo.

1715 1510 1779 1517 *0⁴*

1272 1558 1321 1591 De
1339 1558 1558 1606 Attemptasis‚
1582 1568 1684 1592 contra
1696 1560 1830 1606 Treugas
1851 1562 1882 1591 in
1900 1559 2093 1604 Aquitania,
2120 1558 2341 1604 Reformandis,

1539 1611 1576 1647 ῤ’
1600 1607 1636 1640 de
1657 1606 1871 1641 Moderatione
1894 1610 2088 1641 Patiriorum.

1272 1691 1358 1747 RE
1368 1691 1400 1724 X
1416 1692 1582 1732 Omnibus,
1598 1693 1633 1724 ad
1649 1702 1736 1732 quOS,
1752 1694 1815 1725 ἃς.
1832 1692 1964 1725 Salutem.

1369 1732 1469 1762 Sciatis
1487 1731 1586 1770 quod,

1307 1770 1392 1801 Licet
1414 1771 1486 1801 inter
1501 1793 1511 1808 ,
1538 1771 1655 1802 celebris
1679 1772 1829 1802 memori-„e
1844 1794 1853 1809 ‚
1879 1769 2063 1801 Carissimum
2084 1770 2338 1813 Constinguineum
2375 1771 2462 1802 1401·

1270 1809 1419 1847 nostrum,
1437 1808 1621 1848 Richardum,
1638 1819 1727 1847 nuper
1740 1812 1836 1847 Regem
1853 1809 1959 1847 Angliae
1978 1809 2016 1844 <ly
2028 1813 2151 1841 Franciae
2164 1821 2199 1842 ex
2214 1812 2286 1850 una,
2304 1812 2337 1843 &
2353 1804 2407 1829 Aa.
2425 1811 2451 1828 ²·

1270 1847 1395 1878 carolum
1415 1846 1644 1886 consanguineum
1669 1846 1788 1887 nostrum
1811 1852 1930 1878 Franciae
1943 1857 1977 1879 ex
1993 1848 2076 1880 altera
2092 1858 2167 1887 parte
2182 1873 2192 1888 ,
2211 1849 2338 1888 Treugae
2352 1844 2386 1867 H.
2401 1850 2431 1876 4·

1269 1896 1357 1924 nuper
1371 1887 1448 1917 initae
1467 1886 1568 1918 fuerint
1582 1888 1616 1918 &
1631 1885 1760 1925 firmatae,
2355 1879 2419 1914 ¹‘ass-
2436 1888 2463 1906 2·

1315 1926 1396 1964 Quas
1414 1925 1490 1955 idem
1513 1924 1748 1965 Consanguineus
1768 1923 1864 1956 noster
1889 1925 2014 1956 Franciae
2034 1926 2068 1956 &
2087 1925 2156 1957 Nos
2179 1927 2339 1965 acceptavi·
2353 1921 2474 1953 H·4·''’·.

1272 1974 1335 2033 }nu{
1350 1964 1383 1994 &
1402 1963 1619 2004 approbavimus
1632 1986 1642 2002 ,
1660 1974 1708 2002 per
1727 1962 1834 1995 Literas
1851 1963 1959 1995 nostras
1976 1963 2106 1996 Patentes
2123 1965 2256 1997 hincinde
2270 1976 2342 1997 con·
2354 1955 2383 1983 ⁶·

1285 2007 1320 2033 ec
1333 2013 1360 2033 as

1310 2026 1446 2072 Prae'fatus
1466 2048 1562 2072 tamen
1576 2039 1811 2081 Consanguineus
1829 2039 1925 2072 noster
1939 2040 1964 2072 F
1964 2042 2068 2072 ranciae
2082 2065 2093 2080 ,
2113 2040 2178 2080 post
2193 2042 2227 2074 &
2243 2052 2344 2075 contra

1273 2081 1405 2118 Treugas
1412 2079 1521 2110 easdem
1531 2102 1541 2118 ,
1549 2089 1640 2110 unum
1651 2080 1687 2110 de
1701 2079 1827 2111 Subditis
1835 2079 1885 2110 suis
1892 2083 1922 2109 in
1931 2083 2034 2110 Ducem
2041 2083 2208 2121 Aquitaniae
2223 2086 2346 2112 nomina-

1275 2124 1321 2149 vit
1330 2119 1367 2154 ὠ·
1376 2122 1485 2149 creavit
1494 2141 1505 2157 ,
1518 2119 1547 2148 iri
1555 2117 1701 2149 Nostri&
1711 2116 1913 2149 Successorum
1922 2118 2087 2151 nostrorum
2103 2119 2222 2157 Regum
2230 2145 2239 2159 .,
2248 2128 2347 2159 utpote

1275 2157 1399 2190 Ducum
1415 2158 1574 2198 Aquitaniae
1583 2179 1594 2195 ,
1611 2157 1867 2189 exhaeredationem
1880 2158 2024 2188 notoriam
2038 2160 2072 2190 &
2087 2158 2281 2198 manifestam,

1313 2198 1358 2228 Ac
1367 2221 1377 2237 ,
1394 2206 1544 2236 praeterea,
1562 2195 1629 2226 Pars
1643 2196 1769 2233 eiusdem
1778 2195 1990 2236 Consanguinei
2008 2196 2099 2227 nostri
2112 2196 2236 2228 Franciae
2250 2197 2347 2228 Archi-

1276 2235 1386 2266 baldum
1400 2234 1508 2275 Greylly
1521 2258 1532 2274 ,
1551 2233 1710 2273 Capitalem
1728 2234 1783 2266 five
1797 2233 1985 2272 Capitaiieum
2001 2235 2037 2266 de
2051 2235 2076 2266 la
2093 2234 2206 2275 Buche,

1315 2276 1378 2343 Qlii
1394 2274 1500 2305 Homo
1523 2273 1618 2304 noster
1640 2273 1748 2312 Ligeus
1771 2272 1812 2304 est
1826 2273 1859 2303 &
1873 2273 1930 2305 esse
1943 2273 2077 2312 deberet,
2095 2283 2180 2312 prout
2195 2283 2296 2305 omnes
2312 2273 2347 2305 &

1277 2313 1377 2353 singui
1403 2311 1600 2344 Anteceffores
1616 2312 1656 2344 sui
1670 2336 1680 2352 ,
1706 2311 1846 2350 Capitales
1870 2312 1915 2342 seu
1944 2311 2093 2351 Capitanei
2117 2312 2155 2342 de
2179 2312 2205 2342 la
2230 2312 2327 2344 Buche
2337 2335 2348 2351 ,

1275 2351 1396 2390 Regum
1417 2351 1552 2390 Angli-ae,
1570 2360 1669 2390 utpote
1688 2350 1810 2382 Ducum
1824 2350 1985 2389 Aquitaniae
2001 2374 2011 2390 ,
2027 2350 2170 2382 Homines
2187 2351 2270 2391 Ligei
2286 2352 2347 2382 fue-

1276 2400 1359 2429 runt,
1377 2402 1393 2421 a
1407 2399 1536 2428 tempore
1551 2393 1629 2429 cujus
1643 2400 1704 2420 nori
1721 2398 1795 2421 extat
1809 2390 1962 2428 memoria,

1315 2429 1440 2460 Nedum
1461 2429 1586 2460 Armata-
1602 2427 1732 2460 Potentia
1747 2451 1756 2467 ‚
1781 2438 1880 2459 verum
1904 2429 1990 2458 etiam
2012 2437 2061 2466 per
2083 2427 2201 2458 Metum
2224 2427 2345 2466 Mortis,

1276 2468 1420 2506 compulit
1436 2475 1467 2498 ut
1483 2467 1508 2497 se
1525 2467 1616 2508 ipsum
1631 2467 1664 2498 &
1681 2467 1768 2497 Filios
1784 2467 1843 2505 ejus
1856 2477 1871 2497 a
1887 2466 2032 2503 Ligeantia
2044 2464 2212 2502 fita,Nobis
2226 2467 2260 2497 ὅ(
2275 2465 2347 2496 Suc-

1276 2507 1430 2537 cefforibus
1444 2505 1544 2536 nostris
1558 2529 1568 2544 ,
1585 2514 1683 2544 utpote
1699 2504 1826 2543 Regibus
1840 2504 1953 2540 Angliae
1973 2504 1983 2537 (
1991 2510 2021 2532 ut
2036 2503 2230 2542 praemittitur)
2250 2503 2346 2535 debita

1275 2546 1399 2575 omnino
1413 2544 1602 2582 subtraheret,
1619 2545 1653 2573 &
1675 2550 1705 2572 ut
1724 2549 1799 2571 certa
1812 2540 1899 2571 Villas
1914 2541 1945 2571 &
1960 2539 2058 2571 Castra
2072 2540 2118 2571 sua
2133 2563 2143 2578 ‚
2161 2541 2231 2572 infra
2245 2541 2345 2572 Duca-

1275 2591 1338 2613 tum
1355 2581 1482 2612 nostrum
1500 2581 1680 2619 Aquitanniae
1701 2578 1862 2615 existentia,
1879 2579 1907 2608 in
1922 2588 2020 2609 manus
2032 2579 2264 2610 Adversarioriim
2279 2581 2342 2611 nos-

1274 2629 1384 2650 trorum
1400 2620 1423 2650 F
1425 2620 1528 2650 ranciae
1542 2617 1655 2649 Sursum
1669 2617 1793 2648 redderet
1809 2640 1818 2655 ,
1841 2626 1940 2647 contra
1954 2626 2083 2648 tenorem
2104 2617 2250 2655 qu‘usdam
2266 2619 2342 2651 Arti-

1275 2659 1332 2689 culi
1348 2660 1376 2689 in
1392 2658 1475 2689 dietis
1491 2656 1619 2696 Treugis
1633 2656 1783 2695 contenti,
1801 2656 1849 2694 qui
1864 2655 1901 2686 sic
1915 2657 2034 2695 incipit,

2357 1721 2431 1754 Ann.
2447 1722 2490 1761 DQ

1311 2735 1356 2767 ΙΤ
1367 2745 1441 2776 EM,
1461 2746 1510 2777 que
1526 2736 1650 2766 durantz
1666 2745 1707 2764 ces
1722 2734 1792 2764 dites
1803 2735 1909 2764 Trieues
1925 2757 1934 2772 ,
1964 2733 2025 2770 &aa

1311 2776 1447 2815 Qiorum
1469 2774 1637 2806 Castrorum
1662 2773 1777 2803 nomina
1799 2772 1998 2811 subsequuntur
2016 2795 2026 2810 ,
2043 2770 2179 2804 Boteville
2195 2797 2205 2812 ‚
2224 2773 2345 2814 Chaies,

1273 2813 1374 2854 Petyt,
1394 2814 1480 2844 Mont
1500 2814 1572 2844 nhac
1579 2836 1591 2852 ,
1605 2813 1631 2844 le
1645 2811 1708 2852 Puy
1722 2811 1759 2842 de
1774 2810 1876 2842 Chales
1889 2835 1899 2851 ,
1917 2821 1982 2850 quae
2004 2812 2065 2843 sunt
2079 2813 2199 2850 parcella
2214 2812 2343 2844 Ducatsis

1271 2853 1358 2882 nostri
1373 2852 1462 2890 praedi
1495 2853 1522 2891 i,

1307 2891 1374 2922 Nos
1392 2892 1493 2930 igitur,

1308 2928 1480 2968 Hujusmodi
1499 2928 1674 2959 Gravamina
1696 2927 1742 2959 seu
1766 2927 1938 2966 Attemptata
1950 2950 1961 2966 ,
1980 2935 2079 2958 contra
2099 2926 2189 2958 dictas
2210 2927 2339 2967 Treugas

1270 2967 1369 2999 Nobis
1384 2968 1472 3005 illata,
1488 2968 1582 2999 debite
1595 2968 1744 2998 reformari
1758 2968 1894 3005 volentes,

1310 3007 1354 3037 Ac
1377 3006 1412 3037 de
1436 3006 1581 3037 Fidelitate
1597 3029 1606 3044 ,
1632 3005 1779 3044 prudentia
1794 3028 1803 3043 ‚
1830 3007 1864 3037 &
1879 3003 2136 3041 circumspectione
2152 3026 2162 3041 ,
2193 3004 2336 3036 Ciriffimi

1271 3044 1480 3085 Consinguinei
1496 3044 1602 3083 nostri,
1618 3045 1758 3074 Edwardi
1772 3047 1881 3074 Comitis
1894 3041 2082 3078 Ronlanum»,
2101 3043 2188 3073 nostri
2205 3044 2335 3074 Locum-

1270 3085 1387 3115 teiientis
1402 3085 1430 3113 iii
1446 3083 1562 3114 Ducatu
1579 3083 1677 3113 nostro
1692 3082 1830 3123 praedi&o
1845 3104 1855 3120 ,
1873 3092 1907 3113 ac
1924 3080 2098 3111 Venerabilis
2114 3080 2203 3112 Patris
2217 3082 2335 3112 Archie-

1263 3120 1363 3161 pist-opi
1378 3121 1601 3161 Burdegalenfis,
1618 3125 1730 3151 Domini
1745 3120 1768 3150 le
1784 3123 1898 3158 Sparre,
1919 3121 2031 3149 Domini
2045 3119 2076 3148 de
2091 3123 2204 3158 Duras,
2223 3123 2337 3152 Domini

1269 3165 1300 3190 de
1317 3161 1531 3199 fllountferant,
1550 3158 1689 3198 Senefialli
1704 3159 1735 3189 de
1749 3159 1893 3196 Laundes,
1911 3156 2037 3187 Abbatis
2049 3157 2080 3187 de
2095 3160 2171 3187 Seint
2185 3162 2283 3197 Sever,
2300 3169 2335 3191 ac

1269 3199 1400 3237 Capitalis
1417 3199 1448 3229 de
1464 3199 1592 3236 Lourde,
1612 3196 1825 3237 Constabularii,
1844 3197 1877 3227 &
1895 3197 2013 3232 Μαίονές
2028 3195 2131 3226 nostrae
2148 3196 2336 3236 Burdegaliae,

1271 3237 1405 3270 ixlaaistri
1418 3237 1551 3274 Pelegrim'
1564 3236 1595 3265 de
1609 3239 1703 3274 Fave,
1721 3235 1754 3265 &
1770 3234 1901 3271 Magistri
1916 3235 2068 3264 Bertrandi
2081 3235 2112 3265 de
2127 3234 2200 3274 Ast,
2220 3235 2335 3274 Legum

1269 3276 1453 3313 Doctorum,
1473 3277 1506 3307 δε
1520 3283 1621 3305 eorum
1638 3274 1805 3312 cujussibet,
1820 3273 1942 3310 plenarie
1955 3272 2141 3312 confidentes,

1305 3314 1380 3352 Ipsos
1396 3314 1582 3351 Duodecim,
1598 3312 1767 3349 Undecim,
1786 3311 1917 3350 Decem,
1935 3312 2074 3350 Novem,
2093 3311 2193 3348 ooo,
2209 3311 2336 3350 Septem,

1272 3353 1343 3388 Sex,
1362 3353 1514 3391 Quinque,
1535 3352 1667 3390 Qiatuor
1680 3374 1690 3389 ,
1706 3352 1739 3383 ὃς
1755 3350 1829 3380 Tres
1843 3360 1944 3380 eorum
1966 3351 1975 3387 (
1987 3360 2108 3388 quorum
2123 3349 2244 3387 aliquem
2260 3360 2333 3387 prae-

1271 3392 1413 3422 distorum
1429 3413 1438 3429 ,
1458 3391 1575 3421 Locum
1599 3389 1729 3420 nostrum
1751 3390 1870 3419 tenentis
1884 3411 1894 3426 ,
1912 3388 2057 3420 Senescalli
2078 3387 2114 3417 de
2138 3387 2281 3426 LaundeS,
2299 3389 2334 3420 ὃς

1273 3429 1481 3461 Constabularii
1496 3428 1664 3467 Burdegaliae
1707 3437 1796 3458 unum
1811 3427 1867 3458 esse
1883 3427 2031 3463 volumus)
2051 3425 2159 3455 nostros
2171 3435 2250 3455 veros
2265 3449 2275 3464 ,
2294 3427 2333 3457 le-

1271 3470 1404 3507 gitimos,
1423 3468 1456 3498 ὃς
1478 3467 1647 3497 indubitatos
1668 3451 1865 3496 Rrocuratores
1880 3488 1890 3504 ,
1907 3465 2105 3503 Negotiorum
2130 3462 2281 3507 Gestores,
2299 3466 2334 3495 &

1272 3508 1305 3538 N
1309 3508 1406 3537 uncios
1424 3505 1553 3543 speciales
1566 3527 1576 3543 ,
1594 3505 1726 3535 Fecimus
1738 3527 1747 3542 ,
1772 3505 1964 3534 ordinavimus
1977 3525 1988 3542 ,
2013 3504 2046 3534 &
2066 3500 2262 3533 constituimus
2285 3513 2335 3541 per

1273 3546 1424 3576 praesentes

1311 3584 1357 3614 Ad
1375 3567 1602 3621 Req'uireiidum,
1621 3590 1674 3618 pro
1692 3580 1793 3611 Nobis
1807 3581 1839 3612 ὃς
1853 3580 1970 3611 nomine
1982 3576 2079 3622 nostro
2095 3600 2104 3615 ,
2122 3576 2232 3608 dietum
2253 3578 2336 3609 Cori-

1271 3624 1452 3660 sanguineum
1475 3620 1603 3650 nostrum
1625 3619 1772 3657 Franciae,
1798 3618 1842 3650 seu
1872 3614 2086 3648 commissarios
2107 3622 2152 3645 aut
2174 3616 2336 3654 Deputatos

1271 3661 1394 3700 ejusdem
1411 3682 1420 3697 ,
1440 3658 1625 3689 sufficientem
1648 3658 1676 3687 in
1697 3668 1729 3688 ea
1752 3666 1829 3695 parte
1850 3654 2018 3686 Potestatem
2041 3654 2191 3693 habentes,
2210 3664 2240 3685 ut
2255 3655 2333 3692 super

1272 3697 1436 3738 praemiiiis,
1452 3696 1672 3727 Gravaminibus
1685 3696 1728 3726 seu
1745 3694 1921 3732 Atternptatis
1936 3715 1946 3730 ,
1962 3693 1996 3724 &
2009 3701 2108 3722 eorum
2122 3692 2232 3736 singulis
2244 3716 2254 3731 ,
2274 3693 2335 3725 Re-

1273 3738 1448 3776 parationem
1472 3737 1506 3767 &
1527 3734 1779 3765 Reformationem
1803 3733 1848 3763 seu
1881 3730 2040 3762 Emendam
2074 3729 2133 3760 fieri
2158 3731 2240 3762 faciat
2264 3741 2334 3762 cori-

1297 3783 1424 3806 ruentem

1274 3787 1294 3814 g
1311 3815 1357 3845 Ac
1371 3797 1451 3850 supe’r
1468 3811 1668 3842 Moderatione
1682 3809 1837 3841 Paetorum
1851 3807 1896 3850 seu
1913 3806 2088 3837 Paticiomm
2102 3804 2172 3837 infra
2189 3805 2336 3839 Ducatum

1273 3853 1403 3884 nostrum
1419 3850 1606 3888 praedictum,
1624 3850 1643 3880 si
1658 3859 1722 3886 quae
1734 3848 1784 3878 sint
1794 3847 1948 3882 excefliva,
1962 3853 1996 3874 ex
2010 3855 2064 3887 una
2080 3844 2100 3863 *
2120 3854 2195 3881 parte
2210 3846 2254 3876 vel
2269 3847 2338 3886 alia,
2349 3859 2368 3879 ιι
2379 3860 2463 3888 VIM,

1272 3890 1428 3922 secundum
1452 3888 1575 3918 formam
1590 3888 1623 3918 δε
1637 3887 1775 3917 εΕΡεᾶυῐῑι
1789 3884 1972 3928 Treugarum
1998 3881 2160 3920 hujusmodi
2186 3883 2335 3922 disponen-
2352 3908 2416 3934 224·

1273 3930 1344 3960 dum
1359 3930 1391 3959 δε
1404 3926 1610 3963 ordinandum,
1628 3925 1786 3955 ordinarive
1799 3922 1980 3959 faciendum,
2035 3959 2040 3964 Π

1312 3966 1461 4002 Verbaque
1474 3966 1591 3994 obscura
1606 3964 1638 3994 &
1653 3961 1792 3993 Clausulas
1807 3961 1949 3999 ambiguas
1958 3960 2002 3996 ,in
2016 3958 2120 4002 eisdem
2128 3958 2250 3997 Treugis
2265 3973 2337 3994 con-

1273 4014 1347 4036 tenta
1358 4027 1368 4042 ,
1382 4003 1416 4033 de
1437 4001 1570 4033 consensu
1592 4001 1680 4034 Partis
1701 3998 1842 4039 adversae,
1860 3998 1882 4030 si
1899 4005 2074 4036 oportuerit,
2091 3996 2289 4031 declarandum
2304 4001 2339 4031 &

1272 4041 1533 4083 interpretandum,
2290 4075 2336 4108 Ac
