2562 4274
725 158 758 198 13
794 159 834 199 Tr
915 157 952 197 il
993 157 1031 196 (3
1069 155 1107 194 'I'
1149 156 1184 195 zi

0 241 73 287 Αὴῃ,
87 249 130 282 D.
146 247 178 280 &
193 246 328 278 Ecclesiae
340 245 372 276 &
395 242 474 274 Fidei
486 241 630 273 fidiss'imus
644 242 819 274 Defensator.

21 297 106 330 1415.

0 335 62 371 tam
79 337 107 365 5·

20 2260 40 2281 ⁸
60 2259 114 2290 IX.

6 2309 72 2335 ²92·

183 286 280 316 ΙΕΤΕ
292 293 318 314 Μ
344 286 480 319 Legamus
492 303 502 318 ,
525 280 687 311 charissimo
712 282 798 311 Fratri
823 278 920 310 nostro
935 301 945 317 ,
967 276 1099 317 Johanm‘
1125 279 1198 307 Duci

147 324 320 363 Bedfordiae,
338 321 460 351 Lectum
474 318 601 349 nostrum
614 319 650 349 de
666 320 748 350 Artas
761 342 771 357 ,
796 325 933 349 vocatum
955 316 980 348 le
996 317 1044 348 Lit
1059 317 1095 347 de
1110 316 1197 354 Fans,

146 373 214 394 cum
230 370 292 392 toto
307 367 445 397 apparatu.

184 401 229 431 lT
240 409 258 430 E
270 407 313 436 M,
331 400 465 433 Legamus
480 395 573 426 eidem
586 393 726 426 cariffimo
741 393 824 424 Fratri
837 392 934 423 nostro
943 415 952 431 ,
969 392 1003 422 ad
1020 392 1122 423 Nostri
1132 391 1199 422 Mc-

148 440 288 474 moriam,
308 435 443 476 Cyphum
459 433 567 464 faritum
582 433 617 464 de
632 434 725 470 Auro,
743 441 791 470 per
807 431 874 462 Nos
887 432 1014 462 oblatum
1036 432 1067 461 in
1079 431 1125 462 die
1146 431 1200 461 Pa-

147 476 264 507 rascevae
274 498 283 512 ,
300 476 335 505 de
350 483 407 512 quo
422 471 545 512 Cypho,
562 472 631 502 dum
645 472 779 509 viximus,
799 471 892 501 bibere
906 470 1066 501 solebamus.

183 513 229 544 Ιτ
239 522 257 543 E
269 521 295 542 Μ
304 536 313 551 ,
330 515 480 549 Legamus,
496 510 640 541 carissimo
655 510 741 540 Fratri
756 509 870 545 nostro,
879 507 1026 546 Humfiido
1040 507 1199 537 DuciGlou-

147 551 245 590 cestrie
262 551 398 581 Rubeum
415 550 544 579 nostrum
561 549 686 579 Lectum
701 547 736 578 de
760 546 878 578 Velveto
894 569 903 584 ,
927 547 1141 576 embraudatum
1164 546 1199 575 de

151 591 270 634 Qercu
285 590 315 619 in
333 587 453 624 Medio,
471 586 623 624 &sparsim
639 594 687 630 per
696 595 790 630 totum
806 585 929 629 Lecium
938 594 1007 615 cum
1023 584 1109 615 Foliis
1119 594 1198 622 quer-

150 635 324 702 ςἻιῗι-ἘΕΜἾΙ
331 624 939 707 Εὲἶυὲιίρέἑῧὲἶέῑῇεέὲέἓξοὲιιιξῑῐῗῑῇἓὲιῶ
947 660 1110 691 nostrorum
1119 660 1200 698 Qa-

155 713 221 736 tuor
237 704 348 743 Equos,
365 702 473 741 anglice
488 700 649 732 Courciers.

186 743 232 774 I'r
243 752 260 773 Ε
270 750 315 780 Μ,
330 744 463 778 Legamus
472 763 482 778 ,
501 738 742 770 Reverendiffimo
757 739 833 770 Patri
849 761 859 776 ,
882 741 997 768 Henrico
1012 734 1201 775 Cautuarienfi

150 779 349 819 Archiepifiopo
362 779 497 826 Rubeum
510 777 945 825 ‘Vestimentum-embraudarum
959 776 995 806 de
1012 775 1131 806 Velveto
1140 798 1149 812 ,
1166 777 1199 805 &-

148 818 328 895 enip’lt'uffMie
334 815 809 894 &ZZZfl1ltxlzeg¹qzvuloArQffiq
823 855 861 882 H.
883 850 1059 889 Wntonienfi
1068 849 1196 894 ‘Episcopo

147 895 299 927 Blodinum
317 895 527 926 Vestimentum
543 894 578 924 de
594 893 713 924 Velveto
726 891 940 923 embraudatum
954 890 988 920 de
997 889 1104 927 Stellis,
1118 898 1200 925 emp-

145 943 210 965 tum
230 935 266 965 ab
287 933 491 964 Executoribus
511 933 616 962 Thomae
647 929 787 961 Aruna'ell
796 954 806 967 ‚
837 928 981 968 quondam
1002 926 1200 958 Cantuarienlis

149 971 176 1004 E
197 973 284 1010 iscopi
297 974 330 1003 &
343 971 555 1011 Consanguinei
572 969 670 1000 nostri.

207 1018 299 1042 τΕΜ
312 1033 322 1048 ,
349 1010 497 1048 pulchrum
524 1007 748 1045 Portophorium
773 1006 803 1036 in
836 1004 959 1036 Duobus
980 1004 1199 1041 voluminibus,

147 1048 281 1089 scriptum
294 1059 341 1088 per
356 1048 512 1086 Johannem
527 1050 682 1083 Frampton.

183 1087 228 1118 IT
238 1097 256 1119 E
267 1096 311 1125 M,
330 1089 481 1123 Legamus,
498 1084 651 1115 reverendo
667 1083 761 1121 Patri,
779 1083 884 1113 Thomae
899 1080 1074 1122 Dunelmensi
1091 1079 1198 1119 Episco-

143 1133 179 1165 po
196 1125 307 1156 Miffale
321 1126 354 1156 &
371 1124 610 1163 Portophorium,
626 1131 690 1160 quae
711 1122 860 1152 habuimus
881 1121 917 1151 de
934 1121 1044 1157 Dono,
1063 1119 1198 1150 Chariffi-

148 1174 205 1195 mae
223 1165 303 1196 Aviae
317 1163 439 1201 nostrae,
457 1160 597 1200 Comitiffae
613 1159 800 1200 Herefordiae,
818 1161 851 1191 &
872 1160 933 1189 sunt
956 1159 1078 1198 ejusdem
1103 1157 1198 1194 Scrip-

152 1210 232 1233 mrae.

186 1241 256 1271 ΙτΕ
266 1247 311 1278 Μ,
329 1242 481 1277 Legamus,
500 1237 654 1269 reverendo
661 1237 752 1275 Patri,
770 1236 904 1274 Stephano
919 1234 1079 1274 Mem-vensi
1091 1231 1196 1272 Epzfio-

144 1286 197 1318 po,
215 1278 379 1309 Confeffori
395 1277 507 1315 nostro,
528 1277 624 1307 melius
639 1276 734 1307 Altare
751 1275 786 1305 de
807 1275 918 1304 Closeta
931 1274 1040 1311 nostra,
1061 1272 1115 1303 una
1128 1279 1198 1301 cum

152 1317 267 1355 Calice,
287 1317 406 1355 Pateria,
425 1316 568 1353 Urseolis,
587 1316 619 1345 &
635 1314 707 1344 Pace
720 1314 755 1344 de
773 1314 859 1343 Auro.

190 1355 235 1386 ir
245 1365 263 1385 E
275 1363 317 1393 M,
335 1365 404 1386 cum
420 1354 599 1385 Candelabris
611 1353 645 1383 ὃς
662 1353 795 1383 Pelvibus
809 1350 960 1388 deauratis,
986 1360 1050 1389 qus:
1065 1357 1200 1379 commu-

154 1395 225 1425 niter
241 1394 371 1425 Serviunt
385 1395 414 1424 in
429 1393 564 1431 Oratorio
577 1391 683 1421 nostro.

192 1432 237 1462 Ιτ
248 1442 264 1462 E
275 1440 303 1462 Μ
311 1454 320 1470 ,
339 1435 471 1469 Legamus
479 1453 489 1469 ,
505 1429 684 1460 Chariffimae
698 1428 780 1459 Aviae
793 1427 894 1458 nostrae
902 1451 910 1464 ,
928 1426 1069 1465 Johannae
1079 1430 1201 1457 comitis-

142 1470 184 1511 sae
194 1470 361 1509 Herefordiae
379 1478 467 1500 unum
482 1468 620 1507 Cyphum
634 1466 670 1497 de
684 1467 762 1498 Auro
781 1476 851 1497 cum
867 1466 1002 1503 Aquario.

187 1508 232 1539 ΙΤ
243 1517 262 1538 Ε,
271 1517 298 1539 Μ
306 1531 316 1547 ,
335 1511 469 1545 Legamus
479 1530 488 1545 ,
509 1506 729 1546 Consanguineo
737 1505 834 1534 nostro
842 1527 852 1542 ,
860 1504 1002 1533 Edmundo
1011 1506 1108 1533 Comiti
1124 1504 1202 1534 Mar-

152 1547 227 1579 chiae
241 1547 380 1584 Ledmm,
398 1556 465 1577 cum
481 1546 627 1576 Leonibus
641 1545 675 1576 &
692 1543 790 1580 Rosis,
808 1553 875 1573 cum
891 1551 954 1573 toto
970 1542 1117 1579 Appamtu.

187 1585 232 1615 IT
244 1594 263 1616 Ε
275 1593 303 1615 Μ
313 1608 323 1623 ,
340 1588 491 1622 Legamus,
510 1582 734 1620 consanguineo
744 1581 839 1611 nostro
846 1604 856 1619 ,
867 1581 982 1611 Ricardo
998 1584 1092 1610 Comitt
1103 1583 1199 1611 Whrr-

149 1627 225 1652 wicae
237 1633 328 1654 unum
344 1622 479 1663 Cyphum
493 1622 528 1653 de
543 1621 641 1658 Auro,
656 1630 722 1651 cum
739 1620 878 1659 Aquario,
898 1620 999 1649 valoris
1013 1629 1028 1648 c
1043 1618 1061 1648 l.

187 1661 200 1692 l
209 1670 232 1691 T
241 1670 259 1692 Ε
269 1670 297 1691 Μ
306 1684 314 1699 ,
334 1664 465 1699 Legamus
473 1683 482 1698 ,
499 1660 650 1691 Avunculo
665 1658 764 1689 nostro
773 1681 781 1696 ,
791 1657 896 1688 Thomae
905 1661 999 1688 Comitt
1013 1657 1111 1697 Dorftt
1120 1656 1197 1687 Cru-

149 1709 216 1730 cem
235 1700 323 1737 Ligni
339 1699 508 1737 Dominici,
523 1698 617 1729 datam
631 1698 730 1727 Nobis
746 1707 811 1735 per,
829 1697 1021 1727 charissimum
1030 1696 1201 1732 consangui-

149 1748 234 1769 neum
250 1738 394 1776 nostrum,
411 1737 540 1767 Thomam
555 1740 680 1767 Comitem
698 1734 870 1766 Arundelliae
884 1758 894 1774 ,
921 1737 954 1768 ὃς
977 1733 1110 1774 Cyphum
1132 1744 1201 1766 cum

151 1777 277 1814 Aquario
292 1777 326 1807 de
340 1786 426 1815 auro,
443 1777 542 1807 valoris
555 1775 600 1806 cl.
778 1802 785 1810 ,

188 1815 313 1853 ITEM,
332 1818 485 1853 Legamus,
503 1814 595 1844 eidem
612 1813 695 1844 Mille
712 1813 809 1843 Libras
821 1812 902 1844 Auri.

189 1853 233 1884 IT
245 1862 299 1884 ΕΜ
308 1877 317 1893 ,
335 1856 486 1891 Legamus,
504 1853 723 1891 Consanguineo
736 1851 849 1891 nostro,
858 1850 997 1891 Radulpho
1013 1854 1109 1881 Comiti
1118 1850 1203 1891 lVest-

151 1892 308 1922 merlandiae
322 1901 413 1923 unum
428 1891 566 1932 Cyphum
579 1900 647 1922 cum
662 1891 786 1930 Aquario
800 1890 836 1921 de
850 1900 916 1921 auro
925 1914 934 1930 ,
952 1890 1053 1921 valoris
1069 1900 1096 1921 c.
1121 1889 1202 1920 Mar-

153 1941 261 1962 carum.

190 1970 235 2000 Ιτ
244 1980 263 2001 Ε
272 1979 298 2000 Μ
308 1994 317 2009 ,
336 1973 470 2008 Legamus
482 1993 492 2009 ,
511 1969 670 2002 Cariffimae
684 1968 792 2000 Amitae
807 1968 928 2006 nostrae,
943 1967 1084 2007 Johanuae
1092 1966 1204 2006 Confir-

152 2012 176 2038 ti
183 2007 258 2047 ficae,
277 2009 413 2050 Cyphum
428 2019 496 2039 cum
514 2009 636 2047 Aquario
652 2007 687 2038 de
703 2017 787 2046 auro,
806 2007 927 2046 ejusdem
943 2007 1051 2037 valoris.

189 2047 232 2078 [T
242 2057 260 2077 E
270 2056 298 2078 Μ
308 2070 317 2085 ,
338 2051 486 2085 Legamus,
506 2046 724 2084 Consanguineo
731 2045 846 2084 nostro,
863 2044 1008 2074 Edwardo
1022 2043 1146 2073 Holland
1159 2043 1202 2074 Bis

151 2085 238 2116 Mille
253 2088 285 2117 ὃς
302 2086 478 2126 Qiingentas
498 2085 615 2116 Marcas
629 2083 664 2115 ad
680 2085 758 2115 usum
771 2084 859 2115 suum.

186 2124 232 2155 IT
242 2133 311 2162 EM,
329 2127 462 2162 Legamus
474 2145 484 2162 ,
509 2123 729 2160 Conianguineo
744 2122 841 2154 nostro
855 2145 865 2161 ,
889 2120 1011 2151 Gilherto
1035 2124 1146 2150 Domini
1170 2121 1203 2151 de

148 2162 246 2194 Talbot
262 2173 351 2193 unum
369 2163 504 2203 Cyphum
520 2172 588 2193 cum
602 2163 745 2201 Aquario,
762 2162 862 2193 valoris
875 2170 902 2191 c.
922 2159 1099 2190 Marcarum.

186 2201 310 2238 ITEM,
330 2204 481 2239 Legamus,
498 2200 680 2232 dilectissimo
695 2201 728 2231 &
742 2199 817 2231 fideli
832 2198 947 2237 nostro,
965 2202 1079 2229 Henrt'co
1089 2200 1204 2226 Domino

149 2239 181 2270 de
194 2243 260 2269 Fitz
271 2240 369 2278 Hugh,
390 2240 558 2270 Camerario
570 2239 689 2277 nostro,
711 2248 812 2269 omnes
828 2237 926 2268 Robas
944 2237 1048 2267 nostras
1068 2237 1085 2255 ¹*
1107 2235 1204 2265 Furta-

151 2287 207 2316 tas,
226 2279 258 2308 &
273 2279 372 2308 omnia
386 2278 553 2309 Indumenta
567 2277 661 2308 nostra
673 2277 791 2313 Regalia
805 2286 873 2307 cum
888 2276 911 2305 F
913 2277 1012 2307 urruris
1019 2298 1029 2314 ,
1048 2275 1202 2306 necnon&

152 2326 251 2347 ornnes
269 2317 372 2346 Laikos
387 2315 496 2346 nostros
509 2324 631 2346 vocatos
645 2314 781 2354 Truffing
794 2314 909 2345 Beddes.

189 2354 235 2385 IT
245 2363 262 2385 E
273 2363 319 2393 M,
337 2357 485 2393 Legamus,
504 2355 586 2384 eidem
605 2353 645 2384 D.
666 2353 778 2384 Marcas
792 2354 871 2384 Auri.

191 2393 236 2424 ΙΤ
245 2403 262 2424 E
271 2402 316 2430 M,
333 2396 468 2431 Legamus
486 2392 608 2422 IValtero
622 2391 799 2431 Hungerford
838 2390 992 2422 Senescallo
1013 2388 1137 2427 Hospitii
1152 2398 1206 2419 no-

153 2431 219 2470 stri,
236 2441 327 2463 unum
341 2431 479 2471 Cyphum
495 2441 606 2461 aureum
616 2453 625 2469 ,
644 2430 743 2462 valoris
757 2440 774 2461 c
802 2454 809 2460 .

191 2470 300 2501 ITEM
313 2494 323 2508 ,
348 2473 480 2507 Legamus
504 2469 640 2500 Domino
663 2468 793 2507 Johanm'
819 2465 983 2499 Rothevalle
1005 2466 1095 2497 Militi
1117 2475 1204 2497 unum

155 2508 202 2617 {X
192 2519 223 2578 1p
215 2509 242 2577 ’i'¹
245 2509 474 2585 [rianeLlessgkhrriz’us
483 2544 612 2585 Johauni
627 2543 772 2576 Wdehous
792 2545 935 2583 armigero
957 2553 1049 2574 unum
1066 2541 1202 2581 Cyphum

187 2596 236 2617 uri.

191 2624 236 2655 I‘r
246 2634 265 2655 Ε
275 2632 320 2662 Μ,
338 2625 473 2661 Legamus
487 2622 597 2653 dilectis
619 2621 756 2652 Militibus
776 2620 876 2651 nostris
891 2643 901 2659 ,
923 2618 1047 2650 Gilberto
1067 2618 1204 2657 Humfra-

156 2662 370 2732 ¹&ilthohalrgni
378 2665 469 2706 Gray,
485 2662 518 2692 ὅ(
536 2660 658 2691 Rolando
672 2659 840 2701 Leynchale,
855 2659 972 2690 cuilibet
984 2657 1106 2696 ipsorum
1116 2667 1204 2688 unum

247 2711 295 2731 um
345 2710 396 2731 uri.

187 2711 264 2770 31⁷1}ss
276 2747 319 2777 M,
337 2742 470 2776 Legamus
483 2737 620 2779 Cyphum
635 2736 672 2767 de
690 2736 770 2768 Auro
786 2737 819 2768 &
835 2735 890 2767 Sex
908 2735 1002 2765 Libras
1014 2734 1122 2766 dilecto
1141 2734 1203 2765 Mi-

156 2778 196 2809 liti
212 2777 328 2816 nostro,
347 2775 493 2808 lVillielmo
510 2779 617 2806 Porter.

192 2816 238 2847 IT
250 2825 268 2846 E
278 2823 306 2845 Μ
316 2838 325 2853 ,
343 2817 477 2852 Legamus
489 2814 618 2854 Johanm'
634 2813 754 2854 Cheney,
772 2816 868 2851 Rogero
885 2811 1008 2851 Salvayn
1044 2812 1076 2842 &
1090 2811 1206 2850 Johan-

157 2858 186 2885 ni
199 2854 344 2897 Steward,
364 2855 398 2885 &
415 2854 558 2883 Lodowico
572 2851 732 2892 Robeffiart,
755 2853 898 2891 armigeris
922 2861 976 2889 pro
997 2833 1129 2888 (forpore
1152 2861 1207 2881 no-

159 2893 236 2932 stro,
256 2893 371 2924 cuilibet
385 2893 506 2929 ipsorum
521 2901 548 2921 c.
565 2891 664 2921 Libras
683 2890 763 2921 Auri.

196 2930 306 2998 IstTeM
321 2953 332 2969 ,
354 2933 490 2968 Legamus
509 2928 639 2969 Johanm'
662 2931 809 2960 Waterton
830 2928 974 2964 armigero
995 2935 1096 2957 omnes
1112 2926 1207 2966 Equos

160 2978 201 2999 no
225 2978 270 2998 ros

197 2991 330 3044 Exceptis
347 3007 397 3037 illis
416 3005 500 3038 Οὲὶο
515 3016 585 3045 quos
604 3005 730 3037 Duobus
752 3004 889 3035 Fratribus
912 3002 1013 3033 nostris
1034 3003 1206 3043 legavimus,

161 3053 245 3086 prout
261 3044 381 3081 superius
397 3044 438 3075 est
452 3045 632 3083 expressum,

200 3082 238 3113 Et
255 3082 313 3125 aliis
329 3082 411 3112 OCto
423 3083 460 3114 de
473 3085 587 3124 proprie
601 3082 771 3114 Melioribus
780 3104 788 3118 ,

199 3120 247 3151 De
266 3121 366 3158 quibus
379 3118 461 3150 Oero
475 3124 610 3159 Legamus
627 3121 708 3152 Duos
717 3120 860 3155 meliores,
875 3117 990 3157 praefato
1003 3117 1210 3158 consanguineo

165 3160 281 3197 nostro,
300 3158 442 3188 Edwardo
459 3159 491 3189 de
503 3159 629 3189 Holland
637 3183 646 3198 ,

203 3197 241 3228 Et
259 3206 346 3227 unum
367 3195 514 3226 Willielmo
531 3197 692 3236 Bourchier,

204 3236 312 3266 Unum
329 3235 459 3274 Johanm'
475 3237 551 3275 Gray
561 3257 570 3273 ‚

201 3273 309 3304 Unum
328 3272 475 3304 Willielmo
494 3275 608 3311 Porter,

204 3312 310 3343 Unum
328 3311 448 3342 Gilberto
466 3310 633 3350 Umfravill,

207 3351 349 3381 Militibus

203 3388 311 3420 Unum
327 3373 456 3428 J²ohanni
472 3390 571 3426 Brom,

204 3427 242 3458 Et
256 3437 345 3458 unum
360 3426 497 3465 praedicto
514 3426 658 3456 Lodowico
669 3423 814 3465 Robeffizrt.

205 3465 251 3496 ΙΤ
261 3475 280 3497 Ε
291 3474 336 3504 M,
354 3469 486 3503 Legamus
504 3463 636 3494 Nicholao
652 3463 779 3503 Merbury
799 3464 831 3495 &
877 3461 977 3493 ohanm'
991 3460 1130 3501 Botteler,
1145 3460 1213 3492 Ho-

170 3504 264 3536 stiariis
277 3504 410 3535 Camerae
429 3503 549 3541 nostrae,
566 3503 683 3534 cuilibet
698 3501 818 3539 ipsorum
864 3509 959 3533 entum
980 3501 1084 3531 Libras.

208 3543 255 3573 1-1-
267 3551 339 3580 EM,
357 3545 489 3581 Legamus
512 3541 620 3572 dilectis
641 3540 760 3571 Clericis
781 3539 895 3584 nostris,
914 3537 1043 3578 Johanm'
1058 3540 1137 3567 Stone
1161 3538 1213 3568 Se-

169 3582 285 3612 cretario
311 3580 425 3619 nostro,
449 3579 583 3619 Stephano
606 3581 696 3620 Payne
716 3577 916 3608 Elemosmano
940 3577 1039 3608 nostro
1053 3599 1062 3614 ,
1081 3575 1214 3606 Nicholao
1239 3596 1241 3598 -

171 3619 265 3650 Colnet
281 3618 404 3650 Medico
419 3619 516 3649 nostro
531 3641 542 3657 ,
556 3616 693 3658 *Johanni
717 3616 759 3645 W
758 3615 863 3646 ickham
876 3638 886 3655 ,
908 3616 1024 3646 Henrico
1038 3614 1214 3653 Romworth,

172 3658 276 3688 Thomae
289 3658 448 3696 Rodburne,
466 3658 499 3688 ὃς
521 3657 636 3687 Ricardo
656 3653 733 3695 Caffj‘
745 3676 755 3691 ,
779 3652 936 3691 Capelianis
953 3653 1054 3685 nostris
1068 3675 1078 3690 ,
1103 3653 1216 3684 cuilibet

172 3695 292 3763 iJ-,stfgum
309 3706 399 3727 unum
418 3694 548 3735 ivlissale,
565 3695 610 3727 vel
627 3703 715 3725 unum
740 3692 933 3723 Portoforium
947 3715 958 3731 ,
982 3692 1082 3723 valoris
1100 3691 1216 3721 Decem

206 3744 213 3762 1
235 3743 336 3764 rarum.

212 3770 338 3814 hrain,
360 3775 491 3809 Legamus
508 3771 626 3803 Clericis
644 3770 768 3810 Capellae
783 3767 886 3801 nostrae
901 3777 937 3799 cc
950 3767 971 3798 I.
991 3766 1078 3805 Auri,
1094 3767 1219 3798 intereos

179 3809 316 3847 aequaliter
335 3810 504 3842 dividendas.

214 3848 258 3877 lT
267 3856 286 3876 Ε
296 3855 339 3885 Μ,
353 3851 486 3886 Legamus
504 3848 616 3880 Decem
632 3847 714 3878 Milia
723 3847 891 3883 Librarum,
906 3842 1109 3882 distribuenda,
1125 3842 1224 3873 secun-

178 3885 250 3916 dum
263 3884 458 3917 discretionem
474 3887 668 3917 Executorum
689 3885 868 3923 nostrorum,
884 3887 956 3913 inter
975 3884 1110 3921 Antiquos
1129 3885 1223 3912 Servi—

181 3932 251 3967 tores
263 3922 376 3961 nostros,
395 3923 450 3953 fine
464 3925 628 3962 acceptione
643 3924 824 3956 Personarum
841 3945 852 3961 ,
876 3920 1031 3952 secundum
1049 3919 1124 3958 quod
1142 3921 1226 3950 nobis

161 4001 165 4004 ῃ
180 3961 284 3992 diutius
302 3963 334 3991 &
347 3959 453 3991 fidelius
466 3962 618 3994 servierint:

217 3999 399 4043 Et'vo1utnus
415 4000 494 4037 quod
512 4002 660 4038 incipiatur
677 4001 693 4031 a
709 3998 943 4037 Pauperioribus,
963 3997 996 4027 &
1018 3997 1116 4034 primo
1133 3996 1149 4026 “a
1164 3995 1229 4027 Ser-

181 4036 506 4110 vtissmlbss'mPclainem
520 4039 629 4078 nostra,
647 4041 680 4072 &
694 4039 793 4080 quod,
810 4045 940 4076 tempore
947 4035 1108 4073 solutionis,
1126 4034 1234 4066 dicatus

224 4087 274 4107 om.
331 4098 339 4109 .
383 4099 390 4107 .
444 4097 451 4108 .

1267 154 1298 195 1?
1337 156 1380 197 [J
1419 157 1450 197 13
1489 156 1520 195 Ι,
1549 157 1568 197 Ι
1597 156 1634 197 (3
1664 157 1711 196 zi.
2222 166 2296 208 ¹239

1231 240 1346 306 ἓιιίὶίβςῑ
1363 240 1505 278 ipsorum,
1523 240 1575 280 ista
1596 243 1718 279 Legavit
1740 240 1791 270 tibi
1809 241 1941 270 Dominus
1961 236 2045 278 noster
2068 239 2128 268 Rex
2145 244 2196 277 pro
2219 237 2285 267 bono

1254 286 1352 308 erv.‘t10
1369 287 1434 308 tuo:

2305 236 2377 267 Ann.
2396 237 2436 269 D.

2330 283 2414 315 1415=

1271 315 1308 346 Et
1324 318 1473 354 volumus,
1491 316 1521 346 in
1537 316 1645 353 specie,
1663 315 1739 354 quod
1760 316 1796 347 de
1817 317 1867 347 illis
1889 316 1991 346 decem
2018 312 2099 344 Milia
2122 313 2288 350 Librarum,
2304 317 2370 343 Heu.
2386 324 2419 350 5.

1233 353 1349 384 dilectus
1363 355 1488 384 Servitor
1503 355 1613 391 noster,
1631 354 1744 383 Thomas
1760 354 1946 395 Bruffingham
1969 353 2070 384 habeat
2093 361 2138 382 cc.
2157 351 2288 389 Marcas,

1235 392 1267 421 &
1283 391 1428 429 Johannes
1446 396 1528 421 Brom
1544 402 1570 422 c.
1592 392 1695 422 Libras

1237 429 1345 505 Αὲἷϋῐῑ
1356 439 1400 469 M,
1419 430 1521 461 ultimo
1550 430 1689 467 Legamus
1710 429 1866 460 Successori
1892 429 1990 460 nostro
2010 430 2043 461 ὅ(
2061 427 2167 467 Regno
2187 425 2285 457 nostro

1331 479 1373 506 ze,

1235 581 1257 612 st
1271 543 1435 576 IMPRIM
1446 554 1476 576 ts
1492 567 1502 583 ,
1534 542 1614 575 Duas
1636 542 1845 574 excellentiores
1865 543 1897 573 ὅ(
1927 543 2055 573 meliores
2079 541 2209 572 Coronas
2231 548 2285 570 no*

1259 592 1308 612 sas.

1272 620 1318 650 lT
1330 630 1347 651 E
1358 629 1385 651 Μ
1394 644 1403 659 ,
1422 620 1493 651 Duo
1506 620 1585 651 Paria
1601 620 1796 651 Armillorum.

1273 658 1318 688 IT
1328 668 1345 689 E
1357 668 1400 697 M,
1420 658 1569 696 Sceptrum
1586 658 1712 689 nostrum
1729 657 1864 696 Regium.

1272 696 1316 726 IT
1329 706 1346 727 Ε
1358 705 1403 735 Μ,
1422 697 1523 728 Ensem
1542 697 1694 734 Hispaniae.

1274 734 1319 764 ΙΤ
1330 744 1348 765 E
1358 743 1385 765 M
1394 758 1403 773 ,
1423 734 1571 765 Coronam
1585 745 1636 772 pro
1652 732 1769 773 Regina.

1277 771 1323 803 Ιτ
1332 782 1350 803 E
1361 781 1388 803 M
1397 795 1407 811 ,
1424 781 1514 804 totam
1528 771 1710 803 Armaturam
1726 768 1859 802 nestram.

1272 844 1319 877 ῙΤ
1331 858 1348 879 E
1358 856 1385 879 Μ
1395 872 1404 887 ,
1422 847 1564 881 Volumus
1580 844 1679 885 quod,
1696 846 1791 878 audito
1807 855 1856 884 per
1869 844 2039 875 Executores
2059 839 2170 873 nostros
2189 840 2284 873 Com⁴

1236 894 1306 923 puto
1321 890 1455 917 omnium
1469 887 1502 918 &
1517 887 1686 926 finguiorum
1703 884 1921 914 Officiariorum
1946 883 2107 912 nostrorum
2119 903 2128 918 ,
2155 882 2185 911 in
2206 880 2283 910 Offi-

1236 926 1284 954 ciis
1299 924 1463 963 Bottellarii,
1481 925 1602 962 Celarii,
1622 923 1753 960 Aquarii,
1772 923 1924 960 Panatriae,
1942 923 1975 952 &
1990 920 2110 950 aliorum
2125 918 2284 956 hujusmodi

1236 972 1384 1000 parvorum
1401 964 1632 999 Officiariorum,
1649 962 1694 992 fiat
1710 963 1748 991 eis
1762 971 1810 998 per
1825 961 1996 990 Executores
2017 957 2144 996 nostros,
2161 958 2194 986 &
2213 956 2284 986 No-

1236 1002 1313 1031 mine
1324 1002 1421 1032 nostro
1431 1025 1441 1041 ,
1458 1002 1494 1032 de
1509 1004 1541 1033 ὃς
1556 1002 1635 1039 super
1648 1000 1868 1038 quibuscumque
1887 996 2022 1035 Arrestis,
2042 996 2122 1033 plena
2140 995 2287 1033 Quietatio

1235 1041 1269 1070 &
1285 1039 1462 1071 Pardonatio.

1273 1076 1328 1116 Et,
1348 1089 1398 1116 pro
1416 1078 1591 1109 Executione
1612 1077 1693 1115 hujus
1716 1075 1820 1107 nostrae
1841 1073 1950 1105 Ultimae
1977 1071 2147 1110 Voluntatis,
2169 1070 2288 1101 dimitti-

1237 1125 1299 1146 mus
1315 1116 1516 1147 Executoribus
1530 1116 1628 1146 nostris
1643 1116 1742 1145 omnia
1759 1115 1834 1144 Bona
1857 1112 1950 1143 nostra
1973 1112 2006 1142 &
2024 1110 2133 1150 Jocalia
2144 1109 2286 1148 praesentia

1237 1153 1269 1184 ὃ(
1283 1153 1387 1192 futura,
1404 1165 1469 1192 quae
1484 1164 1542 1183 non
1556 1154 1616 1184 sunt
1633 1153 1739 1190 Legata
1755 1155 1784 1182 in
1798 1151 1923 1190 praesenti
1938 1149 2126 1180 Testamento
2140 1148 2248 1178 nostro.

1275 1191 1326 1232 Et,
1345 1193 1372 1221 in
1387 1197 1450 1222 cain
1464 1202 1520 1230 quo
1536 1202 1594 1221 non
1610 1193 1716 1221 valeant
1730 1190 1815 1220 iidem
1828 1189 2003 1220 Executuros
2015 1187 2120 1226 nostri,
2135 1196 2202 1217 cum
2216 1195 2288 1225 prae-

1238 1229 1321 1259 dictis
1335 1231 1367 1260 &
1382 1229 1543 1267 hujusmodi
1559 1230 1643 1260 Bonis
1657 1228 1834 1266 Mobilibus,
1849 1229 1922 1258 hanc
1937 1226 2062 1257 nostram
2086 1227 2210 1255 ultimam
2234 1226 2285 1254 Vo-

1238 1267 1372 1297 lusi-tatem
1386 1269 1414 1297 in
1430 1268 1561 1298 omnibus
1574 1266 1706 1307 perficere
1725 1267 1758 1296 ὃς
1772 1267 1939 1303 adimplere,
1961 1264 2084 1295 Volumus
2100 1263 2178 1302 quod
2195 1261 2286 1293 iidem

1238 1305 1406 1336 Executores
1421 1305 1506 1336 nostri
1522 1306 1642 1335 habeant
1656 1305 1689 1335 &
1706 1305 1861 1342 percipiant
1873 1304 1919 1342 id,
1936 1304 2013 1342 quod
2028 1302 2093 1333 inde
2107 1301 2210 1339 defuit,
2225 1301 2287 1330 An·

1239 1346 1365 1382 nuatim,
1384 1345 1419 1374 de
1431 1353 1561 1381 ternpore
1576 1344 1604 1372 in
1620 1352 1745 1380 ternpus,
1762 1342 1798 1371 de
1814 1340 2149 1379 Reditubus,Exitubus,
2164 1341 2197 1372 &
2214 1338 2287 1369 Pro-

1239 1381 1333 1420 ficuis,
1354 1383 1582 1420 provenientibus
1598 1381 1633 1412 de
1649 1382 1731 1412 certis
1746 1378 1851 1410 Castris
1865 1402 1875 1417 ,
1901 1378 2044 1409 Dominiis
2059 1401 2070 1417 ,
2090 1381 2123 1411 &
2139 1377 2287 1413 Possessio·

1239 1422 1340 1459 nibus,
1360 1432 1438 1459 quc,
1460 1420 1631 1451 Venerabilis
1646 1419 1725 1449 Pater
1739 1420 1872 1447 Henricus
1891 1417 2089 1456 cantuarienfis
2103 1413 2288 1455 Archiepifio-

1236 1467 1284 1497 pus
1294 1459 1343 1496 3&
1359 1461 1420 1497 alii,
1430 1470 1477 1497 per
1490 1459 1607 1489 diversas
1623 1458 1729 1488 Literas
1744 1456 1976 1494 nostras,habent
1993 1456 2025 1486 &
2040 1464 2190 1493 tenent,ex
2205 1455 2287 1486 Con·

1240 1498 1360 1528 cellione
1375 1498 1483 1535 nostra,
1509 1499 1537 1526 in
1552 1497 1661 1527 diversis
1682 1495 1875 1525 Comitatibus
1898 1493 1993 1533 Regni
2014 1494 2100 1524 nostri
2125 1493 2238 1530 Angliae
2253 1494 2288 1524 δί

1241 1535 1379 1566 Marchiis
1391 1536 1522 1573 Walliae,
1540 1545 1596 1565 tam
1612 1545 1658 1572 per
1674 1534 1781 1564 Literas
1794 1533 1899 1563 nostras
1913 1532 1962 1562 sub
1986 1531 2099 1569 Magno
2121 1531 2221 1569 Sigillo
2235 1541 2290 1561 no-

1238 1573 1314 1612 stro,
1328 1576 1412 1612 quam
1428 1576 1477 1604 sub
1492 1574 1591 1611 Sigillo
1615 1572 1745 1604 Ducatfis
1766 1571 1854 1601 nostri
1878 1569 2061 1608 Lancastriae,
2078 1571 2115 1601 eis
2139 1570 2216 1607 super
2230 1569 2289 1600 hoc

1239 1614 1397 1652 confectas,
1411 1623 1457 1651 per
1475 1622 1572 1642 manus
1585 1612 1655 1641 dieti
1669 1609 1881 1648 Areliiepiscopi
1895 1609 2054 1639 &aliorum
2070 1608 2290 1646 praedictorum,

1239 1652 1381 1689 quousque
1397 1651 1549 1681 Refiduum
1564 1650 1632 1680 dicti
1645 1650 1942 1679 ΤεετΑΜεΝτῐ
1959 1648 1992 1678 &
2010 1647 2203 1678 ULTIMAE
2221 1645 2292 1675 Vo-

1238 1698 1290 1719 LU
1301 1698 1356 1720 NT
1367 1699 1438 1720 ATt
1450 1699 1461 1720 s
1481 1689 1586 1719 nostrae
1608 1688 1768 1725 hujusmodi
1791 1687 1910 1724 plenarie
1933 1684 2088 1723 perficiatur
2104 1707 2113 1724 ,
2134 1686 2212 1723 juxta
2233 1685 2290 1714 ior-

1240 1738 1317 1758 mam
1333 1728 1537 1759 Declarationis
1550 1726 1652 1757 nostrae
1667 1727 1734 1755 inde
1748 1726 1827 1763 super
1844 1722 2039 1754 Feoffarnento
2055 1724 2174 1761 habitae,

1279 1767 1297 1786 *ς
1316 1767 1408 1797 Hu'us
1422 1766 1556 1804 siquidem
1570 1764 1771 1795 TESTAME
1783 1772 1805 1793 N
1817 1772 1860 1792 Tr
1878 1761 2061 1801 nostriRegii
2074 1761 2292 1792 Exscu'ro-

1241 1814 1315 1836 RES
1371 1807 1549 1842 ominamus,
1567 1803 1717 1840 Facimus,
1736 1803 1769 1834 δε
1786 1801 1978 1839 Deputamus,

1283 1844 1462 1875 Venerabiles
1484 1842 1593 1880 Patres,

1278 1886 1426 1914 Henricum
1443 1884 1485 1913 W
1485 1879 1656 1919 intonienftm
1673 1877 1844 1919 Episcopum,
1863 1876 2045 1908 Avunculum
2056 1873 2203 1915 nostrum,

1279 1921 1407 1951 Thomam
1424 1918 1627 1959 Dunelmenfi’m
1644 1918 1794 1959 Episcopum
1803 1940 1813 1956 ,

1277 1960 1441 1991 Richardum
1457 1955 1658 1997 Norwtcenfi’m
1673 1959 1843 1997 Eptjcopum,
1863 1952 2112 1992 consanguineum
2128 1952 2270 1990 nostrum,

1277 1997 1447 2036 Radulphum
1463 2000 1592 2027 Comitem
1611 1994 1860 2036 Westmerlandiae,
1878 1992 2130 2030 Consanguineum
2145 1991 2292 2029 nostrum,

1276 2036 1414 2109 {hamam
1430 2039 1533 2068 Ducem
1546 2037 1661 2066 Exoniae
1671 2056 1681 2074 ,
1697 2033 1882 2066 Avunculum
1895 2030 2037 2061 nostrum:

1306 2086 1323 2107 C
1331 2099 1340 2114 ³

1277 2114 1409 2147 Dilerstos
1423 2116 1457 2148 &
1472 2112 1566 2146 fideles
1579 2111 1707 2150 nostros,

1277 2157 1429 2184 chricum
1443 2156 1590 2183 Dominum
1605 2153 1634 2181 a'e
1650 2155 1717 2180 Fitz
1731 2147 1833 2187 Hugh,

1279 2192 1438 2224 Walterum
1453 2189 1645 2228 Hungerford,
1664 2187 1850 2220 Senescallum
1863 2184 1992 2216 nostrum
2001 2207 2011 2222 ,

1278 2231 1314 2262 Et
1328 2229 1487 2269 Johannem
1499 2229 1664 2266 Rothenale,

1280 2269 1406 2308 Milites,

1276 2307 1436 2346 Johannem
1451 2306 1494 2336 W
1492 2304 1617 2342 odehous,

1278 2346 1314 2377 Et
1329 2345 1489 2385 Johannem
1507 2342 1702 2380 Leventhorp,

1281 2385 1457 2423 Armigeros:

1275 2421 1351 2453 Inter
1368 2432 1437 2460 quos
1450 2421 1620 2451 Executores
1629 2417 1752 2454 nostros,
1761 2416 1905 2446 Henricum
1920 2415 2065 2444 Domfnum
2072 2412 2103 2442 de
2117 2410 2294 2456 FitzJ-lugh,

1243 2459 1401 2500 Johannem
1413 2458 1561 2489 Rothenale
1580 2457 1725 2493 Militem,
1743 2453 1941 2493 &Johannem
1961 2451 2104 2482 Wbdehous
2111 2452 2295 2489 Arnngerutn

1244 2499 1365 2530 Volumus
1383 2499 1519 2529 continue
1533 2496 1677 2526 intendere
1690 2493 1857 2524 Executioni
1871 2492 1950 2529 hujus
1973 2490 2075 2532 nostra:
2097 2489 2249 2519 Voluntat1s
2262 2490 2293 2518 in

1246 2538 1330 2568 Loco
1344 2539 1377 2567 ad
1393 2538 1448 2567 hoc
1464 2545 1512 2576 per
1525 2544 1627 2565 omnes
1639 2534 1808 2564 Executores
1823 2529 1931 2560 nostros
1943 2529 2102 2567 assignando
2111 2550 2121 2566 ,
2140 2529 2172 2558 δε
2196 2528 2290 2557 conti-

1244 2586 1299 2606 nue
1313 2576 1457 2606 sollicitare
1471 2575 1562 2604 donec
1577 2573 1672 2602 omnia
1685 2572 1717 2603 ὃ(
1734 2569 1851 2609 singula,
1867 2569 1898 2598 in
1920 2568 1977 2598 hoc
1992 2566 2182 2597 'sestaniento
2196 2565 2295 2595 nostro

1246 2622 1396 2651 contenta,
1414 2613 1626 2649 compleantur,

1279 2652 1315 2682 Et
1327 2651 1449 2682 Volumus
1464 2650 1543 2691 qubd
1560 2648 1704 2687 praedic‘ri,
1721 2649 1869 2683 Hearicus,
1884 2643 2029 2684 Johannes
2039 2665 2048 2680 ,
2065 2643 2099 2674 &
2112 2639 2258 2683 Johannes
2265 2642 2296 2672 in

1245 2692 1333 2723 arduis
1348 2701 1415 2722 cum
1431 2696 1558 2729 oporteat
1573 2687 1608 2717 ad
1621 2696 1718 2717 omnes
1733 2686 1766 2717 &
1779 2684 1899 2723 singulos
1921 2682 2133 2713 Coexecutores
2154 2684 2218 2710 iuos
2234 2690 2298 2710 rur-

1246 2730 1306 2760 sum
1323 2730 1443 2760 habeant
1456 2727 1603 2759 accessum.

1279 2806 1603 2837 SUPEthsoREs
1621 2800 1703 2840 hujus
1718 2798 1806 2830 nostri
1827 2797 2119 2829 TESTAMENTI
2141 2793 2299 2834 Creamus,

1248 2844 1439 2882 Ordinamus,
1457 2843 1650 2881 Deputamus,
1665 2840 1697 2871 &
1714 2840 1860 2875 Facimus,
1878 2836 2030 2867 cariffimos
2051 2834 2157 2864 Fratres
2171 2833 2300 2873 nostros,

1249 2883 1376 2913 Thomam
1391 2886 1492 2912 Ducem
1504 2881 1650 2911 Clarentiae
1659 2901 1670 2917 ,
1686 2877 1844 2916 Johannem
1859 2879 1959 2905 Ducem
1974 2871 2130 2912 Bedfordiae
2139 2895 2149 2911 ,
2164 2871 2298 2906 &Hum-

1239 2920 1346 2961 fridum
1361 2925 1461 2952 Ducem
1473 2918 1654 2958 Gloucestriae,
1672 2925 1805 2952 necnon,
1835 2913 2025 2944 venerabilem
2049 2911 2178 2949 Patrem,
2196 2913 2300 2940 Henri-

1247 2971 1304 2989 cum
1321 2962 1539 2996 Cantuariensem
1552 2953 1799 2994 Archiepiscopum,
1817 2953 1868 2990 ὃς,
1883 2950 2065 2982 reverendum
2081 2949 2194 2980 Patrem
2210 2971 2220 2988 ,
2243 2951 2299 2978 Ro-

1250 2999 1355 3028 bertum
1376 3002 1473 3027 Sarum
1488 2995 1660 3034 Episcopum,
2035 3026 2040 3032 “
2122 3025 2127 3031 .
2250 3023 2255 3031 ³

1287 3038 1372 3076 Qios
1385 3045 1484 3067 omnes
1499 3036 1531 3066 &
1546 3033 1668 3070 singulos
1685 3031 1831 3069 (quantum
1856 3027 1890 3058 ad
1912 3027 1981 3057 Nos
1994 3025 2099 3063 attinet)
2120 3035 2148 3055 in
2165 3023 2298 3055 Domino

1245 3074 1308 3114 Jesu
1322 3076 1486 3112 requirimus
1500 3074 1533 3104 &
1549 3072 1709 3107 hortamur,
1727 3076 1859 3106 quatenus
1874 3066 1959 3103 ipsam
1983 3065 2055 3095 hanc
2080 3064 2174 3095 ULT
2184 3073 2194 3093 1
2204 3071 2230 3093 M
2241 3072 2260 3093 Α
2271 3071 2298 3092 Μ

1253 3113 1564 3144 Vocon-sarain
1584 3110 1617 3140 &
1643 3108 1988 3138 DISPOSITIONEM
2013 3102 2137 3133 nostram
2157 3101 2251 3132 debite
2266 3101 2300 3132 &

1251 3152 1371 3182 sollicite
1381 3174 1390 3189 ,
1409 3159 1542 3188 quatenus
1556 3157 1627 3185 opus
1639 3146 1738 3183 fuerit,
1755 3144 1964 3182 supravideant,
1982 3142 2123 3181 ipsamque
2132 3139 2299 3170 Executioni

1250 3191 1344 3220 debite
1358 3190 1391 3219 &
1405 3188 1566 3219 demandari
1584 3185 1704 3222 faciant,
1726 3183 1892 3214 Renstentes
1919 3190 1988 3211 vero
2006 3180 2051 3211 seu
2067 3179 2300 3210 contradicentes

1251 3229 1360 3259 Praelati
1376 3226 1570 3258 Ecclesiastica
1582 3223 1708 3254 Censura
1723 3221 1873 3260 percellant
1890 3243 1900 3258 ,
1924 3221 1957 3251 &
1972 3241 1982 3258 ,
2003 3227 2085 3256 prout
2097 3226 2196 3247 eorum
2220 3215 2300 3245 Offi-

1251 3268 1329 3297 cium
1344 3267 1444 3304 exigit,
1462 3265 1557 3295 debite
1571 3263 1740 3293 coherceant
1752 3261 1785 3292 &
1801 3261 1998 3299 compescant,
2016 3257 2095 3288 licuti
2110 3263 2208 3286 coram
2228 3253 2298 3285 Deo

1253 3304 1366 3336 reddere
1382 3304 1519 3335 voluerint
1534 3302 1681 3333 rationem.

1289 3380 1323 3412 In
1338 3390 1460 3420 quorum
1482 3379 1613 3410 omnium
1637 3376 1670 3408 &
1687 3374 1875 3415 singulorum,
1894 3370 2055 3411 praesentem
2070 3368 2229 3409 Paginarn,
2246 3368 2302 3401 five

1252 3420 1369 3459 praesens
1402 3419 1671 3449 TESTAMENTUM
1702 3438 1712 3453 ,
1745 3414 1996 3453 VoLuNTaTEM
2037 3417 2199 3440 NOSTRAM
2239 3416 2303 3439 UL-

1251 3466 1370 3489 TrMAM
1396 3458 1545 3488 continens
1567 3477 1578 3493 ,
1603 3453 1812 3493 suprascriptum
1826 3474 1837 3489 ,
1860 3453 1889 3481 in
1904 3450 2008 3487 scriptis
2024 3450 2082 3478 redi
2106 3450 2131 3486 i,
2152 3458 2185 3478 ac
2202 3447 2301 3485 Sigillo

1253 3497 1352 3527 nostro
1370 3495 1485 3526 Privato
1500 3495 1532 3525 ὃς
1545 3494 1659 3533 Signeto
1674 3492 1790 3528 signari,
1808 3489 1951 3526 nostrique
1967 3487 2056 3527 sigilli
2116 3487 2181 3523 agni
2196 3494 2301 3522 appen-

1253 3537 1327 3566 sione
1337 3558 1345 3572 ,
1364 3536 1397 3565 &
1412 3534 1532 3573 propriae
1547 3530 1645 3562 mansis
1658 3530 1759 3560 nostrae
1772 3527 1971 3564 subscriptione
1985 3526 2103 3556 fecimus
2118 3525 2252 3554 roborari.

1289 3611 1395 3641 Datum
1404 3631 1413 3646 ,
1430 3608 1580 3646 scriptum,
1602 3609 1635 3638 ὃς
1651 3605 1813 3636 ordinatum
1834 3602 1885 3633 fuit
1900 3601 2015 3641 praesens
2038 3601 2068 3632 T
2078 3610 2096 3631 E
2107 3611 2118 3631 s
2128 3609 2151 3630 T
2164 3607 2183 3629 Α
2194 3605 2222 3628 M
2231 3606 2249 3628 Ε
2258 3604 2301 3641 ,ΝΤ

1256 3658 1310 3680 τυ
1322 3656 1349 3679 Μ
1370 3649 1399 3677 in
1412 3647 1477 3677 villa
1490 3646 1582 3676 nostra
1603 3654 1706 3675 murata
1727 3643 1951 3681 Southamptoniae
1967 3664 1977 3679 ,
2001 3641 2052 3671 sub
2074 3642 2159 3670 Anno
2177 3636 2300 3679 Domini

1257 3687 1409 3719 Millesimo
1429 3683 1692 3723 Quadrigentefimo
1723 3682 1850 3712 Decimo
1874 3681 1986 3718 Quinto
2000 3701 2010 3717 ,
2033 3676 2137 3719 Mensis
2149 3675 2215 3713 julii
2243 3673 2304 3703 Die

1258 3725 1397 3757 vicesima
1414 3724 1541 3762 Qarta,
1562 3724 1647 3752 Anno
1664 3721 1757 3760 Regni
1772 3711 2304 3758 nostri'Tertio,przesentibus,Vene-

1258 3764 1388 3796 rabilibus
1402 3761 1528 3792 Patribus
1537 3784 1547 3800 ,
1563 3759 1720 3799 Johannem
1734 3756 1924 3798 conventrenfi
1938 3758 1972 3788 &
1987 3753 2164 3796 Li‘sZf?l=³s⁶’²¹J¹
2174 3773 2183 3788 ,
2203 3751 2234 3781 &
2243 3752 2306 3779 Ste-

1254 3804 1346 3842 phano
1362 3799 1537 3840 Menevenfi,
1563 3799 1731 3836 Episcopis,
1759 3806 1890 3833 necnon,
1909 3795 2032 3825 Strenuis
2058 3794 2145 3828 Viris,
2163 3788 2306 3818 Edwardo

1261 3844 1361 3907 Comite
1374 3837 1508 3868 Marchiae
1522 3837 1740 3876 consanguineo
1755 3831 1976 3872 nostro,Thoma
1992 3829 2172 3868 Erpingham,
2189 3829 2222 3859 &
2232 3826 2308 3858 mul·

1261 3889 1294 3911 tis
1308 3889 1324 3909 a
1334 3887 1374 3907 ns.

1301 3916 1377 3947 Haec
1392 3914 1500 3952 Scripta
1513 3914 1573 3945 sunt

1301 3954 1364 3984 This
1376 3957 1398 3982 is
1411 3964 1452 3993 my
1464 3952 1516 3993 last
1536 3953 1587 3982 Wi
1597 3949 1769 3992 lJubscribed
1785 3946 1858 3977 with
1876 3957 1918 3986 my
1931 3956 1995 3976 own
2014 3941 2105 3973 Hand
2116 3941 2158 3973 R.
2173 3941 2219 3974 H.
2234 3939 2308 3982 Jefit

1267 3998 1359 4031 Mercy
1375 3994 1429 4022 and
1444 3996 1582 4030 Gremercy
1594 3992 1681 4020 Ladie
1695 3990 1786 4017 Marie
1799 3984 1866 4023 help.

1745 4062 1804 4092 82

1607 3914 1697 3951 ropria
1713 3910 1803 3941 Manu
1819 3909 1925 3946 Regis,
1942 3908 1998 3937 viz.

2270 4058 2313 4085 l2k

2331 1762 2351 1782 ¹¹⁸¹
2370 1762 2424 1791 ix.

2315 1811 2379 1839 293.
