2562 4274
28 264 105 296 Ann.
121 258 163 291 D.

54 309 137 340 1421.

33 346 95 370 Hm.
115 348 143 375 5·

44 1459 170 1497 *X.84.

45 1548 120 1578 Ann.
136 1546 177 1577 D.

45 1595 151 1654 siffis·

46 1669 80 1692 Η.
91 1647 125 1699 ις.
134 1646 140 1652 .

44 1706 136 1731 Norm.
152 1700 179 1728 8.

42 1785 57 1816 i>
75 1761 109 1814 '3·
126 1787 162 1805 m·

45 1827 70 1851 7.
84 1818 138 1845 dor.

721 172 830 214 ET
917 171 1183 214 ACTA
1267 169 1746 215 PUBLICA.

183 266 250 299 uici,
267 268 425 299 eorumque
440 258 637 299 successores,
654 259 806 292 Praemisfis
820 260 954 292 omnibus
968 262 1001 292 &
1018 260 1129 300 singulis
1141 260 1244 301 gaude-

184 312 212 332 re
228 301 331 339 poffint
346 300 379 330 &
394 298 520 338 valeant,
539 299 609 331 sicut
623 308 706 338 ante,

220 339 289 370 Nos
310 339 393 378 igitur
417 341 532 372 (eorum
554 337 613 377 Sup
634 337 811 368 licationibus
834 336 1023 369 favorabiliter
1047 337 1181 373 inclinati)
1209 336 1245 368 de

182 377 285 409 Gratia
296 375 393 417 nostra
405 375 512 416 speciali
525 379 606 406 Conce
625 387 710 414 rmus,
725 386 758 406 ac
772 378 940 405 concedimus
949 377 997 414 ,&
1007 376 1166 415 Elargimur
1193 385 1245 404 rae-

181 417 242 447 fatis
262 415 439 454 Thesaurario
466 414 505 450 ᾤ’
531 419 668 444 Canonicis
694 414 773 452 quod
799 415 865 454 ipii,
891 416 924 446 δε
945 425 1044 445 eorum
1064 416 1157 445 Succe
1183 423 1245 444 ores

183 454 393 494 imperpetuum
403 476 412 492 ‚
432 453 565 484 Habeant
579 454 612 485 ὃς
627 456 781 491 Percipiant
795 454 945 492 praedirsta,
965 453 1087 491 Villam,
1101 452 1226 483 Terram
1237 476 1246 490 ,

183 494 217 524 δε
231 492 404 523 Dominiurn
421 493 457 523 de
469 493 558 531 Pique
572 492 686 522 Anville
695 501 743 529 ,ac
753 491 775 521 F
777 491 883 523 eodum
896 493 932 523 de
943 491 1114 529 Cutteffon,
1133 501 1247 521 necnon

184 531 331 569 praedietas
343 532 561 570 Quaterviginti
575 529 613 565 &
622 533 720 560 Decem
728 530 831 560 Libras
846 530 1005 572 Parrfienser
1014 532 1092 569 super
1101 530 1198 560 Terris
1212 530 1246 560 &

185 570 334 600 Dominiis
349 570 384 600 de
398 569 547 600 Auneville
561 570 592 599 ὅ(
610 568 799 607 νεηάεηῄῑε,
817 580 849 600 ac
872 579 959 601 etiam
978 570 1122 609 praedictas
1143 571 1248 606 Viginti

187 607 227 644 ῤ’
235 610 370 650 Qaeatuor
386 608 491 638 Libras
504 607 663 637 parisienses
677 607 756 646 super
769 608 860 640 Terra
874 610 907 640 ὅ(
923 608 1068 638 Dominio
1088 607 1123 637 de
1142 607 1248 644 Blarra,

188 657 257 678 cum
277 647 452 677 omnimodis
472 645 599 675 Cenfivis
643 645 828 685 Redditibus‚
851 647 968 686 Juribus
983 670 993 686 ‚
1015 647 1048 677 &
1070 645 1250 677 pertinentiis

187 684 240 716 suis
254 685 411 725 praedi-Stis,
427 683 528 714 eisdem
545 667 633 714 modo
652 686 685 715 δε
706 685 801 716 forma
822 686 923 725 quibus
944 685 1030 715 iidem
1053 685 1250 723 Thesnurarius

189 726 223 756 &
237 726 364 754 Canonici
379 722 477 754 eadem
486 745 496 760 ‚
513 731 577 752 ante
594 722 622 752 C
631 734 651 753 o
663 732 685 754 N
696 731 746 762 Q]
758 732 775 753 E
785 734 796 754 s
806 732 829 753 'r
839 733 862 755 υ
871 733 899 754 Μ
915 724 1046 754 nostrum
1061 724 1232 761 praedictum
1241 746 1250 760 ,

186 763 377 799 Habuerunt,
394 761 577 798 Tenuerunt‚
597 762 629 792 &
645 762 851 802 perceperunt,
870 773 903 794 ac
917 772 1000 802 prout
1014 763 1047 793 &
1061 763 1188 802 quatinus
1203 760 1250 800 lp-

187 801 208 832 fi
223 802 257 833 ὃς
270 799 488 830 Praedeceffores
500 799 538 830 sui
554 799 674 838 eisdem,
692 811 707 831 a
722 810 851 838 tempore
866 801 1067 832 Donationum
1089 801 1122 831 &
1143 800 1249 839 Aequi-

187 840 321 870 fitionum
337 837 550 877 praedictarum,
569 840 700 869 haetenus
716 840 917 870 rationabiliter
931 840 969 870 usi
982 839 1044 869 sunt
1057 839 1090 869 &
1109 838 1209 878 gavisi,

227 876 411 914 mandantes,
428 877 546 907 Tcnore
559 877 758 916 Praesenrium,
778 878 901 909 Dilestis
916 879 949 908 &
969 878 1111 908 Fidelibus
1132 876 1250 914 nostris,

188 916 374 948 Thesaurario
389 914 487 945 nostro
500 915 634 946 Generali
647 915 857 954 Normanniae,
876 926 909 947 ac
924 916 1085 946 Praefidenti
1098 917 1131 946 &
1147 914 1254 945 Genti-

190 956 246 985 bus
257 955 293 984 de
306 953 430 984 Camera
447 954 542 984 nostra
563 953 780 993 Compotorum
803 956 928 993 ibidem,
947 964 1062 984 necnon
1080 954 1188 985 caeteris
1202 953 1253 992 Ju-

191 993 334 1031 sticiariis,
353 991 522 1031 officiariis,
542 992 576 1022 &
593 992 731 1022 Ministris
753 993 870 1032 nostris,
888 993 1069 1033 praesentibus
1088 994 1121 1024 &
1138 993 1254 1030 futuris,

188 1041 316 1071 quorum
324 1031 436 1060 interest
443 1052 453 1068 ,
460 1031 541 1068 quod
550 1031 680 1070 praefatos
694 1031 903 1071 Thefhurarrum
912 1033 945 1063 ὃς
956 1035 1102 1061 Canonicos
1110 1053 1120 1069 ,
1137 1032 1171 1063 &
1180 1031 1254 1061 Suc-

191 1069 315 1102 cefforus
329 1069 409 1113 suos,
425 1068 759 1107 praesentiConceffione
773 1071 887 1109 nostra,
909 1072 937 1100 in
963 1069 1055 1100 forma
1079 1070 1135 1107 qua
1154 1068 1256 1107 praedi-
1291 1090 1324 1113 to

192 1110 273 1140 ctum
284 1107 342 1145 est,
360 1116 400 1138 uti
411 1108 445 1139 &
457 1107 576 1147 gaudere
590 1109 769 1147 permittant,
786 1110 886 1148 absque
898 1110 979 1139 omni
995 1108 1198 1139 Molestatione
1212 1107 1257 1138 seu
1291 1121 1332 1152 tib

192 1146 408 1185 Impedimento
421 1155 615 1186 quocumque.

230 1185 265 1218 ln
283 1186 375 1223 cujus,
391 1184 452 1215 &c.

267 1223 357 1255 Teste
372 1223 453 1263 Rege
468 1223 542 1261 apud
557 1223 770 1263 Rothomagum,
788 1224 961 1256 duodecimo
976 1223 1022 1253 die
1038 1223 1148 1253 Martii.

400 1302 455 1330 Per
466 1299 549 1340 ipftm
563 1303 659 1338 Regem
677 1302 715 1331 ad
732 1301 901 1331 Relationem
917 1304 1017 1338 Magni
1032 1299 1150 1331 Concilii.

470 1444 498 1472 ἦ
516 1449 566 1481 De
587 1446 777 1491 Restitutione
798 1448 977 1482 Frublunm.

197 1531 319 1589 REX
335 1534 449 1563 Vicariis
465 1535 495 1563 in
513 1532 704 1572 spiritualibus
721 1533 855 1573 Archiepi
870 1537 923 1573 copi
941 1531 1176 1571 Rothomagenfis‚
1205 1532 1264 1569 ipso

267 1571 370 1610 Episco
425 1572 454 1602 in
469 1573 585 1603 remotis
601 1581 719 1611 agente,
738 1583 771 1604 ac
791 1573 925 1603 univeriis
950 1573 983 1602 ὃς
1005 1572 1119 1607 lingulis
1142 1570 1265 1608 Ballivis,

196 1608 374 1641 Vicecomiti
397 1620 443 1647 us,
461 1609 688 1649 Receptoribus,
713 1621 746 1641 ac
768 1611 826 1641 aliis
844 1610 1014 1647 officiariis,
1034 1608 1193 1648 Ministris,
1214 1610 1265 1639 Li-

196 1649 267 1686 geis,
285 1649 318 1680 &
331 1649 458 1680 Subditis
469 1648 588 1686 nostris,
603 1648 675 1679 infra
691 1648 842 1680 Ducatum
858 1649 990 1680 nostrum
999 1649 1032 1678 N
1035 1650 1192 1678 ormauniae
1201 1649 1264 1678 ubi-

197 1687 266 1717 libet
281 1687 456 1724 constitutis,
475 1686 611 1716 Salutem.

235 1724 411 1756 Mandamus
425 1724 525 1763 vobis,
541 1724 575 1755 &
588 1723 716 1755 vestrum
729 1725 863 1763 cuilibet,
881 1734 965 1763 prout
986 1725 1019 1755 ad
1038 1735 1106 1755 eum
1126 1725 1267 1763 pertinue-

199 1763 234 1794 rit
268 1763 349 1803 quod
360 1761 498 1804 Jacobum
511 1763 545 1793 de
558 1762 816 1802 Mmzfiignichardo,
835 1765 974 1803 utriusque
985 1763 1060 1802 Juris
1081 1763 1248 1793 Doctorem
1257 1785 1266 1800 ,

234 1787 298 1841 Qu
312 1801 526 1832 Sacramentum
540 1800 670 1832 debitum
683 1801 720 1831 de
735 1800 940 1832 Conservando
955 1806 1120 1840 praeientem
1136 1801 1268 1839 Paean,

197 1842 272 1872 inter
285 1840 518 1880 praecariffimum
532 1841 645 1869 Patrem
658 1838 777 1880 nostrum
791 1844 915 1871 Franciae
930 1842 964 1872 &
980 1842 1041 1870 Nos
1058 1840 1264 1871 conclusam&

196 1879 404 1911 concordatarn
412 1903 422 1917 ,
438 1879 506 1909 fecit
518 1878 552 1909 &
567 1877 694 1917 praestitit
702 1901 712 1918 ‚

234 1917 417 1948 Omnimoda
432 1917 568 1955 Fructus,
587 1916 803 1956 obventiones,
820 1917 854 1949 ὅ(
867 1917 1084 1956 Emolumenta,
1102 1917 1138 1948 de
1152 1917 1266 1956 quibus-

196 1966 325 1996 cumque
337 1956 484 1988 Beneficiis
496 1955 566 1995 suis,
581 1956 652 1986 infra
665 1955 814 1987 Ducatum
838 1956 970 1987 nostrum
993 1958 1179 1994 praediolum,
1200 1965 1268 1996 pro-

195 1996 337 2027 venientia
347 2018 357 2035 ,
373 2006 407 2027 ac
422 1995 566 2034 Arreragia
579 1994 646 2025 inde
659 1994 771 2034 debita,
788 1995 807 2026 fi
824 2005 889 2033 quae
902 1995 1022 2033 fuerint,

237 2034 433 2066 Solummodo
453 2033 593 2064 reservatis
607 2032 675 2072 hiis,
691 2043 755 2072 quae
769 2035 846 2064 circa
868 2033 1087 2073 Reparationes,
1101 2034 1135 2064 &
1155 2034 1186 2063 in
1201 2033 1271 2064 Sus-

197 2074 386 2105 tentationem
416 2072 521 2105 Divini
543 2070 665 2110 Cultus,
682 2081 716 2103 ac
737 2071 790 2103 alia
810 2072 908 2104 Onera
937 2071 1076 2103 ordinaria
1097 2073 1269 2104 rationabilia

199 2111 375 2151 applicantur
382 2134 393 2150 ‚

232 2150 350 2181 Habere
360 2151 395 2181 &
408 2157 523 2188 tenere,

235 2188 274 2220 Et
294 2188 378 2229 ipficm
400 2187 538 2227 Jacobum
560 2187 728 2226 Fructibus,
748 2187 937 2227 Redditibus,
962 2188 1198 2220 obventionibus
1236 2188 1272 2220 &

196 2226 409 2260 Emolumentis
423 2226 476 2257 illis
487 2227 524 2257 de
538 2235 643 2257 caetero
657 2228 695 2257 uti
707 2228 741 2259 δί
756 2227 876 2265 gaudere
890 2226 1008 2267 pacifice
1021 2228 1199 2266 permittatis:
1217 2227 1268 2257 ali-

199 2275 260 2304 quo
273 2265 414 2296 Mandato
430 2263 546 2303 nostro,
562 2265 644 2295 vobis
660 2266 689 2294 in
703 2267 879 2296 contrarium
895 2265 1020 2303 directo,
1038 2276 1097 2295 non
1112 2265 1252 2296 obstante.

239 2303 309 2335 Dat.
330 2304 405 2342 apud
420 2303 544 2343 Castrum
561 2303 739 2342 Rothomagi,
755 2304 870 2336 decimo
884 2313 985 2343 quarto
997 2305 1042 2335 die
1058 2303 1169 2335 Martii.

202 2379 331 2437 REX
351 2383 464 2411 Vicariis
481 2383 510 2410 in
528 2380 718 2419 spiritualibus
736 2380 935 2421 Archiepiscopi
951 2380 1184 2422 Rothomagenfis‚
1202 2382 1271 2420 Epi-

278 2418 351 2459 fiopi
370 2418 555 2460 Ebroicenfis,
574 2429 608 2451 ac
621 2419 742 2459 Episcopi
760 2421 954 2460 Lexovienfis,
972 2421 1033 2458 ipris
1046 2420 1270 2458 Archiepiscopo

201 2456 237 2487 &
253 2456 400 2498 Episcopis
421 2458 449 2488 in
473 2459 591 2489 remotis
613 2460 778 2496 agentibus,
795 2469 909 2489 necnon
932 2459 1065 2490 universis
1087 2460 1120 2490 ὃ(
1140 2460 1269 2496 fingulis,

198 2492 404 2537 &ciutficprffi
419 2501 533 2526 mutatis
545 2497 703 2536 mutandis,
723 2496 898 2528 Mandamus
911 2498 1009 2535 vobis,
1029 2499 1080 2529 &c
1104 2498 1183 2537 quod
1200 2500 1270 2526 Gui-

199 2535 293 2565 donem
308 2533 434 2565 Danoult
445 2534 577 2573 juratum
592 2534 714 2575 Ligeum
731 2534 878 2574 nostrum,
894 2537 941 2576 qui
957 2536 1172 2567 Sacramentum
1188 2537 1269 2567 debi-

200 2580 263 2604 tum
275 2595 285 2612 ‚
303 2572 364 2608 &c.
379 2581 412 2603 ut
417 2573 513 2613 snpra.

198 2648 322 2707 REX
342 2651 454 2694 Virqrt'is
472 2653 501 2680 in
512 2649 714 2695 'Spiritualibus
734 2650 932 2696 Archiepifiopi
950 2651 1195 2696 Rothomagenfisk
1209 2651 1270 2690 ipso

201 2687 495 2756 Salussfrqlnepiicopo
510 2700 539 2720 in
555 2699 672 2721 remotis
692 2699 809 2730 agente,
825 2700 859 2721 ac
873 2694 1022 2729 univerlis,
1044 2690 1104 2726 &a
1127 2698 1158 2720 ut
1167 2691 1270 2730 supra,

239 2762 412 2795 Mandamus
425 2766 524 2810 vobis,
542 2768 603 2799 &c.
622 2767 700 2806 quod
715 2767 885 2806 Magistrum
902 2767 1030 2797 Thomam
1044 2767 1121 2797 Hobe
1142 2766 1271 2806 Capella-

202 2811 294 2841 num,
318 2802 482 2847 Doetorem
504 2815 533 2834 in
555 2805 736 2844 Theologia²
755 2807 783 2835 in
802 2806 993 2836 Univerlitate
1014 2805 1129 2837 Patisius
1149 2806 1273 2837 Studen-

200 2841 743 2912 {ffrszsseffilfflmfss‘zlffeff&3585
762 2845 796 2912 ³0¹}
812 2844 1197 2921 Eccfiksjlrrissffffffiggffiss
1206 2855 1271 2914 '122⁶

888 2906 898 2921 2
1107 2914 1114 2919 Q
1260 2901 1273 2907 -

199 2917 290 2986 striiDm
303 2919 474 2988 om11}moda
487 2919 614 2958 Fructus,
632 2918 694 2955 &c.
713 2927 745 2949 ret
753 2920 853 2960 fhpra,
865 2925 980 2952 mutatis
994 2923 1142 2953 mutandis.

272 2964 308 2987 at.
325 2966 355 2988 ut
385 2967 462 2998 upra.

543 3109 656 3140 Contra
678 3119 735 3140 non
759 3106 930 3152 Rcfidentes.

179 3225 186 3232 ι
206 3188 343 3248 REX,
359 3189 523 3222 Venerabili
545 3192 574 3221 in
597 3192 714 3224 Christo
734 3193 825 3232 Patri,
851 3192 975 3234 Epiftopo
995 3192 1206 3234 constancienfi‚
1222 3201 1270 3224 aut

278 3230 337 3268 ejus
352 3227 471 3260 Vicatiis
483 3230 511 3260 in
526 3229 736 3274 SpiritualibuS,
755 3233 890 3264 Salutem.

243 3266 367 3306 Nuper,
385 3277 435 3312 per
455 3268 564 3312 nostras
580 3268 715 3308 Litteras,
735 3271 898 3314 vobisQaut
919 3271 1045 3302 Decano
1068 3271 1101 3301 &
1123 3268 1273 3313 Capitulo,

205 3314 274 3337 tunc
288 3306 360 3338 Sede
374 3306 536 3344 Episcopalr
549 3308 914 3354 vacante,·s1gn1ficavirnus
928 3310 1008 3354 qued
1022 3319 1122 3354 ornnes
1136 3310 1168 3352 ξε
1182 3312 1273 3347 lingu-

207 3345 243 3375 las
265 3344 400 3376 Personas
416 3345 623 3376 Ecclefiastrcas
639 3369 649 3385 ,
673 3347 796 3384 ejusdem
818 3347 949 3378 Civitatis
967 3349 1000 3379 &
1020 3349 1177 3385 Dioecehs,
1196 3358 1272 3379 extra

182 3416 188 3423 ,
206 3383 411 3415 Obedientiam
424 3383 550 3415 nostram
564 3393 632 3415 tunc
649 3385 795 3415 existentes
808 3385 843 3415 ad
856 3385 1050 3418 Residendum
1070 3387 1148 3424 super
1164 3387 1273 3418 Benefi-

207 3423 257 3455 ciis
271 3423 340 3463 suis,
355 3422 510 3454 secundum
525 3423 679 3453 Sacrorum
693 3423 850 3454 Canonum
862 3423 1000 3463 instituta,
1019 3427 1170 3456 moneretis
1182 3427 1272 3458 &ve-

207 3462 268 3492 nire
281 3461 504 3502 compelleretis,
523 3471 556 3492 ac
572 3463 752 3506 contra-ipsas
768 3464 802 3494 ὃς
816 3472 914 3492 earum
934 3463 1106 3501 quamlibet,
1123 3464 1181 3496 hoc
1194 3466 1272 3497 face·

160 3510 185 3539 d,
206 3511 238 3532 re
251 3500 435 3539 Renuentes,
451 3499 608 3531 secundum
619 3500 693 3539 Juris
708 3501 894 3540 exigentiam,
911 3501 1113 3541 procederetis,

243 3539 353 3579 Qiod,
373 3548 405 3570 ut
419 3541 596 3580 accepimus,
611 3539 758 3579 diligenter
772 3538 835 3571 estis
849 3541 976 3578 executi,

245 3579 380 3620 Qarum
393 3587 488 3609 tamen
500 3577 647 3617 nonnulli,
665 3579 702 3609 ab
716 3578 876 3617 hujusmodi
889 3579 941 3609 suis
949 3578 1095 3611 Beneficiis
1109 3578 1136 3608 se
1148 3579 1271 3611 nichilo-

209 3617 303 3647 minus
318 3617 504 3648 Absentantes
537 3617 571 3648 ad
587 3626 620 3648 ea
635 3616 724 3647 redire
738 3627 797 3647 non
811 3617 949 3648 curarunt
962 3628 1053 3657 neque
1065 3626 1177 3656 curant,

245 3653 378 3724 Regetita
393 3656 478 3697 igitur
492 3640 567 3688 ilice
579 3655 662 3686 vobis
678 3657 843 3686 intimamus
857 3657 935 3694 quod
956 3666 1057 3687 contra
1078 3657 1142 3687 tales
1163 3656 1273 3688 Absen-

209 3699 266 3731 ωε,
308 3695 384 3726 ebite
407 3695 528 3727 monitas
542 3719 554 3734 ,
576 3694 661 3734 Paci,
678 3695 748 3725 inter
769 3694 1000 3733 praecariffimum
1023 3697 1135 3725 Patrem
1155 3695 1273 3734 nostrum

208 3733 330 3775 Franciae
348 3735 381 3765 &
398 3736 459 3764 Nos
473 3734 574 3772 faetae,
592 3743 651 3764 non
667 3733 868 3771 Adhaerentes,
886 3736 958 3771 ymo
980 3742 1054 3765 extra
1069 3733 1272 3766 Obedientiam

209 3768 279 3799 dieti
294 3769 381 3813 Patris
394 3772 483 3803 nostri
499 3773 533 3805 &
549 3771 690 3804 Nostram
706 3773 735 3802 in
759 3772 862 3809 Locis,
879 3773 1026 3811 praedietae
1046 3771 1112 3802 Paci
1134 3783 1195 3803 non
1211 3774 1273 3805 Ad-

209 3808 382 3839 haerentibus
422 3811 448 3840 se
467 3820 610 3850 tenenteS‚
636 3821 704 3842 mox
714 3835 723 3850 ,
748 3810 811 3849 post
835 3810 1046 3849 Receptionem
1068 3810 1273 3852 Praesentium,

208 3846 366 3916 gepaqndum
376 3831 540 3882 &anonicas
553 3851 721 3882 Sanctiones
735 3849 912 3889 procedatis,
929 3850 963 3880 &
979 3849 1099 3890 procedi
1113 3850 1219 3882 faciatis
1230 3853 1275 3882 in-

230 3895 237 3915 1
275 3896 302 3916 e.

209 3922 325 3994 MDat‚
348 3922 421 3965 apud
452 3925 576 3964 Castrum
606 3927 725 3969 nostrum
747 3926 908 3965 Rothomagi
923 3949 934 3965 ,
977 3926 1096 3958 decimo
1121 3927 1198 3960 sexto
1228 3930 1275 3961 die

249 3970 319 3995 artu.

418 4003 472 4032 Per
486 4001 568 4042 ipftm
581 4007 677 4044 Regem
694 4006 736 4038 ad
748 4004 917 4037 Relationem
933 4007 1035 4043 Magni
1050 4004 1171 4038 commi,

2298 186 2348 223 15

2365 238 2419 268 prb
2454 265 2457 267 .
2492 263 2495 267 ⁴

2386 286 2433 314 14.
2452 297 2454 299 >

1399 296 1571 330 Confimiles
1586 298 1690 330 Literae
1703 300 1859 340 diriguntur
1873 296 2045 339 subscriptis,
2065 296 2212 336 videlicet,
2359 320 2423 343 Heu.
2441 329 2451 350 >

1282 377 1407 404 Vitarius
1429 378 1459 405 in
1474 373 1663 414 spiritualibus
1681 376 1798 416 Episcopi
1815 377 1936 406 Ebroice.
1962 373 2020 415 1pr
2039 374 2161 414 Episcopo
2189 378 2218 404 in
2237 377 2343 403 remotis

1317 421 1422 450 agente,

1281 453 1300 471 ³*
1310 454 1422 481 Vicariis
1439 455 1468 482 in
1483 451 1671 490 spiritualibus
1687 453 1805 492 Epifiopi
1823 456 1975 484 Lexovien.
2005 450 2056 490 1*pr
2075 449 2196 490 Episc'opo
2213 454 2243 480 in
2260 460 2345 480 remo-
2364 448 2383 468 Ἄ(
2393 448 2484 484 X.85.

1322 493 1357 519 tis
1372 498 1476 527 agente.

1285 531 1312 558 V
1314 532 1402 558 icariis
1420 531 1449 558 in
1467 528 1657 568 Spiritualibus
1679 528 1849 567 Episcopatris
1863 533 1986 558 Baiocen.
2007 528 2070 557 Sede
2088 528 2186 557 ibidem
2204 534 2344 557 vacante.-

1283 570 1312 597 V
1312 570 1402 596 icariis
1421 570 1451 596 in
1476 566 1666 605 Spiritualibus
1682 567 1877 605 Archiepifiopi
1894 566 2084 604 Rothomagen.
2102 570 2152 605 ipso
2165 566 2349 605 Arthiepis‘co-

1311 613 1346 643 po
1363 608 1393 635 in
1409 609 1516 635 remotis
1534 612 1638 643 agente.

1285 642 1442 673 Venerabili
1459 647 1487 673 in
1504 643 1607 684 Chrrsto
1627 646 1709 674 Patri
1729 643 1853 682 Episcopo
1868 641 2021 682 SagienJeu
2036 643 2094 681 ejus
2110 645 2137 671 V
2139 645 2230 671 icariis
2244 646 2273 672 in
2289 644 2347 680 Spi-

1323 681 1477 711 ritualibus,

1286 720 1444 751 Venerabili
1463 724 1491 749 in
1509 720 1612 760 Chrtsto
1630 723 1712 751 Patri
1732 720 1854 759 Eptscopo
1876 719 2026 750 Abi-incen.
2043 719 2093 759 fi’u
2110 720 2166 758 ejus
2184 708 2349 749 Vitariis'in

1324 757 1523 798 Spiritualibus.

1612 882 1662 915 De
1687 885 1807 916 Marcis
1831 879 2007 926 deferendis.

1294 964 1442 1021 REX,
1470 966 1632 999 Venerabili
1652 969 1680 997 in
1705 967 1821 998 Christo
1843 968 1936 1006 Patri,
1956 965 2080 1007 Episcopo
2103 965 2285 1006 Abrincenfi‚
2308 973 2355 998 aut
2372 967 2491 999 Anni)

1370 1008 1429 1044 ejus
1445 1005 1565 1037 Vicariis
1580 1008 1608 1037 in
1624 1006 1837 1053 Spiritualibus²
1858 1006 1995 1036 Salutem.
2391 1016 2475 1045 1421.

1329 1042 1411 1075 Cum
1428 1054 1477 1084 per
1492 1045 1682 1084 Receptores,
1701 1046 1729 1075 in
1746 1045 1839 1076 vestra
1862 1044 1998 1075 Dioecese
2022 1044 2169 1083 deputatos
2190 1044 2224 1075 &
2245 1043 2358 1073 ordina·
2371 1049 2423 1073 An.
2440 1046 2465 1073 8.

1324 1093 1354 1122 s,
1372 1093 1494 1121 receptae
1510 1084 1560 1115 sint
1575 1084 1709 1115 Pecuniae
1729 1084 1766 1114 de
1788 1084 1954 1122 Fruffibus,
1975 1083 2157 1121 Redditibus,
2174 1083 2207 1113 &
2229 1081 2358 1112 Proven—
2372 1089 2404 1110 Η.
2422 1093 2451 1119 5.

1335 1131 1365 1152 us
1380 1121 1587 1153 Beneficiorum
1602 1122 1725 1161 ejusdem
1739 1122 1896 1159 Dioecefis,
1908 1122 2091 1162 spectantium
2107 1122 2140 1152 ad
2155 1121 2289 1151 Personas
2298 1119 2356 1151 Ec·
2372 1127 2431 1150 Pae.

1294 1159 1457 1190 clefiasticas
1468 1161 1608 1199 absentes,
1628 1162 1660 1191 &
1677 1171 1728 1199 pro
1744 1161 1945 1192 Melioratione
1962 1160 2092 1191 Monetae
2108 1170 2184 1190 nunc
2199 1159 2357 1197 Currentis,
2372 1166 2460 1188 Nor-m.
2477 1158 2503 1185 8„

1294 1207 1328 1228 ac
1344 1198 1423 1228 bono
1435 1200 1468 1229 &
1488 1200 1602 1229 utilitate
1618 1199 1795 1238 Reipublicae
1811 1199 1909 1230 Nobis
1920 1199 2067 1237 subjetstae,
2085 1200 2240 1237 requiratur
2256 1207 2357 1238 magna
2371 1204 2404 1226 H.
2421 1208 2448 1233 5.
2463 1205 2487 1233 p.

1297 1237 1432 1276 quantitas
1448 1236 1613 1268 Marcatum
1629 1238 1763 1277 Argenti,
2374 1247 2399 1273 3.
2418 1247 2454 1264 m.
2481 1245 2506 1271 3»

1337 1274 1428 1305 Vobis
1440 1274 1625 1313 significamus
1646 1285 1778 1314 quatenus
1799 1275 1975 1315 Receptorcs
1997 1275 2146 1312 praediiios
2168 1274 2362 1312 compellatis,
2376 1277 2401 1303 d.

1300 1313 1357 1344 sive
1371 1314 1505 1352 compelli
1520 1314 1641 1350 faciatis,
1659 1323 1686 1343 ut
1701 1324 1735 1343 ex
1753 1315 1887 1344 omnibus
1904 1314 2033 1345 Pecuniis
2043 1337 2051 1350 ,
2068 1324 2116 1353 per
2130 1324 2162 1343 os
2177 1315 2365 1353 receptis,aut

1300 1351 1491 1390 imposterum
1514 1354 1543 1382 in
1568 1352 1692 1382 Moneta
1712 1363 1788 1382 nunc
1814 1352 1953 1383 Curi-ente
1977 1352 2156 1391 recipiendis,
2178 1351 2291 1382 Marcas
2311 1352 2367 1381 Ar-

1300 1392 1376 1429 genti
1392 1400 1503 1428 emant,
1522 1393 1556 1423 ὃς
1574 1391 1683 1422 easdem
1700 1391 1734 1420 ad
1751 1401 1851 1421 manus
1867 1390 2036 1428 Receptoris
2046 1390 2133 1420 nostri
2156 1401 2207 1428 pro
2229 1391 2365 1428 recipien-

1300 1430 1339 1460 do
1354 1428 1467 1459 Marcas
1479 1430 1507 1459 in
1525 1429 1660 1460 Dioecese
1674 1428 1763 1459 vestra
1780 1437 1911 1467 portent,
1927 1430 1981 1459 sive
1997 1430 2098 1466 portari
2112 1429 2230 1465 ficiunt,
2249 1430 2364 1466 &,pro

1301 1466 1426 1506 qualibet
1442 1467 1546 1498 Marca
1563 1469 1699 1507 Argenti,
1718 1467 1790 1497 infra
1808 1467 1941 1497 Mensem
1964 1478 1978 1497 a
1999 1476 2128 1506 tempore
2144 1467 2166 1496 F
2168 1468 2269 1497 abricae
2292 1466 2365 1497 Mo-

1300 1516 1391 1545 netae,
1409 1507 1543 1544 recipiant
1558 1506 1673 1544 Septem
1689 1507 1811 1536 Francos
1828 1506 1914 1536 bonae
1936 1505 2085 1541 Monerae,
2102 1506 2178 1542 juxta
2201 1505 2366 1535 Ordinatio-

1301 1555 1369 1575 nem
1384 1544 1510 1575 nostram
1525 1546 1588 1577 alias
1603 1546 1667 1576 inde
1681 1546 1785 1575 factam
1796 1545 1828 1574 ὃ(
1849 1544 2008 1582 provisam,
2027 1545 2059 1574 ὃς
2080 1544 2135 1572 hoc
2159 1545 2311 1573 nullatenus
2330 1554 2366 1572 o-

1301 1585 1424 1614 mittatis.

1338 1622 1406 1653 Dat.
1425 1621 1499 1662 apud
1518 1621 1640 1661 Castrum
1658 1619 1774 1662 nostrum
1792 1620 1953 1658 Rothomagi
1968 1620 2083 1651 decimo
2102 1620 2178 1650 sexto
2197 1619 2242 1649 die
2258 1619 2368 1650 Martii.

1498 1700 1553 1729 Per
1567 1698 1648 1737 ipficm
1667 1701 1762 1736 Regem
1781 1699 1821 1728 ad
1836 1696 2004 1728 Relationem
2023 1699 2124 1734 Magni
2143 1695 2261 1726 Concilii.

1415 1775 1585 1806 Confirnilia
1604 1775 1700 1806 Brevia
1718 1775 1874 1814 diriguntur
1892 1774 2062 1812 subscriptis,
2078 1772 2230 1812 videlicet,

1304 1855 1333 1883 V
1332 1855 1422 1882 icariis
1437 1856 1466 1882 in
1484 1852 1671 1891 Spiritualibur
1691 1851 1903 1893 Archiepiscopi
1918 1849 2173 1891 Rothomagensis,
2186 1850 2238 1890 ipJo
2247 1848 2367 1880 Archie-

1338 1892 1438 1931 piscopo
1456 1895 1485 1921 in
1503 1896 1611 1922 remotis
1628 1899 1733 1930 agente.

1304 1970 1334 1998 V
1336 1971 1426 2014 icariis
1445 1970 1473 1996 in
1494 1967 1682 2035 Spiritualibus
1707 1967 1840 2009 Episcopi
1863 1965 2058 2004 Ebroicenfis,
2075 1966 2125 2004 ipso
2143 1965 2266 2004 Episcopo
2282 1967 2312 1995 in
2328 1973 2372 1994 re·

1342 2014 1422 2036 motis
1441 2016 1507 2043 agen
1523 2018 1545 2037 e.

1308 2089 1426 2134 Vicarif's
1443 2091 1473 2117 in
1490 2087 1680 2126 spiritualibus
1698 2086 1832 2127 Episcopi
1849 2084 2045 2124 Lexovienfis,
2068 2084 2121 2124 ipso
2140 2083 2263 2124 Episcopo
2282 2087 2312 2115 in
2328 2093 2371 2113 re-

1342 2133 1421 2156 mom
1437 2134 1543 2164 agente.

1307 2206 1424 2270 Vicarzjs
1441 2207 1471 2233 in
1488 2203 1679 2243 spiritualibus
1698 2202 1874 2244 Epifiopatzis
1899 2199 2052 2242 Bajocenfis
2067 2224 2077 2240 ‚
2107 2200 2172 2231 Sede
2193 2200 2292 2230 ibidem
2317 2206 2374 2232 va-

1343 2252 1392 2271 can
1407 2252 1430 2272 e.

1307 2317 1468 2349 Venerabili
1485 2321 1514 2348 in
1534 2318 1639 2357 Christo
1659 2321 1741 2349 Patri
1759 2317 1906 2357 Episcopo
1925 2315 2160 2354 Constancienfi,
2176 2315 2228 2346 vel
2245 2315 2303 2353 ejus
2319 2315 2348 2345 V
2348 2316 2373 2344 ὶ-

1344 2361 1423 2388 cariis
1442 2361 1472 2388 in
1489 2358 1690 2396 Spiritualibus.

1307 2434 1466 2466 Venerabili
1491 2438 1521 2464 in
1540 2433 1645 2475 Christo
1663 2437 1746 2465 Patri
1769 2434 1912 2474 Episcopo
1937 2432 2078 2473 Sagiens1‚
2096 2430 2146 2461 vel
2171 2431 2227 2470 ry‘us
2252 2432 2281 2460 V
2283 2432 2377 2460 icariis

1344 2477 1374 2504 in
1389 2473 1593 2513 spiritualibus.

1378 2610 1427 2641 De
1451 2604 1673 2641 conditionibus
1690 2607 1782 2654 fhper
1808 2605 1996 2654 Elargitione
2018 2607 2115 2638 Ducis
2141 2598 2305 2636 Barbaniae.

1309 2695 1469 2747 HEnry,
1487 2693 1548 2723 &o
1569 2702 1583 2722 a
1598 2702 1687 2729 touz,
1703 2692 1761 2722 &c
1783 2691 1869 2722 Salut.

1404 2736 1523 2770 Comme,
1541 2731 1636 2762 nostre
1655 2730 1805 2762 Treschier
1827 2732 1860 2762 &
1881 2728 2016 2760 Tresame
2039 2727 2166 2763 Coufin,
2184 2725 2293 2770 *Johan
2315 2728 2376 2756 Duc
2394 2725 2468 2758 Ann.
2483 2725 2524 2760 D,

1310 2768 1341 2798 de
1363 2770 1489 2800 Bourbon
1510 2780 1581 2801 nous
1605 2769 1667 2801 eust
1690 2770 1819 2809 n'agaires
1843 2769 1909 2807 fait,
1927 2777 1975 2806 per
1999 2767 2125 2805 plusours
2149 2766 2219 2802 som,
2238 2764 2376 2804 supplies,
2421 2774 2508 2803 1421.

1310 2807 1401 2848 prier,
1417 2809 1450 2840 &
1465 2809 1590 2847 requirer
1606 2819 1680 2847 que,
2090 2843 2095 2848 Ι
2393 2808 2434 2831 An
2462 2805 2489 2832 8.

1351 2847 1477 2878 Attendu
1494 2848 1517 2877 la
1532 2848 1662 2886 tresgrant
1682 2848 1714 2878 &
1735 2846 1849 2886 parfaite
1871 2844 2018 2876 Affection
2040 2842 2106 2882 qu'il
2127 2852 2143 2872 a
2161 2851 2182 2884 a·
2197 2841 2378 2872 l'Entretene-
2393 2848 2426 2871 H.
2444 2852 2470 2877 5.

1309 2894 1391 2917 ment
1411 2888 1444 2918 ὃ(
1459 2886 1546 2917 effe&
1560 2885 1595 2917 de
1609 2887 1635 2916 la
1650 2885 1674 2916 P
1685 2896 1703 2915 A
1716 2895 1723 2914 ι
1735 2893 1751 2913 x
1772 2894 1790 2914 F
1802 2895 1811 2914 1
1824 2893 1845 2913 N
1858 2893 1878 2914 A
1888 2893 1908 2913 L
1921 2891 1938 2912 E
1948 2905 1957 2920 ,
1982 2881 2132 2920 n'adgaires
2149 2879 2214 2909 faite
2233 2889 2312 2910 entre
2325 2890 2377 2909 no-
2394 2882 2456 2908 lbid.
2469 2889 2507 2909 m.

1311 2924 1366 2956 stre
1387 2924 1516 2955 treschrer
1531 2924 1605 2955 Beau
1621 2927 1688 2953 Pere
1704 2924 1735 2952 de
1743 2926 1846 2952 France
1861 2923 1893 2953 &
1908 2920 2035 2958 Nour,la
2057 2919 2149 2957 quelle
2166 2917 2238 2962 Par
2249 2928 2264 2947 x
2287 2919 2320 2949 ὃς
2339 2918 2376 2948 les
2392 2929 2420 2956 4.

1313 2963 1423 2994 Lettres
1440 2963 1483 2993 sur
1501 2973 1535 2993 ce
1553 2962 1618 2992 faite
1633 2963 1650 2991 il
1665 2972 1680 2992 a
1693 2972 1746 2991 veu
1761 2962 1794 2992 &
1809 2961 1874 2991 leuz
1886 2960 1921 2991 de
1935 2968 1997 2990 mot
2013 2968 2029 2988 a
2042 2966 2121 2996 mot,
2137 2958 2169 2988 &
2185 2956 2222 2986 lui
2236 2966 2288 2987 ont
2303 2957 2376 2987 sem-

1310 3003 1356 3033 ble
1371 3002 1498 3039 bonnes,
1514 3001 1613 3038 saines,
1631 3001 1664 3031 &
1676 2999 1780 3037 justes,
2029 3036 2034 3040 Ι
2250 3034 2255 3039 θ

1350 3040 1387 3071 Et
1400 3051 1452 3078 pur
1466 3040 1492 3070 le
1505 3039 1635 3077 tresgrant
1649 3038 1718 3069 desit
1733 3038 1799 3077 qu’il
1811 3048 1827 3068 a
1843 3036 1880 3067 de
1895 3035 1983 3066 Nous
2000 3035 2066 3066 faire
2087 3035 2201 3072 bonne,
2217 3034 2325 3070 loraux,
2343 3034 2378 3065 δε

1310 3089 1326 3110 a
1366 3079 1468 3109 reables
1482 3078 1626 3116 Services,
2315 3109 2320 3115 ⁶

1384 3127 1436 3147 ous
1448 3116 1631 3154 vouliisl'ons,
1648 3114 1684 3146 de
1699 3113 1794 3146 nostre
1815 3113 1928 3151 Gracc,
1945 3112 2080 3144 entendre
2100 3122 2116 3142 a
2141 3110 2191 3141 son
2216 3108 2377 3149 Essargrffe-

1311 3165 1390 3186 ment
1403 3157 1436 3186 &
1451 3154 1642 3192 Deliurance‚

1347 3191 1563 3232 Savoirfaifhns
1580 3203 1634 3231 que
1648 3191 1754 3229 Nous,

1348 3232 1479 3263 Delirans
1494 3233 1519 3262 la
1533 3231 1653 3262 fermete
1668 3231 1704 3261 de
1717 3230 1741 3260 la
1752 3229 1792 3260 dit
1808 3229 1832 3260 P
1842 3237 1924 3266 Alx,
1943 3229 1975 3259 &
1991 3227 2087 3265 icelle,
2106 3235 2165 3257 tant
2204 3235 2237 3270 ‘ar
2259 3226 2297 3256 les
2319 3225 2375 3270 Pe-

1311 3282 1352 3302 res
1367 3271 1403 3303 de
1417 3269 1511 3301 nostte
1525 3271 1567 3302 dit
1582 3273 1659 3300 Beau
1675 3271 1760 3307 Pere,
1778 3269 1811 3298 &
1826 3267 1920 3298 Grans
1940 3267 2103 3307 Seignieurs
2118 3267 2166 3296 des
2202 3274 2242 3295 itz
2265 3264 2376 3295 Rorau-

1313 3320 1388 3349 mes,
1409 3310 1442 3342 &
1454 3318 1559 3347 autres,
1578 3308 1650 3339 estre
1665 3316 1748 3338 tenue
1760 3308 1792 3338 &
1809 3306 1894 3344 garde
1909 3306 1986 3336 sauus
2000 3304 2175 3341 enrraindre,

1348 3349 1386 3380 Et
1397 3359 1470 3387 pour
1484 3348 1508 3378 la
1523 3356 1604 3387 grant
1619 3356 1719 3377 amour
1734 3346 1767 3376 &
1780 3345 1914 3376 dileetion
1931 3354 1985 3382 que
2006 3353 2076 3373 nous
2095 3352 2181 3372 avons
2196 3352 2211 3372 a
2226 3341 2322 3371 nostre
2336 3340 2377 3370 dit

1311 3387 1439 3426 Cousrn,
1457 3386 1581 3426 esperans
1597 3395 1652 3424 que
1664 3386 1731 3416 bien
1744 3384 1777 3415 &
1793 3383 1939 3414 loialment
1954 3383 2047 3413 icellui
2060 3380 2156 3411 nostre
2171 3379 2281 3411 Coufin
2288 3379 2377 3410 Nous

1310 3426 1368 3458 fera
1383 3425 1488 3456 Plaifirs
1503 3426 1537 3456 &
1552 3424 1697 3462 services,

1347 3465 1437 3503 Apres
1450 3464 1573 3504 plusours
1589 3463 1720 3500 Paroles,
1738 3462 1781 3491 sur
1795 3471 1830 3491 ce
1845 3461 1928 3497 faitz‚
2100 3498 2105 3503 ι
2258 3495 2264 3501 .
2312 3494 2317 3500 ·

1348 3504 1437 3534 Nous
1449 3503 1538 3534 somes
1550 3509 1704 3533 contentez
1718 3510 1733 3530 a
1749 3499 1882 3530 entendre
1902 3506 1955 3529 aux
1975 3496 2148 3528 devantdrtes
2167 3494 2371 3535 Supplications

1309 3540 1563 3581 d'Essargiffement
1577 3541 1610 3571 &
1624 3539 1810 3575 Deliurance,
1828 3548 1874 3576 par
1888 3538 1912 3567 la
1930 3537 2060 3573 fourme,
2079 3533 2095 3549 '³
2112 3544 2242 3572 manere,
2260 3534 2374 3564 &con-
2391 3547 2408 3565 a
2420 3547 2456 3576 X.
2472 3546 2520 3574 35·

1309 3580 1438 3618 dicions,
1455 3581 1503 3610 des
1515 3579 1619 3618 quelles
1632 3577 1728 3609 nostre
1742 3576 1783 3607 dit
1799 3575 1907 3606 Cousin
1944 3576 1980 3604 de
1998 3573 2022 3604 sa
2043 3574 2158 3604 franche
2182 3573 2214 3602 &
2230 3581 2298 3610 pute
2317 3581 2373 3619 yo—

1310 3619 1383 3650 lente
1398 3641 1408 3656 ‚
1435 3626 1613 3649 meurement
1641 3615 1792 3647 deliberees
1813 3639 1823 3653 ,
1848 3625 1864 3645 a
1889 3624 1904 3644 e
1932 3624 1947 3644 e
1977 3612 2109 3651 d’acord,
2133 3620 2250 3642 comme
2268 3618 2286 3649 y
2304 3620 2315 3640 s
2325 3619 2375 3640 en-

1310 3658 1389 3689 suent
1397 3680 1408 3696 ‚

1349 3733 1373 3764 P
1383 3742 1407 3764 R
1417 3742 1429 3763 ῐ
1440 3741 1466 3763 Μ
1477 3742 1495 3763 Ε
1504 3741 1527 3763 R
1537 3742 1555 3763 E
1564 3740 1591 3762 Μ
1600 3741 1619 3762 E
1630 3739 1652 3761 N
1661 3738 1684 3761 Τ
1694 3753 1704 3769 ,
1722 3732 1800 3760 Nous
1814 3730 1847 3760 δε
1861 3728 1957 3761 nostre
1973 3728 2013 3757 dit
2031 3725 2123 3765 Coufin
2148 3734 2234 3769 avons
2250 3724 2325 3762 este,
2344 3725 2378 3756 δε

1310 3773 1400 3804 fomes
1415 3771 1548 3809 d’acord,
1567 3781 1622 3808 que
1636 3770 1654 3800 il
1670 3778 1823 3806 promettra
1836 3770 1868 3799 δε
1880 3777 1987 3809 Jurefa,
2007 3767 2048 3795 sur
2069 3766 2105 3795 les
2119 3764 2227 3805 Saintes
2249 3762 2328 3794 Evan
2350 3774 2379 3794 e-

1312 3812 1350 3842 les
1362 3811 1398 3841 de
1415 3810 1511 3848 Dieu‚
1527 3819 1576 3849 par
1590 3809 1650 3849 Foy
1666 3809 1699 3839 &
1714 3808 1862 3838 Serement
1877 3807 1913 3836 de
1933 3810 1980 3835 ion
1998 3803 2092 3841 Corps
2103 3825 2112 3839 ,
2129 3804 2161 3832 &
2181 3804 2223 3831 {ur
2244 3810 2308 3832 tout
2338 3812 2379 3832 on

1311 3849 1473 3887 Honneur,
1489 3858 1545 3887 que
1558 3847 1577 3878 il
1591 3846 1716 3878 Gardera
1731 3847 1764 3877 ὃ(
1788 3844 1913 3875 Teindra
1933 3845 1958 3873 la
1980 3842 2002 3871 P
2015 3852 2032 3871 A
2042 3851 2052 3871 1
2062 3851 2079 3870 x
2098 3849 2116 3870 F
2126 3850 2137 3884 i
2148 3849 2230 3883 N‘AL
2241 3849 2258 3869 e
2277 3840 2380 3870 deffus-

1312 3889 1385 3926 dite,
1404 3889 1437 3919 &
1454 3887 1577 3918 toutz&
1591 3886 1714 3916 chescun
1730 3884 1836 3914 Pointz
1850 3890 1996 3912 contenuz
2016 3890 2051 3909 en
2067 3878 2195 3909 Trardtie
2217 3880 2250 3909 ὃ(
2269 3878 2380 3909 Lettres

1311 3927 1382 3958 dela
1396 3926 1453 3956 dite
1468 3925 1555 3963 Paix,
1573 3924 1638 3955 sanz
1661 3923 1834 3958 enfraindre,
1852 3922 1884 3950 ὅ(
1907 3919 1950 3950 sur
1966 3928 1999 3948 ce
2014 3918 2123 3948 baillera
2140 3917 2283 3955 Parentes,
2302 3918 2380 3948 telles

1339 3976 1373 3995 ue
1387 3975 1420 3995 au
1431 3975 1477 3995 cas
1490 3974 1524 4004 ap
1546 3962 1697 4000 erteindr23
1715 3962 1747 3992 ὃς
1764 3961 1825 3990 auxi
1840 3957 1903 3988 faira
1919 3959 1994 3996 jurer
2010 3957 2036 3986 la
2051 3956 2108 3985 dite
2123 3955 2146 3985 P
2157 3964 2190 3986 Ar
2200 3965 2216 3985 x
2232 3965 2283 3986 aux
2297 3956 2378 3986 Gens

1334 4003 1450 4043 'Eglise,
1468 4002 1525 4034 No
1547 4003 1602 4039 les,
1619 4002 1652 4032 &
1666 4001 1773 4030 bonnes
1790 3997 1873 4028 Villes
1886 3996 1922 4026 de
1935 3996 1973 4025 ses
1990 3993 2050 4024 Pais
2069 3996 2101 4025 δε
2121 3994 2294 4032 seigneuries
2310 4004 2379 4032 que-

1314 4052 1460 4081 conques,
1474 4040 1577 4071 tantost
1591 4042 1623 4071 ὃς
1638 4039 1715 4069 sauns
1731 4037 1831 4067 delaier
1845 4044 1921 4073 apres
1936 4035 1984 4064 lon
2000 4032 2212 4071 ellargilsement

1365 4080 1473 4111 ITEM
1485 4080 1517 4112 &
1528 4102 1537 4117 ‚
1556 4088 1606 4117 pur
1628 4077 1752 4108 leseurte
1777 4075 1811 4105 de
1834 4072 1997 4111 l'Acoznpli
2009 4071 2037 4102 ff
2051 4072 2188 4103 eruent&
2210 4070 2383 4131 Entretene;

2303 4119 2368 4139 ᾸΠΞΠ
2377 4132 2383 4139 .
