<?xml version="1.0" encoding="UTF-8"?>
<!DOCTYPE html PUBLIC "-//W3C//DTD XHTML 1.0 Transitional//EN"
    "http://www.w3.org/TR/xhtml1/DTD/xhtml1-transitional.dtd">
<html xmlns="http://www.w3.org/1999/xhtml" xml:lang="en" lang="en">
 <head>
  <title>
</title>
<meta http-equiv="Content-Type" content="text/html;charset=utf-8" />
  <meta name='ocr-system' content='tesseract 3.04.00' />
  <meta name='ocr-capabilities' content='ocr_page ocr_carea ocr_par ocr_line ocrx_word'/>
</head>
<body>
  <div class='ocr_page' id='page_1' title='image "./fderaconventione04ryme_0567.png"; bbox 0 0 2562 4274; ppageno 0'>
   <div class='ocr_carea' id='block_1_1' title="bbox 699 185 2292 246">
    <p class='ocr_par' dir='ltr' id='par_1_1' title="bbox 699 185 2292 246">
     <span class='ocr_line' id='line_1_1' title="bbox 699 185 2292 246; baseline 0.004 -17"><span class='ocrx_word' id='word_1_1' title='bbox 699 188 813 229; x_wconf 85' lang='lat' dir='ltr'>ET</span> <span class='ocrx_word' id='word_1_2' title='bbox 897 186 1165 229; x_wconf 89' lang='lat' dir='ltr'>ACTA</span> <span class='ocrx_word' id='word_1_3' title='bbox 1246 185 1726 231; x_wconf 62' lang='lat' dir='ltr'>PttssticA.</span> <span class='ocrx_word' id='word_1_4' title='bbox 2214 206 2292 246; x_wconf 85' lang='lat'>127</span> 
     </span>
    </p>
   </div>
   <div class='ocr_carea' id='block_1_2' title="bbox 5 270 2443 359">
    <p class='ocr_par' dir='ltr' id='par_1_2' title="bbox 5 270 2443 359">
     <span class='ocr_line' id='line_1_2' title="bbox 5 270 2443 315; baseline 0.001 -6"><span class='ocrx_word' id='word_1_5' title='bbox 5 279 81 312; x_wconf 88' lang='lat' dir='ltr'>Ann.</span> <span class='ocrx_word' id='word_1_6' title='bbox 95 275 138 307; x_wconf 91' lang='lat' dir='ltr'>D.</span> <span class='ocrx_word' id='word_1_7' title='bbox 157 282 225 312; x_wconf 88' lang='lat' dir='ltr'>mo;</span> <span class='ocrx_word' id='word_1_8' title='bbox 241 272 293 304; x_wconf 87' lang='lat' dir='ltr'>but</span> <span class='ocrx_word' id='word_1_9' title='bbox 306 281 324 313; x_wconf 90' lang='lat' dir='ltr'>y</span> <span class='ocrx_word' id='word_1_10' title='bbox 340 271 459 304; x_wconf 73' lang='lat' dir='ltr'>Beseche</span> <span class='ocrx_word' id='word_1_11' title='bbox 472 272 542 304; x_wconf 92' lang='lat' dir='ltr'>You</span> <span class='ocrx_word' id='word_1_12' title='bbox 555 272 773 303; x_wconf 84' lang='lat' dir='ltr'>Recommande</span> <span class='ocrx_word' id='word_1_13' title='bbox 797 282 844 303; x_wconf 88' lang='lat' dir='ltr'>me</span> <span class='ocrx_word' id='word_1_14' title='bbox 864 280 895 303; x_wconf 90' lang='lat' dir='ltr'>to</span> <span class='ocrx_word' id='word_1_15' title='bbox 915 272 949 303; x_wconf 86' lang='lat' dir='ltr'>all</span> <span class='ocrx_word' id='word_1_16' title='bbox 973 283 1020 312; x_wconf 85' lang='lat' dir='ltr'>my</span> <span class='ocrx_word' id='word_1_17' title='bbox 1032 273 1057 303; x_wconf 90' lang='lat' dir='ltr'>al</span> <span class='ocrx_word' id='word_1_18' title='bbox 1073 271 1201 302; x_wconf 76' lang='lat' dir='ltr'>Maisters</span> <span class='ocrx_word' id='word_1_19' title='bbox 1239 270 1300 309; x_wconf 60' lang='lat' dir='ltr'>ma,</span> <span class='ocrx_word' id='word_1_20' title='bbox 1318 272 1351 302; x_wconf 87' lang='lat'>&amp;</span> <span class='ocrx_word' id='word_1_21' title='bbox 1363 272 1498 311; x_wconf 86' lang='lat' dir='ltr'>Tenore,</span> <span class='ocrx_word' id='word_1_22' title='bbox 1527 274 1629 311; x_wconf 88' lang='lat' dir='ltr'>quibus</span> <span class='ocrx_word' id='word_1_23' title='bbox 1651 277 1665 292; x_wconf 63' lang='lat'>³*</span> <span class='ocrx_word' id='word_1_24' title='bbox 1685 276 1777 314; x_wconf 74' lang='lat' dir='ltr'>initae,</span> <span class='ocrx_word' id='word_1_25' title='bbox 1796 274 1894 314; x_wconf 74' lang='lat' dir='ltr'>faetae,</span> <span class='ocrx_word' id='word_1_26' title='bbox 1910 285 2087 315; x_wconf 78' lang='lat' dir='ltr'>prorogatae,</span> <span class='ocrx_word' id='word_1_27' title='bbox 2105 277 2138 308; x_wconf 72' lang='grc' dir='ltr'>ὅς</span> <span class='ocrx_word' id='word_1_28' title='bbox 2154 277 2282 310; x_wconf 83' lang='lat' dir='ltr'>observa-</span> <span class='ocrx_word' id='word_1_29' title='bbox 2305 273 2381 311; x_wconf 80' lang='lat' dir='ltr'>Ann.</span> <span class='ocrx_word' id='word_1_30' title='bbox 2399 278 2443 311; x_wconf 85' lang='lat' dir='ltr'>D.</span> 
     </span>
     <span class='ocr_line' id='line_1_3' title="bbox 27 309 2411 359; baseline 0.003 -19"><span class='ocrx_word' id='word_1_31' title='bbox 27 325 111 356; x_wconf 84' lang='lat'>14¹9·</span> <span class='ocrx_word' id='word_1_32' title='bbox 156 313 233 350; x_wconf 86' lang='lat' dir='ltr'>ther,</span> <span class='ocrx_word' id='word_1_33' title='bbox 250 311 304 341; x_wconf 85' lang='lat' dir='ltr'>and</span> <span class='ocrx_word' id='word_1_34' title='bbox 318 311 439 342; x_wconf 84' lang='lat' dir='ltr'>Greteth</span> <span class='ocrx_word' id='word_1_35' title='bbox 454 313 508 344; x_wconf 89' lang='lat' dir='ltr'>wel</span> <span class='ocrx_word' id='word_1_36' title='bbox 521 312 555 343; x_wconf 85' lang='lat' dir='ltr'>all</span> <span class='ocrx_word' id='word_1_37' title='bbox 570 321 617 352; x_wconf 88' lang='lat' dir='ltr'>my</span> <span class='ocrx_word' id='word_1_38' title='bbox 640 311 780 351; x_wconf 84' lang='lat' dir='ltr'>Felysship</span> <span class='ocrx_word' id='word_1_39' title='bbox 791 334 800 348; x_wconf 88' lang='lat'>,</span> <span class='ocrx_word' id='word_1_40' title='bbox 817 311 872 341; x_wconf 87' lang='lat' dir='ltr'>and</span> <span class='ocrx_word' id='word_1_41' title='bbox 892 311 928 350; x_wconf 88' lang='lat' dir='ltr'>J.</span> <span class='ocrx_word' id='word_1_42' title='bbox 944 313 1037 342; x_wconf 79' lang='lat' dir='ltr'>Larke</span> <span class='ocrx_word' id='word_1_43' title='bbox 1057 320 1104 351; x_wconf 89' lang='lat' dir='ltr'>my</span> <span class='ocrx_word' id='word_1_44' title='bbox 1125 309 1203 350; x_wconf 84' lang='lat' dir='ltr'>good</span> <span class='ocrx_word' id='word_1_45' title='bbox 1242 318 1278 339; x_wconf 86' lang='lat' dir='ltr'>tae</span> <span class='ocrx_word' id='word_1_46' title='bbox 1299 310 1409 341; x_wconf 87' lang='lat' dir='ltr'>fuerunt</span> <span class='ocrx_word' id='word_1_47' title='bbox 1422 334 1431 349; x_wconf 89' lang='lat'>‚</span> <span class='ocrx_word' id='word_1_48' title='bbox 1454 321 1499 342; x_wconf 87' lang='lat' dir='ltr'>aut</span> <span class='ocrx_word' id='word_1_49' title='bbox 1512 312 1606 342; x_wconf 88' lang='lat' dir='ltr'>saltem</span> <span class='ocrx_word' id='word_1_50' title='bbox 1622 313 1760 346; x_wconf 84' lang='lat' dir='ltr'>observari</span> <span class='ocrx_word' id='word_1_51' title='bbox 1773 315 1944 353; x_wconf 86' lang='lat' dir='ltr'>debuerunt,</span> <span class='ocrx_word' id='word_1_52' title='bbox 1961 316 2083 345; x_wconf 77' lang='lat' dir='ltr'>valiturae</span> <span class='ocrx_word' id='word_1_53' title='bbox 2097 317 2130 348; x_wconf 91' lang='lat'>&amp;</span> <span class='ocrx_word' id='word_1_54' title='bbox 2144 316 2282 347; x_wconf 88' lang='lat' dir='ltr'>duraturae</span> <span class='ocrx_word' id='word_1_55' title='bbox 2324 329 2411 359; x_wconf 84' lang='lat'><em>1419.</em></span> 
     </span>
    </p>
   </div>
   <div class='ocr_carea' id='block_1_3' title="bbox 7 349 2414 431">
    <p class='ocr_par' dir='ltr' id='par_1_3' title="bbox 7 349 2414 431">
     <span class='ocr_line' id='line_1_4' title="bbox 7 349 2414 394; baseline 0.001 -11"><span class='ocrx_word' id='word_1_56' title='bbox 7 361 69 384; x_wconf 73' lang='lat' dir='ltr'>Hen-</span> <span class='ocrx_word' id='word_1_57' title='bbox 88 364 105 391; x_wconf 86' lang='lat'><em>5</em></span> <span class='ocrx_word' id='word_1_58' title='bbox 155 350 270 381; x_wconf 70' lang='lat' dir='ltr'>Freeui.</span> <span class='ocrx_word' id='word_1_59' title='bbox 698 388 703 393; x_wconf 41' lang='grc'><em>.</em></span> <span class='ocrx_word' id='word_1_60' title='bbox 759 388 764 393; x_wconf 23' lang='lat'>⁶</span> <span class='ocrx_word' id='word_1_61' title='bbox 1241 349 1269 377; x_wconf 91' lang='lat' dir='ltr'>in</span> <span class='ocrx_word' id='word_1_62' title='bbox 1291 349 1428 391; x_wconf 74' lang='lat' dir='ltr'>consimili</span> <span class='ocrx_word' id='word_1_63' title='bbox 1449 352 1548 380; x_wconf 88' lang='lat' dir='ltr'>virtute</span> <span class='ocrx_word' id='word_1_64' title='bbox 1563 373 1571 388; x_wconf 93' lang='lat'>,</span> <span class='ocrx_word' id='word_1_65' title='bbox 1597 352 1720 390; x_wconf 80' lang='lat' dir='ltr'>robore,</span> <span class='ocrx_word' id='word_1_66' title='bbox 1744 354 1776 383; x_wconf 64' lang='grc' dir='ltr'>ὃ(</span> <span class='ocrx_word' id='word_1_67' title='bbox 1798 353 1894 390; x_wconf 81' lang='lat' dir='ltr'>vigore</span> <span class='ocrx_word' id='word_1_68' title='bbox 1908 353 2007 391; x_wconf 88' lang='lat' dir='ltr'>quibus</span> <span class='ocrx_word' id='word_1_69' title='bbox 2025 363 2088 384; x_wconf 83' lang='lat' dir='ltr'>ante</span> <span class='ocrx_word' id='word_1_70' title='bbox 2102 357 2159 391; x_wconf 79' lang='lat' dir='ltr'>jam</span> <span class='ocrx_word' id='word_1_71' title='bbox 2173 355 2283 385; x_wconf 52' lang='lat' dir='ltr'>dictum</span> <span class='ocrx_word' id='word_1_72' title='bbox 2304 364 2366 386; x_wconf 69' lang='lat' dir='ltr'>Hm.</span> <span class='ocrx_word' id='word_1_73' title='bbox 2386 367 2414 394; x_wconf 66' lang='grc' dir='ltr'>ς.</span> 
     </span>
     <span class='ocr_line' id='line_1_5' title="bbox 194 385 2396 431; baseline 0.003 -12"><span class='ocrx_word' id='word_1_74' title='bbox 194 389 260 419; x_wconf 78' lang='lat' dir='ltr'>And</span> <span class='ocrx_word' id='word_1_75' title='bbox 275 387 429 428; x_wconf 87' lang='lat' dir='ltr'>Almyghty</span> <span class='ocrx_word' id='word_1_76' title='bbox 444 388 514 419; x_wconf 87' lang='lat' dir='ltr'>God</span> <span class='ocrx_word' id='word_1_77' title='bbox 529 388 600 421; x_wconf 87' lang='lat' dir='ltr'>have</span> <span class='ocrx_word' id='word_1_78' title='bbox 614 387 684 418; x_wconf 88' lang='lat' dir='ltr'>You</span> <span class='ocrx_word' id='word_1_79' title='bbox 696 398 724 417; x_wconf 89' lang='lat' dir='ltr'>in</span> <span class='ocrx_word' id='word_1_80' title='bbox 736 387 777 417; x_wconf 82' lang='lat' dir='ltr'>his</span> <span class='ocrx_word' id='word_1_81' title='bbox 794 386 927 429; x_wconf 87' lang='lat' dir='ltr'>Kepyng.</span> <span class='ocrx_word' id='word_1_82' title='bbox 1242 385 1355 417; x_wconf 86' lang='lat' dir='ltr'>Festum</span> <span class='ocrx_word' id='word_1_83' title='bbox 1370 387 1481 418; x_wconf 69' lang='lat' dir='ltr'>Paschee</span> <span class='ocrx_word' id='word_1_84' title='bbox 1495 388 1639 420; x_wconf 85' lang='lat' dir='ltr'>valuerunt</span> <span class='ocrx_word' id='word_1_85' title='bbox 1655 391 1687 421; x_wconf 68' lang='grc' dir='ltr'>ὃ(</span> <span class='ocrx_word' id='word_1_86' title='bbox 1701 391 1863 429; x_wconf 85' lang='lat' dir='ltr'>viguerunt,</span> <span class='ocrx_word' id='word_1_87' title='bbox 1880 392 1946 422; x_wconf 87' lang='lat' dir='ltr'>hinc</span> <span class='ocrx_word' id='word_1_88' title='bbox 1960 392 2005 422; x_wconf 87' lang='lat' dir='ltr'>seu</span> <span class='ocrx_word' id='word_1_89' title='bbox 2019 402 2034 421; x_wconf 86' lang='lat' dir='ltr'>a</span> <span class='ocrx_word' id='word_1_90' title='bbox 2046 393 2104 422; x_wconf 90' lang='lat' dir='ltr'>Die</span> <span class='ocrx_word' id='word_1_91' title='bbox 2116 392 2198 423; x_wconf 74' lang='lat' dir='ltr'>Datce</span> <span class='ocrx_word' id='word_1_92' title='bbox 2216 403 2286 431; x_wconf 86' lang='lat' dir='ltr'>prae-</span> <span class='ocrx_word' id='word_1_93' title='bbox 2313 402 2321 411; x_wconf 85' lang='grc'><strong><em>’</em></strong></span> <span class='ocrx_word' id='word_1_94' title='bbox 2346 398 2396 425; x_wconf 77' lang='lat' dir='ltr'>IX.</span> 
     </span>
    </p>
   </div>
   <div class='ocr_carea' id='block_1_4' title="bbox 1242 424 2371 473">
    <p class='ocr_par' dir='ltr' id='par_1_4' title="bbox 1242 424 2371 473">
     <span class='ocr_line' id='line_1_6' title="bbox 1242 424 2371 473; baseline 0.009 -20"><span class='ocrx_word' id='word_1_95' title='bbox 1242 424 1322 454; x_wconf 89' lang='lat' dir='ltr'>sentis</span> <span class='ocrx_word' id='word_1_96' title='bbox 1340 425 1614 465; x_wconf 57' lang='lat' dir='ltr'>Appunciuamenti,</span> <span class='ocrx_word' id='word_1_97' title='bbox 1630 427 1713 465; x_wconf 88' lang='lat' dir='ltr'>usque</span> <span class='ocrx_word' id='word_1_98' title='bbox 1728 429 1762 458; x_wconf 85' lang='lat' dir='ltr'>ad</span> <span class='ocrx_word' id='word_1_99' title='bbox 1778 428 1891 458; x_wconf 90' lang='lat' dir='ltr'>Festum</span> <span class='ocrx_word' id='word_1_100' title='bbox 1912 431 2044 459; x_wconf 90' lang='lat' dir='ltr'>omniurn</span> <span class='ocrx_word' id='word_1_101' title='bbox 2059 430 2229 462; x_wconf 62' lang='lat' dir='ltr'>Sanctorum</span> <span class='ocrx_word' id='word_1_102' title='bbox 2244 433 2288 463; x_wconf 88' lang='lat' dir='ltr'>su-</span> <span class='ocrx_word' id='word_1_103' title='bbox 2307 437 2371 473; x_wconf 84' lang='lat'>781.</span> 
     </span>
    </p>
   </div>
   <div class='ocr_carea' id='block_1_5' title="bbox 193 464 948 578">
    <p class='ocr_par' dir='ltr' id='par_1_5' title="bbox 193 464 948 578">
     <span class='ocr_line' id='line_1_7' title="bbox 193 464 763 504; baseline 0 -10"><span class='ocrx_word' id='word_1_104' title='bbox 193 464 308 494; x_wconf 85' lang='lat' dir='ltr'>Writen</span> <span class='ocrx_word' id='word_1_105' title='bbox 324 471 351 495; x_wconf 87' lang='lat' dir='ltr'>at</span> <span class='ocrx_word' id='word_1_106' title='bbox 362 467 479 496; x_wconf 75' lang='lat' dir='ltr'>Maunte</span> <span class='ocrx_word' id='word_1_107' title='bbox 498 466 553 497; x_wconf 85' lang='lat' dir='ltr'>xiv.</span> <span class='ocrx_word' id='word_1_108' title='bbox 570 464 622 504; x_wconf 86' lang='lat' dir='ltr'>day</span> <span class='ocrx_word' id='word_1_109' title='bbox 635 464 671 495; x_wconf 90' lang='lat' dir='ltr'>of</span> <span class='ocrx_word' id='word_1_110' title='bbox 679 464 763 503; x_wconf 87' lang='lat' dir='ltr'>Juyll.</span> 
     </span>
     <span class='ocr_line' id='line_1_8' title="bbox 730 543 948 578; baseline -0.005 -8"><span class='ocrx_word' id='word_1_111' title='bbox 730 543 795 570; x_wconf 84' lang='lat' dir='ltr'><em>Your</em></span> <span class='ocrx_word' id='word_1_112' title='bbox 809 544 929 571; x_wconf 81' lang='lat' dir='ltr'><em>Servant</em></span> <span class='ocrx_word' id='word_1_113' title='bbox 938 563 948 578; x_wconf 92' lang='lat'>,</span> 
     </span>
    </p>
   </div>
   <div class='ocr_carea' id='block_1_6' title="bbox 811 616 1053 647">
    <p class='ocr_par' dir='ltr' id='par_1_6' title="bbox 811 616 1053 647">
     <span class='ocr_line' id='line_1_9' title="bbox 811 616 1053 647; baseline -0.008 0"><span class='ocrx_word' id='word_1_114' title='bbox 811 616 851 647; x_wconf 84' lang='lat' dir='ltr'>R.</span> <span class='ocrx_word' id='word_1_115' title='bbox 871 616 1053 647; x_wconf 67' lang='lat' dir='ltr'>Pmoun.</span> 
     </span>
    </p>
   </div>
   <div class='ocr_carea' id='block_1_7' title="bbox 161 757 1210 854">
    <p class='ocr_par' dir='ltr' id='par_1_7' title="bbox 161 757 1210 854">
     <span class='ocr_line' id='line_1_10' title="bbox 161 757 1210 805; baseline 0.001 -13"><span class='ocrx_word' id='word_1_116' title='bbox 161 757 394 802; x_wconf 75' lang='lat' dir='ltr'>Instrumemum</span> <span class='ocrx_word' id='word_1_117' title='bbox 412 758 503 805; x_wconf 72' lang='lat' dir='ltr'>fhpcr</span> <span class='ocrx_word' id='word_1_118' title='bbox 522 762 743 792; x_wconf 75' lang='lat' dir='ltr'>Continuatione</span> <span class='ocrx_word' id='word_1_119' title='bbox 765 763 848 793; x_wconf 81' lang='lat' dir='ltr'><em>Pacis</em></span> <span class='ocrx_word' id='word_1_120' title='bbox 873 764 908 798; x_wconf 56' lang='grc' dir='ltr'><strong><em>ὠ</em></strong></span> <span class='ocrx_word' id='word_1_121' title='bbox 928 761 1112 805; x_wconf 70' lang='lat' dir='ltr'>Intercurfits</span> <span class='ocrx_word' id='word_1_122' title='bbox 1133 764 1210 793; x_wconf 80' lang='lat' dir='ltr'>inter</span> 
     </span>
     <span class='ocr_line' id='line_1_11' title="bbox 413 808 958 854; baseline -0.002 -14"><span class='ocrx_word' id='word_1_123' title='bbox 413 813 600 840; x_wconf 61' lang='lat' dir='ltr'>[mercatores</span> <span class='ocrx_word' id='word_1_124' title='bbox 618 808 762 841; x_wconf 82' lang='lat' dir='ltr'>Flandriae</span> <span class='ocrx_word' id='word_1_125' title='bbox 779 812 814 846; x_wconf 64' lang='lat'>&amp;⁴</span> <span class='ocrx_word' id='word_1_126' title='bbox 837 809 958 854; x_wconf 27' lang='lat' dir='ltr'>Anglite.</span> 
     </span>
    </p>
   </div>
   <div class='ocr_carea' id='block_1_8' title="bbox 14 884 1215 1123">
    <p class='ocr_par' dir='ltr' id='par_1_8' title="bbox 17 884 903 928">
     <span class='ocr_line' id='line_1_12' title="bbox 17 884 903 928; baseline 0.001 -7"><span class='ocrx_word' id='word_1_127' title='bbox 17 884 144 918; x_wconf 76' lang='lat' dir='ltr'>Arm-D·</span> <span class='ocrx_word' id='word_1_128' title='bbox 250 890 329 921; x_wconf 85' lang='lat' dir='ltr'>AEC</span> <span class='ocrx_word' id='word_1_129' title='bbox 355 891 618 923; x_wconf 76' lang='lat' dir='ltr'>INDENTURA</span> <span class='ocrx_word' id='word_1_130' title='bbox 644 893 688 922; x_wconf 87' lang='lat' dir='ltr'>seu</span> <span class='ocrx_word' id='word_1_131' title='bbox 714 891 903 928; x_wconf 78' lang='lat' dir='ltr'>CEDULA,</span> 
     </span>
    </p>

    <p class='ocr_par' dir='ltr' id='par_1_9' title="bbox 14 930 1215 1123">
     <span class='ocr_line' id='line_1_13' title="bbox 38 930 1212 969; baseline 0 -8"><span class='ocrx_word' id='word_1_132' title='bbox 38 932 123 963; x_wconf 87' lang='lat'>1419.</span> <span class='ocrx_word' id='word_1_133' title='bbox 279 930 418 960; x_wconf 75' lang='lat' dir='ltr'>FACTA</span> <span class='ocrx_word' id='word_1_134' title='bbox 445 930 544 961; x_wconf 74' lang='lat' dir='ltr'>Calesii</span> <span class='ocrx_word' id='word_1_135' title='bbox 567 930 625 960; x_wconf 90' lang='lat' dir='ltr'>Die</span> <span class='ocrx_word' id='word_1_136' title='bbox 648 930 869 968; x_wconf 58' lang='lat' dir='ltr'>Qiartadecima</span> <span class='ocrx_word' id='word_1_137' title='bbox 895 930 1001 961; x_wconf 72' lang='lat' dir='ltr'>Mensis</span> <span class='ocrx_word' id='word_1_138' title='bbox 1020 930 1104 969; x_wconf 87' lang='lat' dir='ltr'>Julii,</span> <span class='ocrx_word' id='word_1_139' title='bbox 1123 930 1212 962; x_wconf 89' lang='lat' dir='ltr'>Anno</span> 
     </span>
     <span class='ocr_line' id='line_1_14' title="bbox 15 967 1078 1007; baseline 0.001 -9"><span class='ocrx_word' id='word_1_140' title='bbox 15 967 67 992; x_wconf 71' lang='lat' dir='ltr'>An·</span> <span class='ocrx_word' id='word_1_141' title='bbox 87 972 114 998; x_wconf 89' lang='lat'>7·</span> <span class='ocrx_word' id='word_1_142' title='bbox 168 969 292 999; x_wconf 87' lang='lat' dir='ltr'>Domini</span> <span class='ocrx_word' id='word_1_143' title='bbox 308 969 478 1007; x_wconf 83' lang='lat' dir='ltr'>Millelimo,</span> <span class='ocrx_word' id='word_1_144' title='bbox 499 968 799 1007; x_wconf 79' lang='lat' dir='ltr'>Quadringentesimo,</span> <span class='ocrx_word' id='word_1_145' title='bbox 820 969 944 999; x_wconf 81' lang='lat' dir='ltr'>Decimo</span> <span class='ocrx_word' id='word_1_146' title='bbox 960 979 1054 1007; x_wconf 88' lang='lat' dir='ltr'>nono,</span> <span class='ocrx_word' id='word_1_147' title='bbox 1075 979 1078 982; x_wconf 85' lang='grc'><em>·</em></span> 
     </span>
     <span class='ocr_line' id='line_1_15' title="bbox 16 995 1212 1046; baseline 0.001 -9"><span class='ocrx_word' id='word_1_148' title='bbox 16 1007 51 1030; x_wconf 85' lang='lat' dir='ltr'>H.</span> <span class='ocrx_word' id='word_1_149' title='bbox 69 1010 87 1037; x_wconf 84' lang='lat'>5</span> <span class='ocrx_word' id='word_1_150' title='bbox 91 1022 98 1029; x_wconf 91' lang='lat'><strong>·</strong></span> <span class='ocrx_word' id='word_1_151' title='bbox 204 1007 296 1044; x_wconf 82' lang='lat' dir='ltr'>Inter,</span> <span class='ocrx_word' id='word_1_152' title='bbox 316 1006 467 1045; x_wconf 79' lang='lat' dir='ltr'>Egregios,</span> <span class='ocrx_word' id='word_1_153' title='bbox 486 1007 628 1045; x_wconf 77' lang='lat' dir='ltr'>Nobiles,</span> <span class='ocrx_word' id='word_1_154' title='bbox 647 1008 679 1037; x_wconf 68' lang='grc' dir='ltr'>ὃς</span> <span class='ocrx_word' id='word_1_155' title='bbox 695 1006 923 1044; x_wconf 68' lang='lat' dir='ltr'>Circumspec‘tos</span> <span class='ocrx_word' id='word_1_156' title='bbox 936 1007 1035 1046; x_wconf 90' lang='lat' dir='ltr'>Viros,</span> <span class='ocrx_word' id='word_1_157' title='bbox 1051 995 1212 1038; x_wconf 78' lang='lat' dir='ltr'>Dominum</span> 
     </span>
     <span class='ocr_line' id='line_1_16' title="bbox 15 1042 1215 1084; baseline 0 -9"><span class='ocrx_word' id='word_1_158' title='bbox 15 1045 56 1068; x_wconf 72' lang='lat' dir='ltr'>Ex</span> <span class='ocrx_word' id='word_1_159' title='bbox 71 1042 132 1066; x_wconf 61' lang='grc' dir='ltr'>ΛΜ·</span> <span class='ocrx_word' id='word_1_160' title='bbox 170 1045 345 1075; x_wconf 77' lang='lat' dir='ltr'>W’illielmum</span> <span class='ocrx_word' id='word_1_161' title='bbox 364 1043 487 1084; x_wconf 82' lang='lat' dir='ltr'>Bardoif</span> <span class='ocrx_word' id='word_1_162' title='bbox 498 1044 620 1074; x_wconf 83' lang='lat' dir='ltr'>Militem</span> <span class='ocrx_word' id='word_1_163' title='bbox 648 1045 907 1076; x_wconf 61' lang='lat' dir='ltr'>Locumtenentem</span> <span class='ocrx_word' id='word_1_164' title='bbox 929 1045 1077 1084; x_wconf 86' lang='lat' dir='ltr'>Capitanei</span> <span class='ocrx_word' id='word_1_165' title='bbox 1097 1046 1215 1084; x_wconf 78' lang='lat' dir='ltr'>Calesii,</span> 
     </span>
     <span class='ocr_line' id='line_1_17' title="bbox 14 1083 1213 1123; baseline -0.001 -10"><span class='ocrx_word' id='word_1_166' title='bbox 14 1086 80 1115; x_wconf 62' lang='lat' dir='ltr'>ngr·</span> <span class='ocrx_word' id='word_1_167' title='bbox 170 1083 339 1123; x_wconf 50' lang='lat' dir='ltr'>hssagistmm</span> <span class='ocrx_word' id='word_1_168' title='bbox 354 1083 512 1122; x_wconf 78' lang='lat' dir='ltr'>Johannem</span> <span class='ocrx_word' id='word_1_169' title='bbox 526 1083 648 1122; x_wconf 79' lang='lat' dir='ltr'>Estcourt</span> <span class='ocrx_word' id='word_1_170' title='bbox 663 1085 691 1113; x_wconf 90' lang='lat' dir='ltr'>in</span> <span class='ocrx_word' id='word_1_171' title='bbox 706 1083 825 1121; x_wconf 66' lang='lat' dir='ltr'>Legibus</span> <span class='ocrx_word' id='word_1_172' title='bbox 839 1083 1016 1114; x_wconf 73' lang='lat' dir='ltr'>Bicallarium</span> <span class='ocrx_word' id='word_1_173' title='bbox 1025 1109 1034 1123; x_wconf 91' lang='lat'>,</span> <span class='ocrx_word' id='word_1_174' title='bbox 1047 1084 1213 1114; x_wconf 73' lang='lat' dir='ltr'>‘Richardum</span> 
     </span>
    </p>
   </div>
   <div class='ocr_carea' id='block_1_9' title="bbox 17 1120 1226 2691">
    <p class='ocr_par' dir='ltr' id='par_1_10' title="bbox 17 1120 1215 1236">
     <span class='ocr_line' id='line_1_18' title="bbox 17 1120 1215 1161; baseline 0.002 -11"><span class='ocrx_word' id='word_1_175' title='bbox 17 1120 90 1144; x_wconf 58' lang='lat' dir='ltr'>PM&amp;</span> <span class='ocrx_word' id='word_1_176' title='bbox 167 1122 307 1152; x_wconf 78' lang='lat' dir='ltr'>Bokelond</span> <span class='ocrx_word' id='word_1_177' title='bbox 319 1121 482 1152; x_wconf 77' lang='lat' dir='ltr'>Vitelarium</span> <span class='ocrx_word' id='word_1_178' title='bbox 498 1120 597 1152; x_wconf 84' lang='lat' dir='ltr'>Calesii</span> <span class='ocrx_word' id='word_1_179' title='bbox 612 1144 621 1159; x_wconf 83' lang='lat'>,</span> <span class='ocrx_word' id='word_1_180' title='bbox 640 1122 657 1140; x_wconf 69' lang='lat'>²*</span> <span class='ocrx_word' id='word_1_181' title='bbox 680 1120 848 1161; x_wconf 74' lang='lat' dir='ltr'>Magistrum</span> <span class='ocrx_word' id='word_1_182' title='bbox 866 1122 1043 1152; x_wconf 59' lang='lat' dir='ltr'>[Villislmum</span> <span class='ocrx_word' id='word_1_183' title='bbox 1059 1125 1133 1156; x_wconf 66' lang='lat' dir='ltr'>Bm</span> <span class='ocrx_word' id='word_1_184' title='bbox 1149 1123 1215 1153; x_wconf 83' lang='lat' dir='ltr'>Cle-</span> 
     </span>
     <span class='ocr_line' id='line_1_19' title="bbox 18 1159 1215 1201; baseline 0 -11"><span class='ocrx_word' id='word_1_185' title='bbox 18 1159 120 1182; x_wconf 74' lang='lat' dir='ltr'>Camer.</span> <span class='ocrx_word' id='word_1_186' title='bbox 168 1162 276 1198; x_wconf 84' lang='lat' dir='ltr'>ricuin,</span> <span class='ocrx_word' id='word_1_187' title='bbox 294 1159 452 1198; x_wconf 80' lang='lat' dir='ltr'>Johannem</span> <span class='ocrx_word' id='word_1_188' title='bbox 475 1159 590 1201; x_wconf 79' lang='lat' dir='ltr'>chyrche</span> <span class='ocrx_word' id='word_1_189' title='bbox 611 1160 869 1191; x_wconf 85' lang='lat' dir='ltr'>Locumtenentem</span> <span class='ocrx_word' id='word_1_190' title='bbox 887 1161 1006 1199; x_wconf 72' lang='lat' dir='ltr'>Stapulae</span> <span class='ocrx_word' id='word_1_191' title='bbox 1022 1184 1031 1200; x_wconf 89' lang='lat'>,</span> <span class='ocrx_word' id='word_1_192' title='bbox 1056 1162 1088 1192; x_wconf 69' lang='grc' dir='ltr'>δε</span> <span class='ocrx_word' id='word_1_193' title='bbox 1103 1161 1215 1200; x_wconf 73' lang='lat' dir='ltr'>Johan-</span> 
     </span>
     <span class='ocr_line' id='line_1_20' title="bbox 18 1193 387 1236; baseline -0.011 -5"><span class='ocrx_word' id='word_1_194' title='bbox 18 1195 35 1209; x_wconf 55' lang='lat'>⁸*</span> <span class='ocrx_word' id='word_1_195' title='bbox 55 1193 107 1220; x_wconf 70' lang='grc' dir='ltr'>ῙΧ·</span> <span class='ocrx_word' id='word_1_196' title='bbox 166 1210 224 1229; x_wconf 78' lang='lat' dir='ltr'>nem</span> <span class='ocrx_word' id='word_1_197' title='bbox 237 1200 387 1236; x_wconf 70' lang='lat' dir='ltr'>Pykeryng,</span> 
     </span>
    </p>

    <p class='ocr_par' dir='ltr' id='par_1_11' title="bbox 18 1231 945 1275">
     <span class='ocr_line' id='line_1_21' title="bbox 18 1231 945 1275; baseline 0 -9"><span class='ocrx_word' id='word_1_198' title='bbox 18 1231 83 1266; x_wconf 71' lang='lat'><strong>730·</strong></span> <span class='ocrx_word' id='word_1_199' title='bbox 201 1237 418 1267; x_wconf 78' lang='lat' dir='ltr'>Ambassiatores</span> <span class='ocrx_word' id='word_1_200' title='bbox 432 1247 484 1274; x_wconf 90' lang='lat' dir='ltr'>pro</span> <span class='ocrx_word' id='word_1_201' title='bbox 498 1246 574 1275; x_wconf 80' lang='lat' dir='ltr'>parte</span> <span class='ocrx_word' id='word_1_202' title='bbox 588 1236 714 1275; x_wconf 76' lang='lat' dir='ltr'>Angliae,</span> <span class='ocrx_word' id='word_1_203' title='bbox 734 1246 768 1266; x_wconf 80' lang='lat' dir='ltr'>ex</span> <span class='ocrx_word' id='word_1_204' title='bbox 782 1245 857 1273; x_wconf 79' lang='lat' dir='ltr'>parte</span> <span class='ocrx_word' id='word_1_205' title='bbox 873 1237 926 1266; x_wconf 69' lang='lat' dir='ltr'>unzi</span> <span class='ocrx_word' id='word_1_206' title='bbox 936 1261 945 1274; x_wconf 89' lang='lat'>,</span> 
     </span>
    </p>

    <p class='ocr_par' dir='ltr' id='par_1_12' title="bbox 165 1275 1216 1431">
     <span class='ocr_line' id='line_1_22' title="bbox 204 1275 1214 1313; baseline -0.002 -8"><span class='ocrx_word' id='word_1_207' title='bbox 204 1275 266 1312; x_wconf 78' lang='lat' dir='ltr'>Ac,</span> <span class='ocrx_word' id='word_1_208' title='bbox 284 1275 446 1313; x_wconf 76' lang='lat' dir='ltr'>Nobilem,</span> <span class='ocrx_word' id='word_1_209' title='bbox 465 1277 498 1306; x_wconf 86' lang='lat'>&amp;</span> <span class='ocrx_word' id='word_1_210' title='bbox 519 1276 749 1313; x_wconf 70' lang='lat' dir='ltr'>Circumsperftos</span> <span class='ocrx_word' id='word_1_211' title='bbox 770 1275 852 1305; x_wconf 89' lang='lat' dir='ltr'>Viros</span> <span class='ocrx_word' id='word_1_212' title='bbox 868 1298 877 1313; x_wconf 86' lang='lat'>,</span> <span class='ocrx_word' id='word_1_213' title='bbox 901 1275 1064 1304; x_wconf 77' lang='lat' dir='ltr'>Dominum</span> <span class='ocrx_word' id='word_1_214' title='bbox 1079 1275 1214 1313; x_wconf 74' lang='lat' dir='ltr'>Jacobum</span> 
     </span>
     <span class='ocr_line' id='line_1_23' title="bbox 165 1312 1214 1352; baseline -0.001 -9"><span class='ocrx_word' id='word_1_215' title='bbox 165 1316 310 1343; x_wconf 76' lang='lat' dir='ltr'>Dominum</span> <span class='ocrx_word' id='word_1_216' title='bbox 331 1314 362 1343; x_wconf 78' lang='lat' dir='ltr'>de</span> <span class='ocrx_word' id='word_1_217' title='bbox 379 1313 488 1352; x_wconf 75' lang='lat' dir='ltr'><em>Capella</em></span> <span class='ocrx_word' id='word_1_218' title='bbox 511 1314 634 1344; x_wconf 84' lang='lat' dir='ltr'>Militem</span> <span class='ocrx_word' id='word_1_219' title='bbox 650 1337 659 1351; x_wconf 93' lang='lat'>,</span> <span class='ocrx_word' id='word_1_220' title='bbox 679 1312 848 1349; x_wconf 69' lang='lat' dir='ltr'>Mazistros,</span> <span class='ocrx_word' id='word_1_221' title='bbox 865 1317 993 1343; x_wconf 67' lang='lat' dir='ltr'>Simonem</span> <span class='ocrx_word' id='word_1_222' title='bbox 1008 1314 1039 1342; x_wconf 77' lang='lat' dir='ltr'>de</span> <span class='ocrx_word' id='word_1_223' title='bbox 1053 1314 1214 1342; x_wconf 72' lang='lat' dir='ltr'>Fourmollos</span> 
     </span>
     <span class='ocr_line' id='line_1_24' title="bbox 166 1350 1216 1392; baseline -0.001 -11"><span class='ocrx_word' id='word_1_224' title='bbox 166 1353 277 1389; x_wconf 82' lang='lat' dir='ltr'><strong>Legum</strong></span> <span class='ocrx_word' id='word_1_225' title='bbox 304 1351 465 1382; x_wconf 45' lang='lat' dir='ltr'>Doc‘torem</span> <span class='ocrx_word' id='word_1_226' title='bbox 481 1375 490 1389; x_wconf 83' lang='lat'>,</span> <span class='ocrx_word' id='word_1_227' title='bbox 509 1351 694 1381; x_wconf 71' lang='lat' dir='ltr'><em>Theodericum</em></span> <span class='ocrx_word' id='word_1_228' title='bbox 713 1350 849 1381; x_wconf 66' lang='lat' dir='ltr'>Gherbode</span> <span class='ocrx_word' id='word_1_229' title='bbox 864 1376 872 1388; x_wconf 77' lang='lat'>,</span> <span class='ocrx_word' id='word_1_230' title='bbox 898 1354 1030 1380; x_wconf 57' lang='lat' dir='ltr'>Livii-:1:22</span> <span class='ocrx_word' id='word_1_231' title='bbox 1055 1353 1086 1381; x_wconf 80' lang='lat' dir='ltr'>de</span> <span class='ocrx_word' id='word_1_232' title='bbox 1106 1352 1216 1392; x_wconf 73' lang='lat' dir='ltr'>Huffle,</span> 
     </span>
     <span class='ocr_line' id='line_1_25' title="bbox 166 1389 1135 1431; baseline -0.002 -11"><span class='ocrx_word' id='word_1_233' title='bbox 166 1390 330 1420; x_wconf 69' lang='lat' dir='ltr'>Balduinum</span> <span class='ocrx_word' id='word_1_234' title='bbox 345 1390 410 1420; x_wconf 79' lang='lat' dir='ltr'>dele</span> <span class='ocrx_word' id='word_1_235' title='bbox 424 1390 517 1429; x_wconf 78' lang='lat' dir='ltr'>Poele,</span> <span class='ocrx_word' id='word_1_236' title='bbox 536 1390 696 1420; x_wconf 60' lang='lat' dir='ltr'>Ancelnunz</span> <span class='ocrx_word' id='word_1_237' title='bbox 708 1389 873 1427; x_wconf 72' lang='lat' dir='ltr'>Boucelgier,</span> <span class='ocrx_word' id='word_1_238' title='bbox 893 1392 923 1420; x_wconf 65' lang='grc' dir='ltr'>ὅ(</span> <span class='ocrx_word' id='word_1_239' title='bbox 940 1392 1049 1418; x_wconf 78' lang='lat' dir='ltr'>Petrum</span> <span class='ocrx_word' id='word_1_240' title='bbox 1064 1393 1135 1431; x_wconf 68' lang='lat' dir='ltr'>Bye,</span> 
     </span>
    </p>

    <p class='ocr_par' dir='ltr' id='par_1_13' title="bbox 202 1428 1004 1466">
     <span class='ocr_line' id='line_1_26' title="bbox 202 1428 1004 1466; baseline 0 -9"><span class='ocrx_word' id='word_1_241' title='bbox 202 1429 420 1459; x_wconf 74' lang='lat' dir='ltr'>Commillarios</span> <span class='ocrx_word' id='word_1_242' title='bbox 436 1439 488 1466; x_wconf 89' lang='lat' dir='ltr'>pro</span> <span class='ocrx_word' id='word_1_243' title='bbox 507 1438 580 1466; x_wconf 83' lang='lat' dir='ltr'>parte</span> <span class='ocrx_word' id='word_1_244' title='bbox 598 1428 751 1466; x_wconf 84' lang='lat' dir='ltr'>Flandriae,</span> <span class='ocrx_word' id='word_1_245' title='bbox 768 1438 842 1465; x_wconf 74' lang='lat' dir='ltr'>purte</span> <span class='ocrx_word' id='word_1_246' title='bbox 857 1438 890 1458; x_wconf 70' lang='lat' dir='ltr'>ex</span> <span class='ocrx_word' id='word_1_247' title='bbox 906 1428 1004 1465; x_wconf 75' lang='lat' dir='ltr'>altera,</span> 
     </span>
    </p>

    <p class='ocr_par' dir='ltr' id='par_1_14' title="bbox 165 1465 1222 1811">
     <span class='ocr_line' id='line_1_27' title="bbox 202 1465 1215 1505; baseline -0.001 -8"><span class='ocrx_word' id='word_1_248' title='bbox 202 1467 261 1497; x_wconf 88' lang='lat' dir='ltr'>Pro</span> <span class='ocrx_word' id='word_1_249' title='bbox 279 1467 465 1505; x_wconf 68' lang='lat' dir='ltr'>Repiratione</span> <span class='ocrx_word' id='word_1_250' title='bbox 481 1469 513 1497; x_wconf 65' lang='grc' dir='ltr'>ὃς</span> <span class='ocrx_word' id='word_1_251' title='bbox 528 1467 745 1497; x_wconf 70' lang='lat' dir='ltr'>Rel‘ormatione</span> <span class='ocrx_word' id='word_1_252' title='bbox 764 1468 998 1504; x_wconf 68' lang='lat' dir='ltr'>Atteniptatorum</span> <span class='ocrx_word' id='word_1_253' title='bbox 1014 1466 1047 1496; x_wconf 86' lang='lat'>&amp;</span> <span class='ocrx_word' id='word_1_254' title='bbox 1063 1465 1215 1503; x_wconf 90' lang='lat' dir='ltr'>Dampno-</span> 
     </span>
     <span class='ocr_line' id='line_1_28' title="bbox 166 1504 1215 1543; baseline 0 -8"><span class='ocrx_word' id='word_1_255' title='bbox 166 1515 248 1543; x_wconf 87' lang='lat' dir='ltr'>rum,</span> <span class='ocrx_word' id='word_1_256' title='bbox 268 1515 325 1535; x_wconf 79' lang='lat' dir='ltr'>tam</span> <span class='ocrx_word' id='word_1_257' title='bbox 349 1516 396 1542; x_wconf 87' lang='lat' dir='ltr'>per</span> <span class='ocrx_word' id='word_1_258' title='bbox 419 1505 502 1536; x_wconf 82' lang='lat' dir='ltr'>Mare</span> <span class='ocrx_word' id='word_1_259' title='bbox 517 1528 526 1543; x_wconf 89' lang='lat'>,</span> <span class='ocrx_word' id='word_1_260' title='bbox 545 1507 631 1543; x_wconf 64' lang='lat' dir='ltr'>quam</span> <span class='ocrx_word' id='word_1_261' title='bbox 648 1515 695 1540; x_wconf 85' lang='lat' dir='ltr'>per</span> <span class='ocrx_word' id='word_1_262' title='bbox 712 1504 848 1542; x_wconf 80' lang='lat' dir='ltr'>Terram,</span> <span class='ocrx_word' id='word_1_263' title='bbox 866 1505 931 1534; x_wconf 88' lang='lat' dir='ltr'>hinc</span> <span class='ocrx_word' id='word_1_264' title='bbox 951 1504 1015 1534; x_wconf 85' lang='lat' dir='ltr'>inde</span> <span class='ocrx_word' id='word_1_265' title='bbox 1029 1504 1167 1534; x_wconf 47' lang='lat' dir='ltr'>fastorum</span> <span class='ocrx_word' id='word_1_266' title='bbox 1183 1506 1215 1535; x_wconf 74' lang='grc' dir='ltr'>δε</span> 
     </span>
     <span class='ocr_line' id='line_1_29' title="bbox 166 1542 1219 1581; baseline 0 -8"><span class='ocrx_word' id='word_1_267' title='bbox 166 1544 322 1581; x_wconf 80' lang='lat' dir='ltr'>illatorum,</span> <span class='ocrx_word' id='word_1_268' title='bbox 341 1554 440 1573; x_wconf 86' lang='lat' dir='ltr'>contra</span> <span class='ocrx_word' id='word_1_269' title='bbox 455 1544 577 1573; x_wconf 65' lang='lat' dir='ltr'>formam</span> <span class='ocrx_word' id='word_1_270' title='bbox 591 1543 820 1574; x_wconf 73' lang='lat' dir='ltr'>Sufferentiarum</span> <span class='ocrx_word' id='word_1_271' title='bbox 832 1566 840 1580; x_wconf 90' lang='lat'>,</span> <span class='ocrx_word' id='word_1_272' title='bbox 854 1543 1058 1580; x_wconf 75' lang='lat' dir='ltr'>Securitatum,</span> <span class='ocrx_word' id='word_1_273' title='bbox 1072 1544 1104 1573; x_wconf 87' lang='lat'>&amp;</span> <span class='ocrx_word' id='word_1_274' title='bbox 1118 1542 1219 1573; x_wconf 84' lang='lat' dir='ltr'>Provi-</span> 
     </span>
     <span class='ocr_line' id='line_1_30' title="bbox 166 1581 1219 1619; baseline -0.001 -8"><span class='ocrx_word' id='word_1_275' title='bbox 166 1583 278 1611; x_wconf 78' lang='lat' dir='ltr'>{ionum</span> <span class='ocrx_word' id='word_1_276' title='bbox 299 1583 466 1619; x_wconf 85' lang='lat' dir='ltr'>jamdudum</span> <span class='ocrx_word' id='word_1_277' title='bbox 494 1583 670 1612; x_wconf 62' lang='lat' dir='ltr'>tradtatarum</span> <span class='ocrx_word' id='word_1_278' title='bbox 687 1604 695 1619; x_wconf 84' lang='lat'>,</span> <span class='ocrx_word' id='word_1_279' title='bbox 720 1581 880 1611; x_wconf 78' lang='lat' dir='ltr'>adinvicem</span> <span class='ocrx_word' id='word_1_280' title='bbox 902 1583 934 1612; x_wconf 72' lang='grc' dir='ltr'>δε</span> <span class='ocrx_word' id='word_1_281' title='bbox 958 1581 1195 1611; x_wconf 80' lang='lat' dir='ltr'>concordatarum</span> <span class='ocrx_word' id='word_1_282' title='bbox 1209 1604 1219 1619; x_wconf 86' lang='lat'>,</span> 
     </span>
     <span class='ocr_line' id='line_1_31' title="bbox 165 1619 1220 1657; baseline -0.002 -7"><span class='ocrx_word' id='word_1_283' title='bbox 165 1619 245 1655; x_wconf 88' lang='lat' dir='ltr'>super</span> <span class='ocrx_word' id='word_1_284' title='bbox 275 1622 426 1650; x_wconf 88' lang='lat' dir='ltr'>communi</span> <span class='ocrx_word' id='word_1_285' title='bbox 455 1619 545 1649; x_wconf 86' lang='lat' dir='ltr'>Cursu</span> <span class='ocrx_word' id='word_1_286' title='bbox 569 1619 808 1650; x_wconf 81' lang='lat' dir='ltr'>Mercandisarum</span> <span class='ocrx_word' id='word_1_287' title='bbox 831 1621 901 1649; x_wconf 85' lang='lat' dir='ltr'>inter</span> <span class='ocrx_word' id='word_1_288' title='bbox 928 1619 1060 1657; x_wconf 65' lang='lat' dir='ltr'>Angliam</span> <span class='ocrx_word' id='word_1_289' title='bbox 1083 1620 1114 1650; x_wconf 64' lang='grc' dir='ltr'>ὃς</span> <span class='ocrx_word' id='word_1_290' title='bbox 1138 1620 1220 1649; x_wconf 87' lang='lat' dir='ltr'>Flan-</span> 
     </span>
     <span class='ocr_line' id='line_1_32' title="bbox 165 1657 1222 1696; baseline -0.001 -9"><span class='ocrx_word' id='word_1_291' title='bbox 165 1658 273 1696; x_wconf 79' lang='lat' dir='ltr'>driam,</span> <span class='ocrx_word' id='word_1_292' title='bbox 291 1668 434 1696; x_wconf 86' lang='lat' dir='ltr'>nuperque</span> <span class='ocrx_word' id='word_1_293' title='bbox 450 1659 478 1688; x_wconf 93' lang='lat' dir='ltr'>in</span> <span class='ocrx_word' id='word_1_294' title='bbox 495 1657 578 1687; x_wconf 50' lang='lat' dir='ltr'>Festo</span> <span class='ocrx_word' id='word_1_295' title='bbox 593 1657 705 1688; x_wconf 84' lang='lat' dir='ltr'>Paschae</span> <span class='ocrx_word' id='word_1_296' title='bbox 721 1659 852 1695; x_wconf 74' lang='lat' dir='ltr'>proximo</span> <span class='ocrx_word' id='word_1_297' title='bbox 868 1657 957 1695; x_wconf 88' lang='lat' dir='ltr'>elapso</span> <span class='ocrx_word' id='word_1_298' title='bbox 972 1659 1110 1687; x_wconf 84' lang='lat' dir='ltr'>finitarum</span> <span class='ocrx_word' id='word_1_299' title='bbox 1124 1658 1157 1688; x_wconf 63' lang='grc' dir='ltr'>ὃς</span> <span class='ocrx_word' id='word_1_300' title='bbox 1173 1667 1222 1687; x_wconf 82' lang='lat' dir='ltr'>ex-</span> 
     </span>
     <span class='ocr_line' id='line_1_33' title="bbox 168 1695 1220 1734; baseline 0.002 -9"><span class='ocrx_word' id='word_1_301' title='bbox 168 1698 334 1734; x_wconf 64' lang='lat' dir='ltr'>piraturum,</span> <span class='ocrx_word' id='word_1_302' title='bbox 351 1706 464 1726; x_wconf 80' lang='lat' dir='ltr'><strong>necnon</strong></span> <span class='ocrx_word' id='word_1_303' title='bbox 482 1707 532 1734; x_wconf 80' lang='lat' dir='ltr'>pru</span> <span class='ocrx_word' id='word_1_304' title='bbox 548 1697 687 1726; x_wconf 64' lang='lat' dir='ltr'>dictarum</span> <span class='ocrx_word' id='word_1_305' title='bbox 703 1695 949 1733; x_wconf 79' lang='lat' dir='ltr'>Sufferentiarum,</span> <span class='ocrx_word' id='word_1_306' title='bbox 967 1697 1168 1733; x_wconf 81' lang='lat' dir='ltr'>Securitatum,</span> <span class='ocrx_word' id='word_1_307' title='bbox 1187 1698 1220 1727; x_wconf 70' lang='grc' dir='ltr'>δί</span> 
     </span>
     <span class='ocr_line' id='line_1_34' title="bbox 166 1734 1221 1774; baseline 0 -9"><span class='ocrx_word' id='word_1_308' title='bbox 166 1734 364 1765; x_wconf 81' lang='lat' dir='ltr'>Provisionum</span> <span class='ocrx_word' id='word_1_309' title='bbox 379 1734 583 1774; x_wconf 69' lang='lat' dir='ltr'>Prorogitione</span> <span class='ocrx_word' id='word_1_310' title='bbox 597 1758 607 1772; x_wconf 82' lang='lat'>.,</span> <span class='ocrx_word' id='word_1_311' title='bbox 623 1744 669 1765; x_wconf 86' lang='lat' dir='ltr'>aut</span> <span class='ocrx_word' id='word_1_312' title='bbox 685 1734 771 1764; x_wconf 87' lang='lat' dir='ltr'>rursus</span> <span class='ocrx_word' id='word_1_313' title='bbox 787 1735 831 1764; x_wconf 89' lang='lat' dir='ltr'>seu</span> <span class='ocrx_word' id='word_1_314' title='bbox 847 1735 946 1765; x_wconf 86' lang='lat' dir='ltr'>iterum</span> <span class='ocrx_word' id='word_1_315' title='bbox 957 1757 966 1772; x_wconf 90' lang='lat'>,</span> <span class='ocrx_word' id='word_1_316' title='bbox 985 1735 1016 1764; x_wconf 70' lang='grc' dir='ltr'>δε</span> <span class='ocrx_word' id='word_1_317' title='bbox 1032 1734 1066 1764; x_wconf 91' lang='lat' dir='ltr'>de</span> <span class='ocrx_word' id='word_1_318' title='bbox 1083 1745 1160 1765; x_wconf 84' lang='lat' dir='ltr'>novo</span> <span class='ocrx_word' id='word_1_319' title='bbox 1175 1745 1221 1765; x_wconf 88' lang='lat' dir='ltr'>ea-</span> 
     </span>
     <span class='ocr_line' id='line_1_35' title="bbox 167 1772 1135 1811; baseline 0.001 -10"><span class='ocrx_word' id='word_1_320' title='bbox 167 1772 285 1804; x_wconf 81' lang='lat' dir='ltr'>rundem</span> <span class='ocrx_word' id='word_1_321' title='bbox 301 1772 506 1810; x_wconf 88' lang='lat' dir='ltr'>Resumptione</span> <span class='ocrx_word' id='word_1_322' title='bbox 521 1774 554 1804; x_wconf 89' lang='lat'>&amp;</span> <span class='ocrx_word' id='word_1_323' title='bbox 570 1773 788 1810; x_wconf 85' lang='lat' dir='ltr'>Renovatione,</span> <span class='ocrx_word' id='word_1_324' title='bbox 805 1772 957 1810; x_wconf 81' lang='lat' dir='ltr'>specialiter</span> <span class='ocrx_word' id='word_1_325' title='bbox 969 1772 1135 1811; x_wconf 79' lang='lat' dir='ltr'>destinatos,</span> 
     </span>
    </p>

    <p class='ocr_par' dir='ltr' id='par_1_15' title="bbox 202 1811 568 1849">
     <span class='ocr_line' id='line_1_36' title="bbox 202 1811 568 1849; baseline 0 -8"><span class='ocrx_word' id='word_1_326' title='bbox 202 1812 444 1842; x_wconf 79' lang='lat' dir='ltr'>TESTATUR</span> <span class='ocrx_word' id='word_1_327' title='bbox 474 1811 568 1849; x_wconf 84' lang='lat' dir='ltr'>quod,</span> 
     </span>
    </p>

    <p class='ocr_par' dir='ltr' id='par_1_16' title="bbox 168 1847 1222 2002">
     <span class='ocr_line' id='line_1_37' title="bbox 205 1847 1222 1886; baseline 0.001 -8"><span class='ocrx_word' id='word_1_328' title='bbox 205 1849 286 1879; x_wconf 79' lang='lat' dir='ltr'>Cum</span> <span class='ocrx_word' id='word_1_329' title='bbox 311 1849 424 1886; x_wconf 71' lang='lat' dir='ltr'>praeseiis</span> <span class='ocrx_word' id='word_1_330' title='bbox 447 1849 598 1881; x_wconf 60' lang='lat' dir='ltr'>Tradiatus</span> <span class='ocrx_word' id='word_1_331' title='bbox 616 1849 784 1886; x_wconf 82' lang='lat' dir='ltr'>jampridem</span> <span class='ocrx_word' id='word_1_332' title='bbox 800 1847 966 1886; x_wconf 62' lang='lat' dir='ltr'>solenniter,</span> <span class='ocrx_word' id='word_1_333' title='bbox 985 1849 1018 1879; x_wconf 69' lang='grc' dir='ltr'>δε</span> <span class='ocrx_word' id='word_1_334' title='bbox 1032 1849 1109 1886; x_wconf 74' lang='lat' dir='ltr'>alias,</span> <span class='ocrx_word' id='word_1_335' title='bbox 1128 1857 1158 1879; x_wconf 90' lang='lat' dir='ltr'>ut</span> <span class='ocrx_word' id='word_1_336' title='bbox 1173 1849 1222 1879; x_wconf 90' lang='lat' dir='ltr'>de-</span> 
     </span>
     <span class='ocr_line' id='line_1_38' title="bbox 168 1886 1222 1924; baseline 0.001 -7"><span class='ocrx_word' id='word_1_337' title='bbox 168 1888 250 1918; x_wconf 82' lang='lat' dir='ltr'>cebat</span> <span class='ocrx_word' id='word_1_338' title='bbox 271 1897 318 1924; x_wconf 84' lang='lat' dir='ltr'>per</span> <span class='ocrx_word' id='word_1_339' title='bbox 338 1887 465 1924; x_wconf 72' lang='lat' dir='ltr'>pi-aefatos</span> <span class='ocrx_word' id='word_1_340' title='bbox 490 1886 706 1918; x_wconf 85' lang='lat' dir='ltr'>Ambaffiatores</span> <span class='ocrx_word' id='word_1_341' title='bbox 728 1889 759 1918; x_wconf 85' lang='lat'>&amp;</span> <span class='ocrx_word' id='word_1_342' title='bbox 778 1886 993 1917; x_wconf 75' lang='lat' dir='ltr'>Commiiiarios</span> <span class='ocrx_word' id='word_1_343' title='bbox 1007 1888 1170 1924; x_wconf 68' lang='lat' dir='ltr'>inchoatus,</span> <span class='ocrx_word' id='word_1_344' title='bbox 1189 1890 1222 1918; x_wconf 62' lang='grc' dir='ltr'>ὗε</span> 
     </span>
     <span class='ocr_line' id='line_1_39' title="bbox 169 1925 1221 1964; baseline 0.002 -10"><span class='ocrx_word' id='word_1_345' title='bbox 169 1935 218 1962; x_wconf 85' lang='lat' dir='ltr'>per</span> <span class='ocrx_word' id='word_1_346' title='bbox 233 1926 338 1962; x_wconf 82' lang='lat' dir='ltr'>aliquot</span> <span class='ocrx_word' id='word_1_347' title='bbox 354 1925 422 1956; x_wconf 79' lang='lat' dir='ltr'>Dies</span> <span class='ocrx_word' id='word_1_348' title='bbox 432 1949 440 1964; x_wconf 86' lang='lat'>,</span> <span class='ocrx_word' id='word_1_349' title='bbox 468 1926 553 1957; x_wconf 91' lang='lat' dir='ltr'>Locis</span> <span class='ocrx_word' id='word_1_350' title='bbox 572 1927 605 1956; x_wconf 67' lang='grc' dir='ltr'>δε</span> <span class='ocrx_word' id='word_1_351' title='bbox 619 1925 814 1963; x_wconf 82' lang='lat' dir='ltr'>Temporibus</span> <span class='ocrx_word' id='word_1_352' title='bbox 831 1925 864 1954; x_wconf 90' lang='lat' dir='ltr'>ad</span> <span class='ocrx_word' id='word_1_353' title='bbox 877 1927 933 1956; x_wconf 89' lang='lat' dir='ltr'>hoc</span> <span class='ocrx_word' id='word_1_354' title='bbox 949 1927 1142 1956; x_wconf 86' lang='lat' dir='ltr'>communiter</span> <span class='ocrx_word' id='word_1_355' title='bbox 1156 1936 1221 1964; x_wconf 84' lang='lat' dir='ltr'>cap-</span> 
     </span>
     <span class='ocr_line' id='line_1_40' title="bbox 169 1963 867 2002; baseline 0 -8"><span class='ocrx_word' id='word_1_356' title='bbox 169 1965 246 2001; x_wconf 86' lang='lat' dir='ltr'>tatis,</span> <span class='ocrx_word' id='word_1_357' title='bbox 267 1964 344 2002; x_wconf 84' lang='lat' dir='ltr'>super</span> <span class='ocrx_word' id='word_1_358' title='bbox 358 1963 507 1994; x_wconf 77' lang='lat' dir='ltr'>Praemiffis</span> <span class='ocrx_word' id='word_1_359' title='bbox 519 1973 610 1995; x_wconf 86' lang='lat' dir='ltr'>tentus</span> <span class='ocrx_word' id='word_1_360' title='bbox 626 1965 659 1993; x_wconf 69' lang='grc' dir='ltr'>ὃ(</span> <span class='ocrx_word' id='word_1_361' title='bbox 672 1964 867 2001; x_wconf 77' lang='lat' dir='ltr'>continuatus,</span> 
     </span>
    </p>

    <p class='ocr_par' dir='ltr' id='par_1_17' title="bbox 168 2001 1222 2116">
     <span class='ocr_line' id='line_1_41' title="bbox 206 2001 1222 2039; baseline 0.001 -8"><span class='ocrx_word' id='word_1_362' title='bbox 206 2001 326 2039; x_wconf 82' lang='lat' dir='ltr'>Propter</span> <span class='ocrx_word' id='word_1_363' title='bbox 347 2002 509 2033; x_wconf 79' lang='lat' dir='ltr'>arduitatem</span> <span class='ocrx_word' id='word_1_364' title='bbox 531 2003 562 2033; x_wconf 87' lang='lat'>&amp;</span> <span class='ocrx_word' id='word_1_365' title='bbox 589 2002 784 2032; x_wconf 79' lang='lat' dir='ltr'>difficultatem</span> <span class='ocrx_word' id='word_1_366' title='bbox 808 2002 975 2039; x_wconf 78' lang='lat' dir='ltr'>receptionis</span> <span class='ocrx_word' id='word_1_367' title='bbox 992 2002 1036 2031; x_wconf 90' lang='lat' dir='ltr'>scu</span> <span class='ocrx_word' id='word_1_368' title='bbox 1051 2001 1222 2033; x_wconf 70' lang='lat' dir='ltr'>admissionis</span> 
     </span>
     <span class='ocr_line' id='line_1_42' title="bbox 168 2039 1221 2078; baseline 0.001 -9"><span class='ocrx_word' id='word_1_369' title='bbox 168 2041 347 2077; x_wconf 81' lang='lat' dir='ltr'>quorundam</span> <span class='ocrx_word' id='word_1_370' title='bbox 368 2041 560 2071; x_wconf 76' lang='lat' dir='ltr'>Articulorum</span> <span class='ocrx_word' id='word_1_371' title='bbox 576 2063 585 2078; x_wconf 91' lang='lat'>,</span> <span class='ocrx_word' id='word_1_372' title='bbox 613 2050 660 2077; x_wconf 89' lang='lat' dir='ltr'>per</span> <span class='ocrx_word' id='word_1_373' title='bbox 682 2040 810 2078; x_wconf 78' lang='lat' dir='ltr'>praefatos</span> <span class='ocrx_word' id='word_1_374' title='bbox 833 2039 1049 2070; x_wconf 71' lang='lat' dir='ltr'>Ambassiatores</span> <span class='ocrx_word' id='word_1_375' title='bbox 1071 2050 1124 2078; x_wconf 86' lang='lat' dir='ltr'>pro</span> <span class='ocrx_word' id='word_1_376' title='bbox 1144 2050 1221 2078; x_wconf 78' lang='lat' dir='ltr'>parte</span> 
     </span>
     <span class='ocr_line' id='line_1_43' title="bbox 170 2079 653 2116; baseline 0 -7"><span class='ocrx_word' id='word_1_377' title='bbox 170 2079 281 2116; x_wconf 75' lang='lat' dir='ltr'>Angliae</span> <span class='ocrx_word' id='word_1_378' title='bbox 297 2079 332 2108; x_wconf 89' lang='lat' dir='ltr'>de</span> <span class='ocrx_word' id='word_1_379' title='bbox 348 2089 426 2110; x_wconf 92' lang='lat' dir='ltr'>novo</span> <span class='ocrx_word' id='word_1_380' title='bbox 443 2079 634 2109; x_wconf 80' lang='lat' dir='ltr'>exhibitorum</span> <span class='ocrx_word' id='word_1_381' title='bbox 644 2101 653 2116; x_wconf 87' lang='lat'>,</span> 
     </span>
    </p>

    <p class='ocr_par' dir='ltr' id='par_1_18' title="bbox 168 2115 1224 2270">
     <span class='ocr_line' id='line_1_44' title="bbox 208 2115 1223 2155; baseline 0.001 -9"><span class='ocrx_word' id='word_1_382' title='bbox 208 2117 291 2155; x_wconf 83' lang='lat' dir='ltr'>Qios</span> <span class='ocrx_word' id='word_1_383' title='bbox 311 2117 358 2154; x_wconf 81' lang='lat' dir='ltr'>ipfi</span> <span class='ocrx_word' id='word_1_384' title='bbox 378 2117 593 2148; x_wconf 82' lang='lat' dir='ltr'>Ambaffiatores</span> <span class='ocrx_word' id='word_1_385' title='bbox 615 2127 668 2155; x_wconf 89' lang='lat' dir='ltr'>pro</span> <span class='ocrx_word' id='word_1_386' title='bbox 689 2117 814 2146; x_wconf 84' lang='lat' dir='ltr'>uberiori</span> <span class='ocrx_word' id='word_1_387' title='bbox 835 2116 991 2146; x_wconf 65' lang='lat' dir='ltr'>concordia</span> <span class='ocrx_word' id='word_1_388' title='bbox 1014 2115 1138 2147; x_wconf 75' lang='lat' dir='ltr'>Partiurn</span> <span class='ocrx_word' id='word_1_389' title='bbox 1154 2127 1223 2154; x_wconf 59' lang='lat' dir='ltr'>prse-</span> 
     </span>
     <span class='ocr_line' id='line_1_45' title="bbox 168 2154 1224 2193; baseline 0 -9"><span class='ocrx_word' id='word_1_390' title='bbox 168 2154 306 2185; x_wconf 70' lang='lat' dir='ltr'>dicstarum</span> <span class='ocrx_word' id='word_1_391' title='bbox 316 2180 325 2192; x_wconf 86' lang='lat'>,</span> <span class='ocrx_word' id='word_1_392' title='bbox 350 2164 379 2185; x_wconf 92' lang='lat' dir='ltr'>ut</span> <span class='ocrx_word' id='word_1_393' title='bbox 392 2155 523 2186; x_wconf 76' lang='lat' dir='ltr'>dicebant</span> <span class='ocrx_word' id='word_1_394' title='bbox 538 2179 548 2193; x_wconf 93' lang='lat'>,</span> <span class='ocrx_word' id='word_1_395' title='bbox 571 2155 641 2185; x_wconf 88' lang='lat' dir='ltr'>infra</span> <span class='ocrx_word' id='word_1_396' title='bbox 658 2163 776 2185; x_wconf 73' lang='lat' dir='ltr'>caeteros</span> <span class='ocrx_word' id='word_1_397' title='bbox 794 2155 935 2185; x_wconf 84' lang='lat' dir='ltr'>Articulos</span> <span class='ocrx_word' id='word_1_398' title='bbox 948 2154 1146 2192; x_wconf 68' lang='lat' dir='ltr'>praedistsrum</span> <span class='ocrx_word' id='word_1_399' title='bbox 1157 2155 1224 2185; x_wconf 71' lang='lat' dir='ltr'>Suf-</span> 
     </span>
     <span class='ocr_line' id='line_1_46' title="bbox 169 2193 1224 2232; baseline 0 -9"><span class='ocrx_word' id='word_1_400' title='bbox 169 2193 553 2231; x_wconf 84' lang='lat' dir='ltr'>ferentiarurn,Securitatum</span> <span class='ocrx_word' id='word_1_401' title='bbox 569 2217 578 2232; x_wconf 91' lang='lat'>,</span> <span class='ocrx_word' id='word_1_402' title='bbox 605 2195 637 2226; x_wconf 72' lang='grc' dir='ltr'>ὃς</span> <span class='ocrx_word' id='word_1_403' title='bbox 654 2193 851 2224; x_wconf 77' lang='lat' dir='ltr'>Provisionum</span> <span class='ocrx_word' id='word_1_404' title='bbox 868 2193 964 2231; x_wconf 84' lang='lat' dir='ltr'>inseri,</span> <span class='ocrx_word' id='word_1_405' title='bbox 983 2194 1063 2231; x_wconf 72' lang='lat' dir='ltr'>addi,</span> <span class='ocrx_word' id='word_1_406' title='bbox 1082 2195 1114 2225; x_wconf 75' lang='grc' dir='ltr'>δε</span> <span class='ocrx_word' id='word_1_407' title='bbox 1131 2195 1224 2224; x_wconf 79' lang='lat' dir='ltr'>conti-</span> 
     </span>
     <span class='ocr_line' id='line_1_47' title="bbox 170 2232 445 2270; baseline 0.007 -9"><span class='ocrx_word' id='word_1_408' title='bbox 170 2232 229 2261; x_wconf 87' lang='lat' dir='ltr'>neri</span> <span class='ocrx_word' id='word_1_409' title='bbox 243 2232 445 2270; x_wconf 85' lang='lat' dir='ltr'>desiderabant,</span> 
     </span>
    </p>

    <p class='ocr_par' dir='ltr' id='par_1_19' title="bbox 169 2269 1226 2461">
     <span class='ocr_line' id='line_1_48' title="bbox 208 2269 1225 2308; baseline 0.001 -9"><span class='ocrx_word' id='word_1_410' title='bbox 208 2269 246 2300; x_wconf 80' lang='lat' dir='ltr'>Et</span> <span class='ocrx_word' id='word_1_411' title='bbox 259 2271 295 2300; x_wconf 89' lang='lat' dir='ltr'>de</span> <span class='ocrx_word' id='word_1_412' title='bbox 312 2271 411 2308; x_wconf 90' lang='lat' dir='ltr'>quibus</span> <span class='ocrx_word' id='word_1_413' title='bbox 427 2271 508 2301; x_wconf 89' lang='lat' dir='ltr'>novis</span> <span class='ocrx_word' id='word_1_414' title='bbox 525 2269 671 2307; x_wconf 80' lang='lat' dir='ltr'>Articulis,</span> <span class='ocrx_word' id='word_1_415' title='bbox 689 2270 758 2300; x_wconf 88' lang='lat' dir='ltr'>sicut</span> <span class='ocrx_word' id='word_1_416' title='bbox 777 2271 957 2308; x_wconf 79' lang='lat' dir='ltr'>praemitittir,</span> <span class='ocrx_word' id='word_1_417' title='bbox 975 2269 1158 2307; x_wconf 69' lang='lat' dir='ltr'>recipiendis,</span> <span class='ocrx_word' id='word_1_418' title='bbox 1176 2269 1225 2300; x_wconf 89' lang='lat' dir='ltr'>ad-</span> 
     </span>
     <span class='ocr_line' id='line_1_49' title="bbox 170 2307 1224 2346; baseline 0.001 -9"><span class='ocrx_word' id='word_1_419' title='bbox 170 2307 268 2337; x_wconf 85' lang='lat' dir='ltr'>dendis</span> <span class='ocrx_word' id='word_1_420' title='bbox 284 2309 316 2339; x_wconf 85' lang='lat'>&amp;</span> <span class='ocrx_word' id='word_1_421' title='bbox 337 2308 529 2346; x_wconf 70' lang='lat' dir='ltr'>admittendis,</span> <span class='ocrx_word' id='word_1_422' title='bbox 548 2309 674 2346; x_wconf 59' lang='lat' dir='ltr'>praedicti</span> <span class='ocrx_word' id='word_1_423' title='bbox 689 2307 886 2339; x_wconf 80' lang='lat' dir='ltr'>Commiflarii</span> <span class='ocrx_word' id='word_1_424' title='bbox 908 2318 959 2346; x_wconf 87' lang='lat' dir='ltr'>pro</span> <span class='ocrx_word' id='word_1_425' title='bbox 977 2318 1055 2345; x_wconf 69' lang='lat' dir='ltr'>parte</span> <span class='ocrx_word' id='word_1_426' title='bbox 1070 2309 1224 2346; x_wconf 66' lang='lat' dir='ltr'>Flandrize,</span> 
     </span>
     <span class='ocr_line' id='line_1_50' title="bbox 169 2346 1225 2384; baseline 0.001 -9"><span class='ocrx_word' id='word_1_427' title='bbox 169 2356 285 2384; x_wconf 80' lang='lat' dir='ltr'>propter</span> <span class='ocrx_word' id='word_1_428' title='bbox 299 2347 420 2384; x_wconf 84' lang='lat' dir='ltr'>ipsorum</span> <span class='ocrx_word' id='word_1_429' title='bbox 436 2348 630 2378; x_wconf 84' lang='lat' dir='ltr'>Articulorum</span> <span class='ocrx_word' id='word_1_430' title='bbox 643 2357 687 2377; x_wconf 83' lang='lat' dir='ltr'>ma</span> <span class='ocrx_word' id='word_1_431' title='bbox 709 2347 864 2377; x_wconf 87' lang='lat' dir='ltr'>nitudinem</span> <span class='ocrx_word' id='word_1_432' title='bbox 876 2369 885 2383; x_wconf 87' lang='lat'>,</span> <span class='ocrx_word' id='word_1_433' title='bbox 913 2347 992 2376; x_wconf 81' lang='lat' dir='ltr'>Vires</span> <span class='ocrx_word' id='word_1_434' title='bbox 1008 2346 1225 2377; x_wconf 88' lang='lat' dir='ltr'>Commiffionis</span> 
     </span>
     <span class='ocr_line' id='line_1_51' title="bbox 170 2356 1226 2423; baseline 0 -8"><span class='ocrx_word' id='word_1_435' title='bbox 170 2385 216 2415; x_wconf 89' lang='lat' dir='ltr'>seu</span> <span class='ocrx_word' id='word_1_436' title='bbox 238 2384 384 2417; x_wconf 86' lang='lat' dir='ltr'>Potestatis</span> <span class='ocrx_word' id='word_1_437' title='bbox 406 2386 528 2423; x_wconf 87' lang='lat' dir='ltr'>ipsorum</span> <span class='ocrx_word' id='word_1_438' title='bbox 551 2356 821 2416; x_wconf 48' lang='lat' dir='ltr'>Commisfiiriorum</span> <span class='ocrx_word' id='word_1_439' title='bbox 841 2384 1024 2415; x_wconf 76' lang='lat' dir='ltr'>excedentem</span> <span class='ocrx_word' id='word_1_440' title='bbox 1040 2409 1049 2423; x_wconf 85' lang='lat'>,</span> <span class='ocrx_word' id='word_1_441' title='bbox 1073 2386 1098 2415; x_wconf 83' lang='lat' dir='ltr'>se</span> <span class='ocrx_word' id='word_1_442' title='bbox 1118 2385 1226 2417; x_wconf 82' lang='lat' dir='ltr'>excusa-</span> 
     </span>
     <span class='ocr_line' id='line_1_52' title="bbox 171 2422 256 2461; baseline 0 -8"><span class='ocrx_word' id='word_1_443' title='bbox 171 2422 256 2461; x_wconf 85' lang='lat' dir='ltr'>bant,</span> 
     </span>
    </p>

    <p class='ocr_par' dir='ltr' id='par_1_20' title="bbox 169 2460 1226 2537">
     <span class='ocr_line' id='line_1_53' title="bbox 206 2460 1226 2501; baseline 0.002 -11"><span class='ocrx_word' id='word_1_444' title='bbox 206 2460 307 2491; x_wconf 79' lang='lat' dir='ltr'>Persici</span> <span class='ocrx_word' id='word_1_445' title='bbox 327 2462 360 2492; x_wconf 86' lang='lat'>&amp;</span> <span class='ocrx_word' id='word_1_446' title='bbox 379 2461 524 2501; x_wconf 86' lang='lat' dir='ltr'>adimpleri</span> <span class='ocrx_word' id='word_1_447' title='bbox 540 2485 550 2501; x_wconf 91' lang='lat'>‚</span> <span class='ocrx_word' id='word_1_448' title='bbox 572 2462 617 2493; x_wconf 89' lang='lat' dir='ltr'>seu</span> <span class='ocrx_word' id='word_1_449' title='bbox 633 2462 666 2492; x_wconf 78' lang='lat' dir='ltr'>ad</span> <span class='ocrx_word' id='word_1_450' title='bbox 682 2461 768 2493; x_wconf 86' lang='lat' dir='ltr'>finem</span> <span class='ocrx_word' id='word_1_451' title='bbox 782 2469 910 2499; x_wconf 83' lang='lat' dir='ltr'>optatum</span> <span class='ocrx_word' id='word_1_452' title='bbox 922 2461 1037 2500; x_wconf 84' lang='lat' dir='ltr'>perduci</span> <span class='ocrx_word' id='word_1_453' title='bbox 1049 2472 1109 2492; x_wconf 93' lang='lat' dir='ltr'>non</span> <span class='ocrx_word' id='word_1_454' title='bbox 1126 2461 1226 2500; x_wconf 79' lang='lat' dir='ltr'>possit,</span> 
     </span>
     <span class='ocr_line' id='line_1_54' title="bbox 169 2498 364 2537; baseline 0 -8"><span class='ocrx_word' id='word_1_455' title='bbox 169 2498 207 2529; x_wconf 89' lang='lat' dir='ltr'>de</span> <span class='ocrx_word' id='word_1_456' title='bbox 220 2500 364 2537; x_wconf 70' lang='lat' dir='ltr'>praesenti,</span> 
     </span>
    </p>

    <p class='ocr_par' dir='ltr' id='par_1_21' title="bbox 170 2536 1226 2691">
     <span class='ocr_line' id='line_1_55' title="bbox 205 2536 1226 2575; baseline 0.002 -9"><span class='ocrx_word' id='word_1_457' title='bbox 205 2536 283 2567; x_wconf 88' lang='lat' dir='ltr'>Inter</span> <span class='ocrx_word' id='word_1_458' title='bbox 298 2538 428 2575; x_wconf 73' lang='lat' dir='ltr'>praefatos</span> <span class='ocrx_word' id='word_1_459' title='bbox 448 2538 664 2569; x_wconf 69' lang='lat' dir='ltr'>Ambaffiatorcs</span> <span class='ocrx_word' id='word_1_460' title='bbox 679 2540 712 2570; x_wconf 70' lang='lat' dir='ltr'>Sc</span> <span class='ocrx_word' id='word_1_461' title='bbox 727 2537 941 2568; x_wconf 87' lang='lat' dir='ltr'>Commissarios</span> <span class='ocrx_word' id='word_1_462' title='bbox 957 2537 992 2567; x_wconf 86' lang='lat' dir='ltr'>de</span> <span class='ocrx_word' id='word_1_463' title='bbox 1009 2538 1132 2575; x_wconf 88' lang='lat' dir='ltr'>ipsorum</span> <span class='ocrx_word' id='word_1_464' title='bbox 1142 2548 1226 2568; x_wconf 90' lang='lat' dir='ltr'>com-</span> 
     </span>
     <span class='ocr_line' id='line_1_56' title="bbox 170 2576 1224 2615; baseline 0.002 -10"><span class='ocrx_word' id='word_1_465' title='bbox 170 2577 251 2605; x_wconf 89' lang='lat' dir='ltr'>muni</span> <span class='ocrx_word' id='word_1_466' title='bbox 265 2577 399 2606; x_wconf 89' lang='lat' dir='ltr'>consensu</span> <span class='ocrx_word' id='word_1_467' title='bbox 415 2578 447 2607; x_wconf 68' lang='grc' dir='ltr'>ὃς</span> <span class='ocrx_word' id='word_1_468' title='bbox 462 2578 565 2608; x_wconf 72' lang='lat' dir='ltr'>assensu</span> <span class='ocrx_word' id='word_1_469' title='bbox 577 2601 585 2615; x_wconf 84' lang='lat'><em>‚</em></span> <span class='ocrx_word' id='word_1_470' title='bbox 600 2579 701 2607; x_wconf 83' lang='lat' dir='ltr'>virtute</span> <span class='ocrx_word' id='word_1_471' title='bbox 714 2576 861 2607; x_wconf 83' lang='lat' dir='ltr'>Potestatis</span> <span class='ocrx_word' id='word_1_472' title='bbox 876 2578 914 2605; x_wconf 87' lang='lat' dir='ltr'>eis</span> <span class='ocrx_word' id='word_1_473' title='bbox 929 2586 976 2613; x_wconf 87' lang='lat' dir='ltr'>per</span> <span class='ocrx_word' id='word_1_474' title='bbox 991 2576 1137 2606; x_wconf 87' lang='lat' dir='ltr'>Dominos</span> <span class='ocrx_word' id='word_1_475' title='bbox 1164 2577 1224 2607; x_wconf 91' lang='lat' dir='ltr'>suos</span> 
     </span>
     <span class='ocr_line' id='line_1_57' title="bbox 170 2614 1224 2653; baseline 0.003 -9"><span class='ocrx_word' id='word_1_476' title='bbox 170 2614 309 2651; x_wconf 88' lang='lat' dir='ltr'>utriusque</span> <span class='ocrx_word' id='word_1_477' title='bbox 325 2614 409 2645; x_wconf 86' lang='lat' dir='ltr'>Partis</span> <span class='ocrx_word' id='word_1_478' title='bbox 423 2616 559 2646; x_wconf 76' lang='lat' dir='ltr'>attributae</span> <span class='ocrx_word' id='word_1_479' title='bbox 569 2640 578 2653; x_wconf 86' lang='lat'>,</span> <span class='ocrx_word' id='word_1_480' title='bbox 593 2617 683 2646; x_wconf 66' lang='lat' dir='ltr'>exiitit</span> <span class='ocrx_word' id='word_1_481' title='bbox 697 2616 729 2646; x_wconf 87' lang='lat'>&amp;</span> <span class='ocrx_word' id='word_1_482' title='bbox 746 2615 785 2644; x_wconf 85' lang='lat' dir='ltr'>est</span> <span class='ocrx_word' id='word_1_483' title='bbox 802 2615 830 2645; x_wconf 89' lang='lat' dir='ltr'>A</span> <span class='ocrx_word' id='word_1_484' title='bbox 839 2624 856 2644; x_wconf 78' lang='lat' dir='ltr'>P</span> <span class='ocrx_word' id='word_1_485' title='bbox 865 2623 883 2644; x_wconf 73' lang='grc' dir='ltr'>Ρ</span> <span class='ocrx_word' id='word_1_486' title='bbox 891 2624 913 2645; x_wconf 86' lang='lat' dir='ltr'><strong>U</strong></span> <span class='ocrx_word' id='word_1_487' title='bbox 924 2623 946 2644; x_wconf 83' lang='lat' dir='ltr'>N</span> <span class='ocrx_word' id='word_1_488' title='bbox 956 2624 972 2645; x_wconf 92' lang='lat' dir='ltr'>c</span> <span class='ocrx_word' id='word_1_489' title='bbox 982 2622 1005 2644; x_wconf 85' lang='lat' dir='ltr'>T</span> <span class='ocrx_word' id='word_1_490' title='bbox 1015 2624 1035 2645; x_wconf 86' lang='lat' dir='ltr'>u</span> <span class='ocrx_word' id='word_1_491' title='bbox 1046 2625 1066 2645; x_wconf 81' lang='lat' dir='ltr'>A</span> <span class='ocrx_word' id='word_1_492' title='bbox 1077 2625 1099 2645; x_wconf 85' lang='lat' dir='ltr'>T</span> <span class='ocrx_word' id='word_1_493' title='bbox 1108 2624 1128 2644; x_wconf 82' lang='lat' dir='ltr'>U</span> <span class='ocrx_word' id='word_1_494' title='bbox 1138 2623 1165 2645; x_wconf 79' lang='lat' dir='ltr'><strong>M</strong></span> <span class='ocrx_word' id='word_1_495' title='bbox 1191 2618 1224 2647; x_wconf 88' lang='lat'>&amp;</span> 
     </span>
     <span class='ocr_line' id='line_1_58' title="bbox 171 2651 913 2691; baseline 0.001 -10"><span class='ocrx_word' id='word_1_496' title='bbox 171 2651 228 2682; x_wconf 86' lang='lat' dir='ltr'>Co</span> <span class='ocrx_word' id='word_1_497' title='bbox 239 2661 260 2682; x_wconf 86' lang='lat' dir='ltr'>N</span> <span class='ocrx_word' id='word_1_498' title='bbox 269 2663 285 2683; x_wconf 92' lang='lat' dir='ltr'>c</span> <span class='ocrx_word' id='word_1_499' title='bbox 294 2663 314 2683; x_wconf 95' lang='lat' dir='ltr'>o</span> <span class='ocrx_word' id='word_1_500' title='bbox 325 2663 347 2683; x_wconf 83' lang='lat' dir='ltr'>R</span> <span class='ocrx_word' id='word_1_501' title='bbox 358 2663 379 2686; x_wconf 89' lang='lat' dir='ltr'>D</span> <span class='ocrx_word' id='word_1_502' title='bbox 390 2662 439 2683; x_wconf 79' lang='lat' dir='ltr'>AT</span> <span class='ocrx_word' id='word_1_503' title='bbox 448 2663 470 2684; x_wconf 88' lang='grc' dir='ltr'>υ</span> <span class='ocrx_word' id='word_1_504' title='bbox 481 2662 508 2684; x_wconf 81' lang='lat' dir='ltr'><strong>M</strong></span> <span class='ocrx_word' id='word_1_505' title='bbox 527 2655 555 2684; x_wconf 91' lang='lat' dir='ltr'>in</span> <span class='ocrx_word' id='word_1_506' title='bbox 572 2653 690 2684; x_wconf 85' lang='lat' dir='ltr'>modum</span> <span class='ocrx_word' id='word_1_507' title='bbox 709 2654 758 2691; x_wconf 87' lang='lat' dir='ltr'>qui</span> <span class='ocrx_word' id='word_1_508' title='bbox 774 2652 893 2691; x_wconf 87' lang='lat' dir='ltr'>sequitur</span> <span class='ocrx_word' id='word_1_509' title='bbox 903 2675 913 2691; x_wconf 85' lang='lat'>,</span> 
     </span>
    </p>
   </div>
   <div class='ocr_carea' id='block_1_10' title="bbox 167 2728 1225 4105">
    <p class='ocr_par' dir='ltr' id='par_1_22' title="bbox 169 2728 1225 2959">
     <span class='ocr_line' id='line_1_59' title="bbox 209 2728 1225 2768; baseline -0.002 -8"><span class='ocrx_word' id='word_1_510' title='bbox 209 2730 326 2760; x_wconf 68' lang='lat' dir='ltr'>Pinnio</span> <span class='ocrx_word' id='word_1_511' title='bbox 342 2729 422 2766; x_wconf 79' lang='lat' dir='ltr'>(viz.)</span> <span class='ocrx_word' id='word_1_512' title='bbox 444 2730 522 2767; x_wconf 90' lang='lat' dir='ltr'>quod</span> <span class='ocrx_word' id='word_1_513' title='bbox 537 2753 546 2768; x_wconf 84' lang='lat'>,</span> <span class='ocrx_word' id='word_1_514' title='bbox 570 2739 685 2768; x_wconf 81' lang='lat' dir='ltr'>propter</span> <span class='ocrx_word' id='word_1_515' title='bbox 707 2728 901 2760; x_wconf 85' lang='lat' dir='ltr'>difficultatem</span> <span class='ocrx_word' id='word_1_516' title='bbox 924 2730 957 2760; x_wconf 65' lang='lat' dir='ltr'>Sc</span> <span class='ocrx_word' id='word_1_517' title='bbox 973 2728 1134 2759; x_wconf 77' lang='lat' dir='ltr'>arduitatem</span> <span class='ocrx_word' id='word_1_518' title='bbox 1153 2739 1225 2766; x_wconf 79' lang='lat' dir='ltr'>prae-</span> 
     </span>
     <span class='ocr_line' id='line_1_60' title="bbox 170 2767 1223 2807; baseline 0 -11"><span class='ocrx_word' id='word_1_519' title='bbox 170 2767 276 2805; x_wconf 55' lang='lat' dir='ltr'>dicitas,</span> <span class='ocrx_word' id='word_1_520' title='bbox 297 2768 413 2805; x_wconf 79' lang='lat' dir='ltr'>praesens</span> <span class='ocrx_word' id='word_1_521' title='bbox 430 2769 611 2807; x_wconf 79' lang='lat' dir='ltr'>Negotium,</span> <span class='ocrx_word' id='word_1_522' title='bbox 631 2770 686 2799; x_wconf 90' lang='lat' dir='ltr'>sive</span> <span class='ocrx_word' id='word_1_523' title='bbox 702 2768 818 2806; x_wconf 58' lang='lat' dir='ltr'>praesens</span> <span class='ocrx_word' id='word_1_524' title='bbox 835 2767 1000 2800; x_wconf 56' lang='lat' dir='ltr'>Trichrus,</span> <span class='ocrx_word' id='word_1_525' title='bbox 1020 2768 1133 2805; x_wconf 82' lang='lat' dir='ltr'>ejusque</span> <span class='ocrx_word' id='word_1_526' title='bbox 1150 2775 1223 2798; x_wconf 80' lang='lat' dir='ltr'>totus</span> 
     </span>
     <span class='ocr_line' id='line_1_61' title="bbox 171 2805 1224 2844; baseline 0 -8"><span class='ocrx_word' id='word_1_527' title='bbox 171 2805 336 2844; x_wconf 76' lang='lat' dir='ltr'>Processus,</span> <span class='ocrx_word' id='word_1_528' title='bbox 355 2815 424 2836; x_wconf 90' lang='lat' dir='ltr'>cum</span> <span class='ocrx_word' id='word_1_529' title='bbox 448 2808 498 2836; x_wconf 89' lang='lat' dir='ltr'>suis</span> <span class='ocrx_word' id='word_1_530' title='bbox 521 2806 712 2844; x_wconf 80' lang='lat' dir='ltr'>dependentiis</span> <span class='ocrx_word' id='word_1_531' title='bbox 733 2807 765 2837; x_wconf 69' lang='grc' dir='ltr'>δε</span> <span class='ocrx_word' id='word_1_532' title='bbox 780 2807 931 2844; x_wconf 79' lang='lat' dir='ltr'>connexis,</span> <span class='ocrx_word' id='word_1_533' title='bbox 950 2807 1173 2844; x_wconf 74' lang='lat' dir='ltr'>continuabitur,</span> <span class='ocrx_word' id='word_1_534' title='bbox 1192 2807 1224 2836; x_wconf 86' lang='lat'>&amp;</span> 
     </span>
     <span class='ocr_line' id='line_1_62' title="bbox 169 2844 1224 2883; baseline 0 -9"><span class='ocrx_word' id='word_1_535' title='bbox 169 2845 205 2874; x_wconf 92' lang='lat' dir='ltr'>de</span> <span class='ocrx_word' id='word_1_536' title='bbox 222 2845 346 2882; x_wconf 51' lang='lat' dir='ltr'>praesenti</span> <span class='ocrx_word' id='word_1_537' title='bbox 369 2846 546 2874; x_wconf 81' lang='lat' dir='ltr'>continuatur</span> <span class='ocrx_word' id='word_1_538' title='bbox 561 2867 571 2882; x_wconf 90' lang='lat'>,</span> <span class='ocrx_word' id='word_1_539' title='bbox 595 2845 611 2874; x_wconf 73' lang='lat' dir='ltr'>a</span> <span class='ocrx_word' id='word_1_540' title='bbox 631 2845 690 2875; x_wconf 92' lang='lat' dir='ltr'>Die</span> <span class='ocrx_word' id='word_1_541' title='bbox 706 2845 789 2874; x_wconf 75' lang='lat' dir='ltr'>Datae</span> <span class='ocrx_word' id='word_1_542' title='bbox 806 2844 946 2875; x_wconf 61' lang='lat' dir='ltr'>Praesentis</span> <span class='ocrx_word' id='word_1_543' title='bbox 964 2844 1224 2883; x_wconf 68' lang='lat' dir='ltr'>Appunc‘tuamenti</span> 
     </span>
     <span class='ocr_line' id='line_1_63' title="bbox 171 2882 1224 2922; baseline 0.001 -11"><span class='ocrx_word' id='word_1_544' title='bbox 171 2883 298 2922; x_wconf 83' lang='lat' dir='ltr'>inantea,</span> <span class='ocrx_word' id='word_1_545' title='bbox 319 2883 402 2920; x_wconf 84' lang='lat' dir='ltr'>usque</span> <span class='ocrx_word' id='word_1_546' title='bbox 424 2883 458 2913; x_wconf 89' lang='lat' dir='ltr'>ad</span> <span class='ocrx_word' id='word_1_547' title='bbox 479 2882 595 2913; x_wconf 86' lang='lat' dir='ltr'>Festum</span> <span class='ocrx_word' id='word_1_548' title='bbox 616 2883 760 2913; x_wconf 86' lang='lat' dir='ltr'>Omnium</span> <span class='ocrx_word' id='word_1_549' title='bbox 774 2882 943 2913; x_wconf 58' lang='lat' dir='ltr'>Sanctorum</span> <span class='ocrx_word' id='word_1_550' title='bbox 960 2884 1094 2920; x_wconf 82' lang='lat' dir='ltr'>proximo</span> <span class='ocrx_word' id='word_1_551' title='bbox 1107 2883 1164 2920; x_wconf 79' lang='lat' dir='ltr'>jam</span> <span class='ocrx_word' id='word_1_552' title='bbox 1180 2883 1224 2913; x_wconf 86' lang='lat' dir='ltr'>fu-</span> 
     </span>
     <span class='ocr_line' id='line_1_64' title="bbox 170 2921 623 2959; baseline 0 -9"><span class='ocrx_word' id='word_1_553' title='bbox 170 2929 283 2959; x_wconf 86' lang='lat' dir='ltr'>turum,</span> <span class='ocrx_word' id='word_1_554' title='bbox 302 2924 335 2952; x_wconf 85' lang='lat' dir='ltr'>ad</span> <span class='ocrx_word' id='word_1_555' title='bbox 347 2923 425 2952; x_wconf 78' lang='lat' dir='ltr'>hunc</span> <span class='ocrx_word' id='word_1_556' title='bbox 443 2921 549 2958; x_wconf 70' lang='lat' dir='ltr'>finem,</span> <span class='ocrx_word' id='word_1_557' title='bbox 568 2921 623 2951; x_wconf 86' lang='lat' dir='ltr'>viz.</span> 
     </span>
    </p>

    <p class='ocr_par' dir='ltr' id='par_1_23' title="bbox 167 2957 1225 3371">
     <span class='ocr_line' id='line_1_65' title="bbox 208 2957 1225 2997; baseline -0.002 -7"><span class='ocrx_word' id='word_1_558' title='bbox 208 2960 315 2997; x_wconf 82' lang='lat' dir='ltr'>Qod,</span> <span class='ocrx_word' id='word_1_559' title='bbox 335 2968 465 2997; x_wconf 88' lang='lat' dir='ltr'>tempore</span> <span class='ocrx_word' id='word_1_560' title='bbox 489 2960 599 2989; x_wconf 88' lang='lat' dir='ltr'>interim</span> <span class='ocrx_word' id='word_1_561' title='bbox 621 2957 760 2996; x_wconf 82' lang='lat' dir='ltr'>pendente</span> <span class='ocrx_word' id='word_1_562' title='bbox 775 2981 784 2996; x_wconf 89' lang='lat'>,</span> <span class='ocrx_word' id='word_1_563' title='bbox 803 2966 860 2989; x_wconf 90' lang='lat' dir='ltr'>tam</span> <span class='ocrx_word' id='word_1_564' title='bbox 875 2957 1125 2989; x_wconf 68' lang='lat' dir='ltr'>Excellentiffimus</span> <span class='ocrx_word' id='word_1_565' title='bbox 1140 2958 1225 2989; x_wconf 90' lang='lat' dir='ltr'>Prin-</span> 
     </span>
     <span class='ocr_line' id='line_1_66' title="bbox 170 2996 1223 3037; baseline 0.001 -11"><span class='ocrx_word' id='word_1_566' title='bbox 170 3006 236 3034; x_wconf 84' lang='lat' dir='ltr'>ceps</span> <span class='ocrx_word' id='word_1_567' title='bbox 257 2997 399 3028; x_wconf 82' lang='lat' dir='ltr'>Dominus</span> <span class='ocrx_word' id='word_1_568' title='bbox 423 3001 482 3027; x_wconf 79' lang='lat' dir='ltr'>Rex</span> <span class='ocrx_word' id='word_1_569' title='bbox 504 2997 616 3035; x_wconf 72' lang='lat' dir='ltr'>Angliae</span> <span class='ocrx_word' id='word_1_570' title='bbox 638 3007 686 3037; x_wconf 86' lang='lat' dir='ltr'>per</span> <span class='ocrx_word' id='word_1_571' title='bbox 701 2997 832 3034; x_wconf 78' lang='lat' dir='ltr'>praefatos</span> <span class='ocrx_word' id='word_1_572' title='bbox 849 2997 910 3026; x_wconf 78' lang='lat' dir='ltr'>suos</span> <span class='ocrx_word' id='word_1_573' title='bbox 927 2996 1157 3035; x_wconf 74' lang='lat' dir='ltr'>Ambaffiatores,</span> <span class='ocrx_word' id='word_1_574' title='bbox 1177 3008 1223 3028; x_wconf 80' lang='lat' dir='ltr'>aut</span> 
     </span>
     <span class='ocr_line' id='line_1_67' title="bbox 170 3034 1224 3073; baseline 0.002 -10"><span class='ocrx_word' id='word_1_575' title='bbox 170 3044 270 3064; x_wconf 88' lang='lat' dir='ltr'>eorum</span> <span class='ocrx_word' id='word_1_576' title='bbox 285 3035 436 3065; x_wconf 90' lang='lat' dir='ltr'>Nunciurn</span> <span class='ocrx_word' id='word_1_577' title='bbox 451 3036 497 3066; x_wconf 83' lang='lat' dir='ltr'>vel</span> <span class='ocrx_word' id='word_1_578' title='bbox 513 3036 547 3067; x_wconf 91' lang='lat' dir='ltr'>N</span> <span class='ocrx_word' id='word_1_579' title='bbox 551 3037 664 3073; x_wconf 85' lang='lat' dir='ltr'>uncios,</span> <span class='ocrx_word' id='word_1_580' title='bbox 683 3037 769 3072; x_wconf 67' lang='lat' dir='ltr'>quiam</span> <span class='ocrx_word' id='word_1_581' title='bbox 785 3036 869 3066; x_wconf 78' lang='lat' dir='ltr'>etiam</span> <span class='ocrx_word' id='word_1_582' title='bbox 883 3034 995 3064; x_wconf 88' lang='lat' dir='ltr'>Illustris</span> <span class='ocrx_word' id='word_1_583' title='bbox 1009 3034 1143 3072; x_wconf 83' lang='lat' dir='ltr'>Princeps</span> <span class='ocrx_word' id='word_1_584' title='bbox 1158 3035 1224 3065; x_wconf 91' lang='lat' dir='ltr'>Do-</span> 
     </span>
     <span class='ocr_line' id='line_1_68' title="bbox 170 3072 1223 3113; baseline -0.001 -10"><span class='ocrx_word' id='word_1_585' title='bbox 170 3074 262 3103; x_wconf 86' lang='lat' dir='ltr'>minus</span> <span class='ocrx_word' id='word_1_586' title='bbox 274 3075 342 3102; x_wconf 81' lang='lat' dir='ltr'>Dux</span> <span class='ocrx_word' id='word_1_587' title='bbox 349 3075 511 3110; x_wconf 77' lang='lat' dir='ltr'>Burgundiae</span> <span class='ocrx_word' id='word_1_588' title='bbox 520 3099 529 3112; x_wconf 95' lang='lat'>,</span> <span class='ocrx_word' id='word_1_589' title='bbox 546 3074 656 3104; x_wconf 89' lang='lat' dir='ltr'>Comes</span> <span class='ocrx_word' id='word_1_590' title='bbox 664 3073 813 3109; x_wconf 79' lang='lat' dir='ltr'>Flandriae,</span> <span class='ocrx_word' id='word_1_591' title='bbox 832 3083 880 3113; x_wconf 91' lang='lat' dir='ltr'>per</span> <span class='ocrx_word' id='word_1_592' title='bbox 893 3073 1043 3110; x_wconf 63' lang='lat' dir='ltr'>praediCmS</span> <span class='ocrx_word' id='word_1_593' title='bbox 1057 3073 1119 3102; x_wconf 79' lang='lat' dir='ltr'>suos</span> <span class='ocrx_word' id='word_1_594' title='bbox 1129 3072 1223 3103; x_wconf 87' lang='lat' dir='ltr'>Com-</span> 
     </span>
     <span class='ocr_line' id='line_1_69' title="bbox 171 3111 1221 3149; baseline 0 -7"><span class='ocrx_word' id='word_1_595' title='bbox 171 3111 308 3142; x_wconf 79' lang='lat' dir='ltr'>miffiirios</span> <span class='ocrx_word' id='word_1_596' title='bbox 320 3134 330 3149; x_wconf 88' lang='lat'>‚</span> <span class='ocrx_word' id='word_1_597' title='bbox 357 3121 403 3142; x_wconf 88' lang='lat' dir='ltr'>aut</span> <span class='ocrx_word' id='word_1_598' title='bbox 421 3121 520 3142; x_wconf 86' lang='lat' dir='ltr'>eorum</span> <span class='ocrx_word' id='word_1_599' title='bbox 542 3113 693 3144; x_wconf 90' lang='lat' dir='ltr'>Nuncium</span> <span class='ocrx_word' id='word_1_600' title='bbox 715 3111 760 3143; x_wconf 90' lang='lat' dir='ltr'>vel</span> <span class='ocrx_word' id='word_1_601' title='bbox 783 3111 817 3141; x_wconf 90' lang='lat' dir='ltr'>N</span> <span class='ocrx_word' id='word_1_602' title='bbox 821 3112 937 3148; x_wconf 85' lang='lat' dir='ltr'>uncios,</span> <span class='ocrx_word' id='word_1_603' title='bbox 954 3112 1032 3149; x_wconf 77' lang='lat' dir='ltr'>super</span> <span class='ocrx_word' id='word_1_604' title='bbox 1047 3111 1127 3141; x_wconf 56' lang='lat' dir='ltr'>dietis</span> <span class='ocrx_word' id='word_1_605' title='bbox 1140 3114 1221 3142; x_wconf 81' lang='lat' dir='ltr'>novis</span> 
     </span>
     <span class='ocr_line' id='line_1_70' title="bbox 171 3148 1220 3187; baseline 0 -7"><span class='ocrx_word' id='word_1_606' title='bbox 171 3149 304 3180; x_wconf 85' lang='lat' dir='ltr'>Articulis</span> <span class='ocrx_word' id='word_1_607' title='bbox 321 3171 330 3186; x_wconf 90' lang='lat'>,</span> <span class='ocrx_word' id='word_1_608' title='bbox 355 3149 531 3180; x_wconf 85' lang='lat' dir='ltr'>admittendis</span> <span class='ocrx_word' id='word_1_609' title='bbox 548 3172 558 3187; x_wconf 88' lang='lat'>,</span> <span class='ocrx_word' id='word_1_610' title='bbox 575 3150 620 3180; x_wconf 85' lang='lat' dir='ltr'>vel</span> <span class='ocrx_word' id='word_1_611' title='bbox 635 3161 694 3180; x_wconf 88' lang='lat' dir='ltr'>non</span> <span class='ocrx_word' id='word_1_612' title='bbox 707 3149 902 3187; x_wconf 69' lang='lat' dir='ltr'>admittendis,</span> <span class='ocrx_word' id='word_1_613' title='bbox 919 3149 984 3179; x_wconf 84' lang='lat' dir='ltr'>adiri</span> <span class='ocrx_word' id='word_1_614' title='bbox 1003 3148 1083 3186; x_wconf 84' lang='lat' dir='ltr'>poffit</span> <span class='ocrx_word' id='word_1_615' title='bbox 1098 3150 1131 3180; x_wconf 60' lang='grc' dir='ltr'>ἃ</span> <span class='ocrx_word' id='word_1_616' title='bbox 1148 3160 1220 3180; x_wconf 86' lang='lat' dir='ltr'>con-</span> 
     </span>
     <span class='ocr_line' id='line_1_71' title="bbox 169 3187 1219 3226; baseline 0 -8"><span class='ocrx_word' id='word_1_617' title='bbox 169 3188 237 3225; x_wconf 88' lang='lat' dir='ltr'>suli,</span> <span class='ocrx_word' id='word_1_618' title='bbox 255 3188 419 3225; x_wconf 78' lang='lat' dir='ltr'>valeantque</span> <span class='ocrx_word' id='word_1_619' title='bbox 435 3188 558 3225; x_wconf 88' lang='lat' dir='ltr'>ipsorum</span> <span class='ocrx_word' id='word_1_620' title='bbox 574 3188 767 3218; x_wconf 87' lang='lat' dir='ltr'>Dominorum</span> <span class='ocrx_word' id='word_1_621' title='bbox 790 3188 964 3225; x_wconf 82' lang='lat' dir='ltr'>voluntates,</span> <span class='ocrx_word' id='word_1_622' title='bbox 983 3187 1095 3226; x_wconf 58' lang='lat' dir='ltr'>Quinti}</span> <span class='ocrx_word' id='word_1_623' title='bbox 1107 3188 1219 3218; x_wconf 73' lang='lat' dir='ltr'>decima</span> 
     </span>
     <span class='ocr_line' id='line_1_72' title="bbox 170 3225 1220 3264; baseline 0.002 -9"><span class='ocrx_word' id='word_1_624' title='bbox 170 3225 229 3255; x_wconf 75' lang='lat' dir='ltr'>Die</span> <span class='ocrx_word' id='word_1_625' title='bbox 245 3226 350 3256; x_wconf 81' lang='lat' dir='ltr'>Mensis</span> <span class='ocrx_word' id='word_1_626' title='bbox 363 3226 501 3256; x_wconf 62' lang='lat' dir='ltr'>Odrobiis</span> <span class='ocrx_word' id='word_1_627' title='bbox 519 3227 650 3263; x_wconf 78' lang='lat' dir='ltr'>proximo</span> <span class='ocrx_word' id='word_1_628' title='bbox 663 3227 722 3263; x_wconf 85' lang='lat' dir='ltr'>jam</span> <span class='ocrx_word' id='word_1_629' title='bbox 740 3227 888 3264; x_wconf 85' lang='lat' dir='ltr'>sequente,</span> <span class='ocrx_word' id='word_1_630' title='bbox 913 3226 991 3263; x_wconf 85' lang='lat' dir='ltr'>snper</span> <span class='ocrx_word' id='word_1_631' title='bbox 1007 3228 1062 3256; x_wconf 89' lang='lat' dir='ltr'>hoc</span> <span class='ocrx_word' id='word_1_632' title='bbox 1074 3248 1084 3264; x_wconf 88' lang='lat'>,</span> <span class='ocrx_word' id='word_1_633' title='bbox 1103 3228 1130 3255; x_wconf 93' lang='lat' dir='ltr'>in</span> <span class='ocrx_word' id='word_1_634' title='bbox 1145 3226 1220 3257; x_wconf 67' lang='lat' dir='ltr'>dicia</span> 
     </span>
     <span class='ocr_line' id='line_1_73' title="bbox 170 3263 1220 3302; baseline 0.002 -9"><span class='ocrx_word' id='word_1_635' title='bbox 170 3264 246 3294; x_wconf 66' lang='lat' dir='ltr'>Villis</span> <span class='ocrx_word' id='word_1_636' title='bbox 267 3263 367 3294; x_wconf 78' lang='lat' dir='ltr'>Calesii</span> <span class='ocrx_word' id='word_1_637' title='bbox 383 3287 392 3302; x_wconf 90' lang='lat'>,</span> <span class='ocrx_word' id='word_1_638' title='bbox 418 3264 553 3302; x_wconf 88' lang='lat' dir='ltr'>reportari</span> <span class='ocrx_word' id='word_1_639' title='bbox 567 3286 576 3300; x_wconf 84' lang='lat'>,</span> <span class='ocrx_word' id='word_1_640' title='bbox 603 3264 637 3293; x_wconf 86' lang='lat' dir='ltr'>ad</span> <span class='ocrx_word' id='word_1_641' title='bbox 650 3263 736 3293; x_wconf 88' lang='lat' dir='ltr'>finem</span> <span class='ocrx_word' id='word_1_642' title='bbox 750 3263 919 3301; x_wconf 87' lang='lat' dir='ltr'>procedendi</span> <span class='ocrx_word' id='word_1_643' title='bbox 934 3266 960 3294; x_wconf 89' lang='lat' dir='ltr'>in</span> <span class='ocrx_word' id='word_1_644' title='bbox 978 3265 1010 3296; x_wconf 67' lang='grc' dir='ltr'>ὃς</span> <span class='ocrx_word' id='word_1_645' title='bbox 1025 3264 1102 3302; x_wconf 87' lang='lat' dir='ltr'>super</span> <span class='ocrx_word' id='word_1_646' title='bbox 1117 3265 1220 3295; x_wconf 90' lang='lat' dir='ltr'>eisdem</span> 
     </span>
     <span class='ocr_line' id='line_1_74' title="bbox 167 3301 1218 3340; baseline 0 -6"><span class='ocrx_word' id='word_1_647' title='bbox 167 3302 322 3334; x_wconf 86' lang='lat' dir='ltr'>secundum</span> <span class='ocrx_word' id='word_1_648' title='bbox 338 3302 519 3333; x_wconf 82' lang='lat' dir='ltr'>Voluntatem</span> <span class='ocrx_word' id='word_1_649' title='bbox 535 3301 579 3332; x_wconf 89' lang='lat' dir='ltr'>seu</span> <span class='ocrx_word' id='word_1_650' title='bbox 594 3301 801 3340; x_wconf 73' lang='lat' dir='ltr'>dispositionem</span> <span class='ocrx_word' id='word_1_651' title='bbox 822 3303 999 3333; x_wconf 79' lang='lat' dir='ltr'>concordem</span> <span class='ocrx_word' id='word_1_652' title='bbox 1024 3303 1218 3334; x_wconf 75' lang='lat' dir='ltr'>Domitiorum</span> 
     </span>
     <span class='ocr_line' id='line_1_75' title="bbox 169 3342 386 3371; baseline -0.005 0"><span class='ocrx_word' id='word_1_653' title='bbox 169 3342 386 3371; x_wconf 55' lang='lat' dir='ltr'>antedictorum.</span> 
     </span>
    </p>

    <p class='ocr_par' dir='ltr' id='par_1_24' title="bbox 208 3378 336 3418">
     <span class='ocr_line' id='line_1_76' title="bbox 208 3378 336 3418; baseline 0 -9"><span class='ocrx_word' id='word_1_654' title='bbox 208 3378 219 3409; x_wconf 92' lang='grc' dir='ltr'>Ι</span> <span class='ocrx_word' id='word_1_655' title='bbox 229 3389 251 3408; x_wconf 85' lang='lat' dir='ltr'>T</span> <span class='ocrx_word' id='word_1_656' title='bbox 261 3389 279 3409; x_wconf 81' lang='lat' dir='ltr'>E</span> <span class='ocrx_word' id='word_1_657' title='bbox 291 3387 317 3409; x_wconf 82' lang='lat' dir='ltr'>M</span> <span class='ocrx_word' id='word_1_658' title='bbox 325 3402 336 3418; x_wconf 88' lang='lat'>,</span> 
     </span>
    </p>

    <p class='ocr_par' dir='ltr' id='par_1_25' title="bbox 168 3413 1220 3725">
     <span class='ocr_line' id='line_1_77' title="bbox 205 3413 1220 3456; baseline 0 -8"><span class='ocrx_word' id='word_1_659' title='bbox 205 3417 250 3448; x_wconf 90' lang='lat' dir='ltr'>Ut</span> <span class='ocrx_word' id='word_1_660' title='bbox 267 3418 423 3456; x_wconf 84' lang='lat' dir='ltr'>Dampnis,</span> <span class='ocrx_word' id='word_1_661' title='bbox 441 3416 591 3453; x_wconf 83' lang='lat' dir='ltr'>Periculis,</span> <span class='ocrx_word' id='word_1_662' title='bbox 610 3417 642 3448; x_wconf 87' lang='lat'>&amp;</span> <span class='ocrx_word' id='word_1_663' title='bbox 658 3413 870 3454; x_wconf 73' lang='lat' dir='ltr'>incommodis,</span> <span class='ocrx_word' id='word_1_664' title='bbox 888 3416 1001 3446; x_wconf 66' lang='lat' dir='ltr'>interssm</span> <span class='ocrx_word' id='word_1_665' title='bbox 1018 3417 1051 3447; x_wconf 67' lang='grc' dir='ltr'>ὃς</span> <span class='ocrx_word' id='word_1_666' title='bbox 1065 3418 1093 3446; x_wconf 87' lang='grc'>111</span> <span class='ocrx_word' id='word_1_667' title='bbox 1107 3417 1220 3448; x_wconf 90' lang='lat' dir='ltr'>ulterius</span> 
     </span>
     <span class='ocr_line' id='line_1_78' title="bbox 168 3454 1219 3494; baseline 0 -8"><span class='ocrx_word' id='word_1_668' title='bbox 168 3465 280 3494; x_wconf 85' lang='lat' dir='ltr'>tempus</span> <span class='ocrx_word' id='word_1_669' title='bbox 301 3465 465 3487; x_wconf 87' lang='lat' dir='ltr'>occurratur</span> <span class='ocrx_word' id='word_1_670' title='bbox 478 3479 487 3493; x_wconf 95' lang='lat'>,</span> <span class='ocrx_word' id='word_1_671' title='bbox 514 3465 576 3493; x_wconf 84' lang='lat' dir='ltr'>quae</span> <span class='ocrx_word' id='word_1_672' title='bbox 587 3454 735 3485; x_wconf 85' lang='lat' dir='ltr'>occasione</span> <span class='ocrx_word' id='word_1_673' title='bbox 749 3454 924 3485; x_wconf 89' lang='lat' dir='ltr'>Guerrarum</span> <span class='ocrx_word' id='word_1_674' title='bbox 940 3464 1101 3493; x_wconf 82' lang='lat' dir='ltr'>emergunt,</span> <span class='ocrx_word' id='word_1_675' title='bbox 1119 3465 1175 3487; x_wconf 86' lang='lat' dir='ltr'>tam</span> <span class='ocrx_word' id='word_1_676' title='bbox 1190 3458 1219 3486; x_wconf 90' lang='lat' dir='ltr'>in</span> 
     </span>
     <span class='ocr_line' id='line_1_79' title="bbox 170 3491 1219 3533; baseline -0.002 -7"><span class='ocrx_word' id='word_1_677' title='bbox 170 3495 338 3533; x_wconf 84' lang='lat' dir='ltr'>corporibus</span> <span class='ocrx_word' id='word_1_678' title='bbox 353 3518 364 3533; x_wconf 90' lang='lat'>,</span> <span class='ocrx_word' id='word_1_679' title='bbox 390 3495 475 3533; x_wconf 72' lang='lat' dir='ltr'>quam</span> <span class='ocrx_word' id='word_1_680' title='bbox 491 3495 519 3524; x_wconf 93' lang='lat' dir='ltr'>in</span> <span class='ocrx_word' id='word_1_681' title='bbox 534 3494 630 3531; x_wconf 88' lang='lat' dir='ltr'>rebus,</span> <span class='ocrx_word' id='word_1_682' title='bbox 647 3494 680 3523; x_wconf 75' lang='grc' dir='ltr'>δε</span> <span class='ocrx_word' id='word_1_683' title='bbox 695 3501 726 3523; x_wconf 88' lang='lat' dir='ltr'>ut</span> <span class='ocrx_word' id='word_1_684' title='bbox 741 3501 835 3523; x_wconf 88' lang='lat' dir='ltr'>mutua</span> <span class='ocrx_word' id='word_1_685' title='bbox 850 3491 1102 3523; x_wconf 85' lang='lat' dir='ltr'>Commerciorum</span> <span class='ocrx_word' id='word_1_686' title='bbox 1116 3494 1219 3524; x_wconf 85' lang='lat' dir='ltr'>viciffi-</span> 
     </span>
     <span class='ocr_line' id='line_1_80' title="bbox 169 3531 1217 3572; baseline -0.003 -8"><span class='ocrx_word' id='word_1_687' title='bbox 169 3533 239 3564; x_wconf 90' lang='lat' dir='ltr'>tudo</span> <span class='ocrx_word' id='word_1_688' title='bbox 257 3535 326 3564; x_wconf 90' lang='lat' dir='ltr'>inter</span> <span class='ocrx_word' id='word_1_689' title='bbox 343 3534 474 3572; x_wconf 86' lang='lat' dir='ltr'>Angliam</span> <span class='ocrx_word' id='word_1_690' title='bbox 490 3532 707 3569; x_wconf 87' lang='lat' dir='ltr'>&amp;Flandriam,</span> <span class='ocrx_word' id='word_1_691' title='bbox 724 3531 830 3561; x_wconf 86' lang='lat' dir='ltr'>abolim</span> <span class='ocrx_word' id='word_1_692' title='bbox 841 3532 1003 3569; x_wconf 80' lang='lat' dir='ltr'>exercitata,</span> <span class='ocrx_word' id='word_1_693' title='bbox 1022 3541 1082 3562; x_wconf 89' lang='lat' dir='ltr'>non</span> <span class='ocrx_word' id='word_1_694' title='bbox 1095 3534 1217 3562; x_wconf 88' lang='lat' dir='ltr'>omnino</span> 
     </span>
     <span class='ocr_line' id='line_1_81' title="bbox 168 3569 1217 3609; baseline 0 -8"><span class='ocrx_word' id='word_1_695' title='bbox 168 3571 290 3608; x_wconf 85' lang='lat' dir='ltr'>quiescat</span> <span class='ocrx_word' id='word_1_696' title='bbox 310 3573 344 3602; x_wconf 72' lang='grc' dir='ltr'>δε</span> <span class='ocrx_word' id='word_1_697' title='bbox 360 3572 507 3609; x_wconf 78' lang='lat' dir='ltr'>depereat,</span> <span class='ocrx_word' id='word_1_698' title='bbox 524 3570 569 3600; x_wconf 90' lang='lat' dir='ltr'>sed</span> <span class='ocrx_word' id='word_1_699' title='bbox 587 3569 738 3600; x_wconf 86' lang='lat' dir='ltr'>resuscitata</span> <span class='ocrx_word' id='word_1_700' title='bbox 758 3570 849 3606; x_wconf 89' lang='lat' dir='ltr'>potius</span> <span class='ocrx_word' id='word_1_701' title='bbox 870 3571 956 3609; x_wconf 88' lang='lat' dir='ltr'>magis</span> <span class='ocrx_word' id='word_1_702' title='bbox 969 3570 1113 3607; x_wconf 69' lang='lat' dir='ltr'>magisque</span> <span class='ocrx_word' id='word_1_703' title='bbox 1127 3571 1217 3608; x_wconf 80' lang='lat' dir='ltr'>vigeat</span> 
     </span>
     <span class='ocr_line' id='line_1_82' title="bbox 171 3607 1217 3648; baseline -0.002 -8"><span class='ocrx_word' id='word_1_704' title='bbox 171 3610 204 3640; x_wconf 93' lang='lat'>&amp;</span> <span class='ocrx_word' id='word_1_705' title='bbox 222 3610 341 3648; x_wconf 86' lang='lat' dir='ltr'>crescat,</span> <span class='ocrx_word' id='word_1_706' title='bbox 360 3619 446 3647; x_wconf 88' lang='lat' dir='ltr'>utque</span> <span class='ocrx_word' id='word_1_707' title='bbox 461 3618 572 3640; x_wconf 87' lang='lat' dir='ltr'>caeterae</span> <span class='ocrx_word' id='word_1_708' title='bbox 585 3608 729 3645; x_wconf 76' lang='lat' dir='ltr'>Personae,</span> <span class='ocrx_word' id='word_1_709' title='bbox 747 3609 777 3637; x_wconf 91' lang='lat' dir='ltr'>in</span> <span class='ocrx_word' id='word_1_710' title='bbox 797 3607 984 3646; x_wconf 83' lang='lat' dir='ltr'>Sufferentiis,</span> <span class='ocrx_word' id='word_1_711' title='bbox 1003 3608 1217 3646; x_wconf 81' lang='lat' dir='ltr'>Securitatibus,</span> 
     </span>
     <span class='ocr_line' id='line_1_83' title="bbox 171 3645 1216 3685; baseline 0 -8"><span class='ocrx_word' id='word_1_712' title='bbox 171 3647 206 3677; x_wconf 72' lang='grc' dir='ltr'>δε</span> <span class='ocrx_word' id='word_1_713' title='bbox 226 3646 436 3680; x_wconf 88' lang='lat' dir='ltr'>Provisionibus</span> <span class='ocrx_word' id='word_1_714' title='bbox 459 3647 603 3678; x_wconf 66' lang='lat' dir='ltr'>antedictis</span> <span class='ocrx_word' id='word_1_715' title='bbox 622 3645 833 3685; x_wconf 66' lang='lat' dir='ltr'>comprehensae</span> <span class='ocrx_word' id='word_1_716' title='bbox 847 3669 856 3683; x_wconf 91' lang='lat'>,</span> <span class='ocrx_word' id='word_1_717' title='bbox 881 3646 916 3676; x_wconf 90' lang='lat' dir='ltr'>de</span> <span class='ocrx_word' id='word_1_718' title='bbox 939 3646 1063 3684; x_wconf 65' lang='lat' dir='ltr'>praesenti</span> <span class='ocrx_word' id='word_1_719' title='bbox 1081 3646 1216 3677; x_wconf 62' lang='lat' dir='ltr'>Traetatu</span> 
     </span>
     <span class='ocr_line' id='line_1_84' title="bbox 171 3685 1011 3725; baseline -0.001 -10"><span class='ocrx_word' id='word_1_720' title='bbox 171 3686 204 3715; x_wconf 90' lang='lat'>&amp;</span> <span class='ocrx_word' id='word_1_721' title='bbox 220 3685 447 3725; x_wconf 85' lang='lat' dir='ltr'>Congregatione</span> <span class='ocrx_word' id='word_1_722' title='bbox 460 3686 585 3720; x_wconf 56' lang='lat' dir='ltr'>,fruitam</span> <span class='ocrx_word' id='word_1_723' title='bbox 599 3685 650 3716; x_wconf 87' lang='lat' dir='ltr'>suis</span> <span class='ocrx_word' id='word_1_724' title='bbox 664 3685 837 3721; x_wconf 80' lang='lat' dir='ltr'>temporibus</span> <span class='ocrx_word' id='word_1_725' title='bbox 853 3694 1011 3722; x_wconf 85' lang='lat' dir='ltr'>reportent,</span> 
     </span>
    </p>

    <p class='ocr_par' dir='ltr' id='par_1_26' title="bbox 169 3722 1218 4105">
     <span class='ocr_line' id='line_1_85' title="bbox 211 3722 1215 3759; baseline 0 -7"><span class='ocrx_word' id='word_1_726' title='bbox 211 3723 573 3755; x_wconf 66' lang='lat' dir='ltr'>Appuncruirruii</span> <span class='ocrx_word' id='word_1_727' title='bbox 591 3724 623 3754; x_wconf 89' lang='lat'>&amp;</span> <span class='ocrx_word' id='word_1_728' title='bbox 642 3723 980 3753; x_wconf 76' lang='lat' dir='ltr'>CoNcoRDATUM</span> <span class='ocrx_word' id='word_1_729' title='bbox 1001 3722 1041 3752; x_wconf 87' lang='lat' dir='ltr'>est</span> <span class='ocrx_word' id='word_1_730' title='bbox 1059 3722 1136 3759; x_wconf 87' lang='lat' dir='ltr'>quod</span> <span class='ocrx_word' id='word_1_731' title='bbox 1151 3722 1215 3753; x_wconf 90' lang='lat' dir='ltr'>Suf-</span> 
     </span>
     <span class='ocr_line' id='line_1_86' title="bbox 171 3759 1215 3800; baseline 0 -10"><span class='ocrx_word' id='word_1_732' title='bbox 171 3760 313 3799; x_wconf 80' lang='lat' dir='ltr'>ferentiae,</span> <span class='ocrx_word' id='word_1_733' title='bbox 331 3762 511 3800; x_wconf 73' lang='lat' dir='ltr'>securitates,</span> <span class='ocrx_word' id='word_1_734' title='bbox 530 3763 564 3793; x_wconf 73' lang='grc' dir='ltr'>δε</span> <span class='ocrx_word' id='word_1_735' title='bbox 577 3761 767 3797; x_wconf 79' lang='lat' dir='ltr'>provisiones,</span> <span class='ocrx_word' id='word_1_736' title='bbox 778 3759 944 3798; x_wconf 73' lang='lat' dir='ltr'>jamdudum</span> <span class='ocrx_word' id='word_1_737' title='bbox 959 3762 1030 3790; x_wconf 80' lang='lat' dir='ltr'>inter</span> <span class='ocrx_word' id='word_1_738' title='bbox 1046 3760 1134 3790; x_wconf 80' lang='lat' dir='ltr'>Partes</span> <span class='ocrx_word' id='word_1_739' title='bbox 1146 3771 1215 3798; x_wconf 75' lang='lat' dir='ltr'>pra:-</span> 
     </span>
     <span class='ocr_line' id='line_1_87' title="bbox 169 3797 1216 3836; baseline 0.001 -8"><span class='ocrx_word' id='word_1_740' title='bbox 169 3799 257 3828; x_wconf 69' lang='lat' dir='ltr'>di&amp;as</span> <span class='ocrx_word' id='word_1_741' title='bbox 278 3799 356 3835; x_wconf 86' lang='lat' dir='ltr'>super</span> <span class='ocrx_word' id='word_1_742' title='bbox 376 3800 539 3831; x_wconf 86' lang='lat' dir='ltr'>Communi</span> <span class='ocrx_word' id='word_1_743' title='bbox 553 3801 632 3831; x_wconf 89' lang='lat' dir='ltr'>cursu</span> <span class='ocrx_word' id='word_1_744' title='bbox 649 3799 926 3836; x_wconf 82' lang='lat' dir='ltr'>Merchandisarum,</span> <span class='ocrx_word' id='word_1_745' title='bbox 941 3799 1071 3829; x_wconf 84' lang='lat' dir='ltr'>Transitu</span> <span class='ocrx_word' id='word_1_746' title='bbox 1087 3797 1216 3829; x_wconf 87' lang='lat' dir='ltr'>Clerico-</span> 
     </span>
     <span class='ocr_line' id='line_1_88' title="bbox 171 3835 1214 3876; baseline 0.001 -9"><span class='ocrx_word' id='word_1_747' title='bbox 171 3847 236 3868; x_wconf 86' lang='lat' dir='ltr'>rum</span> <span class='ocrx_word' id='word_1_748' title='bbox 251 3836 285 3866; x_wconf 87' lang='lat'>&amp;</span> <span class='ocrx_word' id='word_1_749' title='bbox 298 3836 511 3876; x_wconf 82' lang='lat' dir='ltr'>Peregrinorum</span> <span class='ocrx_word' id='word_1_750' title='bbox 521 3864 530 3876; x_wconf 89' lang='lat'>,</span> <span class='ocrx_word' id='word_1_751' title='bbox 547 3848 580 3869; x_wconf 86' lang='lat' dir='ltr'>ac</span> <span class='ocrx_word' id='word_1_752' title='bbox 597 3838 805 3875; x_wconf 85' lang='lat' dir='ltr'>Negotiatione</span> <span class='ocrx_word' id='word_1_753' title='bbox 821 3835 994 3867; x_wconf 87' lang='lat' dir='ltr'>Piscatorum</span> <span class='ocrx_word' id='word_1_754' title='bbox 1005 3836 1086 3866; x_wconf 63' lang='lat' dir='ltr'>faffle</span> <span class='ocrx_word' id='word_1_755' title='bbox 1096 3860 1105 3874; x_wconf 89' lang='lat'>,</span> <span class='ocrx_word' id='word_1_756' title='bbox 1124 3838 1214 3875; x_wconf 85' lang='lat' dir='ltr'>initae,</span> 
     </span>
     <span class='ocr_line' id='line_1_89' title="bbox 171 3874 1214 3916; baseline 0 -10"><span class='ocrx_word' id='word_1_757' title='bbox 171 3877 206 3906; x_wconf 64' lang='grc' dir='ltr'>ὃς</span> <span class='ocrx_word' id='word_1_758' title='bbox 229 3876 409 3906; x_wconf 79' lang='lat' dir='ltr'>concordatae</span> <span class='ocrx_word' id='word_1_759' title='bbox 422 3899 432 3912; x_wconf 92' lang='lat'>,</span> <span class='ocrx_word' id='word_1_760' title='bbox 455 3887 490 3907; x_wconf 86' lang='lat' dir='ltr'>ac</span> <span class='ocrx_word' id='word_1_761' title='bbox 509 3877 607 3915; x_wconf 82' lang='lat' dir='ltr'>saepius</span> <span class='ocrx_word' id='word_1_762' title='bbox 630 3884 785 3916; x_wconf 80' lang='lat' dir='ltr'>prorogatae</span> <span class='ocrx_word' id='word_1_763' title='bbox 799 3898 809 3914; x_wconf 88' lang='lat'>,</span> <span class='ocrx_word' id='word_1_764' title='bbox 833 3875 866 3905; x_wconf 91' lang='lat'>&amp;</span> <span class='ocrx_word' id='word_1_765' title='bbox 879 3884 943 3912; x_wconf 89' lang='lat' dir='ltr'>quae</span> <span class='ocrx_word' id='word_1_766' title='bbox 959 3876 986 3903; x_wconf 92' lang='lat' dir='ltr'>in</span> <span class='ocrx_word' id='word_1_767' title='bbox 1002 3874 1086 3904; x_wconf 92' lang='lat' dir='ltr'>Festo</span> <span class='ocrx_word' id='word_1_768' title='bbox 1101 3874 1214 3906; x_wconf 68' lang='lat' dir='ltr'>Paschae</span> 
     </span>
     <span class='ocr_line' id='line_1_90' title="bbox 172 3913 1216 3954; baseline 0.001 -11"><span class='ocrx_word' id='word_1_769' title='bbox 172 3914 275 3944; x_wconf 82' lang='lat' dir='ltr'>ultimo</span> <span class='ocrx_word' id='word_1_770' title='bbox 289 3913 378 3950; x_wconf 87' lang='lat' dir='ltr'>elapso</span> <span class='ocrx_word' id='word_1_771' title='bbox 391 3913 518 3945; x_wconf 80' lang='lat' dir='ltr'>finierunt</span> <span class='ocrx_word' id='word_1_772' title='bbox 533 3916 566 3945; x_wconf 88' lang='lat'>&amp;</span> <span class='ocrx_word' id='word_1_773' title='bbox 580 3917 775 3954; x_wconf 82' lang='lat' dir='ltr'>expiraverunt</span> <span class='ocrx_word' id='word_1_774' title='bbox 790 3938 799 3950; x_wconf 86' lang='lat'>,</span> <span class='ocrx_word' id='word_1_775' title='bbox 822 3913 941 3951; x_wconf 87' lang='lat' dir='ltr'>quasque</span> <span class='ocrx_word' id='word_1_776' title='bbox 961 3923 1013 3950; x_wconf 88' lang='lat' dir='ltr'>pro</span> <span class='ocrx_word' id='word_1_777' title='bbox 1029 3913 1075 3942; x_wconf 91' lang='lat' dir='ltr'>hic</span> <span class='ocrx_word' id='word_1_778' title='bbox 1088 3913 1216 3951; x_wconf 73' lang='lat' dir='ltr'>expressis</span> 
     </span>
     <span class='ocr_line' id='line_1_91' title="bbox 171 3951 1217 3990; baseline 0 -8"><span class='ocrx_word' id='word_1_779' title='bbox 171 3953 204 3982; x_wconf 88' lang='lat'>&amp;</span> <span class='ocrx_word' id='word_1_780' title='bbox 221 3952 340 3988; x_wconf 87' lang='lat' dir='ltr'>repetitis</span> <span class='ocrx_word' id='word_1_781' title='bbox 356 3952 456 3981; x_wconf 89' lang='lat' dir='ltr'>habere</span> <span class='ocrx_word' id='word_1_782' title='bbox 468 3953 617 3990; x_wconf 89' lang='lat' dir='ltr'>volumus,</span> <span class='ocrx_word' id='word_1_783' title='bbox 630 3953 716 3985; x_wconf 87' lang='lat' dir='ltr'>rursus</span> <span class='ocrx_word' id='word_1_784' title='bbox 730 3963 762 3983; x_wconf 84' lang='lat' dir='ltr'>ac</span> <span class='ocrx_word' id='word_1_785' title='bbox 777 3953 895 3990; x_wconf 86' lang='lat' dir='ltr'>iterum,</span> <span class='ocrx_word' id='word_1_786' title='bbox 914 3951 947 3981; x_wconf 89' lang='lat'>&amp;</span> <span class='ocrx_word' id='word_1_787' title='bbox 963 3951 998 3982; x_wconf 88' lang='lat' dir='ltr'>de</span> <span class='ocrx_word' id='word_1_788' title='bbox 1015 3961 1094 3981; x_wconf 89' lang='lat' dir='ltr'>novo</span> <span class='ocrx_word' id='word_1_789' title='bbox 1109 3952 1217 3983; x_wconf 87' lang='lat' dir='ltr'>resusci-</span> 
     </span>
     <span class='ocr_line' id='line_1_92' title="bbox 172 3989 1217 4028; baseline 0.001 -8"><span class='ocrx_word' id='word_1_790' title='bbox 172 3999 284 4026; x_wconf 84' lang='lat' dir='ltr'>tentur,</span> <span class='ocrx_word' id='word_1_791' title='bbox 300 3998 471 4019; x_wconf 85' lang='lat' dir='ltr'>renoventur</span> <span class='ocrx_word' id='word_1_792' title='bbox 486 4013 495 4026; x_wconf 82' lang='lat'>,</span> <span class='ocrx_word' id='word_1_793' title='bbox 520 3991 551 4020; x_wconf 66' lang='grc' dir='ltr'>ὃς</span> <span class='ocrx_word' id='word_1_794' title='bbox 572 3992 762 4028; x_wconf 83' lang='lat' dir='ltr'>resumantur,-</span> <span class='ocrx_word' id='word_1_795' title='bbox 784 4000 846 4028; x_wconf 79' lang='lat' dir='ltr'>quae</span> <span class='ocrx_word' id='word_1_796' title='bbox 866 3991 948 4020; x_wconf 87' lang='lat' dir='ltr'>etiarn</span> <span class='ocrx_word' id='word_1_797' title='bbox 963 3991 990 4019; x_wconf 89' lang='lat' dir='ltr'>in</span> <span class='ocrx_word' id='word_1_798' title='bbox 1005 3989 1129 4028; x_wconf 78' lang='lat' dir='ltr'>praesenti</span> <span class='ocrx_word' id='word_1_799' title='bbox 1144 3990 1217 4021; x_wconf 85' lang='lat' dir='ltr'>Tra-</span> 
     </span>
     <span class='ocr_line' id='line_1_93' title="bbox 172 4027 1218 4066; baseline 0 -8"><span class='ocrx_word' id='word_1_800' title='bbox 172 4028 265 4066; x_wconf 10' lang='lat' dir='ltr'>(tatus,</span> <span class='ocrx_word' id='word_1_801' title='bbox 282 4028 315 4058; x_wconf 72' lang='grc' dir='ltr'>ὅ(</span> <span class='ocrx_word' id='word_1_802' title='bbox 334 4037 382 4064; x_wconf 88' lang='lat' dir='ltr'>per</span> <span class='ocrx_word' id='word_1_803' title='bbox 405 4027 521 4064; x_wconf 86' lang='lat' dir='ltr'>praesens</span> <span class='ocrx_word' id='word_1_804' title='bbox 538 4027 835 4064; x_wconf 71' lang='lat' dir='ltr'>Appunc&#39;tuamentum</span> <span class='ocrx_word' id='word_1_805' title='bbox 857 4027 1061 4064; x_wconf 85' lang='lat' dir='ltr'>resuscitantur,</span> <span class='ocrx_word' id='word_1_806' title='bbox 1079 4037 1218 4058; x_wconf 84' lang='lat' dir='ltr'>renovan-</span> 
     </span>
     <span class='ocr_line' id='line_1_94' title="bbox 172 4065 1217 4105; baseline 0 -9"><span class='ocrx_word' id='word_1_807' title='bbox 172 4075 216 4096; x_wconf 79' lang='lat' dir='ltr'>tur</span> <span class='ocrx_word' id='word_1_808' title='bbox 232 4088 243 4104; x_wconf 84' lang='lat'>,</span> <span class='ocrx_word' id='word_1_809' title='bbox 265 4066 297 4096; x_wconf 86' lang='lat'>&amp;</span> <span class='ocrx_word' id='word_1_810' title='bbox 322 4067 495 4095; x_wconf 86' lang='lat' dir='ltr'>resumuntur</span> <span class='ocrx_word' id='word_1_811' title='bbox 515 4065 565 4095; x_wconf 88' lang='lat' dir='ltr'>sub</span> <span class='ocrx_word' id='word_1_812' title='bbox 586 4066 687 4097; x_wconf 87' lang='lat' dir='ltr'>eisdem</span> <span class='ocrx_word' id='word_1_813' title='bbox 704 4090 714 4105; x_wconf 86' lang='lat'>,</span> <span class='ocrx_word' id='word_1_814' title='bbox 731 4070 774 4097; x_wconf 82' lang='lat' dir='ltr'>seu</span> <span class='ocrx_word' id='word_1_815' title='bbox 791 4066 979 4097; x_wconf 86' lang='lat' dir='ltr'>consimilibus</span> <span class='ocrx_word' id='word_1_816' title='bbox 990 4090 999 4103; x_wconf 85' lang='lat'><strong>‚</strong></span> <span class='ocrx_word' id='word_1_817' title='bbox 1016 4065 1130 4104; x_wconf 83' lang='lat' dir='ltr'>Modo,</span> <span class='ocrx_word' id='word_1_818' title='bbox 1150 4066 1217 4098; x_wconf 73' lang='lat' dir='ltr'>For-</span> 
     </span>
    </p>
   </div>
   <div class='ocr_carea' id='block_1_11' title="bbox 1242 462 2315 3259">
    <p class='ocr_par' dir='ltr' id='par_1_27' title="bbox 1242 462 2288 541">
     <span class='ocr_line' id='line_1_95' title="bbox 1242 462 2288 507; baseline 0.011 -16"><span class='ocrx_word' id='word_1_819' title='bbox 1242 462 1397 507; x_wconf 60' lang='lat' dir='ltr'>pradieium</span> <span class='ocrx_word' id='word_1_820' title='bbox 1411 488 1420 501; x_wconf 81' lang='lat'>,</span> <span class='ocrx_word' id='word_1_821' title='bbox 1445 475 1505 494; x_wconf 87' lang='lat' dir='ltr'>non</span> <span class='ocrx_word' id='word_1_822' title='bbox 1528 465 1655 495; x_wconf 79' lang='lat' dir='ltr'>obstante</span> <span class='ocrx_word' id='word_1_823' title='bbox 1674 465 1753 504; x_wconf 78' lang='lat' dir='ltr'>quod</span> <span class='ocrx_word' id='word_1_824' title='bbox 1773 466 1893 497; x_wconf 79' lang='lat' dir='ltr'>Guerrae</span> <span class='ocrx_word' id='word_1_825' title='bbox 1915 469 1985 498; x_wconf 85' lang='lat' dir='ltr'>inter</span> <span class='ocrx_word' id='word_1_826' title='bbox 1998 467 2099 507; x_wconf 84' lang='lat' dir='ltr'>Regna</span> <span class='ocrx_word' id='word_1_827' title='bbox 2115 469 2240 501; x_wconf 75' lang='lat' dir='ltr'>Franciae</span> <span class='ocrx_word' id='word_1_828' title='bbox 2254 472 2288 502; x_wconf 87' lang='lat'>&amp;</span> 
     </span>
     <span class='ocr_line' id='line_1_96' title="bbox 1243 501 1670 541; baseline 0.007 -11"><span class='ocrx_word' id='word_1_829' title='bbox 1243 501 1353 537; x_wconf 65' lang='lat' dir='ltr'>Anglie</span> <span class='ocrx_word' id='word_1_830' title='bbox 1366 512 1475 541; x_wconf 76' lang='lat' dir='ltr'>vigeant</span> <span class='ocrx_word' id='word_1_831' title='bbox 1488 503 1523 533; x_wconf 89' lang='lat' dir='ltr'>de</span> <span class='ocrx_word' id='word_1_832' title='bbox 1535 504 1670 540; x_wconf 77' lang='lat' dir='ltr'>praesenti.</span> 
     </span>
    </p>

    <p class='ocr_par' dir='ltr' id='par_1_28' title="bbox 1244 538 2293 735">
     <span class='ocr_line' id='line_1_97' title="bbox 1281 538 2291 585; baseline 0.007 -16"><span class='ocrx_word' id='word_1_833' title='bbox 1281 538 1418 578; x_wconf 77' lang='lat' dir='ltr'>ITEM,</span> <span class='ocrx_word' id='word_1_834' title='bbox 1436 541 1798 572; x_wconf 60' lang='lat' dir='ltr'>AppuucriJA-cuii</span> <span class='ocrx_word' id='word_1_835' title='bbox 1818 542 1851 572; x_wconf 85' lang='lat'>&amp;</span> <span class='ocrx_word' id='word_1_836' title='bbox 1877 542 2209 575; x_wconf 74' lang='lat' dir='ltr'>CONCORDATUM</span> <span class='ocrx_word' id='word_1_837' title='bbox 2226 545 2291 585; x_wconf 86' lang='lat' dir='ltr'>est,</span> 
     </span>
     <span class='ocr_line' id='line_1_98' title="bbox 1244 577 2290 621; baseline 0.009 -15"><span class='ocrx_word' id='word_1_838' title='bbox 1244 578 1323 620; x_wconf 69' lang='lat' dir='ltr'>quiid</span> <span class='ocrx_word' id='word_1_839' title='bbox 1339 577 1398 621; x_wconf 80' lang='lat' dir='ltr'>Die</span> <span class='ocrx_word' id='word_1_840' title='bbox 1412 579 1568 610; x_wconf 67' lang='lat' dir='ltr'>Dominicfi</span> <span class='ocrx_word' id='word_1_841' title='bbox 1584 580 1713 618; x_wconf 67' lang='lat' dir='ltr'>proxima</span> <span class='ocrx_word' id='word_1_842' title='bbox 1728 580 1869 618; x_wconf 82' lang='lat' dir='ltr'>sequenti,</span> <span class='ocrx_word' id='word_1_843' title='bbox 1887 591 1950 617; x_wconf 54' lang='lat' dir='ltr'>qun:</span> <span class='ocrx_word' id='word_1_844' title='bbox 1965 583 2014 611; x_wconf 80' lang='lat' dir='ltr'>erit</span> <span class='ocrx_word' id='word_1_845' title='bbox 2029 583 2102 612; x_wconf 59' lang='lat' dir='ltr'>sexui</span> <span class='ocrx_word' id='word_1_846' title='bbox 2113 584 2224 614; x_wconf 59' lang='lat' dir='ltr'>decima}</span> <span class='ocrx_word' id='word_1_847' title='bbox 2238 585 2290 615; x_wconf 80' lang='lat' dir='ltr'>liu-</span> 
     </span>
     <span class='ocr_line' id='line_1_99' title="bbox 1245 615 2290 656; baseline 0.009 -12"><span class='ocrx_word' id='word_1_848' title='bbox 1245 625 1284 652; x_wconf 74' lang='lat' dir='ltr'>jus</span> <span class='ocrx_word' id='word_1_849' title='bbox 1309 615 1413 646; x_wconf 77' lang='lat' dir='ltr'>Mensis</span> <span class='ocrx_word' id='word_1_850' title='bbox 1432 617 1514 654; x_wconf 87' lang='lat' dir='ltr'>Julii,</span> <span class='ocrx_word' id='word_1_851' title='bbox 1536 618 1617 648; x_wconf 56' lang='lat' dir='ltr'>Hora</span> <span class='ocrx_word' id='word_1_852' title='bbox 1637 618 1747 648; x_wconf 63' lang='lat' dir='ltr'>decima</span> <span class='ocrx_word' id='word_1_853' title='bbox 1763 627 1826 648; x_wconf 74' lang='lat' dir='ltr'>ante</span> <span class='ocrx_word' id='word_1_854' title='bbox 1845 617 2014 656; x_wconf 85' lang='lat' dir='ltr'>Meridiern,</span> <span class='ocrx_word' id='word_1_855' title='bbox 2032 619 2097 650; x_wconf 79' lang='lat' dir='ltr'>fient</span> <span class='ocrx_word' id='word_1_856' title='bbox 2114 620 2290 653; x_wconf 73' lang='lat' dir='ltr'>Publi-catio-</span> 
     </span>
     <span class='ocr_line' id='line_1_100' title="bbox 1245 654 2293 696; baseline 0.009 -13"><span class='ocrx_word' id='word_1_857' title='bbox 1245 664 1311 691; x_wconf 84' lang='lat' dir='ltr'>nes,</span> <span class='ocrx_word' id='word_1_858' title='bbox 1329 656 1358 684; x_wconf 91' lang='lat' dir='ltr'>in</span> <span class='ocrx_word' id='word_1_859' title='bbox 1381 654 1460 685; x_wconf 81' lang='lat' dir='ltr'>Villis</span> <span class='ocrx_word' id='word_1_860' title='bbox 1484 655 1581 686; x_wconf 76' lang='lat' dir='ltr'>Calesii</span> <span class='ocrx_word' id='word_1_861' title='bbox 1597 658 1628 687; x_wconf 87' lang='lat'>&amp;</span> <span class='ocrx_word' id='word_1_862' title='bbox 1643 655 1866 693; x_wconf 62' lang='lat' dir='ltr'>Gra·.·elingliez‚</span> <span class='ocrx_word' id='word_1_863' title='bbox 1885 656 2131 696; x_wconf 84' lang='lat' dir='ltr'>Continuationis,</span> <span class='ocrx_word' id='word_1_864' title='bbox 2148 670 2180 690; x_wconf 87' lang='lat' dir='ltr'>ac</span> <span class='ocrx_word' id='word_1_865' title='bbox 2197 660 2293 692; x_wconf 79' lang='lat' dir='ltr'>Suffe-</span> 
     </span>
     <span class='ocr_line' id='line_1_101' title="bbox 1246 694 2126 735; baseline 0.005 -14"><span class='ocrx_word' id='word_1_866' title='bbox 1246 694 1410 730; x_wconf 78' lang='lat' dir='ltr'>rentiarum,</span> <span class='ocrx_word' id='word_1_867' title='bbox 1430 694 1635 731; x_wconf 85' lang='lat' dir='ltr'>Securitatum,</span> <span class='ocrx_word' id='word_1_868' title='bbox 1652 695 1685 725; x_wconf 63' lang='grc' dir='ltr'>ὃς</span> <span class='ocrx_word' id='word_1_869' title='bbox 1702 694 1899 724; x_wconf 85' lang='lat' dir='ltr'>Provilionum</span> <span class='ocrx_word' id='word_1_870' title='bbox 1915 695 2126 735; x_wconf 63' lang='lat' dir='ltr'>praedictarum,</span> 
     </span>
    </p>

    <p class='ocr_par' dir='ltr' id='par_1_29' title="bbox 1246 730 2295 838">
     <span class='ocr_line' id='line_1_102' title="bbox 1281 730 2294 772; baseline 0.007 -12"><span class='ocrx_word' id='word_1_871' title='bbox 1281 730 1319 760; x_wconf 86' lang='lat' dir='ltr'>Et</span> <span class='ocrx_word' id='word_1_872' title='bbox 1336 730 1483 769; x_wconf 81' lang='lat' dir='ltr'>deinceps,</span> <span class='ocrx_word' id='word_1_873' title='bbox 1509 733 1694 769; x_wconf 72' lang='lat' dir='ltr'>quantocitius</span> <span class='ocrx_word' id='word_1_874' title='bbox 1708 733 1864 762; x_wconf 80' lang='lat' dir='ltr'>commode</span> <span class='ocrx_word' id='word_1_875' title='bbox 1881 731 1937 762; x_wconf 81' lang='lat' dir='ltr'>fieri</span> <span class='ocrx_word' id='word_1_876' title='bbox 1951 735 2069 772; x_wconf 85' lang='lat' dir='ltr'>poterit,</span> <span class='ocrx_word' id='word_1_877' title='bbox 2088 736 2116 763; x_wconf 91' lang='lat' dir='ltr'>in</span> <span class='ocrx_word' id='word_1_878' title='bbox 2129 735 2186 765; x_wconf 84' lang='lat' dir='ltr'>aliis</span> <span class='ocrx_word' id='word_1_879' title='bbox 2207 737 2294 767; x_wconf 83' lang='lat' dir='ltr'>Locis</span> 
     </span>
     <span class='ocr_line' id='line_1_103' title="bbox 1246 767 2295 810; baseline 0.008 -13"><span class='ocrx_word' id='word_1_880' title='bbox 1246 767 1342 806; x_wconf 83' lang='lat' dir='ltr'>Regni</span> <span class='ocrx_word' id='word_1_881' title='bbox 1362 769 1408 799; x_wconf 90' lang='lat' dir='ltr'>An</span> <span class='ocrx_word' id='word_1_882' title='bbox 1417 770 1488 807; x_wconf 59' lang='lat' dir='ltr'>glise,</span> <span class='ocrx_word' id='word_1_883' title='bbox 1507 772 1537 800; x_wconf 67' lang='grc' dir='ltr'>ὅτ</span> <span class='ocrx_word' id='word_1_884' title='bbox 1553 770 1677 800; x_wconf 84' lang='lat' dir='ltr'>Partium</span> <span class='ocrx_word' id='word_1_885' title='bbox 1698 771 1849 807; x_wconf 72' lang='lat' dir='ltr'>Flandriae,</span> <span class='ocrx_word' id='word_1_886' title='bbox 1867 771 1896 800; x_wconf 89' lang='lat' dir='ltr'>in</span> <span class='ocrx_word' id='word_1_887' title='bbox 1913 772 2013 808; x_wconf 85' lang='lat' dir='ltr'>quibus</span> <span class='ocrx_word' id='word_1_888' title='bbox 2026 770 2184 810; x_wconf 83' lang='lat' dir='ltr'>hujusmodi</span> <span class='ocrx_word' id='word_1_889' title='bbox 2198 774 2295 805; x_wconf 85' lang='lat' dir='ltr'>Publi-</span> 
     </span>
     <span class='ocr_line' id='line_1_104' title="bbox 1247 807 1676 838; baseline 0.007 -3"><span class='ocrx_word' id='word_1_890' title='bbox 1247 809 1368 836; x_wconf 83' lang='lat' dir='ltr'>cationes</span> <span class='ocrx_word' id='word_1_891' title='bbox 1388 807 1444 837; x_wconf 81' lang='lat' dir='ltr'>fieti</span> <span class='ocrx_word' id='word_1_892' title='bbox 1458 809 1676 838; x_wconf 87' lang='lat' dir='ltr'>consueverunt:</span> 
     </span>
    </p>

    <p class='ocr_par' dir='ltr' id='par_1_30' title="bbox 1248 846 2299 1113">
     <span class='ocr_line' id='line_1_105' title="bbox 1287 846 2295 886; baseline 0.005 -12"><span class='ocrx_word' id='word_1_893' title='bbox 1287 846 1400 883; x_wconf 80' lang='lat' dir='ltr'>Quibus</span> <span class='ocrx_word' id='word_1_894' title='bbox 1417 846 1656 877; x_wconf 80' lang='lat' dir='ltr'>Publicationibus</span> <span class='ocrx_word' id='word_1_895' title='bbox 1669 846 1746 876; x_wconf 62' lang='lat' dir='ltr'>fastis</span> <span class='ocrx_word' id='word_1_896' title='bbox 1761 847 1789 876; x_wconf 92' lang='lat' dir='ltr'>in</span> <span class='ocrx_word' id='word_1_897' title='bbox 1801 846 1911 876; x_wconf 86' lang='lat' dir='ltr'>Calesio</span> <span class='ocrx_word' id='word_1_898' title='bbox 1928 846 1961 876; x_wconf 61' lang='grc' dir='ltr'>ὃς</span> <span class='ocrx_word' id='word_1_899' title='bbox 1976 848 2002 876; x_wconf 84' lang='grc'>111</span> <span class='ocrx_word' id='word_1_900' title='bbox 2019 847 2203 886; x_wconf 76' lang='lat' dir='ltr'>Gravelings,</span> <span class='ocrx_word' id='word_1_901' title='bbox 2214 847 2295 879; x_wconf 87' lang='lat' dir='ltr'>Mer-</span> 
     </span>
     <span class='ocr_line' id='line_1_106' title="bbox 1248 884 2296 923; baseline 0.004 -10"><span class='ocrx_word' id='word_1_902' title='bbox 1248 892 1352 913; x_wconf 83' lang='lat' dir='ltr'>catores</span> <span class='ocrx_word' id='word_1_903' title='bbox 1374 884 1407 914; x_wconf 73' lang='lat' dir='ltr'>&lt;Sc</span> <span class='ocrx_word' id='word_1_904' title='bbox 1429 884 1473 914; x_wconf 90' lang='lat' dir='ltr'>alii</span> <span class='ocrx_word' id='word_1_905' title='bbox 1493 885 1674 923; x_wconf 88' lang='lat' dir='ltr'>quicunque,</span> <span class='ocrx_word' id='word_1_906' title='bbox 1700 886 1727 914; x_wconf 92' lang='lat' dir='ltr'>in</span> <span class='ocrx_word' id='word_1_907' title='bbox 1743 885 1846 914; x_wconf 82' lang='lat' dir='ltr'>eisdem</span> <span class='ocrx_word' id='word_1_908' title='bbox 1860 884 2034 916; x_wconf 84' lang='lat' dir='ltr'>Sufferentiis</span> <span class='ocrx_word' id='word_1_909' title='bbox 2048 885 2080 915; x_wconf 72' lang='grc' dir='ltr'>ὅ(</span> <span class='ocrx_word' id='word_1_910' title='bbox 2095 886 2296 918; x_wconf 88' lang='lat' dir='ltr'>Securitatibus</span> 
     </span>
     <span class='ocr_line' id='line_1_107' title="bbox 1249 923 2296 962; baseline 0.005 -11"><span class='ocrx_word' id='word_1_911' title='bbox 1249 923 1443 960; x_wconf 82' lang='lat' dir='ltr'>comprehensi</span> <span class='ocrx_word' id='word_1_912' title='bbox 1458 945 1467 960; x_wconf 93' lang='lat'>,</span> <span class='ocrx_word' id='word_1_913' title='bbox 1494 924 1680 954; x_wconf 87' lang='lat' dir='ltr'>incontinenti</span> <span class='ocrx_word' id='word_1_914' title='bbox 1699 923 1800 953; x_wconf 86' lang='lat' dir='ltr'>eisdem</span> <span class='ocrx_word' id='word_1_915' title='bbox 1823 923 1863 953; x_wconf 87' lang='lat' dir='ltr'>uti</span> <span class='ocrx_word' id='word_1_916' title='bbox 1877 923 1909 953; x_wconf 91' lang='lat'>&amp;</span> <span class='ocrx_word' id='word_1_917' title='bbox 1923 923 2041 962; x_wconf 84' lang='lat' dir='ltr'>gaudere</span> <span class='ocrx_word' id='word_1_918' title='bbox 2053 932 2183 962; x_wconf 82' lang='lat' dir='ltr'>poterunt</span> <span class='ocrx_word' id='word_1_919' title='bbox 2198 926 2231 956; x_wconf 67' lang='grc' dir='ltr'>ὃς</span> <span class='ocrx_word' id='word_1_920' title='bbox 2246 926 2296 956; x_wconf 85' lang='lat' dir='ltr'>de-</span> 
     </span>
     <span class='ocr_line' id='line_1_108' title="bbox 1248 961 2295 1001; baseline 0.005 -12"><span class='ocrx_word' id='word_1_921' title='bbox 1248 961 1372 998; x_wconf 86' lang='lat' dir='ltr'>bebunt,</span> <span class='ocrx_word' id='word_1_922' title='bbox 1389 970 1420 991; x_wconf 84' lang='lat' dir='ltr'>ac</span> <span class='ocrx_word' id='word_1_923' title='bbox 1441 961 1511 998; x_wconf 88' lang='lat' dir='ltr'>ipsos</span> <span class='ocrx_word' id='word_1_924' title='bbox 1532 962 1655 1001; x_wconf 85' lang='lat' dir='ltr'>ligabunt</span> <span class='ocrx_word' id='word_1_925' title='bbox 1676 961 1707 992; x_wconf 85' lang='lat'>&amp;</span> <span class='ocrx_word' id='word_1_926' title='bbox 1727 962 1875 1000; x_wconf 75' lang='lat' dir='ltr'>astringent</span> <span class='ocrx_word' id='word_1_927' title='bbox 1888 983 1898 999; x_wconf 89' lang='lat'>,</span> <span class='ocrx_word' id='word_1_928' title='bbox 1919 970 1976 991; x_wconf 83' lang='lat' dir='ltr'>tam</span> <span class='ocrx_word' id='word_1_929' title='bbox 1991 972 2038 999; x_wconf 90' lang='lat' dir='ltr'>per</span> <span class='ocrx_word' id='word_1_930' title='bbox 2051 962 2190 1000; x_wconf 78' lang='lat' dir='ltr'>Terram,</span> <span class='ocrx_word' id='word_1_931' title='bbox 2210 965 2295 1000; x_wconf 67' lang='lat' dir='ltr'>quarn</span> 
     </span>
     <span class='ocr_line' id='line_1_109' title="bbox 1250 999 2297 1038; baseline 0.004 -10"><span class='ocrx_word' id='word_1_932' title='bbox 1250 1008 1298 1035; x_wconf 86' lang='lat' dir='ltr'>per</span> <span class='ocrx_word' id='word_1_933' title='bbox 1320 999 1405 1029; x_wconf 86' lang='lat' dir='ltr'>Mare</span> <span class='ocrx_word' id='word_1_934' title='bbox 1423 1021 1431 1036; x_wconf 88' lang='lat'>,</span> <span class='ocrx_word' id='word_1_935' title='bbox 1456 1008 1514 1030; x_wconf 82' lang='lat' dir='ltr'>tam</span> <span class='ocrx_word' id='word_1_936' title='bbox 1537 1001 1566 1029; x_wconf 91' lang='lat' dir='ltr'>in</span> <span class='ocrx_word' id='word_1_937' title='bbox 1589 1000 1694 1038; x_wconf 84' lang='lat' dir='ltr'>Regno</span> <span class='ocrx_word' id='word_1_938' title='bbox 1715 1000 1822 1038; x_wconf 48' lang='lat' dir='ltr'>Angliie</span> <span class='ocrx_word' id='word_1_939' title='bbox 1844 1001 1876 1030; x_wconf 90' lang='lat'>&amp;</span> <span class='ocrx_word' id='word_1_940' title='bbox 1898 999 1954 1029; x_wconf 85' lang='lat' dir='ltr'>aliis</span> <span class='ocrx_word' id='word_1_941' title='bbox 1971 999 2054 1030; x_wconf 87' lang='lat' dir='ltr'>Locis</span> <span class='ocrx_word' id='word_1_942' title='bbox 2069 1001 2147 1031; x_wconf 65' lang='lat' dir='ltr'>dit-&#39;10</span> <span class='ocrx_word' id='word_1_943' title='bbox 2164 1001 2297 1032; x_wconf 76' lang='lat' dir='ltr'>Doniino</span> 
     </span>
     <span class='ocr_line' id='line_1_110' title="bbox 1249 1037 2299 1077; baseline 0.006 -12"><span class='ocrx_word' id='word_1_944' title='bbox 1249 1039 1313 1074; x_wconf 77' lang='lat' dir='ltr'>Regi</span> <span class='ocrx_word' id='word_1_945' title='bbox 1336 1037 1448 1075; x_wconf 65' lang='lat' dir='ltr'>Angliae</span> <span class='ocrx_word' id='word_1_946' title='bbox 1469 1038 1589 1069; x_wconf 89' lang='lat' dir='ltr'>Subditis</span> <span class='ocrx_word' id='word_1_947' title='bbox 1605 1062 1614 1077; x_wconf 91' lang='lat'>,</span> <span class='ocrx_word' id='word_1_948' title='bbox 1638 1040 1724 1076; x_wconf 70' lang='lat' dir='ltr'>quiim</span> <span class='ocrx_word' id='word_1_949' title='bbox 1745 1039 1774 1068; x_wconf 90' lang='lat' dir='ltr'>in</span> <span class='ocrx_word' id='word_1_950' title='bbox 1804 1038 1929 1068; x_wconf 66' lang='lat' dir='ltr'>Partibus</span> <span class='ocrx_word' id='word_1_951' title='bbox 1959 1037 2096 1068; x_wconf 82' lang='lat' dir='ltr'>Flandriae</span> <span class='ocrx_word' id='word_1_952' title='bbox 2119 1040 2299 1077; x_wconf 70' lang='lat' dir='ltr'>quibuscum⁴</span> 
     </span>
     <span class='ocr_line' id='line_1_111' title="bbox 1251 1086 1315 1113; baseline 0 -9"><span class='ocrx_word' id='word_1_953' title='bbox 1251 1086 1315 1113; x_wconf 87' lang='lat' dir='ltr'>que.</span> 
     </span>
    </p>

    <p class='ocr_par' dir='ltr' id='par_1_31' title="bbox 1250 1113 2307 1602">
     <span class='ocr_line' id='line_1_112' title="bbox 1290 1113 2300 1154; baseline 0.004 -11"><span class='ocrx_word' id='word_1_954' title='bbox 1290 1113 1377 1143; x_wconf 72' lang='lat' dir='ltr'>ITEM</span> <span class='ocrx_word' id='word_1_955' title='bbox 1387 1138 1394 1151; x_wconf 87' lang='lat'><strong>‚</strong></span> <span class='ocrx_word' id='word_1_956' title='bbox 1415 1114 1442 1144; x_wconf 83' lang='lat' dir='ltr'>A</span> <span class='ocrx_word' id='word_1_957' title='bbox 1451 1123 1469 1144; x_wconf 83' lang='lat' dir='ltr'>P</span> <span class='ocrx_word' id='word_1_958' title='bbox 1478 1123 1495 1144; x_wconf 82' lang='lat' dir='ltr'>P</span> <span class='ocrx_word' id='word_1_959' title='bbox 1507 1123 1528 1144; x_wconf 85' lang='lat' dir='ltr'>u</span> <span class='ocrx_word' id='word_1_960' title='bbox 1539 1123 1560 1144; x_wconf 80' lang='lat' dir='ltr'>N</span> <span class='ocrx_word' id='word_1_961' title='bbox 1569 1124 1585 1144; x_wconf 91' lang='lat' dir='ltr'>c</span> <span class='ocrx_word' id='word_1_962' title='bbox 1594 1123 1616 1144; x_wconf 87' lang='lat' dir='ltr'>T</span> <span class='ocrx_word' id='word_1_963' title='bbox 1626 1123 1648 1144; x_wconf 82' lang='grc' dir='ltr'><em>υ</em></span> <span class='ocrx_word' id='word_1_964' title='bbox 1659 1124 1677 1144; x_wconf 80' lang='grc' dir='ltr'>Α</span> <span class='ocrx_word' id='word_1_965' title='bbox 1689 1123 1712 1144; x_wconf 82' lang='grc' dir='ltr'><em>τ</em></span> <span class='ocrx_word' id='word_1_966' title='bbox 1721 1123 1743 1144; x_wconf 82' lang='lat' dir='ltr'>U</span> <span class='ocrx_word' id='word_1_967' title='bbox 1752 1123 1778 1144; x_wconf 83' lang='lat' dir='ltr'>M</span> <span class='ocrx_word' id='word_1_968' title='bbox 1799 1114 1839 1144; x_wconf 89' lang='lat' dir='ltr'>est</span> <span class='ocrx_word' id='word_1_969' title='bbox 1859 1113 1938 1152; x_wconf 79' lang='lat' dir='ltr'>quod</span> <span class='ocrx_word' id='word_1_970' title='bbox 1949 1138 1958 1151; x_wconf 87' lang='lat'>,</span> <span class='ocrx_word' id='word_1_971' title='bbox 1975 1114 2053 1145; x_wconf 63' lang='lat' dir='ltr'>dicto</span> <span class='ocrx_word' id='word_1_972' title='bbox 2069 1115 2300 1154; x_wconf 83' lang='lat' dir='ltr'>Quintodecimo</span> 
     </span>
     <span class='ocr_line' id='line_1_113' title="bbox 1250 1150 2300 1191; baseline 0.004 -10"><span class='ocrx_word' id='word_1_973' title='bbox 1250 1150 1296 1181; x_wconf 88' lang='lat' dir='ltr'>die</span> <span class='ocrx_word' id='word_1_974' title='bbox 1311 1151 1419 1182; x_wconf 80' lang='lat' dir='ltr'>Mensis</span> <span class='ocrx_word' id='word_1_975' title='bbox 1433 1152 1570 1183; x_wconf 68' lang='lat' dir='ltr'>Ostobris</span> <span class='ocrx_word' id='word_1_976' title='bbox 1579 1177 1588 1190; x_wconf 90' lang='lat'>,</span> <span class='ocrx_word' id='word_1_977' title='bbox 1603 1163 1670 1182; x_wconf 85' lang='lat' dir='ltr'>curn</span> <span class='ocrx_word' id='word_1_978' title='bbox 1683 1153 1780 1182; x_wconf 84' lang='lat' dir='ltr'>diebus</span> <span class='ocrx_word' id='word_1_979' title='bbox 1795 1152 2023 1191; x_wconf 87' lang='lat' dir='ltr'>subsequentibus</span> <span class='ocrx_word' id='word_1_980' title='bbox 2034 1156 2199 1184; x_wconf 80' lang='lat' dir='ltr'>continuatis</span> <span class='ocrx_word' id='word_1_981' title='bbox 2209 1179 2217 1191; x_wconf 81' lang='lat'>,</span> <span class='ocrx_word' id='word_1_982' title='bbox 2227 1155 2300 1185; x_wconf 86' lang='lat' dir='ltr'>Am-</span> 
     </span>
     <span class='ocr_line' id='line_1_114' title="bbox 1251 1189 2301 1229; baseline 0.006 -11"><span class='ocrx_word' id='word_1_983' title='bbox 1251 1189 1409 1220; x_wconf 78' lang='lat' dir='ltr'>baffiatores</span> <span class='ocrx_word' id='word_1_984' title='bbox 1429 1191 1461 1220; x_wconf 87' lang='lat'>&amp;</span> <span class='ocrx_word' id='word_1_985' title='bbox 1479 1190 1675 1220; x_wconf 75' lang='lat' dir='ltr'>Commiffluii</span> <span class='ocrx_word' id='word_1_986' title='bbox 1690 1213 1699 1228; x_wconf 85' lang='lat'>,</span> <span class='ocrx_word' id='word_1_987' title='bbox 1723 1201 1793 1228; x_wconf 84' lang='lat' dir='ltr'>quos</span> <span class='ocrx_word' id='word_1_988' title='bbox 1812 1192 1847 1220; x_wconf 85' lang='lat' dir='ltr'>ab</span> <span class='ocrx_word' id='word_1_989' title='bbox 1866 1191 2004 1229; x_wconf 89' lang='lat' dir='ltr'>utriusque</span> <span class='ocrx_word' id='word_1_990' title='bbox 2018 1192 2156 1222; x_wconf 60' lang='lat' dir='ltr'>didiarum</span> <span class='ocrx_word' id='word_1_991' title='bbox 2175 1192 2301 1224; x_wconf 75' lang='lat' dir='ltr'>Purtium</span> 
     </span>
     <span class='ocr_line' id='line_1_115' title="bbox 1253 1227 2302 1268; baseline 0.005 -11"><span class='ocrx_word' id='word_1_992' title='bbox 1253 1227 1389 1257; x_wconf 87' lang='lat' dir='ltr'>Dominis</span> <span class='ocrx_word' id='word_1_993' title='bbox 1412 1229 1445 1258; x_wconf 82' lang='lat' dir='ltr'>ad</span> <span class='ocrx_word' id='word_1_994' title='bbox 1467 1228 1524 1258; x_wconf 87' lang='lat' dir='ltr'>hoc</span> <span class='ocrx_word' id='word_1_995' title='bbox 1548 1229 1646 1258; x_wconf 79' lang='lat' dir='ltr'>affumi</span> <span class='ocrx_word' id='word_1_996' title='bbox 1668 1230 1699 1258; x_wconf 63' lang='grc' dir='ltr'>ὃς</span> <span class='ocrx_word' id='word_1_997' title='bbox 1715 1229 1841 1259; x_wconf 85' lang='lat' dir='ltr'>destinari</span> <span class='ocrx_word' id='word_1_998' title='bbox 1854 1231 2017 1268; x_wconf 85' lang='lat' dir='ltr'>continget,</span> <span class='ocrx_word' id='word_1_999' title='bbox 2037 1231 2114 1259; x_wconf 86' lang='lat' dir='ltr'>simul</span> <span class='ocrx_word' id='word_1_1000' title='bbox 2130 1234 2302 1262; x_wconf 85' lang='lat' dir='ltr'>conveniant</span> 
     </span>
     <span class='ocr_line' id='line_1_116' title="bbox 1251 1265 2302 1302; baseline 0.006 -8"><span class='ocrx_word' id='word_1_1001' title='bbox 1251 1266 1279 1294; x_wconf 84' lang='lat' dir='ltr'>in</span> <span class='ocrx_word' id='word_1_1002' title='bbox 1297 1266 1373 1297; x_wconf 53' lang='lat' dir='ltr'>dieta</span> <span class='ocrx_word' id='word_1_1003' title='bbox 1396 1265 1468 1296; x_wconf 63' lang='lat' dir='ltr'>Villzi</span> <span class='ocrx_word' id='word_1_1004' title='bbox 1485 1267 1581 1296; x_wconf 80' lang='lat' dir='ltr'>Calesii</span> <span class='ocrx_word' id='word_1_1005' title='bbox 1594 1290 1603 1302; x_wconf 76' lang='lat'>,</span> <span class='ocrx_word' id='word_1_1006' title='bbox 1628 1266 1742 1296; x_wconf 84' lang='lat' dir='ltr'>fideliter</span> <span class='ocrx_word' id='word_1_1007' title='bbox 1759 1267 1905 1297; x_wconf 78' lang='lat' dir='ltr'>afferentes</span> <span class='ocrx_word' id='word_1_1008' title='bbox 1927 1268 1960 1297; x_wconf 70' lang='grc' dir='ltr'>δε</span> <span class='ocrx_word' id='word_1_1009' title='bbox 1980 1268 2127 1299; x_wconf 82' lang='lat' dir='ltr'>reserentes</span> <span class='ocrx_word' id='word_1_1010' title='bbox 2148 1271 2244 1300; x_wconf 86' lang='lat' dir='ltr'>omnia</span> <span class='ocrx_word' id='word_1_1011' title='bbox 2267 1270 2302 1301; x_wconf 75' lang='grc' dir='ltr'>δε</span> 
     </span>
     <span class='ocr_line' id='line_1_117' title="bbox 1253 1304 2304 1345; baseline 0.006 -12"><span class='ocrx_word' id='word_1_1012' title='bbox 1253 1304 1354 1343; x_wconf 86' lang='lat' dir='ltr'>singula</span> <span class='ocrx_word' id='word_1_1013' title='bbox 1380 1304 1564 1335; x_wconf 83' lang='lat' dir='ltr'>Documenta</span> <span class='ocrx_word' id='word_1_1014' title='bbox 1585 1307 1617 1335; x_wconf 83' lang='lat'>&amp;</span> <span class='ocrx_word' id='word_1_1015' title='bbox 1634 1304 1830 1342; x_wconf 82' lang='lat' dir='ltr'>Munimenta,</span> <span class='ocrx_word' id='word_1_1016' title='bbox 1847 1314 1909 1344; x_wconf 82' lang='lat' dir='ltr'>quae</span> <span class='ocrx_word' id='word_1_1017' title='bbox 1926 1307 1955 1335; x_wconf 88' lang='lat' dir='ltr'>in</span> <span class='ocrx_word' id='word_1_1018' title='bbox 1970 1307 2003 1336; x_wconf 74' lang='grc' dir='ltr'>ὃ(</span> <span class='ocrx_word' id='word_1_1019' title='bbox 2017 1306 2094 1345; x_wconf 89' lang='lat' dir='ltr'>super</span> <span class='ocrx_word' id='word_1_1020' title='bbox 2110 1307 2304 1339; x_wconf 85' lang='lat' dir='ltr'>Reformatio-</span> 
     </span>
     <span class='ocr_line' id='line_1_118' title="bbox 1253 1342 2306 1384; baseline 0.005 -12"><span class='ocrx_word' id='word_1_1021' title='bbox 1253 1353 1287 1373; x_wconf 91' lang='lat' dir='ltr'>ne</span> <span class='ocrx_word' id='word_1_1022' title='bbox 1307 1344 1340 1373; x_wconf 66' lang='grc' dir='ltr'>ὃς</span> <span class='ocrx_word' id='word_1_1023' title='bbox 1363 1342 1550 1380; x_wconf 77' lang='lat' dir='ltr'>Reparatione</span> <span class='ocrx_word' id='word_1_1024' title='bbox 1565 1344 1695 1372; x_wconf 90' lang='lat' dir='ltr'>omnium</span> <span class='ocrx_word' id='word_1_1025' title='bbox 1711 1344 1743 1373; x_wconf 72' lang='grc' dir='ltr'>δε</span> <span class='ocrx_word' id='word_1_1026' title='bbox 1761 1343 1935 1379; x_wconf 72' lang='lat' dir='ltr'>singulorum</span> <span class='ocrx_word' id='word_1_1027' title='bbox 1956 1344 2100 1374; x_wconf 89' lang='lat' dir='ltr'>hincinde</span> <span class='ocrx_word' id='word_1_1028' title='bbox 2115 1345 2306 1384; x_wconf 83' lang='lat' dir='ltr'>Attemptato-</span> 
     </span>
     <span class='ocr_line' id='line_1_119' title="bbox 1254 1381 2304 1420; baseline 0.005 -10"><span class='ocrx_word' id='word_1_1029' title='bbox 1254 1391 1334 1417; x_wconf 87' lang='lat' dir='ltr'>rum,</span> <span class='ocrx_word' id='word_1_1030' title='bbox 1352 1382 1384 1412; x_wconf 63' lang='grc' dir='ltr'>ὃς</span> <span class='ocrx_word' id='word_1_1031' title='bbox 1406 1382 1556 1420; x_wconf 74' lang='lat' dir='ltr'>praesertim</span> <span class='ocrx_word' id='word_1_1032' title='bbox 1576 1381 1611 1411; x_wconf 88' lang='lat' dir='ltr'>de</span> <span class='ocrx_word' id='word_1_1033' title='bbox 1628 1382 1661 1412; x_wconf 63' lang='grc' dir='ltr'>ὅς</span> <span class='ocrx_word' id='word_1_1034' title='bbox 1678 1381 1756 1418; x_wconf 81' lang='lat' dir='ltr'>super</span> <span class='ocrx_word' id='word_1_1035' title='bbox 1778 1381 2025 1411; x_wconf 74' lang='lat' dir='ltr'>Determinatione</span> <span class='ocrx_word' id='word_1_1036' title='bbox 2038 1382 2232 1415; x_wconf 72' lang='lat' dir='ltr'>Restitutionis</span> <span class='ocrx_word' id='word_1_1037' title='bbox 2246 1384 2304 1415; x_wconf 87' lang='lat' dir='ltr'>Bo-</span> 
     </span>
     <span class='ocr_line' id='line_1_120' title="bbox 1254 1418 2303 1461; baseline -0.002 -12"><span class='ocrx_word' id='word_1_1038' title='bbox 1254 1429 1359 1449; x_wconf 90' lang='lat' dir='ltr'>norum</span> <span class='ocrx_word' id='word_1_1039' title='bbox 1375 1420 1550 1458; x_wconf 88' lang='lat' dir='ltr'>quorundam</span> <span class='ocrx_word' id='word_1_1040' title='bbox 1566 1419 1779 1457; x_wconf 76' lang='lat' dir='ltr'>Mei-catorum,</span> <span class='ocrx_word' id='word_1_1041' title='bbox 1796 1418 1890 1459; x_wconf 81' lang='lat' dir='ltr'>Regni</span> <span class='ocrx_word' id='word_1_1042' title='bbox 1902 1420 2032 1457; x_wconf 78' lang='lat' dir='ltr'>Angliae,</span> <span class='ocrx_word' id='word_1_1043' title='bbox 2051 1421 2083 1450; x_wconf 70' lang='grc' dir='ltr'>δε</span> <span class='ocrx_word' id='word_1_1044' title='bbox 2098 1421 2222 1453; x_wconf 90' lang='lat' dir='ltr'>Partium</span> <span class='ocrx_word' id='word_1_1045' title='bbox 2237 1423 2303 1461; x_wconf 79' lang='lat' dir='ltr'>Hy-</span> 
     </span>
     <span class='ocr_line' id='line_1_121' title="bbox 1253 1458 2307 1496; baseline 0.006 -10"><span class='ocrx_word' id='word_1_1046' title='bbox 1253 1459 1375 1495; x_wconf 80' lang='lat' dir='ltr'>berniae,</span> <span class='ocrx_word' id='word_1_1047' title='bbox 1392 1458 1501 1488; x_wconf 88' lang='lat' dir='ltr'>dudum</span> <span class='ocrx_word' id='word_1_1048' title='bbox 1524 1459 1553 1487; x_wconf 87' lang='lat' dir='ltr'>in</span> <span class='ocrx_word' id='word_1_1049' title='bbox 1573 1458 1667 1488; x_wconf 87' lang='lat' dir='ltr'>Scluse</span> <span class='ocrx_word' id='word_1_1050' title='bbox 1687 1458 1911 1496; x_wconf 75' lang='lat' dir='ltr'>Arrestatorum,</span> <span class='ocrx_word' id='word_1_1051' title='bbox 1928 1458 1962 1487; x_wconf 91' lang='lat' dir='ltr'>ad</span> <span class='ocrx_word' id='word_1_1052' title='bbox 1980 1458 2112 1488; x_wconf 87' lang='lat' dir='ltr'>Valorem</span> <span class='ocrx_word' id='word_1_1053' title='bbox 2129 1460 2229 1491; x_wconf 92' lang='lat' dir='ltr'>decem</span> <span class='ocrx_word' id='word_1_1054' title='bbox 2244 1461 2307 1492; x_wconf 85' lang='lat' dir='ltr'>Mi-</span> 
     </span>
     <span class='ocr_line' id='line_1_122' title="bbox 1254 1496 2305 1534; baseline 0.005 -9"><span class='ocrx_word' id='word_1_1055' title='bbox 1254 1496 1324 1525; x_wconf 89' lang='lat' dir='ltr'>lium</span> <span class='ocrx_word' id='word_1_1056' title='bbox 1341 1496 1489 1526; x_wconf 83' lang='lat' dir='ltr'>Librarum</span> <span class='ocrx_word' id='word_1_1057' title='bbox 1504 1520 1513 1533; x_wconf 85' lang='lat'>,</span> <span class='ocrx_word' id='word_1_1058' title='bbox 1541 1504 1572 1525; x_wconf 90' lang='lat' dir='ltr'>ut</span> <span class='ocrx_word' id='word_1_1059' title='bbox 1592 1496 1691 1526; x_wconf 85' lang='lat' dir='ltr'>dicitur</span> <span class='ocrx_word' id='word_1_1060' title='bbox 1706 1519 1715 1534; x_wconf 89' lang='lat'>,</span> <span class='ocrx_word' id='word_1_1061' title='bbox 1734 1498 1766 1528; x_wconf 70' lang='grc' dir='ltr'>ὃ(</span> <span class='ocrx_word' id='word_1_1062' title='bbox 1780 1506 1879 1526; x_wconf 91' lang='lat' dir='ltr'>eorum</span> <span class='ocrx_word' id='word_1_1063' title='bbox 1896 1496 2037 1534; x_wconf 88' lang='lat' dir='ltr'>quolibet,</span> <span class='ocrx_word' id='word_1_1064' title='bbox 2056 1496 2178 1534; x_wconf 86' lang='lat' dir='ltr'>ipsorum</span> <span class='ocrx_word' id='word_1_1065' title='bbox 2192 1500 2224 1529; x_wconf 92' lang='lat'>&amp;</span> <span class='ocrx_word' id='word_1_1066' title='bbox 2237 1499 2305 1530; x_wconf 85' lang='lat' dir='ltr'>Par-</span> 
     </span>
     <span class='ocr_line' id='line_1_123' title="bbox 1255 1535 2306 1602; baseline 0.005 -38"><span class='ocrx_word' id='word_1_1067' title='bbox 1255 1535 1325 1602; x_wconf 55' lang='lat' dir='ltr'>gum</span> <span class='ocrx_word' id='word_1_1068' title='bbox 1342 1535 1541 1573; x_wconf 80' lang='lat' dir='ltr'>querelantium</span> <span class='ocrx_word' id='word_1_1069' title='bbox 1558 1535 1678 1564; x_wconf 84' lang='lat' dir='ltr'>sollertiis</span> <span class='ocrx_word' id='word_1_1070' title='bbox 1695 1535 1878 1565; x_wconf 76' lang='lat' dir='ltr'>mediantibus</span> <span class='ocrx_word' id='word_1_1071' title='bbox 1895 1557 1905 1573; x_wconf 86' lang='lat'>,</span> <span class='ocrx_word' id='word_1_1072' title='bbox 1924 1535 2043 1574; x_wconf 83' lang='lat' dir='ltr'>perquiri</span> <span class='ocrx_word' id='word_1_1073' title='bbox 2056 1537 2199 1575; x_wconf 81' lang='lat' dir='ltr'>continget</span> <span class='ocrx_word' id='word_1_1074' title='bbox 2212 1539 2243 1568; x_wconf 72' lang='grc' dir='ltr'>δε</span> <span class='ocrx_word' id='word_1_1075' title='bbox 2256 1539 2306 1568; x_wconf 88' lang='lat' dir='ltr'>ha-</span> 
     </span>
    </p>

    <p class='ocr_par' dir='ltr' id='par_1_32' title="bbox 1277 1583 1329 1603">
     <span class='ocr_line' id='line_1_124' title="bbox 1277 1583 1329 1603; baseline -0.019 0"><span class='ocrx_word' id='word_1_1076' title='bbox 1277 1583 1329 1603; x_wconf 85' lang='lat' dir='ltr'>eri:</span> 
     </span>
    </p>

    <p class='ocr_par' dir='ltr' id='par_1_33' title="bbox 1255 1610 2309 1766">
     <span class='ocr_line' id='line_1_125' title="bbox 1294 1610 2308 1648; baseline 0.002 -7"><span class='ocrx_word' id='word_1_1077' title='bbox 1294 1610 1333 1642; x_wconf 86' lang='lat' dir='ltr'>Et</span> <span class='ocrx_word' id='word_1_1078' title='bbox 1355 1610 1434 1648; x_wconf 80' lang='lat' dir='ltr'>quod</span> <span class='ocrx_word' id='word_1_1079' title='bbox 1456 1612 1531 1642; x_wconf 89' lang='lat' dir='ltr'>circa</span> <span class='ocrx_word' id='word_1_1080' title='bbox 1552 1610 1759 1648; x_wconf 77' lang='lat' dir='ltr'>expeditionem</span> <span class='ocrx_word' id='word_1_1081' title='bbox 1785 1612 1817 1642; x_wconf 72' lang='grc' dir='ltr'>ὃς</span> <span class='ocrx_word' id='word_1_1082' title='bbox 1831 1610 2095 1641; x_wconf 85' lang='lat' dir='ltr'>determinationem</span> <span class='ocrx_word' id='word_1_1083' title='bbox 2111 1611 2204 1642; x_wconf 76' lang='lat' dir='ltr'>finales</span> <span class='ocrx_word' id='word_1_1084' title='bbox 2219 1613 2308 1645; x_wconf 63' lang='lat' dir='ltr'>dieta-</span> 
     </span>
     <span class='ocr_line' id='line_1_126' title="bbox 1258 1649 2309 1688; baseline 0.003 -9"><span class='ocrx_word' id='word_1_1085' title='bbox 1258 1659 1321 1679; x_wconf 90' lang='lat' dir='ltr'>rum</span> <span class='ocrx_word' id='word_1_1086' title='bbox 1346 1650 1535 1688; x_wconf 79' lang='lat' dir='ltr'>Querelarum</span> <span class='ocrx_word' id='word_1_1087' title='bbox 1549 1674 1558 1687; x_wconf 82' lang='lat'>,</span> <span class='ocrx_word' id='word_1_1088' title='bbox 1581 1651 1617 1680; x_wconf 88' lang='lat' dir='ltr'>de</span> <span class='ocrx_word' id='word_1_1089' title='bbox 1637 1650 1670 1680; x_wconf 89' lang='lat'>&amp;</span> <span class='ocrx_word' id='word_1_1090' title='bbox 1690 1650 1767 1687; x_wconf 88' lang='lat' dir='ltr'>super</span> <span class='ocrx_word' id='word_1_1091' title='bbox 1779 1649 1925 1679; x_wconf 72' lang='lat' dir='ltr'>Piaemiffis</span> <span class='ocrx_word' id='word_1_1092' title='bbox 1938 1650 2097 1680; x_wconf 87' lang='lat' dir='ltr'>traditarum</span> <span class='ocrx_word' id='word_1_1093' title='bbox 2112 1650 2145 1680; x_wconf 90' lang='lat'>&amp;</span> <span class='ocrx_word' id='word_1_1094' title='bbox 2162 1650 2309 1682; x_wconf 89' lang='lat' dir='ltr'>tradenda-</span> 
     </span>
     <span class='ocr_line' id='line_1_127' title="bbox 1256 1688 2307 1728; baseline 0.004 -11"><span class='ocrx_word' id='word_1_1095' title='bbox 1256 1697 1338 1727; x_wconf 88' lang='lat' dir='ltr'>rum,</span> <span class='ocrx_word' id='word_1_1096' title='bbox 1356 1689 1390 1718; x_wconf 92' lang='lat'>&amp;</span> <span class='ocrx_word' id='word_1_1097' title='bbox 1408 1688 1597 1719; x_wconf 71' lang='lat' dir='ltr'>ProCeffuum</span> <span class='ocrx_word' id='word_1_1098' title='bbox 1618 1688 1773 1718; x_wconf 88' lang='lat' dir='ltr'>eorundem</span> <span class='ocrx_word' id='word_1_1099' title='bbox 1789 1710 1798 1725; x_wconf 88' lang='lat'>,</span> <span class='ocrx_word' id='word_1_1100' title='bbox 1826 1698 1962 1725; x_wconf 87' lang='lat' dir='ltr'>quantum</span> <span class='ocrx_word' id='word_1_1101' title='bbox 1978 1688 2106 1726; x_wconf 80' lang='lat' dir='ltr'>possibile</span> <span class='ocrx_word' id='word_1_1102' title='bbox 2119 1690 2190 1728; x_wconf 87' lang='lat' dir='ltr'>erit,</span> <span class='ocrx_word' id='word_1_1103' title='bbox 2207 1689 2307 1721; x_wconf 87' lang='lat' dir='ltr'>secun-</span> 
     </span>
     <span class='ocr_line' id='line_1_128' title="bbox 1255 1725 2178 1766; baseline -0.001 -10"><span class='ocrx_word' id='word_1_1104' title='bbox 1255 1726 1325 1757; x_wconf 85' lang='lat' dir='ltr'>dum</span> <span class='ocrx_word' id='word_1_1105' title='bbox 1341 1725 1464 1757; x_wconf 79' lang='lat' dir='ltr'>Casuum</span> <span class='ocrx_word' id='word_1_1106' title='bbox 1481 1728 1645 1766; x_wconf 77' lang='lat' dir='ltr'>exigentias,</span> <span class='ocrx_word' id='word_1_1107' title='bbox 1663 1727 1805 1756; x_wconf 77' lang='lat' dir='ltr'>continuo</span> <span class='ocrx_word' id='word_1_1108' title='bbox 1819 1727 1962 1756; x_wconf 84' lang='lat' dir='ltr'>intendent</span> <span class='ocrx_word' id='word_1_1109' title='bbox 1976 1728 2009 1757; x_wconf 67' lang='grc' dir='ltr'>ὃς</span> <span class='ocrx_word' id='word_1_1110' title='bbox 2023 1727 2178 1764; x_wconf 82' lang='lat' dir='ltr'>vacabunt,</span> 
     </span>
    </p>

    <p class='ocr_par' dir='ltr' id='par_1_34' title="bbox 1255 1764 2310 1957">
     <span class='ocr_line' id='line_1_129' title="bbox 1294 1764 2309 1804; baseline 0.002 -9"><span class='ocrx_word' id='word_1_1111' title='bbox 1294 1765 1332 1796; x_wconf 84' lang='lat' dir='ltr'>Et</span> <span class='ocrx_word' id='word_1_1112' title='bbox 1354 1766 1447 1803; x_wconf 83' lang='lat' dir='ltr'>primo</span> <span class='ocrx_word' id='word_1_1113' title='bbox 1466 1767 1498 1796; x_wconf 91' lang='lat'><strong>&amp;</strong></span> <span class='ocrx_word' id='word_1_1114' title='bbox 1514 1775 1577 1797; x_wconf 84' lang='lat' dir='ltr'>ante</span> <span class='ocrx_word' id='word_1_1115' title='bbox 1596 1766 1693 1795; x_wconf 83' lang='lat' dir='ltr'>omnia</span> <span class='ocrx_word' id='word_1_1116' title='bbox 1709 1766 1783 1795; x_wconf 83' lang='lat' dir='ltr'>circa</span> <span class='ocrx_word' id='word_1_1117' title='bbox 1805 1764 2080 1795; x_wconf 82' lang='lat' dir='ltr'>Deterniinationem</span> <span class='ocrx_word' id='word_1_1118' title='bbox 2099 1765 2204 1796; x_wconf 87' lang='lat' dir='ltr'>Arresti</span> <span class='ocrx_word' id='word_1_1119' title='bbox 2216 1766 2309 1804; x_wconf 88' lang='lat' dir='ltr'>supra-</span> 
     </span>
     <span class='ocr_line' id='line_1_130' title="bbox 1256 1803 2308 1842; baseline 0.004 -10"><span class='ocrx_word' id='word_1_1120' title='bbox 1256 1803 1399 1835; x_wconf 65' lang='lat' dir='ltr'>dietorum</span> <span class='ocrx_word' id='word_1_1121' title='bbox 1422 1803 1585 1842; x_wconf 88' lang='lat' dir='ltr'>Bonorum,</span> <span class='ocrx_word' id='word_1_1122' title='bbox 1604 1803 1711 1833; x_wconf 88' lang='lat' dir='ltr'>dudum</span> <span class='ocrx_word' id='word_1_1123' title='bbox 1734 1812 1764 1833; x_wconf 92' lang='lat' dir='ltr'>ut</span> <span class='ocrx_word' id='word_1_1124' title='bbox 1776 1803 1922 1840; x_wconf 78' lang='lat' dir='ltr'>praefertur</span> <span class='ocrx_word' id='word_1_1125' title='bbox 1936 1803 2001 1833; x_wconf 55' lang='lat' dir='ltr'>faeti</span> <span class='ocrx_word' id='word_1_1126' title='bbox 2019 1804 2046 1833; x_wconf 89' lang='lat' dir='ltr'>in</span> <span class='ocrx_word' id='word_1_1127' title='bbox 2063 1803 2174 1842; x_wconf 90' lang='lat' dir='ltr'>Scluse,</span> <span class='ocrx_word' id='word_1_1128' title='bbox 2192 1814 2308 1836; x_wconf 90' lang='lat' dir='ltr'>necnon</span> 
     </span>
     <span class='ocr_line' id='line_1_131' title="bbox 1255 1841 2308 1880; baseline 0.003 -9"><span class='ocrx_word' id='word_1_1129' title='bbox 1255 1842 1367 1872; x_wconf 81' lang='lat' dir='ltr'>aliarum</span> <span class='ocrx_word' id='word_1_1130' title='bbox 1391 1841 1561 1880; x_wconf 71' lang='lat' dir='ltr'>Causarum,</span> <span class='ocrx_word' id='word_1_1131' title='bbox 1587 1842 1781 1880; x_wconf 84' lang='lat' dir='ltr'>Negotiorum</span> <span class='ocrx_word' id='word_1_1132' title='bbox 1795 1863 1804 1879; x_wconf 88' lang='lat'>,</span> <span class='ocrx_word' id='word_1_1133' title='bbox 1822 1842 1854 1872; x_wconf 73' lang='grc' dir='ltr'>δί</span> <span class='ocrx_word' id='word_1_1134' title='bbox 1871 1842 2054 1879; x_wconf 84' lang='lat' dir='ltr'>Qierelarnrn</span> <span class='ocrx_word' id='word_1_1135' title='bbox 2070 1865 2079 1879; x_wconf 87' lang='lat'>,</span> <span class='ocrx_word' id='word_1_1136' title='bbox 2098 1852 2162 1879; x_wconf 61' lang='lat' dir='ltr'>quie</span> <span class='ocrx_word' id='word_1_1137' title='bbox 2179 1853 2226 1880; x_wconf 87' lang='lat' dir='ltr'>per</span> <span class='ocrx_word' id='word_1_1138' title='bbox 2239 1843 2308 1874; x_wconf 86' lang='lat' dir='ltr'>Sen-</span> 
     </span>
     <span class='ocr_line' id='line_1_132' title="bbox 1257 1880 2310 1920; baseline 0.003 -10"><span class='ocrx_word' id='word_1_1139' title='bbox 1257 1882 1370 1919; x_wconf 88' lang='lat' dir='ltr'>tentias,</span> <span class='ocrx_word' id='word_1_1140' title='bbox 1388 1881 1434 1910; x_wconf 87' lang='lat' dir='ltr'>vel</span> <span class='ocrx_word' id='word_1_1141' title='bbox 1451 1881 1681 1918; x_wconf 59' lang='lat' dir='ltr'>Transactiones,</span> <span class='ocrx_word' id='word_1_1142' title='bbox 1700 1881 1744 1910; x_wconf 84' lang='lat' dir='ltr'>seu</span> <span class='ocrx_word' id='word_1_1143' title='bbox 1761 1880 2041 1918; x_wconf 64' lang='lat' dir='ltr'>Appuncluamenta,</span> <span class='ocrx_word' id='word_1_1144' title='bbox 2059 1881 2104 1911; x_wconf 88' lang='lat' dir='ltr'>vel</span> <span class='ocrx_word' id='word_1_1145' title='bbox 2122 1881 2172 1910; x_wconf 83' lang='lat' dir='ltr'>alia</span> <span class='ocrx_word' id='word_1_1146' title='bbox 2189 1882 2310 1920; x_wconf 78' lang='lat' dir='ltr'>Liquida</span> 
     </span>
     <span class='ocr_line' id='line_1_133' title="bbox 1256 1919 1508 1957; baseline 0.008 -9"><span class='ocrx_word' id='word_1_1147' title='bbox 1256 1919 1317 1948; x_wconf 86' lang='lat' dir='ltr'>fore</span> <span class='ocrx_word' id='word_1_1148' title='bbox 1332 1919 1508 1957; x_wconf 81' lang='lat' dir='ltr'>constiterit,</span> 
     </span>
    </p>

    <p class='ocr_par' dir='ltr' id='par_1_35' title="bbox 1256 1955 2313 2218">
     <span class='ocr_line' id='line_1_134' title="bbox 1294 1955 2311 1995; baseline 0.001 -8"><span class='ocrx_word' id='word_1_1149' title='bbox 1294 1957 1331 1987; x_wconf 88' lang='lat' dir='ltr'>Et</span> <span class='ocrx_word' id='word_1_1150' title='bbox 1352 1958 1387 1988; x_wconf 91' lang='lat' dir='ltr'>de</span> <span class='ocrx_word' id='word_1_1151' title='bbox 1410 1958 1460 1988; x_wconf 82' lang='lat' dir='ltr'>hiis</span> <span class='ocrx_word' id='word_1_1152' title='bbox 1474 1957 1609 1987; x_wconf 88' lang='lat' dir='ltr'>omnibus</span> <span class='ocrx_word' id='word_1_1153' title='bbox 1624 1957 1656 1988; x_wconf 86' lang='lat'>&amp;</span> <span class='ocrx_word' id='word_1_1154' title='bbox 1671 1957 1778 1995; x_wconf 77' lang='lat' dir='ltr'>singulis</span> <span class='ocrx_word' id='word_1_1155' title='bbox 1791 1956 1918 1986; x_wconf 83' lang='lat' dir='ltr'>debitum</span> <span class='ocrx_word' id='word_1_1156' title='bbox 1937 1957 1968 1986; x_wconf 71' lang='lat' dir='ltr'>&amp;c</span> <span class='ocrx_word' id='word_1_1157' title='bbox 1984 1955 2129 1987; x_wconf 64' lang='lat' dir='ltr'>effcfiuale</span> <span class='ocrx_word' id='word_1_1158' title='bbox 2144 1956 2244 1988; x_wconf 82' lang='lat' dir='ltr'>facient</span> <span class='ocrx_word' id='word_1_1159' title='bbox 2257 1957 2311 1995; x_wconf 81' lang='lat' dir='ltr'>Ju-</span> 
     </span>
     <span class='ocr_line' id='line_1_135' title="bbox 1258 1994 2311 2035; baseline 0.002 -11"><span class='ocrx_word' id='word_1_1160' title='bbox 1258 1994 1341 2025; x_wconf 77' lang='lat' dir='ltr'>stitiae</span> <span class='ocrx_word' id='word_1_1161' title='bbox 1362 1997 1390 2026; x_wconf 90' lang='lat' dir='ltr'>in</span> <span class='ocrx_word' id='word_1_1162' title='bbox 1411 1997 1542 2027; x_wconf 87' lang='lat' dir='ltr'>omnibus</span> <span class='ocrx_word' id='word_1_1163' title='bbox 1563 1996 1809 2032; x_wconf 70' lang='lat' dir='ltr'>complemetum3</span> <span class='ocrx_word' id='word_1_1164' title='bbox 1826 1996 1882 2024; x_wconf 80' lang='lat' dir='ltr'>suas</span> <span class='ocrx_word' id='word_1_1165' title='bbox 1905 1995 2072 2031; x_wconf 75' lang='lat' dir='ltr'>Sententias,</span> <span class='ocrx_word' id='word_1_1166' title='bbox 2092 1994 2311 2035; x_wconf 85' lang='lat' dir='ltr'>Ordinationes,</span> 
     </span>
     <span class='ocr_line' id='line_1_136' title="bbox 1256 2033 2311 2073; baseline 0 -9"><span class='ocrx_word' id='word_1_1167' title='bbox 1256 2034 1302 2064; x_wconf 88' lang='lat' dir='ltr'>seu</span> <span class='ocrx_word' id='word_1_1168' title='bbox 1324 2034 1589 2073; x_wconf 68' lang='lat' dir='ltr'>Appunctuamenta</span> <span class='ocrx_word' id='word_1_1169' title='bbox 1606 2035 1712 2071; x_wconf 73' lang='lat' dir='ltr'>quaevis</span> <span class='ocrx_word' id='word_1_1170' title='bbox 1725 2056 1734 2071; x_wconf 89' lang='lat'>,</span> <span class='ocrx_word' id='word_1_1171' title='bbox 1763 2041 1793 2062; x_wconf 88' lang='lat' dir='ltr'>ut</span> <span class='ocrx_word' id='word_1_1172' title='bbox 1810 2033 1994 2071; x_wconf 72' lang='lat' dir='ltr'>Qierelantes</span> <span class='ocrx_word' id='word_1_1173' title='bbox 2011 2033 2197 2070; x_wconf 70' lang='lat' dir='ltr'>dampnificari</span> <span class='ocrx_word' id='word_1_1174' title='bbox 2213 2034 2311 2065; x_wconf 85' lang='lat' dir='ltr'>Bono-</span> 
     </span>
     <span class='ocr_line' id='line_1_137' title="bbox 1257 2071 2312 2110; baseline 0.001 -8"><span class='ocrx_word' id='word_1_1175' title='bbox 1257 2082 1320 2102; x_wconf 89' lang='lat' dir='ltr'>rum</span> <span class='ocrx_word' id='word_1_1176' title='bbox 1346 2073 1382 2102; x_wconf 86' lang='lat' dir='ltr'>ab</span> <span class='ocrx_word' id='word_1_1177' title='bbox 1401 2075 1438 2102; x_wconf 83' lang='lat' dir='ltr'>eis</span> <span class='ocrx_word' id='word_1_1178' title='bbox 1455 2073 1611 2102; x_wconf 82' lang='lat' dir='ltr'>ablatorum</span> <span class='ocrx_word' id='word_1_1179' title='bbox 1628 2095 1638 2110; x_wconf 93' lang='lat'>,</span> <span class='ocrx_word' id='word_1_1180' title='bbox 1661 2071 1705 2102; x_wconf 87' lang='lat' dir='ltr'>seu</span> <span class='ocrx_word' id='word_1_1181' title='bbox 1727 2071 1790 2101; x_wconf 57' lang='lat' dir='ltr'>alifis</span> <span class='ocrx_word' id='word_1_1182' title='bbox 1809 2071 1910 2110; x_wconf 79' lang='lat' dir='ltr'>injuste</span> <span class='ocrx_word' id='word_1_1183' title='bbox 1924 2071 2124 2109; x_wconf 88' lang='lat' dir='ltr'>detentorum,</span> <span class='ocrx_word' id='word_1_1184' title='bbox 2143 2072 2312 2103; x_wconf 83' lang='lat' dir='ltr'>Restitutio-</span> 
     </span>
     <span class='ocr_line' id='line_1_138' title="bbox 1258 2110 2312 2148; baseline -0.001 -7"><span class='ocrx_word' id='word_1_1185' title='bbox 1258 2121 1323 2141; x_wconf 87' lang='lat' dir='ltr'>nem</span> <span class='ocrx_word' id='word_1_1186' title='bbox 1348 2111 1392 2141; x_wconf 88' lang='lat' dir='ltr'>seu</span> <span class='ocrx_word' id='word_1_1187' title='bbox 1414 2111 1638 2141; x_wconf 72' lang='lat' dir='ltr'>Satisfaffionem</span> <span class='ocrx_word' id='word_1_1188' title='bbox 1659 2111 1864 2147; x_wconf 86' lang='lat' dir='ltr'>consequantur</span> <span class='ocrx_word' id='word_1_1189' title='bbox 1882 2134 1890 2148; x_wconf 80' lang='lat'>,</span> <span class='ocrx_word' id='word_1_1190' title='bbox 1908 2111 2066 2140; x_wconf 79' lang='lat' dir='ltr'>executioni</span> <span class='ocrx_word' id='word_1_1191' title='bbox 2080 2110 2181 2140; x_wconf 81' lang='lat' dir='ltr'>debitae</span> <span class='ocrx_word' id='word_1_1192' title='bbox 2195 2110 2312 2140; x_wconf 82' lang='lat' dir='ltr'>deman-</span> 
     </span>
     <span class='ocr_line' id='line_1_139' title="bbox 1258 2147 2313 2188; baseline 0.003 -10"><span class='ocrx_word' id='word_1_1193' title='bbox 1258 2149 1369 2188; x_wconf 73' lang='lat' dir='ltr'>dnndo,</span> <span class='ocrx_word' id='word_1_1194' title='bbox 1388 2158 1471 2187; x_wconf 87' lang='lat' dir='ltr'>prout</span> <span class='ocrx_word' id='word_1_1195' title='bbox 1485 2149 1619 2187; x_wconf 86' lang='lat' dir='ltr'>decebit,</span> <span class='ocrx_word' id='word_1_1196' title='bbox 1637 2148 1741 2187; x_wconf 84' lang='lat' dir='ltr'>absque</span> <span class='ocrx_word' id='word_1_1197' title='bbox 1756 2148 1881 2179; x_wconf 86' lang='lat' dir='ltr'>ulteriori</span> <span class='ocrx_word' id='word_1_1198' title='bbox 1895 2147 2039 2178; x_wconf 84' lang='lat' dir='ltr'>Dilatione</span> <span class='ocrx_word' id='word_1_1199' title='bbox 2060 2147 2229 2179; x_wconf 60' lang='lat' dir='ltr'>frustratorii</span> <span class='ocrx_word' id='word_1_1200' title='bbox 2245 2160 2313 2187; x_wconf 85' lang='lat' dir='ltr'>qua-</span> 
     </span>
     <span class='ocr_line' id='line_1_140' title="bbox 1260 2197 1384 2218; baseline 0.008 -1"><span class='ocrx_word' id='word_1_1201' title='bbox 1260 2197 1326 2218; x_wconf 86' lang='lat' dir='ltr'>cum</span> <span class='ocrx_word' id='word_1_1202' title='bbox 1351 2199 1384 2218; x_wconf 90' lang='lat' dir='ltr'>ue</span> 
     </span>
    </p>

    <p class='ocr_par' dir='ltr' id='par_1_36' title="bbox 1259 2198 2314 2378">
     <span class='ocr_line' id='line_1_141' title="bbox 1297 2198 2313 2264; baseline 0.001 -9"><span class='ocrx_word' id='word_1_1203' title='bbox 1297 2198 1435 2256; x_wconf 44' lang='lat' dir='ltr'>Pisslmt’in</span> <span class='ocrx_word' id='word_1_1204' title='bbox 1459 2225 1583 2264; x_wconf 86' lang='lat' dir='ltr'>quodam</span> <span class='ocrx_word' id='word_1_1205' title='bbox 1606 2224 1877 2262; x_wconf 67' lang='lat' dir='ltr'>Appunuuamento</span> <span class='ocrx_word' id='word_1_1206' title='bbox 1891 2246 1900 2261; x_wconf 90' lang='lat'>,</span> <span class='ocrx_word' id='word_1_1207' title='bbox 1924 2223 1982 2254; x_wconf 89' lang='lat' dir='ltr'>Die</span> <span class='ocrx_word' id='word_1_1208' title='bbox 2002 2224 2188 2255; x_wconf 89' lang='lat' dir='ltr'>Duodecimo</span> <span class='ocrx_word' id='word_1_1209' title='bbox 2204 2224 2313 2256; x_wconf 85' lang='lat' dir='ltr'>Mensis</span> 
     </span>
     <span class='ocr_line' id='line_1_142' title="bbox 1261 2262 2313 2301; baseline 0.001 -7"><span class='ocrx_word' id='word_1_1210' title='bbox 1261 2264 1414 2301; x_wconf 55' lang='lat' dir='ltr'>Octobris,</span> <span class='ocrx_word' id='word_1_1211' title='bbox 1432 2264 1519 2294; x_wconf 87' lang='lat' dir='ltr'>Anno</span> <span class='ocrx_word' id='word_1_1212' title='bbox 1535 2263 1657 2293; x_wconf 86' lang='lat' dir='ltr'>Domini</span> <span class='ocrx_word' id='word_1_1213' title='bbox 1675 2262 1834 2300; x_wconf 87' lang='lat' dir='ltr'>Milesimo,</span> <span class='ocrx_word' id='word_1_1214' title='bbox 1854 2262 2155 2301; x_wconf 79' lang='lat' dir='ltr'>Quadringentesimo,</span> <span class='ocrx_word' id='word_1_1215' title='bbox 2174 2263 2313 2295; x_wconf 71' lang='lat' dir='ltr'>SeXtode-</span> 
     </span>
     <span class='ocr_line' id='line_1_143' title="bbox 1260 2299 2314 2342; baseline 0.001 -10"><span class='ocrx_word' id='word_1_1216' title='bbox 1260 2303 1357 2340; x_wconf 89' lang='lat' dir='ltr'>cimo,</span> <span class='ocrx_word' id='word_1_1217' title='bbox 1376 2302 1476 2332; x_wconf 85' lang='lat' dir='ltr'>Calesii</span> <span class='ocrx_word' id='word_1_1218' title='bbox 1497 2312 1544 2340; x_wconf 88' lang='lat' dir='ltr'>per</span> <span class='ocrx_word' id='word_1_1219' title='bbox 1559 2300 1775 2332; x_wconf 86' lang='lat' dir='ltr'>Ambaffiatores</span> <span class='ocrx_word' id='word_1_1220' title='bbox 1797 2300 1936 2338; x_wconf 87' lang='lat' dir='ltr'>utriusque</span> <span class='ocrx_word' id='word_1_1221' title='bbox 1958 2299 2083 2331; x_wconf 89' lang='lat' dir='ltr'>Partium</span> <span class='ocrx_word' id='word_1_1222' title='bbox 2098 2301 2314 2342; x_wconf 71' lang='lat' dir='ltr'>praeditstarum,</span> 
     </span>
     <span class='ocr_line' id='line_1_144' title="bbox 1259 2338 2274 2378; baseline 0.001 -8"><span class='ocrx_word' id='word_1_1223' title='bbox 1259 2341 1361 2371; x_wconf 88' lang='lat' dir='ltr'>adtunc</span> <span class='ocrx_word' id='word_1_1224' title='bbox 1377 2341 1484 2370; x_wconf 85' lang='lat' dir='ltr'>ibidem</span> <span class='ocrx_word' id='word_1_1225' title='bbox 1502 2339 1674 2378; x_wconf 84' lang='lat' dir='ltr'>personaliter</span> <span class='ocrx_word' id='word_1_1226' title='bbox 1688 2338 1853 2377; x_wconf 84' lang='lat' dir='ltr'>existentes,</span> <span class='ocrx_word' id='word_1_1227' title='bbox 1869 2338 1962 2376; x_wconf 61' lang='lat' dir='ltr'>fatto,</span> <span class='ocrx_word' id='word_1_1228' title='bbox 1980 2339 2088 2376; x_wconf 76' lang='lat' dir='ltr'>plenius</span> <span class='ocrx_word' id='word_1_1229' title='bbox 2103 2340 2274 2372; x_wconf 86' lang='lat' dir='ltr'>continetur.</span> 
     </span>
    </p>

    <p class='ocr_par' dir='ltr' id='par_1_37' title="bbox 1260 2376 2314 2609">
     <span class='ocr_line' id='line_1_145' title="bbox 1295 2376 2314 2418; baseline 0.002 -10"><span class='ocrx_word' id='word_1_1230' title='bbox 1295 2378 1366 2408; x_wconf 79' lang='lat' dir='ltr'>ITE</span> <span class='ocrx_word' id='word_1_1231' title='bbox 1377 2387 1402 2408; x_wconf 84' lang='lat' dir='ltr'>M</span> <span class='ocrx_word' id='word_1_1232' title='bbox 1420 2403 1429 2418; x_wconf 96' lang='lat'>,</span> <span class='ocrx_word' id='word_1_1233' title='bbox 1452 2379 1532 2418; x_wconf 66' lang='lat' dir='ltr'>qued</span> <span class='ocrx_word' id='word_1_1234' title='bbox 1555 2388 1654 2409; x_wconf 89' lang='lat' dir='ltr'>omnes</span> <span class='ocrx_word' id='word_1_1235' title='bbox 1675 2379 1708 2409; x_wconf 88' lang='lat'>&amp;</span> <span class='ocrx_word' id='word_1_1236' title='bbox 1725 2377 1840 2415; x_wconf 85' lang='lat' dir='ltr'>singuli,</span> <span class='ocrx_word' id='word_1_1237' title='bbox 1858 2378 1906 2414; x_wconf 86' lang='lat' dir='ltr'>qui</span> <span class='ocrx_word' id='word_1_1238' title='bbox 1924 2376 2059 2415; x_wconf 84' lang='lat' dir='ltr'>Qierclas</span> <span class='ocrx_word' id='word_1_1239' title='bbox 2077 2378 2134 2408; x_wconf 82' lang='lat' dir='ltr'>suas</span> <span class='ocrx_word' id='word_1_1240' title='bbox 2148 2379 2181 2408; x_wconf 90' lang='lat'>&amp;</span> <span class='ocrx_word' id='word_1_1241' title='bbox 2195 2378 2314 2410; x_wconf 90' lang='lat' dir='ltr'>Petitio-</span> 
     </span>
     <span class='ocr_line' id='line_1_146' title="bbox 1260 2415 2314 2456; baseline 0.002 -9"><span class='ocrx_word' id='word_1_1242' title='bbox 1260 2427 1325 2455; x_wconf 88' lang='lat' dir='ltr'>nes,</span> <span class='ocrx_word' id='word_1_1243' title='bbox 1342 2417 1421 2456; x_wconf 89' lang='lat' dir='ltr'>super</span> <span class='ocrx_word' id='word_1_1244' title='bbox 1444 2417 1621 2454; x_wconf 87' lang='lat' dir='ltr'>Atternptatis</span> <span class='ocrx_word' id='word_1_1245' title='bbox 1635 2439 1644 2454; x_wconf 87' lang='lat'>,</span> <span class='ocrx_word' id='word_1_1246' title='bbox 1664 2416 1771 2447; x_wconf 87' lang='lat' dir='ltr'>Ablatis</span> <span class='ocrx_word' id='word_1_1247' title='bbox 1785 2439 1794 2453; x_wconf 90' lang='lat'>,</span> <span class='ocrx_word' id='word_1_1248' title='bbox 1813 2425 1859 2446; x_wconf 89' lang='lat' dir='ltr'>aut</span> <span class='ocrx_word' id='word_1_1249' title='bbox 1872 2416 1972 2453; x_wconf 81' lang='lat' dir='ltr'>injuste</span> <span class='ocrx_word' id='word_1_1250' title='bbox 1990 2415 2136 2454; x_wconf 77' lang='lat' dir='ltr'>Dete-ntis,</span> <span class='ocrx_word' id='word_1_1251' title='bbox 2152 2417 2214 2447; x_wconf 72' lang='lat' dir='ltr'>alias</span> <span class='ocrx_word' id='word_1_1252' title='bbox 2229 2418 2314 2449; x_wconf 86' lang='lat' dir='ltr'>tradi-</span> 
     </span>
     <span class='ocr_line' id='line_1_147' title="bbox 1260 2453 2313 2494; baseline 0.002 -9"><span class='ocrx_word' id='word_1_1253' title='bbox 1260 2455 1377 2494; x_wconf 87' lang='lat' dir='ltr'>derunt,</span> <span class='ocrx_word' id='word_1_1254' title='bbox 1395 2466 1444 2494; x_wconf 82' lang='lat' dir='ltr'>per</span> <span class='ocrx_word' id='word_1_1255' title='bbox 1458 2456 1501 2494; x_wconf 84' lang='lat' dir='ltr'>se,</span> <span class='ocrx_word' id='word_1_1256' title='bbox 1519 2464 1564 2486; x_wconf 88' lang='lat' dir='ltr'>aut</span> <span class='ocrx_word' id='word_1_1257' title='bbox 1580 2455 1641 2485; x_wconf 87' lang='lat' dir='ltr'>suos</span> <span class='ocrx_word' id='word_1_1258' title='bbox 1658 2457 1687 2485; x_wconf 88' lang='lat' dir='ltr'>in</span> <span class='ocrx_word' id='word_1_1259' title='bbox 1701 2455 1754 2484; x_wconf 84' lang='lat' dir='ltr'>hac</span> <span class='ocrx_word' id='word_1_1260' title='bbox 1768 2462 1844 2491; x_wconf 83' lang='lat' dir='ltr'>parte</span> <span class='ocrx_word' id='word_1_1261' title='bbox 1859 2453 2019 2492; x_wconf 88' lang='lat' dir='ltr'>Deputatos</span> <span class='ocrx_word' id='word_1_1262' title='bbox 2035 2477 2043 2491; x_wconf 84' lang='lat'>,</span> <span class='ocrx_word' id='word_1_1263' title='bbox 2059 2463 2207 2493; x_wconf 89' lang='lat' dir='ltr'>poterunt,</span> <span class='ocrx_word' id='word_1_1264' title='bbox 2225 2456 2258 2486; x_wconf 90' lang='lat'>&amp;</span> <span class='ocrx_word' id='word_1_1265' title='bbox 2273 2457 2313 2487; x_wconf 88' lang='lat' dir='ltr'>eis</span> 
     </span>
     <span class='ocr_line' id='line_1_148' title="bbox 1260 2493 2313 2532; baseline 0 -8"><span class='ocrx_word' id='word_1_1266' title='bbox 1260 2494 1357 2524; x_wconf 85' lang='lat' dir='ltr'>licebit</span> <span class='ocrx_word' id='word_1_1267' title='bbox 1373 2518 1382 2532; x_wconf 91' lang='lat'>,</span> <span class='ocrx_word' id='word_1_1268' title='bbox 1408 2494 1495 2524; x_wconf 64' lang='lat' dir='ltr'>dietas</span> <span class='ocrx_word' id='word_1_1269' title='bbox 1519 2494 1653 2532; x_wconf 83' lang='lat' dir='ltr'>Qierelas</span> <span class='ocrx_word' id='word_1_1270' title='bbox 1674 2494 1705 2525; x_wconf 65' lang='grc' dir='ltr'>ὃ(</span> <span class='ocrx_word' id='word_1_1271' title='bbox 1729 2493 1898 2530; x_wconf 86' lang='lat' dir='ltr'>Petitiones,</span> <span class='ocrx_word' id='word_1_1272' title='bbox 1916 2493 1995 2523; x_wconf 64' lang='lat' dir='ltr'>dicto</span> <span class='ocrx_word' id='word_1_1273' title='bbox 2012 2493 2241 2531; x_wconf 82' lang='lat' dir='ltr'>Qintodecimo</span> <span class='ocrx_word' id='word_1_1274' title='bbox 2254 2493 2313 2525; x_wconf 88' lang='lat' dir='ltr'>Die</span> 
     </span>
     <span class='ocr_line' id='line_1_149' title="bbox 1261 2530 2311 2571; baseline 0.002 -9"><span class='ocrx_word' id='word_1_1275' title='bbox 1261 2532 1366 2562; x_wconf 70' lang='lat' dir='ltr'>Mensis</span> <span class='ocrx_word' id='word_1_1276' title='bbox 1390 2532 1547 2568; x_wconf 68' lang='lat' dir='ltr'>octobris,</span> <span class='ocrx_word' id='word_1_1277' title='bbox 1573 2533 1605 2562; x_wconf 66' lang='grc' dir='ltr'>ὅ(</span> <span class='ocrx_word' id='word_1_1278' title='bbox 1627 2531 1685 2561; x_wconf 88' lang='lat' dir='ltr'>aliis</span> <span class='ocrx_word' id='word_1_1279' title='bbox 1706 2530 1816 2561; x_wconf 89' lang='lat' dir='ltr'>Diebus</span> <span class='ocrx_word' id='word_1_1280' title='bbox 1839 2539 1907 2560; x_wconf 90' lang='lat' dir='ltr'>tunc</span> <span class='ocrx_word' id='word_1_1281' title='bbox 1923 2531 2117 2569; x_wconf 77' lang='lat' dir='ltr'>sequentibus,</span> <span class='ocrx_word' id='word_1_1282' title='bbox 2134 2540 2260 2571; x_wconf 80' lang='lat' dir='ltr'>mutare,</span> <span class='ocrx_word' id='word_1_1283' title='bbox 2277 2534 2311 2564; x_wconf 91' lang='lat'>&amp;</span> 
     </span>
     <span class='ocr_line' id='line_1_150' title="bbox 1261 2568 2143 2609; baseline -0.002 -9"><span class='ocrx_word' id='word_1_1284' title='bbox 1261 2571 1428 2609; x_wconf 87' lang='lat' dir='ltr'>emendare,</span> <span class='ocrx_word' id='word_1_1285' title='bbox 1446 2571 1490 2601; x_wconf 90' lang='lat' dir='ltr'>seu</span> <span class='ocrx_word' id='word_1_1286' title='bbox 1506 2570 1658 2601; x_wconf 86' lang='lat' dir='ltr'>reformare</span> <span class='ocrx_word' id='word_1_1287' title='bbox 1668 2593 1677 2608; x_wconf 97' lang='lat'>,</span> <span class='ocrx_word' id='word_1_1288' title='bbox 1694 2577 1777 2607; x_wconf 84' lang='lat' dir='ltr'>prout</span> <span class='ocrx_word' id='word_1_1289' title='bbox 1792 2571 1829 2598; x_wconf 85' lang='lat' dir='ltr'>eis</span> <span class='ocrx_word' id='word_1_1290' title='bbox 1844 2568 1982 2599; x_wconf 89' lang='lat' dir='ltr'>videbitur</span> <span class='ocrx_word' id='word_1_1291' title='bbox 2000 2571 2143 2606; x_wconf 72' lang='lat' dir='ltr'>expedire:</span> 
     </span>
    </p>

    <p class='ocr_par' dir='ltr' id='par_1_38' title="bbox 1259 2606 2315 2802">
     <span class='ocr_line' id='line_1_151' title="bbox 1297 2606 2315 2647; baseline 0 -8"><span class='ocrx_word' id='word_1_1292' title='bbox 1297 2609 1463 2646; x_wconf 80' lang='lat' dir='ltr'>Omnesque</span> <span class='ocrx_word' id='word_1_1293' title='bbox 1483 2609 1528 2639; x_wconf 90' lang='lat' dir='ltr'>alii</span> <span class='ocrx_word' id='word_1_1294' title='bbox 1554 2609 1587 2638; x_wconf 87' lang='lat'>&amp;</span> <span class='ocrx_word' id='word_1_1295' title='bbox 1607 2608 1703 2647; x_wconf 86' lang='lat' dir='ltr'>singuli</span> <span class='ocrx_word' id='word_1_1296' title='bbox 1726 2606 1929 2644; x_wconf 79' lang='lat' dir='ltr'>Darnpnificati</span> <span class='ocrx_word' id='word_1_1297' title='bbox 1951 2608 2088 2645; x_wconf 68' lang='lat' dir='ltr'>utriusqie</span> <span class='ocrx_word' id='word_1_1298' title='bbox 2109 2608 2217 2646; x_wconf 74' lang='lat' dir='ltr'>Partis,</span> <span class='ocrx_word' id='word_1_1299' title='bbox 2241 2619 2315 2639; x_wconf 90' lang='lat' dir='ltr'>con-</span> 
     </span>
     <span class='ocr_line' id='line_1_152' title="bbox 1260 2646 2315 2687; baseline 0.001 -10"><span class='ocrx_word' id='word_1_1300' title='bbox 1260 2649 1340 2685; x_wconf 84' lang='lat' dir='ltr'>queri</span> <span class='ocrx_word' id='word_1_1301' title='bbox 1361 2648 1394 2678; x_wconf 87' lang='lat'>&amp;</span> <span class='ocrx_word' id='word_1_1302' title='bbox 1418 2657 1498 2687; x_wconf 84' lang='lat' dir='ltr'>agere</span> <span class='ocrx_word' id='word_1_1303' title='bbox 1517 2646 1660 2683; x_wconf 86' lang='lat' dir='ltr'>volentes,</span> <span class='ocrx_word' id='word_1_1304' title='bbox 1685 2654 1816 2683; x_wconf 86' lang='lat' dir='ltr'>poterunt</span> <span class='ocrx_word' id='word_1_1305' title='bbox 1843 2646 1926 2676; x_wconf 83' lang='lat' dir='ltr'>etiam</span> <span class='ocrx_word' id='word_1_1306' title='bbox 1942 2656 1994 2684; x_wconf 90' lang='lat' dir='ltr'>pro</span> <span class='ocrx_word' id='word_1_1307' title='bbox 2010 2655 2077 2676; x_wconf 90' lang='lat' dir='ltr'>tunc</span> <span class='ocrx_word' id='word_1_1308' title='bbox 2095 2647 2150 2676; x_wconf 83' lang='lat' dir='ltr'>suas</span> <span class='ocrx_word' id='word_1_1309' title='bbox 2162 2646 2315 2678; x_wconf 81' lang='lat' dir='ltr'>petitiones</span> 
     </span>
     <span class='ocr_line' id='line_1_153' title="bbox 1259 2683 2309 2725; baseline 0.001 -10"><span class='ocrx_word' id='word_1_1310' title='bbox 1259 2696 1432 2725; x_wconf 83' lang='lat' dir='ltr'>proponere,</span> <span class='ocrx_word' id='word_1_1311' title='bbox 1448 2696 1480 2717; x_wconf 86' lang='lat' dir='ltr'>ac</span> <span class='ocrx_word' id='word_1_1312' title='bbox 1497 2685 1696 2722; x_wconf 84' lang='lat' dir='ltr'>Munimenta,</span> <span class='ocrx_word' id='word_1_1313' title='bbox 1714 2684 1898 2714; x_wconf 76' lang='lat' dir='ltr'>probationes</span> <span class='ocrx_word' id='word_1_1314' title='bbox 1912 2708 1920 2720; x_wconf 93' lang='lat'>,</span> <span class='ocrx_word' id='word_1_1315' title='bbox 1939 2685 1972 2714; x_wconf 73' lang='grc' dir='ltr'>ὃς</span> <span class='ocrx_word' id='word_1_1316' title='bbox 1985 2683 2144 2714; x_wconf 63' lang='lat' dir='ltr'>Evidentias</span> <span class='ocrx_word' id='word_1_1317' title='bbox 2160 2687 2309 2722; x_wconf 87' lang='lat' dir='ltr'>quascum-</span> 
     </span>
     <span class='ocr_line' id='line_1_154' title="bbox 1260 2722 2313 2761; baseline 0.001 -8"><span class='ocrx_word' id='word_1_1318' title='bbox 1260 2734 1314 2761; x_wconf 88' lang='lat' dir='ltr'>que</span> <span class='ocrx_word' id='word_1_1319' title='bbox 1327 2724 1457 2755; x_wconf 73' lang='lat' dir='ltr'>exhibere</span> <span class='ocrx_word' id='word_1_1320' title='bbox 1473 2734 1524 2761; x_wconf 87' lang='lat' dir='ltr'>pro</span> <span class='ocrx_word' id='word_1_1321' title='bbox 1538 2723 1738 2753; x_wconf 77' lang='lat' dir='ltr'>consecutione</span> <span class='ocrx_word' id='word_1_1322' title='bbox 1755 2722 1951 2752; x_wconf 83' lang='lat' dir='ltr'>Restitutionis</span> <span class='ocrx_word' id='word_1_1323' title='bbox 1969 2722 2170 2759; x_wconf 83' lang='lat' dir='ltr'>Darnpnorum</span> <span class='ocrx_word' id='word_1_1324' title='bbox 2179 2746 2189 2761; x_wconf 91' lang='lat'>,</span> <span class='ocrx_word' id='word_1_1325' title='bbox 2204 2726 2242 2754; x_wconf 88' lang='lat' dir='ltr'>eis</span> <span class='ocrx_word' id='word_1_1326' title='bbox 2257 2724 2313 2755; x_wconf 86' lang='lat' dir='ltr'>illa—</span> 
     </span>
     <span class='ocr_line' id='line_1_155' title="bbox 1260 2761 1784 2802; baseline -0.004 -10"><span class='ocrx_word' id='word_1_1327' title='bbox 1260 2771 1352 2792; x_wconf 89' lang='lat' dir='ltr'>torum</span> <span class='ocrx_word' id='word_1_1328' title='bbox 1361 2786 1369 2800; x_wconf 93' lang='lat'>,</span> <span class='ocrx_word' id='word_1_1329' title='bbox 1387 2774 1419 2793; x_wconf 86' lang='lat' dir='ltr'>ac</span> <span class='ocrx_word' id='word_1_1330' title='bbox 1429 2762 1548 2802; x_wconf 78' lang='lat' dir='ltr'>justitiae</span> <span class='ocrx_word' id='word_1_1331' title='bbox 1561 2761 1784 2799; x_wconf 86' lang='lat' dir='ltr'>complemento.</span> 
     </span>
    </p>

    <p class='ocr_par' dir='ltr' id='par_1_39' title="bbox 1256 2798 2310 3143">
     <span class='ocr_line' id='line_1_156' title="bbox 1297 2798 2309 2840; baseline 0.001 -10"><span class='ocrx_word' id='word_1_1332' title='bbox 1297 2800 1430 2840; x_wconf 63' lang='lat' dir='ltr'>Ivem,</span> <span class='ocrx_word' id='word_1_1333' title='bbox 1449 2801 1488 2831; x_wconf 86' lang='lat' dir='ltr'>est</span> <span class='ocrx_word' id='word_1_1334' title='bbox 1513 2801 1877 2831; x_wconf 80' lang='lat' dir='ltr'>APPUNcTuATUM</span> <span class='ocrx_word' id='word_1_1335' title='bbox 1906 2799 1939 2829; x_wconf 65' lang='grc' dir='ltr'>ὃς</span> <span class='ocrx_word' id='word_1_1336' title='bbox 1964 2798 2309 2831; x_wconf 71' lang='lat' dir='ltr'>CONCORDATUM</span> 
     </span>
     <span class='ocr_line' id='line_1_157' title="bbox 1260 2836 2309 2877; baseline 0 -8"><span class='ocrx_word' id='word_1_1337' title='bbox 1260 2839 1339 2876; x_wconf 79' lang='lat' dir='ltr'>quod</span> <span class='ocrx_word' id='word_1_1338' title='bbox 1359 2863 1369 2877; x_wconf 90' lang='lat'>,</span> <span class='ocrx_word' id='word_1_1339' title='bbox 1394 2842 1422 2869; x_wconf 89' lang='lat' dir='ltr'>iu</span> <span class='ocrx_word' id='word_1_1340' title='bbox 1441 2839 1516 2869; x_wconf 60' lang='lat' dir='ltr'>dieta</span> <span class='ocrx_word' id='word_1_1341' title='bbox 1541 2838 1631 2875; x_wconf 59' lang='lat' dir='ltr'>primii</span> <span class='ocrx_word' id='word_1_1342' title='bbox 1654 2837 1746 2868; x_wconf 63' lang='lat' dir='ltr'>futura</span> <span class='ocrx_word' id='word_1_1343' title='bbox 1766 2836 1997 2874; x_wconf 78' lang='lat' dir='ltr'>congregatione</span> <span class='ocrx_word' id='word_1_1344' title='bbox 2010 2861 2019 2874; x_wconf 85' lang='lat'>,</span> <span class='ocrx_word' id='word_1_1345' title='bbox 2047 2837 2260 2868; x_wconf 74' lang='lat' dir='ltr'>Ambaffiatores</span> <span class='ocrx_word' id='word_1_1346' title='bbox 2276 2842 2309 2870; x_wconf 66' lang='grc' dir='ltr'>ὃς</span> 
     </span>
     <span class='ocr_line' id='line_1_158' title="bbox 1261 2875 2310 2914; baseline 0 -7"><span class='ocrx_word' id='word_1_1347' title='bbox 1261 2877 1452 2908; x_wconf 68' lang='lat' dir='ltr'>Commisiiirii</span> <span class='ocrx_word' id='word_1_1348' title='bbox 1468 2877 1607 2914; x_wconf 90' lang='lat' dir='ltr'>utriusque</span> <span class='ocrx_word' id='word_1_1349' title='bbox 1614 2876 1719 2914; x_wconf 88' lang='lat' dir='ltr'>Partis,</span> <span class='ocrx_word' id='word_1_1350' title='bbox 1738 2886 1809 2912; x_wconf 89' lang='lat' dir='ltr'>quos</span> <span class='ocrx_word' id='word_1_1351' title='bbox 1821 2876 1854 2904; x_wconf 87' lang='lat' dir='ltr'>ad</span> <span class='ocrx_word' id='word_1_1352' title='bbox 1871 2875 1928 2904; x_wconf 81' lang='lat' dir='ltr'>hoc</span> <span class='ocrx_word' id='word_1_1353' title='bbox 1944 2876 2044 2905; x_wconf 73' lang='lat' dir='ltr'>assumi</span> <span class='ocrx_word' id='word_1_1354' title='bbox 2056 2877 2088 2906; x_wconf 72' lang='grc' dir='ltr'>δε</span> <span class='ocrx_word' id='word_1_1355' title='bbox 2102 2877 2310 2907; x_wconf 76' lang='lat' dir='ltr'>destinaricon-</span> 
     </span>
     <span class='ocr_line' id='line_1_159' title="bbox 1259 2914 2309 2955; baseline 0 -10"><span class='ocrx_word' id='word_1_1356' title='bbox 1259 2917 1346 2954; x_wconf 83' lang='lat' dir='ltr'>tingat</span> <span class='ocrx_word' id='word_1_1357' title='bbox 1363 2940 1372 2955; x_wconf 93' lang='lat'>,</span> <span class='ocrx_word' id='word_1_1358' title='bbox 1397 2917 1433 2946; x_wconf 93' lang='lat' dir='ltr'>de</span> <span class='ocrx_word' id='word_1_1359' title='bbox 1455 2918 1487 2947; x_wconf 70' lang='grc' dir='ltr'>δε</span> <span class='ocrx_word' id='word_1_1360' title='bbox 1504 2916 1580 2952; x_wconf 89' lang='lat' dir='ltr'>super</span> <span class='ocrx_word' id='word_1_1361' title='bbox 1599 2914 1721 2946; x_wconf 91' lang='lat' dir='ltr'>ulteriori</span> <span class='ocrx_word' id='word_1_1362' title='bbox 1734 2914 2147 2953; x_wconf 60' lang='lat' dir='ltr'>prorogatione-praedictarum</span> <span class='ocrx_word' id='word_1_1363' title='bbox 2163 2915 2309 2946; x_wconf 56' lang='grc'><strong>8111161611-</strong></span> 
     </span>
     <span class='ocr_line' id='line_1_160' title="bbox 1258 2952 2308 2992; baseline 0.001 -9"><span class='ocrx_word' id='word_1_1364' title='bbox 1258 2956 1377 2992; x_wconf 78' lang='lat' dir='ltr'>riarum,</span> <span class='ocrx_word' id='word_1_1365' title='bbox 1394 2955 1426 2985; x_wconf 90' lang='lat'>&amp;</span> <span class='ocrx_word' id='word_1_1366' title='bbox 1447 2954 1653 2990; x_wconf 83' lang='lat' dir='ltr'>Securitatum,</span> <span class='ocrx_word' id='word_1_1367' title='bbox 1677 2954 1710 2983; x_wconf 90' lang='lat'>&amp;</span> <span class='ocrx_word' id='word_1_1368' title='bbox 1733 2952 1866 2988; x_wconf 82' lang='lat' dir='ltr'>aliarum,</span> <span class='ocrx_word' id='word_1_1369' title='bbox 1890 2961 1956 2988; x_wconf 86' lang='lat' dir='ltr'>quas</span> <span class='ocrx_word' id='word_1_1370' title='bbox 1972 2953 2049 2982; x_wconf 83' lang='lat' dir='ltr'>utiles</span> <span class='ocrx_word' id='word_1_1371' title='bbox 2064 2954 2236 2991; x_wconf 83' lang='lat' dir='ltr'>putaverint,</span> <span class='ocrx_word' id='word_1_1372' title='bbox 2256 2964 2308 2984; x_wconf 88' lang='lat' dir='ltr'>tra-</span> 
     </span>
     <span class='ocr_line' id='line_1_161' title="bbox 1259 2989 2307 3030; baseline -0.001 -7"><span class='ocrx_word' id='word_1_1373' title='bbox 1259 2994 1373 3023; x_wconf 66' lang='lat' dir='ltr'>&amp;abunt</span> <span class='ocrx_word' id='word_1_1374' title='bbox 1395 2993 1425 3030; x_wconf 90' lang='lat' dir='ltr'>(si</span> <span class='ocrx_word' id='word_1_1375' title='bbox 1443 2992 1581 3029; x_wconf 70' lang='lat' dir='ltr'>praediCtis</span> <span class='ocrx_word' id='word_1_1376' title='bbox 1600 2991 1738 3021; x_wconf 90' lang='lat' dir='ltr'>Dominis</span> <span class='ocrx_word' id='word_1_1377' title='bbox 1753 3013 1762 3028; x_wconf 86' lang='lat'>,</span> <span class='ocrx_word' id='word_1_1378' title='bbox 1786 2993 1848 3026; x_wconf 72' lang='lat' dir='ltr'>Regi</span> <span class='ocrx_word' id='word_1_1379' title='bbox 1864 2989 1977 3027; x_wconf 66' lang='lat' dir='ltr'>Anghae</span> <span class='ocrx_word' id='word_1_1380' title='bbox 1994 2991 2025 3020; x_wconf 83' lang='lat'>&amp;</span> <span class='ocrx_word' id='word_1_1381' title='bbox 2042 2993 2113 3020; x_wconf 68' lang='lat' dir='ltr'>Duri</span> <span class='ocrx_word' id='word_1_1382' title='bbox 2129 2993 2307 3030; x_wconf 79' lang='lat' dir='ltr'>Burgundiae,</span> 
     </span>
     <span class='ocr_line' id='line_1_162' title="bbox 1257 3028 2307 3068; baseline -0.001 -7"><span class='ocrx_word' id='word_1_1383' title='bbox 1257 3031 1362 3061; x_wconf 81' lang='lat' dir='ltr'>adtunc</span> <span class='ocrx_word' id='word_1_1384' title='bbox 1384 3031 1529 3068; x_wconf 85' lang='lat' dir='ltr'>placuerit)</span> <span class='ocrx_word' id='word_1_1385' title='bbox 1553 3031 1586 3060; x_wconf 74' lang='grc' dir='ltr'>δε</span> <span class='ocrx_word' id='word_1_1386' title='bbox 1607 3030 1687 3066; x_wconf 83' lang='lat' dir='ltr'>super</span> <span class='ocrx_word' id='word_1_1387' title='bbox 1709 3029 1760 3058; x_wconf 86' lang='lat' dir='ltr'>hiis</span> <span class='ocrx_word' id='word_1_1388' title='bbox 1781 3028 1954 3059; x_wconf 73' lang='lat' dir='ltr'>concordare</span> <span class='ocrx_word' id='word_1_1389' title='bbox 1979 3029 2012 3060; x_wconf 89' lang='lat'>&amp;</span> <span class='ocrx_word' id='word_1_1390' title='bbox 2036 3029 2206 3060; x_wconf 86' lang='lat' dir='ltr'>concludere</span> <span class='ocrx_word' id='word_1_1391' title='bbox 2226 3040 2307 3067; x_wconf 83' lang='lat' dir='ltr'>pote-</span> 
     </span>
     <span class='ocr_line' id='line_1_163' title="bbox 1258 3066 2305 3107; baseline -0.001 -8"><span class='ocrx_word' id='word_1_1392' title='bbox 1258 3079 1339 3107; x_wconf 84' lang='lat' dir='ltr'>runt,</span> <span class='ocrx_word' id='word_1_1393' title='bbox 1357 3070 1390 3099; x_wconf 91' lang='lat' dir='ltr'>ad</span> <span class='ocrx_word' id='word_1_1394' title='bbox 1413 3069 1585 3098; x_wconf 88' lang='lat' dir='ltr'>Terminum</span> <span class='ocrx_word' id='word_1_1395' title='bbox 1602 3091 1610 3104; x_wconf 90' lang='lat'>,</span> <span class='ocrx_word' id='word_1_1396' title='bbox 1629 3068 1674 3098; x_wconf 86' lang='lat' dir='ltr'>scu</span> <span class='ocrx_word' id='word_1_1397' title='bbox 1690 3067 1857 3104; x_wconf 87' lang='lat' dir='ltr'>Terminos,</span> <span class='ocrx_word' id='word_1_1398' title='bbox 1873 3066 1908 3096; x_wconf 89' lang='lat' dir='ltr'>de</span> <span class='ocrx_word' id='word_1_1399' title='bbox 1927 3076 2002 3105; x_wconf 89' lang='lat' dir='ltr'>qu0,</span> <span class='ocrx_word' id='word_1_1400' title='bbox 2019 3066 2064 3098; x_wconf 80' lang='lat' dir='ltr'>seu</span> <span class='ocrx_word' id='word_1_1401' title='bbox 2080 3067 2115 3098; x_wconf 90' lang='lat' dir='ltr'>de</span> <span class='ocrx_word' id='word_1_1402' title='bbox 2131 3068 2249 3106; x_wconf 75' lang='lat' dir='ltr'>quibus,</span> <span class='ocrx_word' id='word_1_1403' title='bbox 2268 3070 2305 3099; x_wconf 89' lang='lat' dir='ltr'>eis</span> 
     </span>
     <span class='ocr_line' id='line_1_164' title="bbox 1256 3106 1669 3143; baseline -0.007 -6"><span class='ocrx_word' id='word_1_1404' title='bbox 1256 3110 1359 3137; x_wconf 83' lang='lat' dir='ltr'>adtunc</span> <span class='ocrx_word' id='word_1_1405' title='bbox 1375 3107 1514 3137; x_wconf 90' lang='lat' dir='ltr'>videbitur</span> <span class='ocrx_word' id='word_1_1406' title='bbox 1527 3106 1669 3143; x_wconf 79' lang='lat' dir='ltr'>expedire:</span> 
     </span>
    </p>

    <p class='ocr_par' dir='ltr' id='par_1_40' title="bbox 1254 3142 2304 3259">
     <span class='ocr_line' id='line_1_165' title="bbox 1293 3142 2302 3183; baseline -0.002 -7"><span class='ocrx_word' id='word_1_1407' title='bbox 1293 3145 1329 3176; x_wconf 73' lang='lat' dir='ltr'>Et</span> <span class='ocrx_word' id='word_1_1408' title='bbox 1344 3145 1422 3183; x_wconf 82' lang='lat' dir='ltr'>quod</span> <span class='ocrx_word' id='word_1_1409' title='bbox 1439 3145 1508 3175; x_wconf 64' lang='lat' dir='ltr'>dieii</span> <span class='ocrx_word' id='word_1_1410' title='bbox 1529 3144 1744 3174; x_wconf 75' lang='lat' dir='ltr'>Ainbaffiatores</span> <span class='ocrx_word' id='word_1_1411' title='bbox 1758 3144 1790 3173; x_wconf 88' lang='lat'>&amp;</span> <span class='ocrx_word' id='word_1_1412' title='bbox 1806 3142 2018 3180; x_wconf 73' lang='lat' dir='ltr'>Commisfiirii,</span> <span class='ocrx_word' id='word_1_1413' title='bbox 2035 3144 2079 3174; x_wconf 86' lang='lat' dir='ltr'>seu</span> <span class='ocrx_word' id='word_1_1414' title='bbox 2094 3144 2137 3174; x_wconf 81' lang='lat' dir='ltr'>alii</span> <span class='ocrx_word' id='word_1_1415' title='bbox 2149 3144 2215 3173; x_wconf 84' lang='lat' dir='ltr'>loco</span> <span class='ocrx_word' id='word_1_1416' title='bbox 2230 3144 2302 3181; x_wconf 50' lang='lat' dir='ltr'>ipso-¹</span> 
     </span>
     <span class='ocr_line' id='line_1_166' title="bbox 1255 3180 2301 3223; baseline 0 -11"><span class='ocrx_word' id='word_1_1417' title='bbox 1255 3194 1317 3213; x_wconf 90' lang='lat' dir='ltr'>rum</span> <span class='ocrx_word' id='word_1_1418' title='bbox 1332 3184 1502 3223; x_wconf 73' lang='lat' dir='ltr'>deputandi,</span> <span class='ocrx_word' id='word_1_1419' title='bbox 1520 3182 1684 3212; x_wconf 85' lang='lat' dir='ltr'>Voluntates</span> <span class='ocrx_word' id='word_1_1420' title='bbox 1700 3183 1732 3211; x_wconf 63' lang='grc' dir='ltr'>δε</span> <span class='ocrx_word' id='word_1_1421' title='bbox 1753 3180 1975 3211; x_wconf 77' lang='lat' dir='ltr'>Delibcrationes</span> <span class='ocrx_word' id='word_1_1422' title='bbox 1995 3183 2136 3211; x_wconf 74' lang='lat' dir='ltr'>dictorum</span> <span class='ocrx_word' id='word_1_1423' title='bbox 2157 3181 2301 3212; x_wconf 90' lang='lat' dir='ltr'>Domino-</span> 
     </span>
     <span class='ocr_line' id='line_1_167' title="bbox 1254 3219 2304 3259; baseline 0 -7"><span class='ocrx_word' id='word_1_1424' title='bbox 1254 3233 1316 3252; x_wconf 86' lang='lat' dir='ltr'>rum</span> <span class='ocrx_word' id='word_1_1425' title='bbox 1343 3223 1457 3252; x_wconf 88' lang='lat' dir='ltr'>suorum</span> <span class='ocrx_word' id='word_1_1426' title='bbox 1474 3244 1484 3259; x_wconf 90' lang='lat'>,</span> <span class='ocrx_word' id='word_1_1427' title='bbox 1508 3221 1585 3258; x_wconf 86' lang='lat' dir='ltr'>super</span> <span class='ocrx_word' id='word_1_1428' title='bbox 1607 3220 1740 3250; x_wconf 80' lang='lat' dir='ltr'>omnibus</span> <span class='ocrx_word' id='word_1_1429' title='bbox 1765 3220 1797 3250; x_wconf 85' lang='lat'>&amp;</span> <span class='ocrx_word' id='word_1_1430' title='bbox 1814 3219 1922 3258; x_wconf 81' lang='lat' dir='ltr'>singulis</span> <span class='ocrx_word' id='word_1_1431' title='bbox 1937 3219 2099 3256; x_wconf 73' lang='lat' dir='ltr'>Praemiliis,</span> <span class='ocrx_word' id='word_1_1432' title='bbox 2115 3220 2208 3250; x_wconf 89' lang='lat' dir='ltr'>secum</span> <span class='ocrx_word' id='word_1_1433' title='bbox 2227 3230 2304 3252; x_wconf 86' lang='lat' dir='ltr'>tene-</span> 
     </span>
    </p>
   </div>
   <div class='ocr_carea' id='block_1_12' title="bbox 1255 3257 2430 3305">
    <p class='ocr_par' dir='ltr' id='par_1_41' title="bbox 1255 3257 2430 3305">
     <span class='ocr_line' id='line_1_168' title="bbox 1255 3257 2430 3305; baseline -0.001 -15"><span class='ocrx_word' id='word_1_1434' title='bbox 1255 3261 1359 3291; x_wconf 89' lang='lat' dir='ltr'>buntur</span> <span class='ocrx_word' id='word_1_1435' title='bbox 1378 3263 1395 3278; x_wconf 61' lang='lat'>³⁸</span> <span class='ocrx_word' id='word_1_1436' title='bbox 1416 3269 1553 3297; x_wconf 85' lang='lat' dir='ltr'>reportare</span> <span class='ocrx_word' id='word_1_1437' title='bbox 1567 3282 1577 3297; x_wconf 93' lang='lat'>,</span> <span class='ocrx_word' id='word_1_1438' title='bbox 1599 3259 1678 3289; x_wconf 66' lang='lat' dir='ltr'>dicto</span> <span class='ocrx_word' id='word_1_1439' title='bbox 1703 3258 1930 3295; x_wconf 86' lang='lat' dir='ltr'>Quintodecimo</span> <span class='ocrx_word' id='word_1_1440' title='bbox 1956 3257 2012 3287; x_wconf 86' lang='lat' dir='ltr'>Die</span> <span class='ocrx_word' id='word_1_1441' title='bbox 2029 3258 2133 3288; x_wconf 82' lang='lat' dir='ltr'>Menlis</span> <span class='ocrx_word' id='word_1_1442' title='bbox 2149 3257 2303 3298; x_wconf 63' lang='lat' dir='ltr'>Octobris,</span> <span class='ocrx_word' id='word_1_1443' title='bbox 2340 3276 2357 3293; x_wconf 48' lang='grc' dir='ltr'>,ι</span> <span class='ocrx_word' id='word_1_1444' title='bbox 2380 3278 2430 3305; x_wconf 45' lang='grc' dir='ltr'>Ιχ·</span> 
     </span>
    </p>
   </div>
   <div class='ocr_carea' id='block_1_13' title="bbox 1247 3296 2330 4128">
    <p class='ocr_par' dir='ltr' id='par_1_42' title="bbox 1253 3296 2330 3527">
     <span class='ocr_line' id='line_1_169' title="bbox 1254 3296 2306 3335; baseline -0.001 -6"><span class='ocrx_word' id='word_1_1445' title='bbox 1254 3299 1287 3329; x_wconf 84' lang='lat' dir='ltr'>ad</span> <span class='ocrx_word' id='word_1_1446' title='bbox 1314 3299 1527 3330; x_wconf 77' lang='lat' dir='ltr'>procedendum</span> <span class='ocrx_word' id='word_1_1447' title='bbox 1543 3321 1552 3335; x_wconf 94' lang='lat'>,</span> <span class='ocrx_word' id='word_1_1448' title='bbox 1583 3297 1764 3327; x_wconf 74' lang='lat' dir='ltr'>Firinandum</span> <span class='ocrx_word' id='word_1_1449' title='bbox 1782 3319 1791 3334; x_wconf 88' lang='lat'>,</span> <span class='ocrx_word' id='word_1_1450' title='bbox 1819 3296 2069 3326; x_wconf 78' lang='lat' dir='ltr'>Detcrminandum</span> <span class='ocrx_word' id='word_1_1451' title='bbox 2086 3318 2095 3333; x_wconf 90' lang='lat'>,</span> <span class='ocrx_word' id='word_1_1452' title='bbox 2128 3297 2161 3326; x_wconf 70' lang='grc' dir='ltr'>δε</span> <span class='ocrx_word' id='word_1_1453' title='bbox 2192 3298 2306 3328; x_wconf 78' lang='lat' dir='ltr'>finaliter</span> 
     </span>
     <span class='ocr_line' id='line_1_170' title="bbox 1257 3334 2330 3374; baseline -0.001 -7"><span class='ocrx_word' id='word_1_1454' title='bbox 1257 3337 1496 3368; x_wconf 80' lang='lat' dir='ltr'>Concludendurn</span> <span class='ocrx_word' id='word_1_1455' title='bbox 1514 3359 1523 3373; x_wconf 87' lang='lat'>,</span> <span class='ocrx_word' id='word_1_1456' title='bbox 1551 3339 1630 3372; x_wconf 84' lang='lat' dir='ltr'>super</span> <span class='ocrx_word' id='word_1_1457' title='bbox 1651 3335 1783 3364; x_wconf 80' lang='lat' dir='ltr'>omnibus</span> <span class='ocrx_word' id='word_1_1458' title='bbox 1798 3335 1830 3364; x_wconf 69' lang='grc' dir='ltr'>ὃ(</span> <span class='ocrx_word' id='word_1_1459' title='bbox 1846 3335 1955 3370; x_wconf 71' lang='lat' dir='ltr'>lingulis</span> <span class='ocrx_word' id='word_1_1460' title='bbox 1970 3334 2218 3374; x_wconf 70' lang='lat' dir='ltr'>Reparatimnbus,</span> <span class='ocrx_word' id='word_1_1461' title='bbox 2238 3337 2303 3366; x_wconf 71' lang='lat' dir='ltr'>Suf-</span> <span class='ocrx_word' id='word_1_1462' title='bbox 2324 3340 2330 3350; x_wconf 89' lang='lat'><strong><em>‘</em></strong></span> 
     </span>
     <span class='ocr_line' id='line_1_171' title="bbox 1255 3372 2302 3413; baseline -0.001 -7"><span class='ocrx_word' id='word_1_1463' title='bbox 1255 3376 1396 3413; x_wconf 86' lang='lat' dir='ltr'>ferentiis,</span> <span class='ocrx_word' id='word_1_1464' title='bbox 1414 3375 1639 3409; x_wconf 77' lang='lat' dir='ltr'>Provilionibiis,</span> <span class='ocrx_word' id='word_1_1465' title='bbox 1659 3375 1690 3404; x_wconf 73' lang='grc' dir='ltr'>δε</span> <span class='ocrx_word' id='word_1_1466' title='bbox 1705 3373 1902 3403; x_wconf 78' lang='lat' dir='ltr'>Securitatibus</span> <span class='ocrx_word' id='word_1_1467' title='bbox 1918 3372 2061 3402; x_wconf 63' lang='lat' dir='ltr'>antedic‘tis</span> <span class='ocrx_word' id='word_1_1468' title='bbox 2075 3395 2085 3409; x_wconf 90' lang='lat'>‚</span> <span class='ocrx_word' id='word_1_1469' title='bbox 2104 3383 2186 3409; x_wconf 85' lang='lat' dir='ltr'>prout</span> <span class='ocrx_word' id='word_1_1470' title='bbox 2203 3375 2302 3405; x_wconf 77' lang='lat' dir='ltr'>melius</span> 
     </span>
     <span class='ocr_line' id='line_1_172' title="bbox 1256 3410 2300 3452; baseline -0.002 -8"><span class='ocrx_word' id='word_1_1471' title='bbox 1256 3415 1290 3444; x_wconf 67' lang='grc' dir='ltr'>ὃς</span> <span class='ocrx_word' id='word_1_1472' title='bbox 1307 3414 1417 3452; x_wconf 75' lang='lat' dir='ltr'>utilius,</span> <span class='ocrx_word' id='word_1_1473' title='bbox 1433 3423 1486 3451; x_wconf 87' lang='lat' dir='ltr'>pro</span> <span class='ocrx_word' id='word_1_1474' title='bbox 1502 3411 1592 3443; x_wconf 90' lang='lat' dir='ltr'>Cursu</span> <span class='ocrx_word' id='word_1_1475' title='bbox 1613 3413 1644 3442; x_wconf 88' lang='lat'><strong>&amp;</strong></span> <span class='ocrx_word' id='word_1_1476' title='bbox 1667 3412 1815 3441; x_wconf 86' lang='lat' dir='ltr'>communi</span> <span class='ocrx_word' id='word_1_1477' title='bbox 1834 3410 1962 3441; x_wconf 86' lang='lat' dir='ltr'>Utilitate</span> <span class='ocrx_word' id='word_1_1478' title='bbox 1979 3410 2213 3442; x_wconf 56' lang='lat' dir='ltr'>incitandum-um</span> <span class='ocrx_word' id='word_1_1479' title='bbox 2229 3423 2300 3450; x_wconf 81' lang='lat' dir='ltr'>prae-</span> 
     </span>
     <span class='ocr_line' id='line_1_173' title="bbox 1255 3448 2299 3490; baseline -0.003 -7"><span class='ocrx_word' id='word_1_1480' title='bbox 1255 3453 1390 3483; x_wconf 65' lang='lat' dir='ltr'>diffluum</span> <span class='ocrx_word' id='word_1_1481' title='bbox 1400 3475 1409 3490; x_wconf 87' lang='lat'>,</span> <span class='ocrx_word' id='word_1_1482' title='bbox 1427 3451 1554 3488; x_wconf 81' lang='lat' dir='ltr'>expedire</span> <span class='ocrx_word' id='word_1_1483' title='bbox 1571 3451 1731 3486; x_wconf 70' lang='lat' dir='ltr'>videbitur,</span> <span class='ocrx_word' id='word_1_1484' title='bbox 1750 3450 1777 3478; x_wconf 92' lang='lat' dir='ltr'>in</span> <span class='ocrx_word' id='word_1_1485' title='bbox 1792 3450 1926 3479; x_wconf 85' lang='lat' dir='ltr'>omnibus</span> <span class='ocrx_word' id='word_1_1486' title='bbox 1939 3450 1972 3480; x_wconf 89' lang='lat'>&amp;</span> <span class='ocrx_word' id='word_1_1487' title='bbox 1987 3448 2097 3489; x_wconf 88' lang='lat' dir='ltr'>singulis</span> <span class='ocrx_word' id='word_1_1488' title='bbox 2110 3449 2215 3488; x_wconf 80' lang='lat' dir='ltr'>semper</span> <span class='ocrx_word' id='word_1_1489' title='bbox 2227 3452 2299 3481; x_wconf 87' lang='lat' dir='ltr'>frau-</span> 
     </span>
     <span class='ocr_line' id='line_1_174' title="bbox 1253 3487 1814 3527; baseline -0.012 -5"><span class='ocrx_word' id='word_1_1490' title='bbox 1253 3492 1305 3527; x_wconf 87' lang='lat' dir='ltr'>de,</span> <span class='ocrx_word' id='word_1_1491' title='bbox 1321 3491 1407 3527; x_wconf 84' lang='lat' dir='ltr'>dolo,</span> <span class='ocrx_word' id='word_1_1492' title='bbox 1423 3491 1456 3520; x_wconf 87' lang='lat'>&amp;</span> <span class='ocrx_word' id='word_1_1493' title='bbox 1470 3489 1544 3519; x_wconf 89' lang='lat' dir='ltr'>malo</span> <span class='ocrx_word' id='word_1_1494' title='bbox 1560 3489 1672 3527; x_wconf 81' lang='lat' dir='ltr'>ingenio</span> <span class='ocrx_word' id='word_1_1495' title='bbox 1685 3487 1814 3517; x_wconf 80' lang='lat' dir='ltr'>exclusis:</span> 
     </span>
    </p>

    <p class='ocr_par' dir='ltr' id='par_1_43' title="bbox 1247 3524 2299 3872">
     <span class='ocr_line' id='line_1_175' title="bbox 1291 3524 2297 3564; baseline -0.005 -5"><span class='ocrx_word' id='word_1_1496' title='bbox 1291 3530 1313 3559; x_wconf 88' lang='lat' dir='ltr'>P</span> <span class='ocrx_word' id='word_1_1497' title='bbox 1326 3539 1345 3559; x_wconf 76' lang='lat' dir='ltr'>R</span> <span class='ocrx_word' id='word_1_1498' title='bbox 1357 3540 1377 3558; x_wconf 91' lang='lat' dir='ltr'>o</span> <span class='ocrx_word' id='word_1_1499' title='bbox 1387 3539 1404 3558; x_wconf 92' lang='lat' dir='ltr'>v</span> <span class='ocrx_word' id='word_1_1500' title='bbox 1415 3538 1425 3558; x_wconf 86' lang='lat'>1</span> <span class='ocrx_word' id='word_1_1501' title='bbox 1439 3538 1478 3558; x_wconf 80' lang='lat' dir='ltr'>so</span> <span class='ocrx_word' id='word_1_1502' title='bbox 1501 3528 1607 3564; x_wconf 86' lang='lat' dir='ltr'>semper</span> <span class='ocrx_word' id='word_1_1503' title='bbox 1628 3526 1723 3563; x_wconf 82' lang='lat' dir='ltr'>quod,</span> <span class='ocrx_word' id='word_1_1504' title='bbox 1741 3526 1840 3563; x_wconf 70' lang='lat' dir='ltr'>vigore</span> <span class='ocrx_word' id='word_1_1505' title='bbox 1852 3526 1884 3555; x_wconf 70' lang='grc' dir='ltr'>δε</span> <span class='ocrx_word' id='word_1_1506' title='bbox 1902 3533 2037 3562; x_wconf 76' lang='lat' dir='ltr'>praetextu</span> <span class='ocrx_word' id='word_1_1507' title='bbox 2053 3524 2297 3563; x_wconf 83' lang='lat' dir='ltr'>Continuationis,</span> 
     </span>
     <span class='ocr_line' id='line_1_176' title="bbox 1255 3563 2298 3605; baseline -0.004 -7"><span class='ocrx_word' id='word_1_1508' title='bbox 1255 3568 1462 3605; x_wconf 87' lang='lat' dir='ltr'>Resumptionis</span> <span class='ocrx_word' id='word_1_1509' title='bbox 1479 3589 1487 3604; x_wconf 90' lang='lat'>,</span> <span class='ocrx_word' id='word_1_1510' title='bbox 1512 3565 1555 3595; x_wconf 86' lang='lat' dir='ltr'>scu</span> <span class='ocrx_word' id='word_1_1511' title='bbox 1579 3564 1785 3594; x_wconf 79' lang='lat' dir='ltr'>Renovationis</span> <span class='ocrx_word' id='word_1_1512' title='bbox 1806 3563 2002 3600; x_wconf 70' lang='lat' dir='ltr'>praedic‘tarum</span> <span class='ocrx_word' id='word_1_1513' title='bbox 2018 3586 2027 3600; x_wconf 93' lang='lat'>,</span> <span class='ocrx_word' id='word_1_1514' title='bbox 2052 3563 2298 3594; x_wconf 74' lang='lat' dir='ltr'>Excellentissimus</span> 
     </span>
     <span class='ocr_line' id='line_1_177' title="bbox 1253 3600 2299 3640; baseline -0.005 -5"><span class='ocrx_word' id='word_1_1515' title='bbox 1253 3605 1396 3635; x_wconf 81' lang='lat' dir='ltr'>Dominus</span> <span class='ocrx_word' id='word_1_1516' title='bbox 1416 3607 1473 3633; x_wconf 80' lang='lat' dir='ltr'>Rex</span> <span class='ocrx_word' id='word_1_1517' title='bbox 1493 3601 1604 3639; x_wconf 68' lang='lat' dir='ltr'>Aisgliae</span> <span class='ocrx_word' id='word_1_1518' title='bbox 1621 3602 1776 3632; x_wconf 61' lang='lat' dir='ltr'>anteditfffls</span> <span class='ocrx_word' id='word_1_1519' title='bbox 1795 3602 1950 3631; x_wconf 87' lang='lat' dir='ltr'>nullatenus</span> <span class='ocrx_word' id='word_1_1520' title='bbox 1970 3600 2147 3640; x_wconf 83' lang='lat' dir='ltr'>astringatur,</span> <span class='ocrx_word' id='word_1_1521' title='bbox 2166 3602 2233 3637; x_wconf 91' lang='lat' dir='ltr'>quin</span> <span class='ocrx_word' id='word_1_1522' title='bbox 2248 3601 2299 3633; x_wconf 87' lang='lat' dir='ltr'>sibi</span> 
     </span>
     <span class='ocr_line' id='line_1_178' title="bbox 1252 3638 2296 3681; baseline -0.004 -8"><span class='ocrx_word' id='word_1_1523' title='bbox 1252 3643 1349 3681; x_wconf 77' lang='lat' dir='ltr'>liceat,</span> <span class='ocrx_word' id='word_1_1524' title='bbox 1369 3641 1514 3672; x_wconf 69' lang='lat' dir='ltr'>l&#39;rremiffis</span> <span class='ocrx_word' id='word_1_1525' title='bbox 1537 3651 1594 3670; x_wconf 89' lang='lat' dir='ltr'>non</span> <span class='ocrx_word' id='word_1_1526' title='bbox 1615 3640 1788 3670; x_wconf 79' lang='lat' dir='ltr'>obstantibus</span> <span class='ocrx_word' id='word_1_1527' title='bbox 1802 3662 1812 3678; x_wconf 93' lang='lat'>,</span> <span class='ocrx_word' id='word_1_1528' title='bbox 1831 3640 1866 3670; x_wconf 86' lang='lat' dir='ltr'>ab</span> <span class='ocrx_word' id='word_1_1529' title='bbox 1882 3640 1983 3669; x_wconf 89' lang='lat' dir='ltr'>eisdem</span> <span class='ocrx_word' id='word_1_1530' title='bbox 2002 3662 2011 3676; x_wconf 95' lang='lat'>,</span> <span class='ocrx_word' id='word_1_1531' title='bbox 2037 3640 2054 3668; x_wconf 89' lang='lat' dir='ltr'>si</span> <span class='ocrx_word' id='word_1_1532' title='bbox 2070 3638 2219 3675; x_wconf 70' lang='lat' dir='ltr'>Magestati·</span> <span class='ocrx_word' id='word_1_1533' title='bbox 2236 3638 2296 3669; x_wconf 79' lang='lat' dir='ltr'>Re-</span> 
     </span>
     <span class='ocr_line' id='line_1_179' title="bbox 1252 3677 2295 3719; baseline -0.005 -7"><span class='ocrx_word' id='word_1_1534' title='bbox 1252 3683 1308 3718; x_wconf 72' lang='lat' dir='ltr'>giae</span> <span class='ocrx_word' id='word_1_1535' title='bbox 1327 3681 1475 3719; x_wconf 70' lang='lat' dir='ltr'>placuerit,</span> <span class='ocrx_word' id='word_1_1536' title='bbox 1493 3679 1592 3709; x_wconf 79' lang='lat' dir='ltr'>resilire</span> <span class='ocrx_word' id='word_1_1537' title='bbox 1605 3682 1637 3710; x_wconf 82' lang='lat'>&amp;</span> <span class='ocrx_word' id='word_1_1538' title='bbox 1653 3680 1808 3716; x_wconf 78' lang='lat' dir='ltr'>divertere,</span> <span class='ocrx_word' id='word_1_1539' title='bbox 1824 3679 1859 3708; x_wconf 86' lang='lat' dir='ltr'>ita</span> <span class='ocrx_word' id='word_1_1540' title='bbox 1872 3687 1966 3708; x_wconf 87' lang='lat' dir='ltr'>tamen</span> <span class='ocrx_word' id='word_1_1541' title='bbox 1980 3677 2075 3715; x_wconf 80' lang='lat' dir='ltr'>quod,</span> <span class='ocrx_word' id='word_1_1542' title='bbox 2091 3687 2122 3707; x_wconf 84' lang='lat' dir='ltr'>ex</span> <span class='ocrx_word' id='word_1_1543' title='bbox 2137 3686 2211 3713; x_wconf 79' lang='lat' dir='ltr'>parte</span> <span class='ocrx_word' id='word_1_1544' title='bbox 2226 3678 2295 3714; x_wconf 89' lang='lat' dir='ltr'>ejus-</span> 
     </span>
     <span class='ocr_line' id='line_1_180' title="bbox 1250 3714 2293 3755; baseline -0.006 -5"><span class='ocrx_word' id='word_1_1545' title='bbox 1250 3720 1316 3750; x_wconf 90' lang='lat' dir='ltr'>dem</span> <span class='ocrx_word' id='word_1_1546' title='bbox 1332 3720 1434 3755; x_wconf 77' lang='lat' dir='ltr'>Regiae</span> <span class='ocrx_word' id='word_1_1547' title='bbox 1456 3717 1619 3754; x_wconf 72' lang='lat' dir='ltr'>Magestatis</span> <span class='ocrx_word' id='word_1_1548' title='bbox 1632 3741 1641 3754; x_wconf 89' lang='lat'>,</span> <span class='ocrx_word' id='word_1_1549' title='bbox 1661 3727 1707 3754; x_wconf 86' lang='lat' dir='ltr'>per</span> <span class='ocrx_word' id='word_1_1550' title='bbox 1725 3726 1813 3746; x_wconf 90' lang='lat' dir='ltr'>unum</span> <span class='ocrx_word' id='word_1_1551' title='bbox 1830 3716 1981 3752; x_wconf 88' lang='lat' dir='ltr'>Mensem,</span> <span class='ocrx_word' id='word_1_1552' title='bbox 2002 3724 2066 3744; x_wconf 88' lang='lat' dir='ltr'>ante</span> <span class='ocrx_word' id='word_1_1553' title='bbox 2078 3714 2232 3752; x_wconf 76' lang='lat' dir='ltr'>Ingresium</span> <span class='ocrx_word' id='word_1_1554' title='bbox 2245 3715 2293 3745; x_wconf 86' lang='lat' dir='ltr'>ali-</span> 
     </span>
     <span class='ocr_line' id='line_1_181' title="bbox 1250 3752 2295 3796; baseline -0.009 -8"><span class='ocrx_word' id='word_1_1555' title='bbox 1250 3760 1327 3796; x_wconf 79' lang='lat' dir='ltr'>cujus</span> <span class='ocrx_word' id='word_1_1556' title='bbox 1341 3758 1460 3787; x_wconf 79' lang='lat' dir='ltr'>Guerrae</span> <span class='ocrx_word' id='word_1_1557' title='bbox 1478 3755 1646 3792; x_wconf 73' lang='lat' dir='ltr'>Exercendae</span> <span class='ocrx_word' id='word_1_1558' title='bbox 1661 3763 1759 3785; x_wconf 86' lang='lat' dir='ltr'>contra</span> <span class='ocrx_word' id='word_1_1559' title='bbox 1774 3754 1795 3785; x_wconf 84' lang='lat' dir='ltr'>F</span> <span class='ocrx_word' id='word_1_1560' title='bbox 1797 3755 1946 3784; x_wconf 79' lang='lat' dir='ltr'>landrenses</span> <span class='ocrx_word' id='word_1_1561' title='bbox 1958 3777 1968 3789; x_wconf 91' lang='lat'>,</span> <span class='ocrx_word' id='word_1_1562' title='bbox 1987 3752 2031 3782; x_wconf 83' lang='lat' dir='ltr'>fiat</span> <span class='ocrx_word' id='word_1_1563' title='bbox 2044 3753 2226 3793; x_wconf 36' lang='lat' dir='ltr'>Prtemunitio</span> <span class='ocrx_word' id='word_1_1564' title='bbox 2241 3753 2295 3783; x_wconf 79' lang='lat' dir='ltr'>hu-</span> 
     </span>
     <span class='ocr_line' id='line_1_182' title="bbox 1247 3790 2294 3834; baseline -0.004 -8"><span class='ocrx_word' id='word_1_1565' title='bbox 1247 3796 1371 3834; x_wconf 86' lang='lat' dir='ltr'>jusmodi</span> <span class='ocrx_word' id='word_1_1566' title='bbox 1396 3793 1535 3825; x_wconf 69' lang='lat' dir='ltr'>Disccsssis</span> <span class='ocrx_word' id='word_1_1567' title='bbox 1558 3795 1613 3824; x_wconf 85' lang='lat' dir='ltr'>sive</span> <span class='ocrx_word' id='word_1_1568' title='bbox 1632 3793 1818 3823; x_wconf 82' lang='lat' dir='ltr'>Divertentiae</span> <span class='ocrx_word' id='word_1_1569' title='bbox 1838 3792 1995 3829; x_wconf 70' lang='lat' dir='ltr'>Capit-aneo</span> <span class='ocrx_word' id='word_1_1570' title='bbox 2018 3790 2054 3820; x_wconf 91' lang='lat' dir='ltr'>de</span> <span class='ocrx_word' id='word_1_1571' title='bbox 2068 3790 2294 3830; x_wconf 84' lang='lat' dir='ltr'>Gravelinghez,</span> 
     </span>
     <span class='ocr_line' id='line_1_183' title="bbox 1249 3834 2019 3872; baseline -0.009 -6"><span class='ocrx_word' id='word_1_1572' title='bbox 1249 3845 1294 3866; x_wconf 88' lang='lat' dir='ltr'>aut</span> <span class='ocrx_word' id='word_1_1573' title='bbox 1309 3836 1366 3872; x_wconf 84' lang='lat' dir='ltr'>ejus</span> <span class='ocrx_word' id='word_1_1574' title='bbox 1384 3834 1601 3863; x_wconf 89' lang='lat' dir='ltr'>Locumtenenti</span> <span class='ocrx_word' id='word_1_1575' title='bbox 1615 3834 1801 3869; x_wconf 88' lang='lat' dir='ltr'>cuicumque:</span> <span class='ocrx_word' id='word_1_1576' title='bbox 2014 3866 2019 3871; x_wconf 34' lang='grc' dir='ltr'>ι</span> 
     </span>
    </p>

    <p class='ocr_par' dir='ltr' id='par_1_44' title="bbox 1251 3866 2297 4127">
     <span class='ocr_line' id='line_1_184' title="bbox 1288 3866 2293 3908; baseline -0.005 -6"><span class='ocrx_word' id='word_1_1577' title='bbox 1288 3873 1311 3903; x_wconf 91' lang='grc' dir='ltr'><strong><em>Ρ</em></strong></span> <span class='ocrx_word' id='word_1_1578' title='bbox 1323 3882 1401 3903; x_wconf 76' lang='lat' dir='ltr'>Rov</span> <span class='ocrx_word' id='word_1_1579' title='bbox 1415 3879 1446 3900; x_wconf 76' lang='lat'>15</span> <span class='ocrx_word' id='word_1_1580' title='bbox 1457 3881 1477 3901; x_wconf 93' lang='lat' dir='ltr'>o</span> <span class='ocrx_word' id='word_1_1581' title='bbox 1503 3872 1585 3901; x_wconf 86' lang='lat' dir='ltr'>etiam</span> <span class='ocrx_word' id='word_1_1582' title='bbox 1599 3894 1609 3908; x_wconf 88' lang='lat'>‚</span> <span class='ocrx_word' id='word_1_1583' title='bbox 1631 3870 1812 3900; x_wconf 88' lang='lat' dir='ltr'>consimiliter</span> <span class='ocrx_word' id='word_1_1584' title='bbox 1829 3891 1838 3905; x_wconf 93' lang='lat'>,</span> <span class='ocrx_word' id='word_1_1585' title='bbox 1866 3866 1944 3904; x_wconf 78' lang='lat' dir='ltr'>quod</span> <span class='ocrx_word' id='word_1_1586' title='bbox 1960 3890 1969 3903; x_wconf 89' lang='lat'>,</span> <span class='ocrx_word' id='word_1_1587' title='bbox 1992 3875 2090 3903; x_wconf 75' lang='lat' dir='ltr'>vrgore</span> <span class='ocrx_word' id='word_1_1588' title='bbox 2110 3867 2142 3896; x_wconf 90' lang='lat'>&amp;</span> <span class='ocrx_word' id='word_1_1589' title='bbox 2159 3875 2293 3902; x_wconf 81' lang='lat' dir='ltr'>praetexm</span> 
     </span>
     <span class='ocr_line' id='line_1_185' title="bbox 1251 3904 2293 3947; baseline -0.009 -6"><span class='ocrx_word' id='word_1_1590' title='bbox 1251 3910 1480 3942; x_wconf 85' lang='lat' dir='ltr'>Continuationis</span> <span class='ocrx_word' id='word_1_1591' title='bbox 1494 3934 1505 3947; x_wconf 89' lang='lat'>,</span> <span class='ocrx_word' id='word_1_1592' title='bbox 1523 3908 1734 3946; x_wconf 88' lang='lat' dir='ltr'>Resumptionis</span> <span class='ocrx_word' id='word_1_1593' title='bbox 1749 3931 1758 3943; x_wconf 88' lang='lat'>,</span> <span class='ocrx_word' id='word_1_1594' title='bbox 1782 3907 1826 3935; x_wconf 90' lang='lat' dir='ltr'>seu</span> <span class='ocrx_word' id='word_1_1595' title='bbox 1845 3904 2064 3940; x_wconf 78' lang='lat' dir='ltr'>Renovationis‚</span> <span class='ocrx_word' id='word_1_1596' title='bbox 2083 3904 2293 3945; x_wconf 57' lang='lat' dir='ltr'>praedidtarum,</span> 
     </span>
     <span class='ocr_line' id='line_1_186' title="bbox 1251 3941 2294 3983; baseline -0.006 -3"><span class='ocrx_word' id='word_1_1597' title='bbox 1251 3949 1363 3980; x_wconf 82' lang='lat' dir='ltr'>illustris</span> <span class='ocrx_word' id='word_1_1598' title='bbox 1385 3947 1529 3978; x_wconf 89' lang='lat' dir='ltr'>Dominus</span> <span class='ocrx_word' id='word_1_1599' title='bbox 1547 3950 1615 3977; x_wconf 83' lang='lat' dir='ltr'>Dux</span> <span class='ocrx_word' id='word_1_1600' title='bbox 1639 3945 1801 3983; x_wconf 64' lang='lat' dir='ltr'>Burgundiae</span> <span class='ocrx_word' id='word_1_1601' title='bbox 1817 3966 1826 3981; x_wconf 91' lang='lat'>,</span> <span class='ocrx_word' id='word_1_1602' title='bbox 1852 3947 1940 3972; x_wconf 83' lang='lat' dir='ltr'>Comes</span> <span class='ocrx_word' id='word_1_1603' title='bbox 1959 3941 2095 3970; x_wconf 76' lang='lat' dir='ltr'>Flandriae</span> <span class='ocrx_word' id='word_1_1604' title='bbox 2109 3941 2267 3980; x_wconf 61' lang='lat' dir='ltr'>praelibatus</span> <span class='ocrx_word' id='word_1_1605' title='bbox 2284 3968 2294 3982; x_wconf 95' lang='lat'>,</span> 
     </span>
     <span class='ocr_line' id='line_1_187' title="bbox 1251 3979 2295 4026; baseline -0.009 -8"><span class='ocrx_word' id='word_1_1606' title='bbox 1251 3989 1399 4019; x_wconf 86' lang='lat' dir='ltr'>nullatinus</span> <span class='ocrx_word' id='word_1_1607' title='bbox 1421 3985 1585 4026; x_wconf 83' lang='lat' dir='ltr'>astringatur</span> <span class='ocrx_word' id='word_1_1608' title='bbox 1597 4008 1606 4021; x_wconf 91' lang='lat'>,</span> <span class='ocrx_word' id='word_1_1609' title='bbox 1632 3985 1700 4022; x_wconf 88' lang='lat' dir='ltr'>quin</span> <span class='ocrx_word' id='word_1_1610' title='bbox 1721 3984 1770 4013; x_wconf 88' lang='lat' dir='ltr'>sibi</span> <span class='ocrx_word' id='word_1_1611' title='bbox 1790 3983 1893 4023; x_wconf 73' lang='lat' dir='ltr'>liceat,</span> <span class='ocrx_word' id='word_1_1612' title='bbox 1916 3979 2064 4010; x_wconf 81' lang='lat' dir='ltr'>Praemiffis</span> <span class='ocrx_word' id='word_1_1613' title='bbox 2081 3990 2139 4010; x_wconf 91' lang='lat' dir='ltr'>non</span> <span class='ocrx_word' id='word_1_1614' title='bbox 2158 3982 2295 4012; x_wconf 80' lang='lat' dir='ltr'>obstanti-</span> 
     </span>
     <span class='ocr_line' id='line_1_188' title="bbox 1253 4018 2295 4063; baseline -0.004 -7"><span class='ocrx_word' id='word_1_1615' title='bbox 1253 4029 1322 4063; x_wconf 79' lang='lat' dir='ltr'>bus,</span> <span class='ocrx_word' id='word_1_1616' title='bbox 1337 4026 1372 4055; x_wconf 84' lang='lat' dir='ltr'>ab</span> <span class='ocrx_word' id='word_1_1617' title='bbox 1394 4025 1494 4054; x_wconf 87' lang='lat' dir='ltr'>eisdem</span> <span class='ocrx_word' id='word_1_1618' title='bbox 1509 4047 1518 4062; x_wconf 93' lang='lat'>,</span> <span class='ocrx_word' id='word_1_1619' title='bbox 1545 4023 1563 4053; x_wconf 88' lang='lat' dir='ltr'>si</span> <span class='ocrx_word' id='word_1_1620' title='bbox 1585 4023 1633 4052; x_wconf 91' lang='lat' dir='ltr'>sibi</span> <span class='ocrx_word' id='word_1_1621' title='bbox 1654 4021 1798 4059; x_wconf 87' lang='lat' dir='ltr'>placuerit,</span> <span class='ocrx_word' id='word_1_1622' title='bbox 1818 4019 1917 4049; x_wconf 82' lang='lat' dir='ltr'>resilire</span> <span class='ocrx_word' id='word_1_1623' title='bbox 1931 4019 1962 4049; x_wconf 71' lang='grc' dir='ltr'>δε</span> <span class='ocrx_word' id='word_1_1624' title='bbox 1980 4018 2134 4056; x_wconf 76' lang='lat' dir='ltr'>divertere,</span> <span class='ocrx_word' id='word_1_1625' title='bbox 2153 4020 2189 4050; x_wconf 86' lang='lat' dir='ltr'>ita</span> <span class='ocrx_word' id='word_1_1626' title='bbox 2201 4030 2295 4052; x_wconf 80' lang='lat' dir='ltr'>tamen</span> 
     </span>
     <span class='ocr_line' id='line_1_189' title="bbox 1254 4055 2297 4127; baseline -0.007 -33"><span class='ocrx_word' id='word_1_1627' title='bbox 1254 4063 1349 4103; x_wconf 76' lang='lat' dir='ltr'>quod,</span> <span class='ocrx_word' id='word_1_1628' title='bbox 1368 4072 1400 4093; x_wconf 75' lang='lat' dir='ltr'>ex</span> <span class='ocrx_word' id='word_1_1629' title='bbox 1422 4072 1496 4101; x_wconf 85' lang='lat' dir='ltr'>parte</span> <span class='ocrx_word' id='word_1_1630' title='bbox 1522 4061 1601 4099; x_wconf 85' lang='lat' dir='ltr'>ipsius</span> <span class='ocrx_word' id='word_1_1631' title='bbox 1623 4062 1732 4090; x_wconf 75' lang='lat' dir='ltr'>Domini</span> <span class='ocrx_word' id='word_1_1632' title='bbox 1752 4060 1853 4096; x_wconf 83' lang='lat' dir='ltr'>Ducis,</span> <span class='ocrx_word' id='word_1_1633' title='bbox 1874 4067 1922 4096; x_wconf 87' lang='lat' dir='ltr'>per</span> <span class='ocrx_word' id='word_1_1634' title='bbox 1947 4066 2035 4087; x_wconf 87' lang='lat' dir='ltr'>unum</span> <span class='ocrx_word' id='word_1_1635' title='bbox 2056 4055 2189 4090; x_wconf 85' lang='lat' dir='ltr'>Mensem</span> <span class='ocrx_word' id='word_1_1636' title='bbox 2205 4081 2216 4097; x_wconf 91' lang='lat'>,</span> <span class='ocrx_word' id='word_1_1637' title='bbox 2233 4067 2297 4127; x_wconf 61' lang='lat' dir='ltr'>aifre</span> 
     </span>
    </p>

    <p class='ocr_par' dir='ltr' id='par_1_45' title="bbox 2265 4106 2299 4128">
     <span class='ocr_line' id='line_1_190' title="bbox 2265 4106 2299 4128; baseline 0.029 -1"><span class='ocrx_word' id='word_1_1638' title='bbox 2265 4106 2299 4128; x_wconf 65' lang='lat'>11⁹</span> 
     </span>
    </p>
   </div>
   <div class='ocr_carea' id='block_1_14' title="bbox 2323 3315 2384 3342">
    <p class='ocr_par' dir='ltr' id='par_1_46' title="bbox 2323 3315 2384 3342">
     <span class='ocr_line' id='line_1_191' title="bbox 2323 3315 2384 3342; baseline 0 -1"><span class='ocrx_word' id='word_1_1639' title='bbox 2323 3315 2384 3342; x_wconf 62' lang='lat' dir='ltr'>&#39;’t-32.</span> 
     </span>
    </p>
   </div>
  </div>
 </body>
</html>
