2562 4274
183 117 232 167 78

27 199 155 230 Ann.D.
179 201 259 231 &um
275 199 368 238 Aqua:
379 223 387 237 ,
405 200 450 242 vei
467 208 579 237 propter
595 199 654 229 lioc
670 199 750 237 quod
767 210 825 230 non
839 200 973 230 haberent
987 199 1066 236 quod
1083 198 1242 236 Molerent,

47 249 130 278 1422.

25 282 88 309 112²..
117 288 128 293 ··

42 892 117 919 *K

110 293 139 315 j.

177 238 223 270 vel
243 248 356 278 propter
382 238 542 268 fractu-mm
565 238 684 275 aliquam
713 248 776 275 quae
802 239 904 269 accidit
921 239 949 267 in
979 237 1169 275 Molendino,
1193 239 1240 268 vel

177 286 293 317 propter
307 276 485 307 Refaftivam
503 276 622 313 aliquam
632 299 640 313 ,
657 276 701 305 vel
721 285 774 312 pro
789 277 884 314 aliquo
899 275 976 314 quod
991 277 1030 306 ibi
1047 277 1161 307 evenire
1174 286 1241 313 pos-

177 315 235 353 set,
264 325 322 345 non
345 316 437 344 minus
463 323 607 344 teneamur
631 314 664 344 ad
692 315 853 345 faciendum
878 315 992 352 plenum
1014 314 1237 354 Pagarnentum,

179 355 239 384 tam
256 354 290 383 de
308 352 408 388 ssiado,
428 353 513 390 quam
533 353 569 382 de
587 351 695 389 Poena,
722 353 815 383 eidem
830 356 864 383 G.
884 356 971 383 Uxori
979 352 1058 392 ficae,
1083 354 1116 384 &
1136 351 1239 383 Haere-

179 392 261 422 dibus
275 391 441 428 supradic‘tis.

218 429 256 460 Et
267 452 276 466 ,
296 431 314 459 si
331 438 458 466 oporteat
474 428 562 466 aliqua
582 427 765 460 Custimenta
781 439 887 467 ponere
905 430 935 460 in
952 429 1034 460 diffisis
1051 429 1241 467 Molendinis,

179 467 237 497 sive
255 470 281 496 in
299 467 387 498 altero
402 467 532 504 iliorum,
551 477 680 498 tenemur
698 478 803 504 ponere
819 469 862 498 illa
879 469 914 499 de
928 469 1046 506 nostro,
1065 469 1123 498 sine
1135 471 1175 498 Re
1189 467 1242 497 ali-

180 506 235 549 qud
247 505 370 544 pom-mia⁴
386 505 422 535 de
440 516 514 543 parte
531 506 611 544 ipiiua·
631 507 764 543 Guiardi,
784 507 828 536 vcl
848 507 1006 537 Haeredum
1020 508 1152 544 suorum,
1172 507 1241 549 quin

180 548 227 574 fiat
244 546 297 581 eis,
317 544 375 574 tum
393 543 428 574 de
448 544 534 575 Blado
546 567 555 583 ,
571 545 659 582 quam
676 544 712 574 de
729 543 820 575 Pcena
838 546 995 584 praedietis,
1014 546 1131 584 plenum
1146 545 1180 576 &
1197 554 1240 575 in·-

179 591 289 613 tevi‘um
306 581 523 621 Pagamentuiii.
984 611 986 613 ,

207 608 299 650 'ianne
316 630 409 650 autem
424 619 627 652 venditionem
638 645 647 658 ,
665 620 903 660 Obligationem,
920 630 1005 660 atque
1014 621 1243 661 conventiones,

199 669 263 690 rout
281 659 402 694 superius
419 659 479 689 sunt
496 659 648 697 expresse,
668 659 744 690 bona
757 659 811 690 fide
825 659 1011 692 Promiiimus
1023 684 1033 699 ,
1050 662 1084 692 &
1110 661 1159 692 sub
1179 660 1242 692 Re-

177 669 285 733 iigione
304 698 381 728 Fidei
401 699 553 736 corporalis
569 699 718 736 exhibitae,
735 702 932 737 firmavimus,
949 700 1118 739 Tenendas,
1133 701 1166 731 ὃς
1185 703 1241 729 Im-

173 736 329 775 peipetui‘m
343 737 555 775 Observandas,
571 738 604 768 δε
622 736 864 768 Guarantizandas
881 737 974 769 eidem
992 739 1133 777 Guiardo,
1147 739 1180 769 ὃς
1190 739 1240 770 suis

178 775 350 805 Haeredibus
367 775 533 813 supradiCtis.

216 811 253 843 Et
283 813 346 853 Ego
370 816 441 844 vero
470 814 626 853 Johanna,
643 816 718 844 Uxor
745 814 813 845 dic'ii
830 814 994 851 Guillielmi,
1014 815 1084 846 Fide
1101 816 1242 854 corporali

178 851 316 890 praestitfi,
336 853 368 884 ὃς
395 853 451 884 sine
474 854 565 890 aliqua
587 853 757 890 coactione,
776 853 925 891 spontanei}⁴
948 855 1095 886 voluntate
1110 880 1119 893 ,
1147 856 1243 894 Quito

182 893 377 929 Ivi-perpetui‘em
397 891 489 922 eidem
513 891 650 928 Guiara'o‚
669 891 767 922 Uxori
787 893 862 930 ejus,
880 892 987 932 suisque
1010 894 1202 934 Haeredibus,
1220 895 1242 913 ²¹¹³

183 930 320 966 quidquid
335 930 409 969 Juris
425 930 517 961 habeo
536 931 580 962 vel
599 930 725 960 habitura
743 931 805 960 sum
821 932 850 961 in
867 931 947 962 dicto
977 933 1104 964 Redditu
1133 934 1191 964 sive
1212 934 1242 962 in

180 967 353 999 Venditione
376 969 447 998 illius
462 992 472 1006 ,
497 970 556 999 tZim
586 969 691 999 ratione
716 968 837 1008 Doarii,
865 972 952 1008 quam
978 971 1032 1001 alio
1056 982 1244 1010 quocumque

182 1007 294 1043 niodo,
313 1006 346 1037 Et
365 1007 508 1039 Promiito
528 1006 607 1045 quod
622 1009 650 1036 in
668 1006 826 1046 praedictis,
845 1018 895 1046 per
915 1018 978 1046 me,
993 1009 1038 1040 vel
1065 1020 1115 1048 per
1139 1011 1244 1049 alium,

180 1046 267 1076 nicliil
284 1046 319 1075 de
334 1055 440 1076 caetero
453 1045 639 1076 Reclamabo.

219 1084 326 1121 Quod,
343 1093 373 1115 ut
390 1084 497 1114 Rarum
513 1085 546 1116 ὃ(
565 1082 671 1114 Stabile
687 1093 848 1122 permaneat
866 1086 895 1114 in
913 1084 1042 1117 futurum
1053 1086 1245 1125 ,Nos,Guil-

180 1122 300 1160 Idolum,
319 1122 350 1152 &
364 1121 501 1160 Jolmnna
518 1125 593 1152 Uxor
615 1123 684 1159 qjus,
702 1128 850 1160 praesentes
874 1123 982 1155 Literas
1020 1126 1121 1164 Sigillis
1142 1128 1245 1158 nostris

179 1161 322 1190 roboratas
334 1184 342 1198 ,
361 1161 453 1197 eidem
469 1164 503 1191 G.
519 1163 606 1190 Uxori
626 1161 702 1199 ejus,
718 1161 752 1191 &
770 1171 871 1192 eorum
889 1148 1077 1203 Hoered’ibus‚
1097 1166 1126 1195 in
1149 1165 1245 1196 Testi-

179 1200 313 1229 monium
333 1199 473 1229 Dedimus
487 1200 520 1230 δε
542 1200 705 1230 iN‘lunimen.

218 1238 325 1268 Adsum
345 1237 430 1268 Anno
448 1237 572 1268 Domini
589 1237 764 1277 Millesimo,
781 1234 1005 1281 Ducentesimo,
1022 1242 1165 1274 tricesimo
1192 1253 1246 1274 no-

179 1285 239 1316 no,
259 1276 361 1308 Mense
376 1277 472 1317 Juiiio.

220 1352 284 1392 Ego
299 1353 464 1384 Guillielmus
479 1355 510 1384 de
525 1353 640 1394 Gasortio
656 1354 742 1385 Miles
751 1378 761 1393 ,
775 1355 807 1386 ἃ
820 1355 958 1394 Johanna
973 1357 1062 1388 Uxor
1079 1368 1140 1389 mea
1150 1382 1159 1397 ,
1172 1359 1206 1390 N
1209 1371 1244 1390 o—

182 1401 260 1423 ·rmi
286 1401 427 1424 Facimus
451 1393 655 1432 UNtvitRsts,
674 1396 821 1431 proesentcs
843 1395 951 1426 Literas
966 1396 1147 1435 inspecturis,
1164 1400 1245 1435 quod

180 1431 250 1462 Nos
275 1432 443 1461 deidimus
465 1432 586 1462 Guiardo
608 1433 640 1462 de
666 1433 749 1470 Solio,
767 1432 874 1463 Ballivo
896 1434 932 1464 dc
957 1435 1103 1473 Gisofflo,
1123 1436 1244 1468 Tresdc-

182 1471 242 1500 cim
258 1470 379 1500 Modios
394 1469 469 1500 Bladi
482 1471 580 1501 Annui
598 1470 754 1508 Redditus,
774 1472 950 1508 recipiendos
965 1474 1121 1505 Anntmtim
1135 1476 1171 1505 ab
1185 1476 1244 1513 ipso

177 1512 216 1578 ἑὲ.
235 1509 266 1540 &
283 1509 334 1539 suis
346 1509 533 1547 Haeredibus,
550 1510 579 1539 in
593 1509 771 1540 Molendinis
784 1509 884 1540 nostris
899 1511 936 1541 de
951 1511 1096 1551 Gisortio,
1116 1515 1163 1544 tali
1178 1525 1244 1546 mo-

199 1558 217 1577 0
232 1571 240 1583 a

218 1586 327 1625 Quod,
351 1586 370 1616 si
390 1585 534 1616 Dominus
557 1586 704 1627 Gewafius
729 1585 762 1615 de
789 1586 900 1617 Gaillon
917 1587 1021 1626 Miles,
1047 1590 1081 1621 &
1103 1591 1245 1631 Gliscenda

180 1627 258 1654 Uxor
274 1625 346 1663 ejus,
366 1625 463 1654 Adam
482 1625 514 1653 de
532 1623 711 1654 chaneueriis
725 1625 864 1664 Scutifer,
883 1627 915 1657 &
931 1627 1042 1666 Alipdis
1067 1631 1143 1659 Uxor
1168 1634 1245 1671 ejus,

182 1664 227 1694 vel
243 1674 342 1694 eorum
363 1663 518 1700 Haeredes,
539 1664 741 1702 inquietarent,
758 1664 851 1703 aliquo
872 1666 979 1704 modo,
998 1667 1121 1698 eundem
1143 1670 1246 1699 Guiar-

181 1702 244 1732 duni
257 1702 292 1733 de
306 1702 363 1732 hoc
378 1701 482 1739 Blado,
501 1701 546 1731 vel
563 1700 700 1732 Haeredae
714 1702 794 1741 sum,
810 1713 860 1741 per
874 1702 1014 1735 Placitum
1025 1730 1034 1743 ,
1053 1706 1098 1737 vel
1112 1707 1167 1738 alio
1181 1718 1246 1739 mo-

181 1740 238 1778 do,
258 1740 326 1769 Fide
341 1740 482 1778 corpor-ali
499 1738 637 1778 praestita,
656 1740 842 1772 Promifimus
857 1743 938 1780 quod
960 1754 1062 1775 omnes
1083 1744 1189 1777 Custus
1209 1749 1243 1778 ὃς

180 1779 288 1809 Omnia
303 1778 458 1816 Dampna,
471 1789 534 1817 quae
547 1779 647 1810 exinde
660 1779 810 1811 sustineant
824 1781 907 1812 Οᾶο
920 1781 1020 1814 Placiti
1037 1784 1081 1814 vel
1095 1784 1152 1814 alio
1177 1790 1243 1817 mo-

178 1817 235 1855 do,
259 1817 370 1854 penitus
391 1818 429 1847 eis
453 1815 703 1856 Restauraremus,
728 1819 781 1856 &‚
807 1819 844 1850 de
864 1820 1026 1852 hu'usmodi
1046 1821 1190 1861 Dampnis
1209 1826 1243 1857 ὃ(

179 1855 372 1887 Custamentis
387 1855 586 1894 restaurandis,
604 1865 696 1888 torum
714 1857 871 1889 Residuum
921 1858 1032 1891 edditfis
1053 1860 1244 1894 Molendino-

177 1904 242 1925 rum
264 1894 427 1925 nostrorum
449 1894 484 1926 de
504 1894 634 1926 Gisortio
654 1895 757 1927 eisdem
779 1898 808 1927 in
823 1897 1069 1937 Affignamentum
1084 1900 1244 1941 posuimus,

176 1933 212 1964 dc
226 1934 325 1971 quibus
343 1932 483 1971 Dampnis
498 1934 532 1964 ὃ(
549 1932 740 1967 Custamcntis
753 1934 830 1966 idem
845 1939 880 1966 G.
899 1939 975 1967 Uxor
987 1939 1061 1977 ejus,
1080 1939 1126 1971 vel
1140 1939 1246 1972 Haere-

178 1972 227 2003 des
242 1972 280 2003 sui
290 1995 299 2010 ,
318 1972 378 2002 solo
390 1973 439 2002 suo
455 1972 633 2003 crederentur
645 1973 823 2012 Juramento.

196 2009 248 2080 buln
263 2011 349 2055 'cujus
369 2012 408 2041 rei
432 2010 649 2042 Testimonium
668 2012 817 2051 praesentes
842 2013 950 2046 Literas
964 2014 1065 2056 Sigillis
1077 2016 1184 2048 nostris
1200 2017 1244 2049 Si-

195 2061 202 2080 i
224 2059 341 2080 avimus.

174 2058 193 2089 g
216 2088 324 2120 Aditum
339 2087 430 2120 Anno
443 2088 570 2121 Domini
588 2087 762 2129 Millefimo,
778 2089 1007 2132 Ducentesimo,
1024 2094 1170 2126 tricesimo
1189 2105 1245 2128 no-

174 2137 226 2159 no.

175 2201 382 2276 Msljnigefsis,
409 2205 558 2245 praesentes
581 2206 688 2239 Literas
711 2206 888 2248 inspecturis,
914 2210 1063 2252 Gervafius
1080 2213 1113 2242 de
1132 2212 1245 2244 Gaillon

216 2255 264 2276 ies
301 2254 415 2276 autern.

216 2283 368 2315 Noveritis
382 2295 400 2323 q
421 2283 461 2314 od
478 2283 540 2324 Ego
555 2285 690 2316 constitui
705 2285 849 2325 Plegium‚
868 2297 931 2326 erga
944 2289 1093 2318 Guidonem
1107 2290 1141 2320 de
1167 2290 1246 2320 Sola-

177 2325 236 2360 νὴ),
255 2322 393 2354 Ballivum
403 2295 444 2354 kiic
459 2322 607 2362 Gisortio,
626 2324 706 2362 quod
722 2323 854 2356 Domina
873 2326 1011 2365 Johanna
1031 2330 1125 2366 Uxor,
1143 2328 1246 2360 Nobi-

178 2360 212 2390 lis
225 2361 276 2393 viri
314 2361 438 2391 Domini
452 2361 599 2392 Guillielmi
615 2364 646 2392 de
661 2364 795 2402 Gisortio,
813 2364 884 2394 infra
904 2365 1007 2397 instans
1027 2366 1143 2397 Festum
1167 2368 1246 2398 Om-

176 2401 258 2430 nium
274 2384 462 2438 sanctorum,
479 2401 514 2431 ad
528 2400 648 2432 Curiam
665 2401 948 2442 Rotliomagensem‚
969 2405 1148 2443 personaliter
1163 2416 1245 2437 acce-

178 2436 244 2468 dere
259 2446 384 2476 tenetur,
401 2439 433 2476 δε
451 2440 550 2476 jurabit
563 2450 661 2470 coram
683 2440 810 2471 Officiali
834 2442 914 2480 quiid
935 2445 964 2472 in
985 2444 1151 2475 Tresdecim
1173 2444 1246 2476 Mo-

177 2475 228 2506 diis
244 2476 335 2515 Bladi,
355 2478 383 2507 in
398 2477 576 2508 Molendinis
590 2479 626 2509 de
641 2479 771 2510 Gisortio
783 2480 938 2512 Annuatim
955 2483 1159 2521 percipiendis,
1172 2494 1244 2522 quos

178 2513 325 2545 Dominus
346 2515 512 2546 Guilliclums
535 2517 614 2548 diSro
635 2519 752 2548 Guidoni
773 2519 917 2558 vendidit,
942 2521 1051 2551 ratione
1071 2521 1172 2559 Dotis,
1200 2523 1246 2554 vel

177 2552 227 2581 alia
243 2555 368 2592 ratione,
383 2555 450 2583 nihil
464 2555 499 2585 de
515 2565 621 2586 caetero
633 2556 833 2596 Reclamabit,
849 2559 882 2589 ὃς
897 2569 912 2588 a
927 2558 1008 2589 dieto
1022 2559 1150 2590 Officiali
1164 2561 1245 2599 super

178 2589 229 2620 ista
252 2591 434 2629 Abjuratione
459 2593 563 2624 Literas
587 2595 766 2632 impetrabit,
782 2597 815 2626 ὃς
835 2606 879 2627 eas
899 2597 981 2627 dieto
1003 2599 1122 2628 Guidoni
1139 2601 1246 2632 tradere

178 2637 290 2660 tenetur
305 2629 375 2672 infra
390 2630 564 2673 Tei-minum
578 2642 776 2671 praetaxatum:

215 2667 324 2711 Qiod,
352 2670 371 2697 {i
394 2668 446 2706 ipsa
467 2679 527 2698 non
554 2670 671 2709 fecerit,
698 2672 784 2709 Ego,
810 2673 881 2704 Fide
901 2675 1064 2713 interposita
1085 2677 1244 2716 corporali,

178 2715 318 2744 promitto
343 2706 422 2743 quod
441 2708 576 2737 morabor
600 2710 672 2746 apud
697 2710 857 2740 Gisortium
915 2722 970 2743 nec
996 2715 1061 2745 inde
1086 2715 1217 2746 recedam
1235 2740 1245 2754 ,

178 2745 326 2782 quousque
339 2744 414 2775 dieta
427 2744 558 2776 Domina
574 2745 682 2777 Omnia
695 2748 850 2786 supradicta
865 2734 982 2781 fideliter
997 2753 1180 2790 adimpleffet.

216 2782 327 2821 Qiod,
345 2793 375 2814 ut
399 2783 508 2814 Rarum
526 2784 559 2815 ὃς
584 2784 687 2815 Stabile
708 2786 878 2825 perseveret,
903 2788 1032 2828 Sigillum
1053 2799 1152 2824 meum
1175 2791 1243 2824 duxi

177 2823 357 2859 praesentibus
374 2822 473 2852 Literis
487 2823 699 2860 apponendum.

214 2858 326 2929 Daffim
334 2861 432 2937 sAIJle
448 2860 574 2892 Domini
589 2861 766 2902 Millesimo,
781 2862 1008 2905 Ducentesimo,
1027 2867 1169 2899 tricesimo
1192 2879 1246 2900 no·

179 2907 237 2936 no,
298 2908 332 2928 en
344 2909 360 2928 e
391 2910 456 2930 uio.

213 2974 398 3014 OMNIBUS,
414 2976 447 3007 ad
465 2987 537 3016 quos
551 2978 697 3016 praesentes
720 2979 824 3012 Literae

177 3013 294 3054 Gisortio
309 3014 432 3046 Salutem
449 3016 477 3045 in
495 3016 638 3048 Domino.

218 3053 252 3083 N
256 3062 414 3084 ovssniris
429 3054 508 3092 quod
518 3078 528 3093 ‚
547 3055 665 3086 Nobilis
679 3056 707 3087 V
710 3058 748 3095 ir,
768 3056 934 3089 Guilliclmus
947 3060 980 3089 de
994 3061 1111 3101 Gifirtio
1136 3061 1240 3102 Miles,

180 3091 214 3120 δε
227 3091 363 3129 Jolmmm
383 3095 459 3122 Uxor
475 3093 548 3136 einr,
567 3104 665 3124 coram
681 3098 763 3127 nobis
778 3097 1025 3136 Recognoverunt
1038 3100 1064 3130 se
1078 3101 1196 3132 Gnidon}
1209 3103 1241 3132 de

177 3129 283 3159 Soloi-io
297 3129 404 3162 Billivo
420 3131 456 3160 de
470 3130 597 3162 Giioitio
611 3135 722 3163 Vendidi
743 3147 756 3164 e
770 3135 933 3166 Tresdecim
952 3137 1071 3168 modios
1096 3138 1186 3178 Bladi,
1204 3141 1241 3171 de

179 3166 356 3210 Molendinis
379 3169 415 3199 de
438 3168 565 3200 Gisortio
586 3170 740 3202 Annuntim
761 3175 955 3211 percipiendos
972 3199 982 3214 ,
1007 3177 1040 3206 &
1064 3176 1134 3208 Fide
1157 3179 1239 3218 datsi,

181 3205 370 3238 promiserunt
384 3208 463 3246 quod
476 3217 576 3239 contra
590 3209 670 3240 istam
683 3209 888 3243 Venditionem
902 3224 962 3244 non
982 3216 1096 3246 venient
1115 3217 1144 3246 in
1165 3217 1241 3249 futu-

178 3253 260 3282 tum,

218 3282 379 3325 Specialitei·
401 3294 493 3315 autem
510 3286 611 3323 juravit
633 3289 708 3317 Uxor
732 3289 798 3318 di'b‘t‘i
820 3289 966 3320 Guillielmi
989 3291 1070 3328 quod
1098 3293 1129 3322 in
1157 3293 1239 3325 dietis

179 3318 292 3362 Mod-iis
315 3321 409 3360 nimi,
432 3326 538 3353 ratione
560 3324 712 3364 Dotalicii‚
739 3326 944 3366 Eleemofinae,
973 3330 1019 3360 vel
1041 3329 1093 3360 alifi
1113 3332 1238 3370 ratione,

179 3358 268 3388 nichil
290 3358 326 3388 de
348 3370 452 3401 ‹stetero
476 3361 673 3400 Reclamabit,
699 3375 752 3395 nec
775 3376 822 3403 per
842 3367 884 3405 se,
910 3377 964 3397 nec
984 3378 1033 3407 per
1055 3367 1158 3407 aliurn,
1182 3371 1238 3400 im-

178 3397 272 3434 pediet
294 3399 360 3441 quin
384 3398 473 3429 dicius
493 3402 595 3438 Cnido,
614 3403 647 3432 ὃς
668 3403 724 3440 ejus
746 3403 882 3435 Haeredes
905 3405 998 3436 dic'tos
1018 3405 1139 3437 Modios
1162 3410 1237 3445 paci-

178 3434 234 3465 fice
250 3445 408 3479 >Γενιειριιῑηῑ
430 3438 462 3467 &
481 3441 672 3476 Ifaeifvfipirtuum
694 3441 865 3481 possideant,
892 3444 961 3474 sicut
984 3444 1108 3483 superius
1127 3445 1169 3476 est
1190 3456 1239 3477 ex-

177 3474 310 3511 prestun).

218 3512 389 3543 Confessum
411 3512 449 3544 est
472 3522 564 3545 autem
586 3517 664 3554 quod
689 3528 742 3548 nec
764 3519 825 3557 Vi,
850 3530 904 3551 nec
928 3519 1033 3559 Metu,
1059 3531 1113 3552 nec
1137 3522 1239 3563 Dolo,

178 3550 214 3618 {a}
237 3551 295 3581 hoc
323 3551 482 3590 jurandum
506 3563 562 3584 erat
586 3555 719 3595 inducta,
747 3558 792 3588 sed
814 3559 964 3596 spontane&
987 3560 1133 3591 voluntate
1153 3562 1240 3593 facie-

200 3598 234 3618 at.

217 3626 284 3657 Nos
301 3637 394 3659 autem
406 3651 415 3665 ,
434 3629 468 3659 ad
485 3629 643 3661 instanriam
665 3631 734 3663 dieti
754 3633 872 3672 Militis,
890 3636 924 3666 δε
946 3636 1002 3673 ejus
1023 3637 1152 3676 Uxoris,
1167 3639 1237 3670 curn

178 3664 249 3713 istud
263 3677 362 3734 tciomm
375 3667 473 3697 Nobis
489 3678 735 3709 recognoverunt,
754 3673 900 3709 praesentes
914 3674 1021 3705 Literas
1043 3676 1175 3708 duximus
1193 3678 1240 3708 Si-

199 3714 260 3733 1113ss
281 3715 308 3734 ’.13

178 3713 196 3783 'g
219 3729 350 3774 Proiiii’fit
363 3746 445 3774 etiam
462 3748 537 3774 Uxor
549 3746 616 3775 disti
631 3746 749 3785 Militis,
766 3748 816 3777 sub
831 3748 929 3779 debito
950 3750 1124 3791 Juramenti,
1140 3754 1238 3792 quod,

178 3779 248 3809 infra
273 3781 387 3812 Festum
410 3784 552 3813 Omnium
575 3784 762 3821 Sanctorum,
781 3786 814 3816 ad
840 3786 957 3818 Curiam
976 3789 1237 3828 Rothomagensem

180 3818 311 3857 accedet,
328 3821 361 3850 &
386 3821 458 3851 istud
478 3823 576 3859 jurabit
598 3833 695 3853 coram
721 3823 866 3862 Officiali,
893 3826 926 3856 &
950 3826 1028 3863 super
1051 3829 1109 3859 hoc
1131 3830 1238 3861 Literas

178 3853 277 3922 {251ssae
293 3858 470 3897 impetrabit,
488 3870 555 3898 quas
570 3861 648 3892 disto
662 3862 778 3892 Guidoni
792 3863 882 3894 tradet
896 3863 968 3895 infra
977 3866 1149 3897 Terminum
1165 3879 1238 3906 prae-

207 3901 237 3922 :a
251 3903 308 3923 um.

846 2983 1044 3022 pervenerint,
1063 2986 1188 3015 Decanus
1210 2987 1242 3016 de

218 3967 326 4012 Datum
344 3972 430 4004 Anno
445 3974 568 4005 Domini
586 3976 758 4016 Millefimo,
778 3976 997 4017 Ducentesimo,
1016 3981 1160 4014 tricesimo
1182 3994 1236 4015 no-

178 4014 216 4036 no
226 4029 236 4044 ,
255 4006 313 4038 Dic
326 4008 407 4047 Jovis
420 4013 484 4050 post
501 4013 629 4046 octabas
647 4016 855 4054 Apostolorum
871 4017 947 4048 Petri
963 4019 995 4050 ὃς
1011 4017 1098 4051 Pauli.

640 112 1444 166 CONVENTIONES,
1499 95 1907 163 LITERAE,“

1318 197 1524 239 Univmsis,
1542 200 1689 239 praesentes
1704 201 1810 232 Literas
1824 199 2005 241 inspecturis,
2021 199 2152 249 bfflciolir
2164 201 2264 236 Curiae
2283 196 2339 237 Pa⁴
2355 205 2432 239 Ann.
2446 201 2487 244 D,

1277 237 1392 268 risiensis
1404 238 1529 269 Salutem
1544 241 1573 269 in
1589 239 1732 271 Domino.
1774 257 1775 260 =
2217 256 2222 261 ·

1316 276 1335 295 *
1356 276 1446 307 Νοτ
1456 285 1479 306 u
1489 285 1516 307 M
1541 287 1632 308 FACI
1642 287 1698 308 MU
1709 288 1721 310 s
1735 278 1832 317 quod,
1851 279 1880 309 in
1894 277 1989 310 nostra
2005 278 2155 312 Praesentia
2171 281 2337 322 constituti,

1277 313 1438 353 Johmines,
1455 315 1548 346 dietus
1563 316 1595 345 de
1613 316 1716 346 Solario
1729 318 1766 347 de
1780 317 1939 356 Silvaneet,
1959 317 1992 348 &
2006 320 2170 356 Margania
2185 320 2242 359 ejus
2250 323 2349 360 Uxor,

2383 254 2471 286 1422.

2358 294 2422 318 ΗΜ.
2440 297 2469 325 5.

2371 329 2386 345 ¹¹⁵
2402 328 2438 355 X.

1277 353 1523 392 Recognoverunt
1536 354 1561 386 se
1575 356 1687 385 Wndidi
1710 368 1723 386 e
1734 357 1767 387 &
1786 359 1814 386 in
1829 364 1984 394 perpetuum
2003 356 2147 397 Qitaffe,
2163 358 2336 391 Reverendo
2356 365 2422 403 246.

1277 390 1368 428 Patri,
1384 395 1419 421 Ο.
1438 392 1494 426 Dei
1507 392 1613 430 gratia,
1628 394 1832 434 Rothomagensi
1846 393 2064 434 Arc-hiepfiopo,
2082 406 2137 433 pro
2161 397 2339 436 Quingentis

1277 430 1310 460 Sc
1328 428 1437 467 Viginti
1457 431 1551 460 Libris
1569 430 1763 462 Parifienfibus
1783 434 1834 464 suis
1854 435 1969 472 quietis,
1986 434 2041 472 jam
2064 434 2146 465 dictis
2155 435 2284 474 Johanni
2303 438 2339 469 &

1277 469 1447 505 Margaretae
1461 469 1567 500 Solutis
1582 470 1616 500 &
1629 469 1663 499 N
1665 472 1812 510 umeratis,
1822 472 1891 503 sicut
1906 482 2004 503 coram
2018 472 2118 504 Nobis
2133 474 2251 505 confessi
2267 476 2340 516 sunt,

1279 505 1461 544 (Exceptioni
1476 517 1536 538 non
1551 516 1706 539 numeratae
1719 508 1870 548 Pecuniae,
1888 521 1950 541 non
1973 510 2088 550 solurae,
2105 512 2140 543 Sc
2161 522 2221 543 non
2239 513 2341 546 habitae

1277 543 1490 576 Renunciantes
1510 547 1622 584 penitus
1640 547 1675 578 &
1694 548 1830 585 expresse)
1850 549 2017 581 Tresdecim
2039 549 2161 581 Modios
2181 550 2258 582 Bladi
2276 552 2340 592 Hy-

1278 583 1424 621 bernagfi,
1443 584 1477 614 ad
1494 584 1658 616 Mensutam
1671 585 1707 617 de
1718 585 1862 627 Gisortio,
1880 588 1959 626 quod
1982 587 2114 620 dicebant
2134 590 2162 621 se
2185 589 2289 622 habere
2307 592 2343 623 δε

1278 623 1424 659 percipere
1437 624 1594 654 Annuatim
1605 646 1615 661 ,
1633 625 1756 662 scilicet,

1316 659 1450 696 Quatuor
1467 661 1588 692 Modios
1601 662 1630 692 in
1644 662 1804 694 Nativitate
1816 662 1913 694 Sandti
1923 663 2061 703 Johannis
2073 665 2221 706 Baptistae,

1317 699 1456 738 Qiinque
1467 698 1590 732 Modios
1604 702 1634 731 in
1648 701 1748 733 Natali
1763 701 1902 740 Domini,

1317 736 1355 769 Et
1374 738 1508 777 Qatuor
1523 739 1643 770 Modios
1658 740 1687 770 in
1703 739 1824 779 Pascha,
2029 779 2031 782 Α

1316 775 1407 814 Super
1422 776 1610 808 Molendinos
1624 778 1660 809 de
1676 778 1824 817 Gisortio‚
1843 787 1909 818 quae
1920 783 2051 811 tenentur
2063 780 2094 810 in
2116 780 2247 814 Feodum
2265 793 2282 815 a
2298 784 2343 816 di-

1278 813 1328 845 eto
1343 814 1426 847 Patre
1440 815 1687 855 Rethomagenfi,
1707 826 1737 849 ut
1749 817 1898 856 dicebant,

1315 853 1482 893 Qietantes
1497 856 1610 893 penitus
1626 857 1660 888 &
1675 856 1800 894 expresse
1816 856 1896 887 dieto
1907 855 2000 887 Archi
2029 855 2130 897 fiopo,
2146 857 2253 896 suisque
2270 861 2343 893 Suc.

1280 892 1453 932 cessoribus,
1471 903 1567 925 torum
1579 894 1647 934 Jus,
1666 894 1859 932 Dominium‚
1879 895 1957 934 quod
1969 864 2029 927 δεῖ

1280 939 1340 962 rant
1352 932 1381 962 in
1396 931 1484 963 Blado
1499 933 1533 964 &
1548 933 1728 964 Molendinis
1742 934 1915 972 supradietis.

1315 968 1355 1000 Et
1371 969 1582 1010 Promiserunt,
1600 972 1668 1003 Fide
1680 972 1760 1011 data,
1775 973 1944 1011 spontanee,
1961 981 2022 1003 non
2040 972 2154 1011 coacti,
2173 973 2253 1012 quod
2270 985 2345 1006 con-

1278 1015 1319 1038 tra
1339 1007 1547 1041 Venditionem
1569 1012 1604 1043 ὃς
1627 1011 1826 1051 Qietationes
1839 1011 1999 1050 hujusmodi
2009 1011 2078 1050 Jure
2091 1012 2286 1051 haereditario,
2301 1024 2345 1046 ra-

1279 1047 1360 1077 tione
1380 1047 1526 1088 Dotalitii,
1545 1050 1590 1080 vel
1614 1050 1669 1080 alio
1691 1060 1811 1089 quoquo
1833 1049 1945 1089 modo,
1964 1059 2015 1089 per
2033 1049 2079 1089 se,
2095 1050 2143 1082 vel
2165 1061 2216 1089 per
2236 1052 2346 1093 alium,

1281 1095 1341 1116 non
1358 1087 1473 1118 veniant
1489 1089 1517 1118 in
1534 1087 1670 1120 futurum.

1318 1123 1354 1155 Et
1379 1125 1479 1164 quod,
1502 1126 1522 1156 fi
1543 1127 1657 1158 forsitan
1675 1127 1774 1166 aliquis
1791 1127 1894 1157 dictum
1919 1129 2051 1166 Patrem,
2077 1127 2124 1159 vel
2145 1128 2203 1167 ejus
2226 1128 2347 1161 Succes—

1281 1162 1356 1193 sores
1371 1188 1381 1202 ,
1415 1164 1494 1202 super
1518 1165 1599 1196 dictis
1622 1164 1724 1196 Rebus
1747 1166 1868 1197 venditis
1893 1166 1926 1198 &
1968 1166 2099 1205 uietatis,
2132 1167 2348 1205 impeteret-seu

1281 1203 1365 1232 etiam
1383 1203 1560 1242 molestaret,
1579 1205 1687 1235 ratione
1700 1214 1898 1244 quacumque,
1915 1208 1941 1242 ip
1955 1215 1999 1234 um
2015 1207 2128 1235 Patrem
2142 1206 2178 1237 &
2197 1206 2254 1245 ejus
2274 1206 2348 1238 Suc-

1282 1241 1405 1271 cessores
1428 1243 1538 1280 penitus
1556 1243 1716 1274 liberabunt
1730 1245 1764 1276 ὃς
1781 1251 1891 1282 ponent
1905 1243 1933 1273 in
1949 1252 2068 1282 pacem,
2085 1243 2118 1274 &
2135 1245 2218 1274 etiam
2238 1243 2347 1277 custus

1281 1280 1315 1310 &
1334 1279 1488 1318 Dampna,
1506 1291 1578 1320 quos
1601 1284 1635 1314 &
1655 1292 1737 1320 quae,
1755 1281 1903 1313 occasione
1921 1281 2067 1319 praedietae
2086 1281 2276 1320 Impetitionis
2299 1284 2347 1315 seu

1282 1317 1510 1357 Molestationis,
1528 1322 1717 1359 incurrerent,
1732 1321 1841 1360 integre
1864 1320 1997 1352 Reddent
2018 1322 2075 1358 eis,
2093 1320 2130 1352 S‘e
2152 1322 2186 1353 δε
2208 1321 2347 1354 Haeredes

1280 1357 1343 1388 suos
1357 1359 1386 1387 in
1401 1358 1555 1389 l’raemiffis
1568 1360 1705 1390 omnibus
1719 1359 1878 1391 Onerantes
1893 1359 1927 1390 &
1945 1360 2032 1390 etiam
2045 1359 2219 1399 Obligantes.

1317 1433 1428 1465 Datum
1453 1435 1539 1467 Anno
1560 1435 1685 1467 Domini
1702 1436 1879 1476 Millesimo,
1897 1419 2121 1476 Ducentesimo,
2142 1437 2351 1478 Quinquagen-

1282 1482 1332 1504 mo
1348 1474 1469 1513 Tertio,
1487 1475 1589 1506 Mense
1599 1475 1698 1514 junio.

1318 1551 1465 1582 Fan-raiz
1482 1551 1558 1582 Ono
1569 1575 1578 1590 ,
1597 1553 1780 1590 permissione
1795 1553 1891 1586 divina'i
1926 1552 2142 1594 Rothmagenfis
2152 1553 2273 1594 Ecclesiae
2287 1557 2348 1584 Mi-

1281 1589 1363 1629 nister
1382 1593 1521 1629 indignus,
1541 1591 1707 1630 Universis,
1727 1593 1873 1629 praesentes
1896 1578 2002 1623 literas
2020 1594 2183 1631 inspecturis
2190 1616 2201 1632 ,
2219 1593 2349 1625 Salutem

1281 1638 1415 1659 aeternam
1431 1632 1460 1660 in
1476 1629 1613 1660 Domino
1623 1630 1689 1668 jesu
1701 1630 1830 1662 Christo.

1320 1666 1400 1698 Cum
1423 1667 1574 1699 Canonica
1593 1668 1726 1700 decernat
1747 1679 1772 1700 ae
1795 1671 1863 1700 uitas
1885 1678 1955 1708 eos,
1972 1671 2020 1708 qui
2036 1669 2149 1702 student
2163 1670 2285 1702 Cultum
2303 1670 2349 1702 di-

1281 1706 1341 1736 vini
1356 1705 1497 1737 Numinis
1508 1706 1658 1746 ampliare,
1676 1707 1774 1744 Stipen
1797 1708 1827 1737 iis
1839 1707 2005 1738 melioribus
2026 1708 2179 1747 honoram
2198 1708 2236 1741 Et
2258 1713 2349 1740 Cano-

1281 1748 1332 1773 nici
1350 1743 1616 1783 Rothomagenses,
1632 1745 1698 1776 zelo
1711 1746 1872 1777 devotionis
1891 1745 2019 1782 accensi,
2035 1745 2072 1776 de
2089 1757 2171 1779 novo
2193 1756 2351 1787 ceperunt,

1279 1783 1308 1812 in
1329 1781 1455 1814 Ecclesia
1478 1782 1627 1815 Rothoma
1649 1785 1705 1816 ensi
1719 1807 1729 1823 ,
1753 1783 1898 1815 Officium
1922 1783 1958 1814 de
1979 1784 2061 1814 beata
2081 1784 2200 1824 Virgine
2213 1808 2224 1824 ,
2256 1785 2349 1817 Horis

1280 1822 1528 1861 competentibus,
1547 1823 1608 1861 sing
1638 1825 1658 1853 is
1678 1823 1778 1854 diebus
1799 1821 1979 1862 (quibusdam
1995 1830 2109 1861 tamen,
2127 1831 2242 1861 propter
2257 1833 2349 1855 occu-

1280 1861 1427 1897 pationem
1439 1871 1540 1892 eorum
1557 1863 1586 1892 in
1601 1861 1716 1893 Officio
1727 1861 1842 1900 divino,
1859 1862 1894 1893 &
1907 1860 1970 1892 alias
1992 1861 2099 1900 causas,
2116 1861 2268 1902 specialiter
2288 1861 2349 1893 Ex-

1282 1900 1383 1936 ceptis)
1397 1899 1578 1938 solempniter
1595 1901 1755 1939 celebrare,

1320 1937 1389 1969 Nos
1409 1948 1510 1970 eorum
1532 1940 1569 1979 pii
1589 1938 1710 1971 Laboris
1731 1940 1836 1971 merito
1852 1961 1863 1978 ,
1886 1939 1963 1971 circa
1982 1938 2092 1970 dietum
2110 1938 2254 1971 Officium
2268 1938 2346 1970 cele-

1282 1976 1440 2017 brandum,
1455 1979 1674 2010 communicare
1690 1978 1837 2017 volentes,
1856 1978 1936 2008 dinis
1951 1981 2090 2008 canonicis
2107 1980 2214 2009 Damus
2227 1979 2260 2009 &
2275 1981 2348 2009 Con-

1280 2015 1394 2046 cedimus
1409 2039 1420 2055 ,
1442 2017 1544 2048 intuitu
1568 2015 1702 2057 Pietatis,
1727 2016 1895 2049 Tresdecim
1917 2016 2039 2048 Modios
2059 2016 2157 2048 Annui
2179 2016 2324 2048 Redditus
2337 2039 2349 2055 ,

1305 2064 1372 2094 uos,
1390 2063 1523 2093 tempore
1544 2055 1702 2093 praesulatsis
1724 2055 1814 2087 nostri
1831 2079 1841 2093 ‚
1865 2054 2076 2094 Aequisivimus
2093 2079 2104 2094 ,
2119 2056 2158 2091 'in
2171 2055 2350 2100 Molendinis

1316 2095 1409 2124 omini
1432 2092 1578 2124 Guillielmi
1597 2094 1630 2124 de
1654 2094 1773 2134 Gisortio
1789 2093 1909 2133 Militis,
1926 2095 1956 2125 in
1971 2092 2073 2124 Feodo
2084 2093 2184 2126 nostro
2200 2094 2275 2133 apud
2289 2093 2349 2125 Gi-

1281 2130 1420 2172 sortium,
2203 2171 2209 2177 .

1320 2171 1421 2210 Quem
1435 2171 1597 2204 Redditum
1611 2172 1780 2204 conferendi
1796 2173 1847 2210 piis
1862 2171 1969 2209 Locis,
1986 2181 2036 2210 per
2049 2170 2258 2211 Indulgentiam
2277 2170 2348 2216 Do*

1281 2209 1353 2240 mini
1368 2212 1450 2250 Papae
1459 2234 1474 2249 ‚.
1484 2214 1634 2243 Innocentii
1653 2213 1780 2252 Qarti,
1801 2211 1900 2242 Nobis
1917 2209 1997 2248 super
2009 2211 2067 2254 hoc
2080 2210 2242 2241 concessam
2251 2233 2262 2249 ,
2276 2210 2347 2255 libe-

1281 2258 1342 2278 ram
1366 2249 1501 2280 habemus
1523 2248 1698 2282 Facultatem
1712 2274 1722 2290 ,
1744 2259 1831 2289 prout
1845 2258 1880 2280 ex
1891 2249 2012 2280 Tenore
2023 2248 2147 2288 ejusdem
2162 2247 2348 2288 Indulgentiae.

1280 2287 1439 2320 evidentius
1453 2298 1584 2328 apparet,
1763 2328 1766 2329 ⁷
2005 2327 2010 2332 ι
2033 2327 2038 2333 .
2116 2327 2121 2333 .
2159 2327 2165 2332 ⁴
2319 2327 2325 2333 ,

1318 2326 1381 2366 Qii
1406 2326 1545 2359 Redditus
1568 2327 1771 2359 distribuentur
1791 2327 1874 2358 dictis
1897 2326 2053 2358 Canonicis
2073 2326 2219 2365 quid16io
2233 2325 2348 2370 Officio

1280 2367 1434 2397 intererunt
1449 2390 1459 2406 ,
1505 2375 1569 2398 tout
1593 2368 1664 2398 inter
1683 2367 1751 2398 Nos
1773 2367 1806 2398 ὃ(
1831 2365 1925 2406 ᾀίἂοε
1938 2365 2106 2396 Canonicos
2119 2366 2207 2396 exntit
2222 2365 2348 2410 Ordina-

1279 2413 1357 2442 tum,
1375 2404 1424 2435 nisi
1439 2415 1478 2443 po
1507 2405 1629 2437 modum
1647 2405 1717 2437 Nos
1732 2407 1766 2437 ὃς
1783 2405 1893 2436 dietum
1909 2403 2075 2443 Capitulum
2086 2404 2164 2435 aliter
2180 2403 2345 2435 duxerimus

1282 2443 1501 2483 Ordinandum3

1317 2482 1409 2522 Quod
1430 2482 1594 2522 Omnibus,
1612 2483 1733 2514 Tenore
1746 2482 1951 2521 Praesentium,
1967 2483 2140 2526 intimamus.
2269 2519 2274 2525 ¹

1317 2520 1351 2550 In
1362 2522 1438 2559 cujus
1452 2523 1491 2552 rei
1500 2522 1717 2553 Testimonium
1733 2522 1767 2553 &
1785 2522 1933 2552 munimen
1947 2520 2091 2559 praesentes
2102 2520 2209 2550 Literas
2217 2518 2340 2550 fecimus

1280 2557 1370 2597 Sigilli
1388 2560 1477 2591 nostri
1494 2562 1657 2591 munimine
1673 2561 1811 2591 roborari.

1317 2598 1428 2629 Datum
1441 2622 1452 2637 ,
1469 2600 1542 2636 apud
1562 2599 1772 2638 Rothomagum,
1789 2599 1880 2630 Anno
1894 2598 2019 2629 Domini
2034 2595 2208 2642 Millefirno,
2223 2594 2345 2640 Ducen-

1276 2637 1390 2706 tesgnz,
1408 2639 1639 2706 qffifllquagefimo
1655 2640 1774 2677 quinto,
1791 2636 1871 2668 Feria
1889 2647 1917 2668 v.
1933 2645 1997 2667 ante
2010 2634 2129 2666 Festum
2152 2633 2250 2665 basseti
2270 2633 2340 2664 Bar-

1279 2685 1313 2705 na
1336 2686 1344 2705 i
1387 2686 1426 2714 po
1453 2686 1471 2706 o
1482 2687 1508 2715 i,

1315 2751 1340 2781 F
1350 2760 1372 2781 R
1383 2762 1402 2782 A
1413 2761 1436 2783 τ
1446 2762 1464 2783 E
1475 2762 1497 2783 R
1522 2752 1552 2783 O
1564 2762 1584 2783 D
1593 2763 1612 2784 ο
1627 2775 1637 2791 ,
1665 2752 1844 2790 permissione
1859 2750 1972 2789 divina,
1992 2749 2236 2788 Rothomagenfis
2250 2747 2342 2780 Eccle-

1271 2788 1322 2828 st'ae
1345 2790 1471 2831 Minister
1495 2792 1634 2830 indignus,
1649 2791 1759 2823 dilectis
1780 2792 1810 2821 in
1825 2789 1943 2822 Christo
1960 2790 1982 2819 F
1984 2790 2033 2819 iliis
2070 2788 2281 2818 Molendinariis
2295 2789 2342 2819 seu

1278 2830 1418 2858 Firmariis
1442 2829 1681 2861 Molendinorum
1707 2830 1830 2860 Domini
1855 2827 2003 2859 Guillielmi
2042 2840 2056 2858 e
2077 2826 2194 2867 Gifhrtio
2217 2826 2343 2858 Salutem

1279 2875 1412 2898 aeternam
1426 2870 1455 2898 in
1470 2868 1606 2899 Domino
1617 2869 1682 2908 Jesu
1697 2868 1826 2899 Christo.
2151 2904 2157 2910 ,
2182 2904 2187 2909 ¹
2259 2904 2265 2909 ,

1315 2905 1396 2936 Cum
1410 2906 1478 2937 Nos
1491 2917 1538 2943 ea,
1557 2918 1622 2946 quae
1637 2908 1809 2938 habebamus
1825 2907 1853 2936 in
1873 2905 2050 2936 Molendinis
2064 2904 2188 2935 Domini
2205 2902 2285 2934 Guil.
2304 2902 2340 2947 de

1279 2943 1424 2983 GisortiO,
1443 2955 1506 2983 quae
1526 2944 1656 2976 Emimus
1680 2957 1695 2976 a
1710 2947 1782 2976 Filio
1797 2945 1909 2975 Guiordi
1925 2945 1958 2974 de
1977 2941 2291 2986 Solario,·DederiJ'nus,
2309 2951 2340 2986 in

1278 2993 1378 3021 puram
1393 2985 1427 3015 &
1443 2994 1608 3023 perpetuam
1621 2984 1829 3016 Eleemosinam
1839 3008 1848 3022 ,
1868 2983 1978 3014 dilectis
1994 2983 2022 3011 in
2037 2979 2156 3010 Christo
2169 2979 2244 3010 Filiis
2258 3002 2268 3019 ,
2287 2979 2339 3010 Vi-

1276 3023 1312 3052 ris
1327 3021 1539 3054 Venerabilibus
1554 3025 1587 3055 &
1601 3022 1742 3062 discretis,
1761 3026 1871 3053 Decano
1880 3019 1922 3065 o&
1938 3018 2060 3063 Capitulo
2069 3018 2339 3063 Rothomogenfibut,

1276 3060 1465 3091 distribuenda
1479 3062 1634 3093 Canonicis
1649 3063 1698 3099 qui
1711 3064 1864 3092 intererunt
1877 3057 2003 3102 inuHoris
2015 3059 2104 3088 beatae
2112 3056 2215 3088 Manae
2225 3081 2235 3096 ,
2253 3066 2338 3088 amo—

1275 3099 1314 3129 do
1328 3101 1355 3129 in
1370 3099 1593 3140 Rotliomagenii
1612 3100 1737 3131 Ecclesia
1755 3097 1946 3140 celebrandis,
1975 3136 1981 3141 ·
2259 3137 2264 3141 Ι
2337 3137 2340 3140 .

1312 3138 1402 3168 Vobis
1422 3138 1595 3170 Mandamus
1620 3146 1756 3176 quatenus
1779 3145 1894 3167 exnunc
1913 3135 1996 3165 dietis
2017 3137 2127 3165 Decano
2145 3133 2184 3169 &
2198 3132 2338 3174 capitulo,

1276 3176 1321 3207 vel
1335 3186 1435 3206 corum
1448 3178 1483 3208 N
1487 3179 1591 3215 uncio,
1609 3175 1775 3206 satisfaciatis
1791 3199 1800 3211 ,
1817 3174 1972 3205 secundum
1987 3174 2066 3213 quod
2081 3173 2180 3204 Nobis
2191 3172 2337 3217 hucusque

1275 3215 1455 3254 satisfecistis,
1474 3215 1510 3246 de
1523 3213 1650 3246 Redditu
1665 3213 1840 3252 supradicto,
1858 3214 1892 3245 &
1908 3212 2011 3243 eisdem
2030 3211 2110 3250 super
2124 3210 2276 3242 Praemiffis
2291 3220 2336 3241 in-

1276 3253 1401 3284 tendatis.

1313 3291 1424 3322 Datum
1437 3291 1510 3329 apud
1524 3290 1699 3332 Deyvillam,
1716 3290 1793 3322 Feria
1807 3290 1906 3321 Tertia
1925 3290 1944 3309 *
1963 3298 2028 3320 ante
2043 3288 2233 3328 Epiphaniam
2245 3311 2256 3333 ,
2276 3288 2339 3319 An-

1275 3340 1315 3360 no
1330 3329 1464 3359 Domino
1481 3329 1655 3369 Millesimo,
1674 3330 1899 3368 Ducentesimo,
1916 3328 2178 3367 Qinquagesimo,
2195 3327 2320 3366 Quinto.

1308 3405 1323 3436 I
1333 3414 1402 3436 NsP
1412 3416 1430 3436 E
1441 3415 1566 3437 ximus
1593 3406 1706 3437 ulterius
1726 3407 1860 3446 quasdam·
1875 3405 1938 3436 alias
1960 3404 2066 3435 Literas
2083 3403 2228 3441 Parentes,
2243 3403 2336 3449 cuju?-

1275 3445 1341 3475 dam
1363 3445 1472 3475 Roberti
1487 3469 1496 3484 ,
1522 3446 1668 3483 quondam
1689 3446 1812 3476 Abbati:
1833 3443 1940 3482 Regalis
1965 3445 2072 3473 Montis
2087 3465 2099 3482 ,
2115 3444 2150 3475 δί
2163 3441 2335 3474 Conventus

1275 3482 1413 3523 ejusdem,
1430 3484 1515 3514 faeias
1530 3486 1560 3514 in
1575 3484 1638 3515 haec
1655 3485 1758 3522 verba,

1311 3560 1459 3591 Univerfis
1487 3561 1633 3598 praesentes
1662 3560 1769 3592 Literas
1798 3558 2077 3603 infpesturissFrater
2097 3558 2227 3601 Roberfus
2244 3554 2335 3586 dietus

1274 3599 1374 3629 Abbas
1395 3599 1434 3634 ὠ·
1454 3602 1610 3630 Conventus
1633 3599 1741 3638 Regalis
1762 3602 1868 3629 Montis
1888 3607 2025 3630 aeternam
2045 3607 2075 3627 ln
2096 3596 2232 3627 Domino
2251 3592 2331 3624 Salu-

1274 3647 1348 3705 ten&
1357 3686 1377 3706 o
1386 3687 1406 3706 v
1415 3685 1434 3706 E
1445 3685 1467 3706 R
1478 3685 1489 3706 1
1499 3685 1521 3705 τ
1531 3685 1542 3706 1
1552 3685 1563 3706 s
1589 3677 1669 3715 quod
1681 3677 1751 3707 Nos
1767 3676 1950 3712 Vendidimus‚
1968 3671 2136 3716 confqffiraus
2152 3691 2163 3707 ,
2176 3670 2214 3713 ,δε
2230 3671 2332 3714 smper-

1268 3722 1378 3752 petimm
1395 3715 1607 3755 Qaeietavimus,
1628 3715 1700 3745 Viris
1708 3715 1924 3746 Venerabilibus
1939 3713 1972 3743 &
1986 3711 2137 3746 Ditcreus,
2153 3707 2262 3738 dilectis
2277 3718 2332 3754 no-

1276 3752 1334 3782 stris
1349 3754 1377 3782 in
1393 3752 1530 3792 Christo,
1548 3756 1657 3783 Decano
1671 3753 1709 3789 ώ-
1727 3752 1849 3790 Capitulo
1866 3747 2144 3793 Ruthornagensibus
2157 3746 2334 3785 (Solempm-

1274 3791 1426 3829 tatejuris,
1445 3801 1508 3828 qua:
1524 3792 1599 3822 circa
1616 3792 1680 3822 tales
1695 3791 1868 3822 Contractus
1891 3796 2039 3830 requiritur
2053 3807 2063 3822 ,
2081 3784 2226 3823 diligenter
2241 3785 2333 3830 serva-

1272 3828 1312 3864 tfi)
1335 3829 1472 3866 quicquid
1494 3830 1666 3874 habebamus
1678 3829 1855 3873 iii-Parochia
1867 3827 1968 3858 Novae
1985 3823 2068 3854 Villae
2080 3823 2117 3853 de
2131 3822 2286 3854 Cantuanis
2300 3831 2332 3855 m

1274 3866 1852 3947 Ro'Ii'ZsrraiJsajgeggasDiffidgtssi',vsgghssgit’o
1874 3901 1982 3932 Annuo
2007 3900 2118 3944 Censu‚
2136 3900 2334 3932 tradideramus

1273 3943 1317 3974 seu
1341 3944 1410 3974 tradi
1429 3944 1604 3982 feceramus,
1639 3955 1707 3975 cum
1729 3943 1862 3985 Mai-neno
1874 3962 1884 3978 ,
1901 3939 1987 3983 “qu
2009 3940 2113 3986 ibidetn
2137 3939 2309 3984 habebamus
2322 3961 2336 3977 ‚

1274 3982 1352 4020 quod
1367 3982 1498 4012 traditum
1519 3983 1560 4012 est
1583 3993 1636 4020 pro
1653 3983 1868 4021 Qiinquaginta
1888 3977 1988 4008 solidis
2002 3976 2114 4008 Census
2130 3978 2244 4022 Annuit,
2261 3980 2332 4008 sicut

1274 4021 1300 4051 se
1320 4029 1467 4059 proponat
1485 4031 1501 4054 a
1526 4021 1578 4053 Via
1598 4029 1662 4053 ante
1687 4020 1771 4057 usque
1789 4018 1823 4049 ad
1846 4015 1929 4048 Viam
1951 4025 2028 4048 retro
2042 4040 2053 4056 ‚
2078 4025 2148 4049 cum
2161 4015 2336 4085 pemnelgirtiaeis

2026 904 2091 927 eant
2104 896 2138 928 δε
2149 895 2251 928 habere
2262 907 2343 936 pote·
2369 945 2374 951 Ι

2374 3297 2391 3315 ⁸
2408 3297 2444 3326 X.

2356 3343 2420 3372 247·
