2562 4274
112 108 177 164 38·
553 97 1820 151 CONVENTIONES,L1TERAE‚

0 198 31 217 in
49 187 93 219 D.
1225 195 1307 230 vare,
1317 186 1482 229 percipere,
1501 186 1533 216 ὃς
1554 186 1680 255 reciEere
1701 186 1804 225 poffit,
1822 185 1859 217 de
1875 183 2063 230 Mercandifls
2077 185 2109 218 θ’(
2123 183 2224 217 Rebus
2233 179 2298 216 sub-
2313 179 2391 211 Arm·-
2404 174 2451 212 D·‘

1 236 71 267 413.
1230 225 1352 263 scriptis,
1371 234 1434 262 quae
1448 234 1497 262 per
1510 224 1598 255 Nace
1613 264 1617 268 ι
1639 225 1812 268 tscenarum,
1826 226 1860 256 ὃ(
1874 224 2022 262 Ripariam
2038 233 2170 256 vocatam
2186 224 2298 254 Ladon.
2333 228 2419 258 1413.

2 277 27 294 n.
46 275 74 302 5.
253 285 302 316 De
329 280 543 327 Jummemiss
565 293 620 327 pro
646 282 725 327 Rege
751 276 1054 326 ibidempraestandis·
1232 273 1322 302 prope
1341 262 1474 292 Castrum
1497 263 1534 294 de
1556 263 1680 294 Guiflen
1701 263 1864 302 existentia,
1881 263 1965 293 dietis
1987 262 2136 296 Terrae&
2152 262 2299 293 Dominio
2319 262 2381 287 Hm·
2399 266 2427 294 5·

0 1785 53 1807 nn.
69 1773 110 1805 D.

0 1823 85 1854 1413.
122 1826 125 1828 ·

0 1859 29 1882 ἠ.
51 1863 75 1883 1.

0 2343 51 2365 nn.
68 2334 111 2365 D.

0 2382 84 2412 ¹413·

0 2416 30 2439 ἠ.
50 2423 75 2440 1.

5 2460 77 2517 ἰἶῖι

7 2784 113 2820 XL30.

0 2927 54 2947 .nn.
71 2915 113 2948 D.

0 2964 88 2994 1413·

0 2999 32 3022 ln.
52 3005 79 3022 1.

0 3082 68 3099 rans.
88 3082 96 3098 1
108 3093 114 3099 .

0 3131 20 3177 ι’.
37 3132 83 3184 2'5.

121 366 248 423 REX
265 367 429 404 Omnibus,
445 366 479 397 ad
493 377 578 406 quos,
597 366 657 398 &c-
671 365 805 397 Salutem.

175 421 178 423 ·
237 407 333 436 Sciatis
351 406 431 443 quod
446 404 531 443 Nos,

159 444 208 474 De
230 444 383 481 Industria,
404 444 563 483 Fidelitate,
582 444 616 474 δε
631 443 916 483 (Ζίτευηπΐρεᾶἱοηε,
935 438 1068 471 carissimi
1089 438 1190 470 Avun-

123 484 179 513 culi
194 483 279 513 nostri
289 506 297 518 ,
313 482 425 512 Thomae
441 486 551 512 Comitis
570 483 705 523 Dorfhtiae
721 482 827 521 plenius
843 480 1029 515 confidentes,
1038 478 1133 508 eidem
1148 477 1190 508 A-

121 521 249 552 vunculo
272 521 372 550 nostro
388 543 398 559 ,
422 521 458 552 ad
478 521 652 560 Jurandum,
679 522 929 559 &juramentum
952 517 1140 556 praestandurn
1161 516 1190 545 in

121 561 262 592 Animam
285 559 412 590 nostram
429 581 438 598 ‚
462 561 498 591 de
519 561 696 591 tenendo&
718 559 895 590 observando
918 557 1016 587 omnia
1035 557 1068 586 &
1086 554 1191 598 singula

120 599 288 636 Privilegia,
313 598 486 637 Libertates,
513 599 703 637 Franchesias,
729 599 851 635 Statuta,
871 596 975 632 Poros,
999 592 1191 624 Consuetudi-

121 648 190 674 neS,
209 637 288 668 Usus
301 638 334 668 &
351 636 567 675 Observantias,
586 638 794 675 Ecclesiarum,
814 635 1020 671 praelatorum,
1040 635 1072 663 &
1088 630 1191 662 Eccle-

121 676 293 707 iiasticarum
319 676 499 714 personarum
514 699 524 715 ,
546 676 702 707 Patriarum
718 698 727 714 ,
748 675 967 706 Provinciarum
982 694 991 710 ,
1017 671 1192 708 Terrarum,

124 713 297 753 Comitum,
321 714 557 753 Vicecomitum,
582 715 741 752 Baronum,
760 713 939 749 Civitatum,
958 711 1111 748 Villarum,
1129 709 1193 756 Lo-

123 763 226 784 corum
248 755 282 785 &
305 752 476 784 Castrorum
512 763 578 791 quae
599 755 633 786 δε
648 763 731 792 quas,
750 753 894 783 retroactis
907 750 1100 787 temporibus,
1117 748 1193 778 Sub-

121 792 192 830 diti,
212 792 409 830 Habitatores,
426 794 459 823 &c
484 776 595 823 lncolae
610 791 743 823 Ducatfis
757 790 846 821 nostri
864 790 1021 827 Aquitaniae
1035 788 1193 818 habuerunt

123 832 159 863 &
180 834 210 861 in
235 831 336 870 quibus
354 832 521 868 extiterunt,
540 832 574 861 &
596 841 645 869 per
663 831 860 870 Progeniiores
877 839 910 859 ac
924 825 1124 858 Antecessores
1138 835 1192 855 no-

126 869 216 908 stros,
233 871 262 900 in
284 880 360 900 nova
381 879 483 900 eorum
506 869 690 910 Receptione
704 872 737 901 ὃς
751 867 933 899 Poffeffionis
950 865 1111 903 Adeptione
1125 863 1193 895 dieti

122 907 273 945 Ducatt‘is,
291 908 331 939 est
345 908 403 939 fieri
417 908 586 939 consuetum
596 931 604 946 ,
1029 943 1034 947 .

162 948 210 978 Ac
233 949 318 978 etiam
340 947 373 978 ad
397 946 610 984 Recipiendutn
625 947 659 977 &
673 945 891 976 Admittendum
906 943 1052 985 Homagia
1068 940 1194 985 &tJura-

125 995 225 1016 menta
250 986 400 1016 Fidelitatis
421 986 456 1015 ab
473 986 608 1016 omnibus
634 984 726 1022 Ligeis
747 984 780 1014 &
806 982 931 1013 Subditis
951 981 1053 1011 nostris
1072 980 1196 1017 ibidem,

126 1032 184 1054 tam
201 1024 321 1055 Praelatis
337 1025 369 1055 ὃς
383 1023 558 1063 Nobilibus,
577 1024 664 1062 quam
679 1021 947 1053 Communitatibus
959 1020 1083 1058 ejusdem
1098 1017 1198 1049 Duca—

124 1062 189 1100 tus,

123 1139 149 1171 P
164 1101 282 1169 Planam
297 1124 307 1140 ,
332 1100 451 1132 Tenore
475 1100 676 1139 praesentiurn,
700 1099 894 1130 Cencedimus
919 1099 953 1130 &
979 1096 1200 1128 Committimus

151 1149 198 1170 otc
225 1149 298 1170 atem

166 1163 437 1216 Ratum,'Gratum
458 1178 493 1209 &
512 1176 628 1208 firmum
651 1177 774 1208 habituri
789 1175 923 1217 quicquid
937 1175 1013 1206 idem
1030 1174 1200 1205 Avunculus

125 1217 240 1256 noster,
259 1217 379 1248 nomine
401 1216 517 1255 nostro,
535 1217 633 1248 fecerit
655 1217 684 1246 in
705 1216 850 1256 praemissis
872 1215 917 1247 vel
933 1215 1028 1253 aliquo
1043 1212 1199 1253 praemisso-

125 1266 206 1287 rum·

167 1280 292 1332 Diores,
310 1293 432 1325 Tenore
452 1293 649 1332 presentium,
664 1294 798 1324 omnibus
819 1293 852 1323 ὃς
874 1291 998 1331 singulis,
1017 1299 1138 1328 quorum
1155 1291 1202 1320 in·-

128 1334 229 1371 tcrest,
255 1334 371 1363 firmiter
391 1334 419 1363 in
440 1332 583 1363 Mandatis
603 1332 680 1372 quod
705 1332 825 1370 praefato
847 1331 1004 1361 Avunculo
1027 1329 1142 1366 nostro,
1170 1330 1198 1358 in

126 1372 307 1442 ‘liixecutione
326 1371 559 1410 Praemissorum,
576 1370 757 1403 Intendentes
778 1370 831 1401 sint
850 1371 884 1402 &
904 1369 1097 1407 Obedientes,
1115 1376 1199 1406 prout

147 1419 220 1442 ecet.

164 1449 199 1480 In
217 1450 296 1486 cujus
332 1450 392 1480 δῖε.

197 1488 288 1520 Teste
304 1472 387 1527 kege
402 1487 476 1528 apud
494 1487 751 1528 Wstmonasterium
760 1511 769 1527 ,
791 1486 925 1518 vicefimo
940 1486 1016 1517 sexto
1028 1485 1073 1516 die
1084 1482 1171 1523 Junii.

785 1567 840 1595 Per
854 1563 938 1604 ipfiaem
959 1566 1063 1602 Regem.

281 1694 330 1725 De
348 1694 461 1724 Comite
481 1691 621 1737 Dorfttiae
642 1694 674 1723 in
691 1693 867 1738 Aquitania
884 1700 1050 1723 moraturo.

133 1779 301 1833 ANdreas
320 1779 414 1808 Ekron
437 1776 539 1815 Miles,
557 1777 618 1808 alias
639 1777 730 1808 dictus
749 1777 883 1807 Andreas
901 1777 992 1805 Εέῗση
1009 1773 1110 1812 Miles,
1138 1772 1202 1802 alifis

205 1817 298 1848 dietus
317 1818 452 1846 Andreas
477 1817 565 1846 EHon
581 1816 684 1855 Miles,
699 1816 762 1854 qui,
778 1817 809 1846 in
824 1816 960 1853 obsequio
973 1813 1076 1852 Regis,
1095 1813 1124 1841 in
1139 1811 1203 1841 Co-

131 1855 249 1894 mitiva,
267 1855 398 1886 cariffimi
413 1854 560 1885 Avunculi
575 1855 681 1895 Regis,
699 1853 811 1885 Thomae
829 1853 963 1898 Beaufort
979 1855 1088 1882 Comitis
1101 1851 1204 1891 Dorft-

131 1895 195 1932 tie,
214 1896 242 1924 in
261 1895 384 1934 partibus
405 1893 432 1922 V
434 1893 571 1932 asconiae,
588 1894 667 1930 super
687 1893 758 1924 salva
781 1893 924 1924 Custodffi
949 1891 1076 1923 Partium
1092 1900 1204 1921 earum-

84 1955 89 1960 .
129 1932 196 1964 dem
207 1956 216 1971 ,
232 1941 375 1970 moratur,
392 1932 477 1963 habet
494 1932 602 1964 Literas
615 1932 703 1972 Regis
719 1932 755 1963 de
770 1932 956 1964 Protec‘tione
970 1935 1057 1968 (cum
1072 1927 1204 1961 Clausula

124 1970 273 2009 Volumus)
291 1981 340 2012 per
355 1981 447 2002 unum
464 1971 586 2002 Annum
599 1973 751 2002 duraturas.

167 2009 253 2041 Praes.
273 2011 334 2041 &c.

203 2048 294 2080 Teste
309 2048 391 2089 Rege
404 2049 478 2089 apud
491 2046 770 2090 Wstmsnasterium‚
786 2049 881 2079 x'xviii.
895 2047 941 2078 die
950 2046 1037 2087 Junii.

553 2129 607 2157 Per
626 2126 730 2157 Billam
749 2127 781 2157 de
799 2128 921 2156 Privato
939 2124 1036 2163 Sigillo.

174 2260 233 2292 Pro
261 2255 306 2290 W
307 2255 427 2288 illielmo
443 2253 671 2301 Cliffitrdfhper
690 2251 830 2297 Custodia
848 2251 945 2297 Castri
961 2251 1152 2300 Burdegaliae.

204 2341 334 2374 1Ilielmus
353 2340 461 2380 Cltffbrt
478 2339 583 2379 Miles,
600 2339 832 2371 Constabularius
849 2339 941 2370 Castri
956 2339 1044 2378 Regis
1058 2339 1201 2376 Burdega-

210 2383 273 2421 l'iae,
287 2382 352 2419 qui,
372 2381 400 2411 in
420 2379 478 2410 obs
509 2381 588 2411 uium
609 2379 715 2417 Regis,
730 2379 764 2409 ad
786 2388 875 2417 partes
890 2378 1041 2409 Vasconiae
1056 2379 1202 2416 profectu-

133 2430 178 2450 rus
192 2421 248 2457 cst,
267 2419 374 2450 ibidem
386 2419 466 2456 super
508 2419 643 2448 xccrcitio
658 2419 691 2448 &
706 2418 766 2448 sana
784 2418 1001 2448 Gubernatione
1016 2417 1084 2447 dicti
1099 2417 1203 2448 Officii

133 2457 344 2489 Constabularii
361 2457 626 2494 moraturus,habet
642 2456 748 2486 Literas
764 2455 853 2496 Regis
866 2456 902 2487 de
918 2456 1104 2488 protectione
1120 2459 1202 2494 (cum

132 2497 250 2567 claIusula?
262 2496 399 2564 lglumus)
416 2505 464 2533 per
481 2505 571 2526 unum
587 2495 707 2526 Annum
722 2494 874 2525 duraturas.

195 2545 232 2565 rae
246 2558 252 2563 .
308 2545 334 2564 c.

208 2572 298 2604 Teste
314 2573 395 2611 Rege
409 2572 484 2612 apud
500 2571 773 2612 lb'estnzonasterium,
790 2571 894 2603 Tertio
906 2571 951 2602 die
961 2571 1039 2611 Julii.

579 2651 632 2679 Per
646 2649 750 2679 Billan:
765 2650 795 2679 de
810 2651 929 2679 Privato
943 2647 1044 2686 sigillo.

132 2777 156 2799 *
176 2778 234 2810 Pro
261 2772 441 2820 quibusdam
466 2772 502 2806 de
529 2776 629 2807 Scotia
653 2774 744 2819 sirper
769 2776 856 2806 certis
883 2776 1020 2805 materiis
1042 2785 1110 2806 cum
1127 2775 1203 2820 Rege

576 2822 765 2855 trafiamris.

138 2911 224 2970 RE
236 2912 265 2942 X
276 2935 285 2950 ,
300 2921 349 2950 per
365 2909 453 2940 literas
467 2908 523 2940 suas
540 2907 679 2945 PatenteS,
697 2906 781 2945 usque
797 2908 831 2939 ad
845 2907 960 2939 Festum
977 2907 1122 2938 Omnium
1135 2905 1203 2937 San-

217 2951 353 2986 c'lorum,
369 2949 504 2986 proximo
529 2948 671 2984 futurum,
689 2945 848 2983 duraturas,
867 2947 982 2984 suscepit
1004 2948 1034 2976 in
1051 2945 1155 2976 salvum
1171 2947 1204 2978 ὃς

135 2989 264 3019 securum
287 2987 479 3018 Condutstum
501 2986 595 3024 suum,
612 2996 644 3016 ac
661 2987 689 3015 in
706 2983 940 3024 Proretstionem,
961 2984 1152 3023 Tuitionem,
1170 2987 1204 3016 ἅ

134 3026 343 3058 Defensionem
364 3026 420 3056 suas
441 3025 588 3066 speciales,
612 3023 809 3054 Alexandrum
833 3025 865 3054 de
890 3028 992 3062 Carnys
1017 3023 1204 3060 Praepositum

135 3066 170 3096 dc
194 3065 406 3105 Lynclondale‚
425 3065 458 3095 &
481 3062 654 3103 Magistrum
670 3061 821 3092 Gilbertum
843 3065 940 3093 Kaime
956 3063 991 3092 de
1007 3062 1118 3099 Scotia,
1135 3072 1205 3092 cum

137 3104 220 3134 Octo
242 3104 371 3134 Personis
390 3104 418 3132 in
439 3101 588 3132 Comitiva
610 3101 672 3143 iiia,
690 3102 718 3130 in
740 3101 877 3140 Regnum
900 3102 987 3140 Regis
1001 3101 1130 3138 Angli-te,
1147 3109 1205 3131 tam

136 3153 185 3180 pei·
199 3143 336 3180 Terram,
354 3143 439 3180 quam
454 3151 503 3180 per
519 3139 602 3170 Mare
612 3163 622 3177 ‚
640 3142 718 3178 super
734 3142 815 3170 certis
829 3140 956 3170 Materiis
971 3149 1040 3170 cum
1054 3140 1136 3177 Rege
1151 3148 1206 3169 tra-

139 3181 248 3211 &andis
272 3182 305 3211 &
323 3178 600 3215 Communicandis,
619 3177 777 3217 veniendo,
793 3179 901 3209 ibidem
918 3178 1076 3217 morando,
1095 3177 1157 3212 &c.
1175 3186 1207 3207 ut

139 3223 168 3250 in
185 3219 308 3256 similibus
323 3220 355 3248 de
371 3218 509 3248 Condfflu
524 3220 633 3246 Litrrr's.

177 3258 267 3288 Teste
286 3257 369 3296 Rege
382 3257 455 3295 apud
471 3259 498 3287 u
505 3254 746 3295 i’stmonasterium,
765 3254 840 3285 sexto
855 3255 902 3286 die
911 3255 991 3294 Julii.

591 3334 644 3361 Per
664 3335 757 3361 Breve
771 3332 804 3361 de
817 3334 936 3362 Privato
951 3331 1049 3370 sigillo.

126 3458 235 3508 'Super
257 3461 422 3493 Levatione
438 3459 524 3491 Novi
542 3456 666 3503 Pedagii
687 3460 717 3489 in
734 3459 928 3504 Aquitania,
953 3455 989 3489 de
1005 3456 1209 3503 Appellatione

601 3504 762 3539 audienda.

0 3601 68 3632 Ann.
83 3600 125 3631 D.
150 3594 293 3649 REX,
311 3593 432 3624 Dilerstis
451 3593 551 3630 nobis,
568 3591 793 3622 Honorabilibus
807 3591 840 3621 &
859 3591 991 3622 Discretis
1007 3590 1098 3629 Viris,
1117 3590 1216 3630 Magi-

17 3650 29 3669 1
58 3649 105 3670 ν.

0 3650 54 3708 Aru—f
68 3660 93 3707 13

0 3726 31 3747 η.
48 3724 77 3753 5.

0 3757 57 3782 ΡΜ.
70 3764 92 3781 ι.

0 3797 31 3821 Pl.
51 3801 79 3826 5.

0 3839 35 3857 m.
53 3839 80 3864 9.

228 3634 290 3664 stris
311 3631 466 3662 Bcrtrando
484 3631 516 3661 de
532 3630 606 3670 Asta
629 3629 821 3660 Decretorum
839 3630 984 3665 Ductori,
1001 3630 1097 3669 Judici
1112 3630 1215 3661 nosttae

150 3667 247 3702 Curiae
269 3670 501 3708 Appellationum
526 3668 673 3699 Vasconiae
686 3691 695 3705 ,
726 3668 759 3698 δι’
778 3667 936 3699 Guilherino
955 3668 987 3697 de
1011 3673 1104 3706 Cerpot
1120 3668 1217 3706 judici

151 3706 298 3748 nosti-isslti
312 3708 440 3778 Conjcilii
457 3707 587 3739 Civitatis
600 3705 703 3736 nostra:
715 3705 904 3745 Burdegaliae,
921 3706 1056 3737 Salutem.

190 3748 289 3778 Sciatis
324 3751 364 3778 uo

158 3785 165 3787 ”
192 3785 289 3823 Cum,
304 3758 470 3816 qcarisfimus
493 3783 640 3814 Dominus
661 3784 694 3814 ὅσ
716 3782 800 3813 Pater
819 3781 914 3813 noster
964 3785 1112 3821 Henricus,
1137 3792 1218 3822 nuper

156 3826 216 3853 Rex
235 3823 361 3861 Angliae,
379 3834 428 3863 per
444 3824 553 3854 Literas
567 3822 624 3853 suas
637 3821 766 3863 Patentes
783 3822 913 3859 (quarum
928 3805 1003 3852 bata
1017 3822 1057 3850 est
1073 3821 1219 3856 Vicesimo,

157 3862 281 3892 secundo
295 3862 339 3890 die
354 3862 489 3901 Augusti,
509 3862 596 3891 Anno
614 3860 709 3899 Regni
725 3860 764 3889 lui
781 3859 922 3895 Decimo)
940 3860 1117 3895 concesserit,
1133 3870 1219 3897 quan-

154 3909 218 3929 tum
239 3900 266 3928 in
288 3899 346 3935 ipio
369 3901 437 3938 fuit,
456 3900 562 3930 dilmsto
582 3900 680 3936 nobis,
698 3897 801 3928 Karolo
824 3898 1036 3935 dtr—Beaunwlnt,
1057 3898 1219 3930 Castellano

156 3937 253 3967 nostro
275 3937 310 3966 de
332 3937 486 3976 Maulcon,
511 3939 545 3968 ad
567 3938 715 3976 specialem
736 3936 982 3975 Supplicationem
1001 3937 1082 3973 ipiius
1102 3937 1218 3974 Karali,

155 3976 237 4014 qubd
259 3975 330 4016 ipse,
350 3975 466 4006 durante
486 3976 542 4007 vita
557 3976 602 4007 sui
615 3976 748 4016 proprisi,
767 3984 816 4015 per
829 3975 855 4004 se
870 3975 902 4004 δε
919 3974 953 4004 ad
970 3984 1040 4011 opus
1053 3975 1149 4013 stium,
1170 3985 1217 4012 per

159 4024 255 4045 manus
273 4017 329 4043 luas
349 4015 492 4052 proprias,
511 4015 555 4046 vel
570 4025 619 4052 per
634 4015 836 4046 Procuratores
851 4013 896 4043 seu
913 4012 1073 4051 Deputatos
1085 4014 1163 4052 suos,
1180 4015 1220 4044 le-

1231 302 1342 346 praefati
1367 300 1459 368 {alibi
1480 301 1516 332 de
1536 300 1659 332 Guiffen
1679 303 1866 340 pertinentia,
1889 301 2062 340 transibunt,
2079 311 2189 334 certum
2209 301 2300 332 Pedaa

1251 350 1330 378 ium,
1347 349 1376 368 vi
1397 348 1496 378 ercet,

1231 350 1249 381 g
1270 378 1330 408 Pro
1351 378 1475 416 quolibet
1497 378 1648 417 Saumagio
1661 378 1753 410 Panni
1766 378 1812 410 vel
1824 378 1935 410 alterius
1948 379 1988 410 rei
2004 377 2189 412 Mereatoriae
2203 378 2301 418 Qin-

1233 427 1289 456 que
1310 417 1411 447 Arditz
1423 416 1584 455 Guiaynes,

1269 456 1329 485 Pro
1362 455 1466 485 ualibet
1482 455 1550 493 Pipa
1566 454 1637 485 Vini
1653 454 1726 486 Duo
1741 455 1845 486 Arditz
1857 457 1892 488 &
1905 455 2039 487 Dimidio

1269 494 1329 525 Pro
1378 493 1438 524 olio
1452 493 1488 523 de
1502 492 1613 523 Pastell’
1628 494 1743 534 Septem
1763 495 1880 534 Arditz,
2046 481 2057 496 ’

1272 532 1332 563 Pro
1348 532 1468 570 qualibet
1482 531 1623 562 Carrecca
1639 533 1785 563 Frumenti
1801 533 1872 564 Duo
1884 533 2006 573 Arditz,

1272 571 1332 601 Pro
1347 570 1475 610 quolibet
1490 569 1591 610 Capite
1613 570 1652 600 M
1669 580 1734 601 onae
1747 570 1847 602 Bestiae
1862 572 2030 604 Dimidium
2046 572 2167 612 Arditz,

1272 608 1331 639 Pro
1346 609 1474 647 quolibet
1487 608 1639 646 Quintallo
1677 610 1743 647 erri,
1759 609 1830 640 Duo
1847 611 1950 642 Arditz
1965 612 1999 643 &
2018 611 2169 650 Dimidio,

1273 647 1309 678 Et
1325 648 1360 678 de
1372 648 1493 687 qualibet
1504 646 1701 678 Trae'taCorii
1724 648 1864 687 Qinque
1884 650 2004 689 Arditz,

1275 686 1552 755 Qiorumdquidem
1568 685 1670 716 Arditz
1683 687 1831 724 quodlibet
1847 687 1920 718 valet
1933 698 2025 719 unum
2037 689 2171 720 Obolum
2185 690 2302 722 Sterlin-

1255 736 1336 756 orum
1373 735 1403 757 ut
1438 735 1487 756 ixit

1235 734 1254 765 g
1270 748 1387 795 Proviso
1402 748 1509 803 sempe’r
1520 763 1600 802 quod
1613 763 1658 794 sua
1672 762 1807 802 praedieta
1822 761 1980 795 Conceffio
1994 766 2024 795 in
2038 766 2153 804 alicujus
2165 767 2302 805 Praejudi—

1236 804 1330 840 cium,
1349 804 1398 841 qui
1420 802 1595 834 Franchelias
1614 802 1660 833 vel
1679 802 1802 872 Ρεάαέῇα
1825 802 1930 832 habent
1952 804 1982 833 in
2002 806 2125 841 partibus
2145 806 2303 846 praedietis,

1236 852 1296 872 non
1313 842 1393 873 cedat
1408 842 1465 873 ullo
1481 842 1588 879 modO,
1604 850 1688 881 prout
1705 843 1733 871 in
1777 842 1851 872 iteris
1865 841 1919 871 suis
1934 841 2108 881 Patentibus,
2123 844 2189 876 inde
2201 846 2302 876 confe-

1236 881 1307 919 ctis,
1326 880 1432 918 plenius
1445 881 1609 911 continetur
1618 903 1628 918 ,
2238 896 2240 898 v

1275 919 1322 950 Ac
1342 919 1548 957 postmodum,
1575 918 1689 956 Major,
1715 917 1849 956 Scabini,
1869 919 1978 958 Jurati,
1997 918 2151 959 Consules,
2170 920 2204 951 &
2219 920 2304 952 'Cen-

1239 965 1304 988 tum
1324 957 1407 988 Pares
1428 957 1560 988 Civitatis
1576 957 1681 988 nostrae
1694 956 1826 996 Baionae,
1843 967 1877 988 ac
1893 958 2097 990 Communitas
2108 960 2141 990 &
2156 957 2304 990 Univerfi-

1240 1003 1280 1026 tas
1295 996 1418 1034 ejusdem
1451 997 1466 1026 Ξῖ
1479 997 1560 1027 certis
1573 995 1809 1034 Gravaminibus,
1829 1006 1878 1035 per
1893 997 2044 1036 praefatum
2060 997 2230 1028 Dominum
2244 1000 2307 1028 Ka-

1240 1033 1343 1072 rolum,
1362 1036 1391 1064 in
1430 1036 1573 1065 „evatione
1590 1034 1698 1073 praefati
1720 1034 1807 1065 Novi
1830 1035 1888 1066 Ped
1925 1037 1960 1073 ii,
1977 1035 2060 1067 factis
2077 1036 2110 1067 &
2122 1036 2308 1068 verisimiliter

1241 1073 1432 1111 imposterum
1448 1072 1562 1108 fiendis,
1580 1083 1613 1103 ac
1629 1073 1664 1103 ab
1680 1071 1881 1112 Impofitione,
1914 1075 2071 1112 'xadtione,
2089 1075 2123 1106 δε
2138 1074 2309 1106 Concessio-

1241 1122 1278 1142 ne
1294 1112 1400 1150 praefati
1415 1113 1484 1143 novi
1503 1111 1618 1151 Pedagii
1628 1134 1637 1149 ,
1656 1119 1789 1150 tanquam
1798 1113 1884 1142 nimis
1896 1113 2131 1151 praejtidicialibus
2148 1115 2182 1146 δε
2192 1113 2306 1152 Damp-

1241 1151 1315 1181 nolis
1336 1150 1458 1190 praefatae
1487 1149 1605 1181 Civitati
1628 1149 1756 1187 Baionae,
1781 1159 1897 1180 necnon
1920 1150 2122 1187 Habitantibus
2141 1153 2171 1182 in
2195 1152 2308 1192 eadem,

1243 1198 1273 1220 ut
1293 1190 1430 1228 allegant,
1448 1190 1550 1227 etiarn,
1568 1197 1598 1220 tit
1618 1189 1759 1226 afferunt,
1775 1187 1812 1218 de
1831 1188 1948 1219 veritate
1961 1189 2175 1222 Praemissorum
2190 1201 2244 1222 nec
2260 1202 2310 1223 ve-

1238 1229 1340 1259 raciter
1356 1228 1527 1259 Informatos
1542 1238 1595 1258 nec
1613 1227 1784 1265 Consultos,
1798 1226 1832 1258 ad
1847 1227 1998 1267 praefatum
2011 1229 2180 1259 carissimum
2195 1229 2310 1261 Patrem

1243 1266 1373 1297 nostrum
1390 1269 1423 1298 &
1440 1267 1513 1297 suam
1533 1266 1714 1297 Audientiam
1729 1265 1919 1310 appellarunt,
1939 1266 2009 1298 ficut
2024 1277 2073 1306 per
2087 1266 2311 1306 Instrumentum
2326 1271 2328 1276 '

1243 1305 1396 1337 publicum
1406 1329 1416 1344 ,
1435 1306 1513 1345 super
1527 1305 1583 1336 hoc
1597 1305 1678 1335 nobis
1694 1304 1852 1342 exhibitum
1862 1327 1879 1343 ‚,
1889 1305 1964 1336 clare
1979 1306 2084 1344 liquet,

1279 1345 1497 1375 Adhaerentibus
1520 1343 1713 1382 Appellationi
1734 1343 1895 1380 hujusmodi
1913 1343 2016 1384 juratis
2034 1346 2068 1377 ὃς
2089 1344 2313 1376 Communitate

1243 1383 1329 1414 Villae
1346 1383 1441 1414 Sancti
1455 1383 1559 1413 Severii
1569 1406 1578 1421 ,
1594 1392 1627 1413 ac
1640 1382 1741 1421 Juratis
1754 1382 1789 1412 &
1808 1381 2030 1414 Communitate
2046 1382 2185 1414 Civitatis
2195 1385 2314 1422 Aquen-

1241 1423 1291 1460 sis,
1317 1422 1437 1461 praefatis
1457 1421 1660 1461 Impositione,
1684 1421 1861 1459 Exactione,
1887 1421 1921 1452 &
1940 1420 2152 1461 Conceffione,
2177 1431 2310 1463 tanquam

1242 1462 1279 1491 eis
1303 1463 1424 1492 nimium
1445 1461 1679 1500 praejudicialibus
1701 1461 1734 1490 ὃς
1755 1459 1936 1499 dampnosis,
1962 1470 1992 1492 ut
2012 1461 2130 1500 dicunt,
2155 1469 2240 1501 prout
2259 1471 2311 1500 per

1242 1499 1432 1530 Instrumenta
1448 1499 1581 1538 Publica,
1599 1500 1680 1529 nobis
1697 1498 1777 1538 super
1792 1498 1849 1528 hoc
1864 1498 2004 1535 exhibita,
2022 1498 2105 1538 plene
2121 1499 2250 1538 constat,
2294 1526 2295 1530 ,

1279 1540 1378 1577 (Qum
1400 1537 1518 1576 quidem
1540 1538 1769 1578 Appellationem
1790 1535 1929 1568 Civitates
1941 1538 1975 1569 &
1992 1538 2076 1570 Villae
2089 1537 2253 1578 supradietae
2267 1539 2312 1569 in-

1243 1579 1379 1616 tendunt,
1400 1586 1430 1607 ut
1444 1577 1581 1615 allerunt,
1599 1576 1730 1616 prosequi
1747 1585 1815 1606 cum
1829 1575 1955 1615 effectu,
1978 1590 1981 1593 ·

1280 1618 1298 1636 ³*
1308 1616 1465 1653 Postquam
1486 1616 1579 1655 plures
1597 1615 1687 1645 Aecus
1698 1614 1863 1653 judiciales,
1883 1616 1958 1646 inter
1973 1623 2061 1653 partes
2076 1615 2240 1656 praedictas,
2260 1627 2314 1648 co-

1243 1665 1304 1685 ram
1324 1655 1441 1694 praefato
1459 1653 1602 1685 cariffimo
1623 1653 1704 1683 Patre
1723 1652 1840 1691 nostrO,
1860 1663 1895 1683 ex
1915 1663 1992 1691 parte
2006 1655 2188 1692 praefatarum
2202 1655 2315 1687 Civita-

1245 1704 1306 1725 tuni
1324 1696 1356 1725 ὃς
1375 1693 1469 1730 Villae,
1478 1693 1562 1723 nobis
1576 1692 1629 1722 fuit
1643 1691 1785 1721 humiliter
1795 1691 1984 1729 supplicatum
1995 1702 2027 1724 ut
2042 1694 2081 1724 eis
2095 1703 2189 1725 certos
2199 1693 2315 1732 judices

1244 1733 1304 1802 1in
1309 1732 1553 1778 Commflsarios,
1564 1731 1643 1771 super
1656 1730 1858 1770 Appellationis
1873 1732 1992 1774 negotio
2004 1731 2181 1772 supradicto,
2197 1733 2316 1774 affigna-

1243 1782 1273 1802 re
1308 1783 1313 1801 1
1337 1782 1466 1803 staremus

1281 1780 1351 1841 Νξε
1370 1794 1595 1849 (Suppl’icanoni
1611 1808 1775 1847 praedietae,
1794 1815 1930 1846 tanquam
1943 1808 2005 1848 Juri
2020 1808 2171 1848 consonae,
2188 1821 2316 1843 annuen-

1246 1851 1305 1887 tes)
1324 1850 1406 1880 vobis
1423 1849 1548 1879 Duobus
1563 1849 1742 1887 conjunctim
1765 1847 1820 1885 (de
1835 1851 1964 1885 quorum*
1975 1847 2117 1880 Fidelitate
2131 1850 2164 1880 &
2178 1847 2317 1881 Industria

1245 1889 1378 1920 fiduciam
1399 1889 1520 1927 gerimus
1541 1887 1708 1930 specialem)
1728 1887 1938 1917 committimus
1963 1881 2048 1918 Vices
2062 1886 2188 1927 nostras,
2206 1889 2240 1920 δε
2256 1888 2317 1926 ple-¹

1245 1938 1328 1966 narn,
1346 1927 1464 1958 Tenore
1486 1926 1688 1963 Pr-aelentium,
1710 1923 1885 1956 Potestatem
1909 1935 1942 1955 ac
1964 1924 2136 1957 Mandatum
2152 1924 2267 1965 speciale
2280 1926 2316 1957 ad

1246 1966 1448 2003 Audiendum,
1467 1964 1728 2004 Cognoscendum‚
1748 1964 1782 1995 δε
1804 1962 2026 1994 Procedendum
2048 1965 2078 1994 in
2103 1963 2195 1996 Causa
2208 1963 2318 2008 'fivejn
2348 1984 2352 1989 -

1246 2005 1343 2036 Cauiis
1358 2004 1560 2043 Appellationis
1575 2002 1747 2040 hujusmodi,
1766 2010 1850 2040 prout
1865 2001 2012 2041 dic'taverit
2029 2002 2114 2033 Ordo
2126 2003 2218 2042 Ju'ris,
2242 2038 2245 2041 Δ
2279 2011 2295 2016 ⁴·
2310 2014 2312 2017 ·

1282 2044 1430 2082 Ipsamque
1449 2051 1517 2073 cum
1532 2041 1584 2072 suis
1599 2041 1687 2072 Emer
1707 2042 1830 2078 ent-ibus,
1850 2039 2103 2080 Dependentibus,
2120 2043 2154 2073 ὃς
2169 2041 2318 2074 connexis

1245 2083 1488 2122 quibuscumque,
1509 2080 1665 2115 secundum
1699 2081 1752 2110 uris
1767 2079 1954 2118 exigentiam,
1973 2079 2191 2117 Discutiendum
2205 2081 2239 2112 &
2255 2081 2319 2113 De:

1247 2122 1308 2152 bito
1332 2121 1386 2152 fine
1407 2120 1654 2158 Terminandum,
1670 2119 1784 2158 Juribus
1805 2119 1840 2150 ὃς
1864 2118 2063 2158 Praerogativis
2074 2118 2174 2150 nostris
2190 2120 2273 2151 nobis
2287 2122 2319 2152 in

1247 2161 1382 2191 omnibus
1397 2160 1508 2198 semper
1521 2159 1618 2198 salvis,

1284 2200 1329 2230 Ac
1351 2200 1436 2230 etiam
1456 2198 1490 2228 ad
1514 2196 1598 2229 testes
1614 2196 1825 2236 quoscumque,
1846 2206 1896 2236 per
1911 2204 2060 2237 utramque
2078 2198 2199 2235 partium
2215 2197 2318 2236 praedi-

1245 2238 1373 2276 &ai-um,
1398 2239 1426 2268 in
1449 2236 1524 2267 dieta
1545 2236 1624 2267 causa
1646 2235 1865 2275 Appellationis‚
1886 2245 1983 2266 coram
2005 2236 2088 2267 vobis
2110 2245 2157 2267 aut
2171 2236 2321 2277 Deputatis

1253 2276 1351 2309 vestris
1367 2276 1475 2307 idoneis
1487 2275 1723 2315 producendum,
1741 2276 1775 2306 ὃς
1794 2275 1812 2304 fi
1831 2273 1858 2303 se
1872 2273 1960 2312 dolo,
1979 2274 2096 2313 fraude,
2115 2275 2202 2315 odio,
2221 2275 2266 2306 vel
2278 2275 2321 2306 fa-

1246 2326 1334 2355 vore,
1352 2316 1398 2347 seu
1420 2315 1486 2346 ali-*as
1501 2313 1602 2353 injuste
1617 2313 1800 2350 subtraxerit,
1818 2313 1927 2344 veritati
1941 2312 2137 2344 testimonium
2151 2315 2317 2353 perhibere,

1247 2354 1511 2393 Compellendum,
1529 2363 1598 2385 cum
1621 2362 1717 2393 poena:
1732 2352 1765 2383 &
1781 2351 1888 2385 Multae
1899 2351 2062 2390 alteriusque
2076 2353 2238 2392 temporalis
2255 2352 2318 2383 Co-

1246 2395 1380 2425 hertionis
1394 2392 1556 2431 potestate,

1286 2433 1323 2464 Et
1346 2432 1413 2463 ideo
1435 2432 1516 2463 vobis
1535 2431 1701 2462 mandamus
1723 2428 1821 2469 quod,
1838 2429 1946 2460 vocatis
1963 2430 2167 2467 coramvvobis
2187 2427 2317 2459 Partibus
2362 2461 2363 2464 Ἴ

1249 2472 1406 2510 praeditstis,
1425 2471 1458 2501 δι’.
1474 2466 1530 2501 aliis'
1544 2480 1615 2509 quos
1632 2471 1659 2500 in
1676 2470 1728 2500 hac
1745 2477 1823 2508 parte
1835 2468 1957 2498 videritis
1969 2468 2148 2510 evocandos,
2162 2466 2315 2504 auditisque

1248 2512 1277 2541 in
1300 2510 1375 2541 dicta
1397 2509 1487 2541 Causa
1511 2508 1539 2540 A
1562 2509 1716 2547 pellationis
1730 2517 1825 2543 earum
1840 2506 2013 2545 Rationibus
2025 2509 2079 2538 live
2093 2505 2315 2548 Allegationibus

1247 2550 1324 2580 circa
1345 2548 1509 2587 PraemMss,
1549 2549 1679 2586 iligenter
1695 2545 1856 2583 intendatis,
1877 2544 1910 2576 &
1926 2553 1957 2574 ea
1971 2543 2075 2575 faciatis
2090 2545 2124 2576 δε
2138 2544 2317 2584 exequamini

1247 2588 1322 2628 quod
1335 2587 1444 2625 justum
1461 2586 1542 2618 fuerit
1556 2585 1589 2617 &
1607 2585 1767 2616 consonum
1784 2584 1901 2620 rationi,
2064 2584 2065 2587 ’

1286 2624 1445 2656 inhibentes
1467 2626 1578 2663 utrique
1602 2625 1729 2655 Pal-tium
1747 2621 1949 2662 praedictarum
1964 2620 2061 2660 quod,
2078 2621 2218 2659 pendente
2232 2621 2318 2656 dieta:
2351 2639 2353 2641 ·

1246 2663 1450 2702 Appellationis
1462 2662 1613 2703 Negotio,
1631 2661 1720 2692 nichil
1733 2662 1803 2691 novi
1820 2667 1985 2698 attemptare
1997 2660 2162 2697 praesumant
2179 2671 2184 2690 :

1243 2710 1246 2713 ⁴
1287 2702 1382 2732 Vobis
1399 2701 1524 2739 insuper,
1540 2700 1657 2730 firmiter
1677 2697 1868 2742 injungendo,
1886 2697 2054 2730 mandamus
2070 2699 2168 2737 qud,
2186 2699 2206 2730 fi
2219 2699 2319 2738 praefa-

1246 2750 1283 2773 tae
1313 2740 1517 2780 Appellationis
1544 2738 1708 2778 Negotium
1740 2738 1869 2768 unanimi
1893 2737 2027 2768 consensu
2051 2736 2147 2768 vestro
2169 2740 2317 2769 terminare

1247 2789 1306 2810 non
1321 2780 1460 2818 poreritis,
1476 2786 1544 2808 cum
1559 2778 1641 2807 omni
1658 2776 1820 2815 diligentia,
1839 2776 1873 2812 &
1889 2775 2073 2808 sollicitudine
2085 2775 2260 2816 poslibilibus
2274 2777 2314 2807 le-

1248 2819 1350 2856 gitime
1369 2817 1516 2855 inquiratis
1529 2839 1538 2854 ,
1557 2817 1596 2847 ’ὃς
1619 2815 1732 2852 Nobis,
1744 2815 1858 2852 ‘absque
1877 2814 2011 2846 dilatione
2032 2815 2172 2851 ulteriori,
2185 2814 2314 2849 'fideliter

1247 2856 1405 2888 certificetis
1413 2879 1423 2894 ,
1442 2857 1511 2886 citra
1531 2856 1654 2893 primum
1676 2854 1754 2884 diem
1776 2853 1884 2888 Mensis
1904 2852 1993 2888 Maii,
2013 2854 2148 2890 proximo
2170 2853 2224 2889 jam
2238 2853 2314 2883 futu-

1248 2906 1328 2934 rum,
1346 2894 1382 2925 de
1404 2893 1538 2925 Articulis
1553 2892 1744 2932 infrascriptis,
1762 2892 1796 2922 ad
1811 2891 1948 2923 effectum
1964 2900 1996 2922 ut
2009 2890 2317 2930 dietae'Appellationis,

1247 2934 1412 2974 Negotium
1427 2943 1476 2972 per
1488 2942 1541 2963 nos
1555 2931 1657 2963 Finem
1674 2939 1841 2971 perpetuum
1856 2929 1998 2968 sortiatur,

1286 3011 1330 3042 IN
1341 3020 1391 3050 Qtr
1402 3020 1444 3041 IR
1458 3021 1477 3041 A
1488 3020 1511 3041 τ
1520 3020 1530 3040 r
1542 3020 1554 3042 s
1565 3033 1573 3049 ,
1592 3019 1610 3040 Ρ
1621 3019 1643 3041 R
1654 3019 1666 3040 1
1676 3017 1704 3040 Μ
1713 3020 1734 3041 0
1743 3032 1753 3048 ,
1770 3019 1804 3039 an
1827 3007 1936 3039 diCtum
1960 3016 2072 3038 novum
2086 3007 2241 3048 Pedagium
2256 3015 2319 3041 ten-

1249 3051 1296 3082 dat
1320 3052 1347 3081 in
1364 3051 1557 3089 praejudicium
1579 3049 1736 3080 Civitatu'm
1754 3046 1940 3083 Burdeo'aliae,
1959 3046 2090 3084 Baionae,
2109 3047 2218 3086 Aquis,
2234 3047 2318 3080 Villae

1251 3090 1346 3120 Sanffl
1372 3089 1498 3127 Severii,
1514 3089 1547 3119 δε
1574 3087 1676 3117 Patria:
1697 3085 1802 3122 nostra:
1817 3096 1830 3114 a
1853 3085 1982 3122 jacentis,
2002 3094 2101 3116 contra
2122 3085 2316 3126 anchefias,

1252 3129 1405 3158 Libertates
1417 3151 1425 3165 ,
1444 3129 1476 3157 St
1491 3126 1638 3164 Privilcgia
1656 3125 1726 3154 inibi
1736 3124 1912 3154 >laudabiliter
1930 3124 1963 3153 &
1979 3124 2103 3162 legitime
2115 3125 2281 3158 observata?

1289 3166 1327 3197 Et
1347 3176 1381 3196 ari
1397 3165 1490 3195 tendat
1506 3166 1533 3194 in
1549 3164 1743 3203 praeiudicium
1759 3162 1974 3199 Mercatorum,
1993 3163 2168 3194 venientium
2181 3174 2250 3194 cum
2264 3164 2317 3195 suis

1252 3205 1471 3242 Mcrcimoniis,
1489 3204 1522 3233 &
1537 3203 1728 3232 recedentium
1746 3202 1761 3231 31
1776 3201 2097 3238 dietis‘Civitatibus,in
2114 3210 2223 3232 tantum
2239 3203 2320 3241 quod

1253 3244 1442 3280 Mercator-es,
1462 3242 1509 3279 qui
1531 3241 1736 3271 consueverunt
1758 3242 1852 3271 venire
1867 3240 1900 3271 &
1916 3240 2065 3278 recedere,
2082 3239 2188 3271 cenent
2204 3249 2320 3281 propter

1251 3292 1360 3312 novum
1375 3281 1530 3320 Pedagium
1544 3279 1740 3310 antedictum?
2158 3296 2162 3299 -
2218 3281 2221 3283 ·

1290 3320 1334 3350 IN
1344 3328 1393 3357 QU
1404 3329 1414 3348 1
1426 3329 1447 3349 R
1460 3330 1478 3349 A
1490 3326 1513 3347 T
1524 3327 1534 3347 1
1545 3328 1557 3347 s
1577 3319 1660 3348 etiam
1684 3316 1836 3356 quomodo
1845 3340 1853 3351 ,
1871 3317 2005 3356 qualiter,
2024 3318 2058 3348 ὃς
2081 3317 2180 3354 quibus
2199 3318 2316 3348 rationi-

1253 3360 1320 3397 bus,
1340 3359 1372 3388 δε
1385 3358 1426 3387 ob
1443 3367 1507 3396 quas
1523 3356 1639 3395 Causas,
1658 3356 1819 3393 hujusmodi
1838 3356 2042 3394 Praejudicium
2058 3356 2227 3394 generetur?

1288 3397 1301 3427 I
1312 3407 1334 3426 T
1345 3406 1361 3426 E
1373 3404 1397 3425 ‚xl
1409 3419 1417 3428 ,
1437 3406 1471 3425 an
1487 3395 1596 3426 dietum
1612 3405 1722 3425 novum
1738 3395 1893 3433 Pcdagium
1907 3395 2029 3432 politum
2043 3393 2124 3424 fuerit
2139 3393 2211 3423 infra
2226 3393 2320 3424 Limi-

1254 3445 1293 3467 tes
1314 3435 1428 3504 Pgdagii
1442 3434 1534 3494 C>astri
1546 3433 1634 3464 nostri
1649 3434 1733 3472 Regii
1750 3433 1882 3472 Baionae,
1900 3434 1934 3464 &
1950 3431 2021 3462 infra
2029 3430 2264 3469 jurisdictionem
2277 3432 2322 3463 di-

1254 3475 1310 3505 cstae
1359 3474 1468 3503 ivitatis.

1296 3512 1338 3541 ΙΤ
1348 3522 1365 3542 ε
1377 3520 1402 3541 M
1412 3534 1420 3548 ,
1429 3521 1464 3541 an
1478 3511 1590 3542 dictum
1606 3520 1716 3541 novum
1730 3510 1889 3550 pedagium·
1899 3510 1931 3540 sit
1945 3508 2067 3548 pofitum
2081 3507 2109 3537 in
2120 3506 2323 3545 Jtrrisdic'tione

1257 3553 1290 3583 ἃ
1309 3551 1469 3581 Territorio
1486 3549 1577 3580 Castri
1591 3549 1627 3579 de
1642 3548 1783 3580 Guilsen?

1259 3628 1276 3659 s
1293 3589 1421 3649 ΙξΕ-Μ,
1439 3598 1577 3627 quantum
1597 3588 1678 3619 distat
1699 3588 1775 3619 dieta
1796 3587 1912 3624 Riparia
1931 3587 1946 3616 a
1965 3583 2045 3614 dieto
2066 3581 2172 3614 Castro
2184 3583 2222 3614 de
2236 3583 2325 3616 Guis-

1271 3638 1306 3659 en
1320 3653 1324 3657 .
1436 3652 1437 3655 ,
2229 3638 2234 3644 ⁴

1299 3665 1400 3703 INQJ
1412 3674 1562 3697 i-RA’rts
1580 3666 1682 3703 etiam,
1699 3675 1734 3695 an
1755 3664 1866 3694 dictum
1887 3670 1999 3691 novum
2013 3659 2166 3699 Pedagium
2182 3661 2214 3692 sit
2228 3656 2323 3702 impo-
2375 3693 2394 3700 „
2417 3664 2423 3697 f
2446 3679 2466 3697 -,,

1260 3699 1344 3735 sittim
1365 3712 1462 3733 contra
1485 3704 1657 3734 Frinchei'ias
1681 3705 1713 3735 ὃ(
1738 3703 1893 3733 Libertates
1915 3699 2057 3730 dictarum
2080 3700 2238 3731 Civitatum
2252 3724 2262 3739 ,
2287 3703 2322 3733 δε

1215 3743 1219 3748 ’
1262 3743 1446 3780 praemaxime
1462 3742 1592 3772 Civitatis
1606 3742 1736 3779 Baionae,
1755 3742 1788 3772 &
1802 3741 1832 3769 in
1846 3736 2042 3778 praejudicium
2058 3736 2247 3776 pedagiorum
2263 3738 2324 3771 Ca-

1262 3781 1310 3811 stri
1331 3780 1416 3816 Regii
1437 3780 1568 3820 Baionae,
1587 3781 1720 3811 locorum
1740 3777 1865 3816 Sordue,
1883 3775 2139 3815 de'Peyreforard,
2156 3774 2324 3810 de‘Fastin-

1263 3829 1349 3857 gueS,
1367 3817 1458 3848 Castri
1476 3819 1606 3849 Civitatis
1624 3817 1778 3856 Aquensis?

1302 3857 1346 3887 IT
1357 3867 1374 3886 E
1386 3866 1431 3895 M,
1447 3867 1482 3887 an
1501 3857 1635 3889 Castrum
1657 3857 1693 3887 de
1713 3854 1836 3886 Guiffieh
1853 3852 2195 3890 habeatJurisdiffionem
2212 3856 2246 3886 ὃς
2261 3855 2329 3887 Do-

1263 3896 1384 3925 minium
1409 3896 1437 3925 in
1456 3894 1572 3934 Riparia
1593 3904 1694 3926 vocata
1717 3893 1850 3929 Ladour,
1868 3901 1917 3931 per
1937 3891 2034 3921 locum
2058 3891 2153 3929 illum,
2172 3903 2221 3930 per
2237 3904 2326 3932 quem

1264 3934 1437 3963 Mercatores
1453 3943 1521 3964 cum
1535 3934 1588 3965 suis
1605 3931 1806 3964 Mercimoniis
1819 3930 1924 3960 vadunt
1941 3939 1989 3966 per
1998 3929 2109 3968 Aquam
2121 3931 2154 3961 ad
2169 3932 2326 3962 Civitatem

1262 3973 1377 4002 Baionae
1393 3972 1426 4001 ὅ(
1441 3973 1606 4009 reveniunt,
1623 3972 1655 4003 ὅ(
1672 3972 1702 4001 in
1716 3971 1784 4001 loco
1797 3969 1847 3999 ubi
1862 3968 1971 3999 dietum
1987 3978 2098 4000 novum
2116 3969 2273 4010 Pedagium
2285 3970 2328 4000 est

1261 4009 1446 4050 impolitum?

2209 4046 2334 4086 ITEM,

2332 1610 2468 1649 *1X 3rj
