2562 4274
7 287 91 321 Ann.
102 283 146 319 D.

42 325 129 365 1406.

16 370 82 395 Heu.
100 374 129 400 4.

13 1696 128 1724 *VIIL

41 1744 110 1773 459·

33 3803 113 3835 ‘Ann.
128 3804 167 3837 D.

14 3855 17 3862 =
59 3845 145 3882 1406.

13 3888 20 3903 ⁴
42 3886 97 3910 Aa.
109 3884 138 3912 8.

40 3924 76 3947 H.
91 3931 120 3956 4.

40 3961 115 3986 Fran.
126 3959 151 3987 S.

41 4000 73 4022 H.
89 4008 117 4033 4.

41 4043 76 4061 m.
102 4045 144 4070 ¹9·

745 210 859 253 ET
943 211 1203 253 ACTA

162 293 251 326 sarum
267 298 278 334 3
298 295 416 328 nomine
434 292 566 335 Marquae
583 295 630 327 seu
647 294 865 333 Reptisaliarum
880 319 890 335 ‚
908 305 953 328 aut
971 298 1025 328 alio
1040 299 1141 337 quovis
1154 307 1220 328 mo-

166 333 207 378 do
223 334 268 365 vel
286 335 436 365 occafione
459 344 639 374 quacumque
658 333 817 372 Captorum
833 357 843 373 ,
865 338 950 366 motis
967 346 1069 367 mutuo
1086 338 1119 368 &
1137 346 1219 367 exor-

168 380 201 402 tis

207 394 244 442 Et
261 410 423 448 hujusmodi
445 409 626 450 Quaestiones
638 434 648 450 ,
667 410 876 442 Contentiones
889 435 898 450 ,
918 412 1053 452 Dampna
1068 437 1078 451 ,
1096 413 1222 452 Injurias‚

167 448 302 480 Excessus
316 471 326 488 ,
344 448 448 480 Riotas
460 472 470 488 ,
490 448 654 481 Discordias
670 472 679 487 ,
696 450 730 480 &
749 449 873 480 Debatas
892 451 1140 490 Reform-andum,
1161 453 1221 483 Re-

164 487 345 518 dreffandum
367 510 377 526 ‚
399 487 562 519 Sedandum
613 487 790 526 Sopiendum
806 511 815 525 ,
834 489 1006 521 Finiendurn
1020 514 1029 529 ‚
1046 491 1219 521 Tcrminan-

164 526 254 564 dum,
271 525 501 565 Pacificandum,
517 528 551 557 &
564 511 643 564 super
658 526 761 557 eisdem
780 525 1028 565 Componendum
1038 552 1048 568 2

203 565 408 603 Quaecumque
431 565 517 595 etiam
538 564 785 602 Transgressiones
797 589 806 602 ,
825 565 975 605 Dampna,
996 567 1194 605 Mesprifiones
1210 590 1219 606 ,

165 602 298 633 Exceflus
311 626 321 642 ,
342 603 495 634 Violentias
537 603 571 633 &
589 603 704 641 Injutias
720 614 768 641 per
788 604 854 635 Nos
868 627 877 642 ,
905 606 1010 644 Ligeos
1026 608 1070 637 vel
1088 607 1220 636 Subditos

165 641 296 680 nostros,
315 641 397 672 dicto
415 625 556 681 Magistro
573 641 708 672 Generali
727 644 828 680 quovis
847 644 935 674 niodo
954 645 1078 675 indebite
1097 653 1218 681 attemp-

163 689 218 710 tata
233 702 244 718 ‚
261 679 335 711 faeta
348 703 360 718 ,
377 681 411 715 &
434 680 505 710 illata
517 702 527 718 ‚
549 679 798 720 Refonnandum,
813 682 1015 720 Reparandum
1024 707 1034 722 ,
1051 683 1219 714 Restauran-

162 719 253 759 dum,
270 720 304 750 &
319 717 557 756 Emendandum‚

199 756 421 794 Consimilcsque
438 755 661 796 Restitutiones‚
680 757 901 798 Reparationes,
920 759 1166 796 Reformationes‚
1184 759 1218 789 &

161 795 383 826 Emendationes
398 818 408 834 ,
426 794 460 824 de
484 794 624 835 Magistro
645 797 790 827 antedicto
804 819 814 835 ,
837 798 881 827 vel
900 797 951 828 suis
970 797 1155 828 Procuratore
1173 797 1219 826 seu

162 833 393 864 Procuratoribus
409 834 443 865 &
462 832 592 865 Nunciis
610 835 833 874 quibuscumque
875 846 927 873 pro
947 836 1045 866 Nobis
1063 837 1095 866 δε
1114 835 1219 866 Subdi-

162 873 196 903 tis
211 871 328 910 nostris,
346 871 580 911 Requirendum,
598 873 775 911 Ferendum,
792 875 825 904 ὃς
841 858 1071 911 ἷζεςίρίεῃάυῑη,

199 911 328 941 Necnon
343 910 378 941 ad
393 911 590 942 Tractandum
607 912 718 943 ulterius
734 935 744 950 ,
762 912 1006 942 Concludendum
1023 935 1032 949 ,
1050 915 1083 943 &
1098 911 1217 941 Conve-

163 949 300 980 niendum
324 959 394 980 cum
413 949 494 981 dieto
518 949 660 987 Magistro
675 973 685 988 ,
711 959 756 980 aut
780 950 904 980 Nunciis
926 950 960 980 ὃς
981 950 1218 981 procuratoribus

160 990 213 1019 suis
226 988 385 1028 praediffls,
402 986 483 1027 super
498 989 723 1026 quibuscumque
738 987 1058 1027 Confoederationibus‚
1080 989 1217 1026 Ligis,&

164 1028 310 1058 Amicitiis
331 1027 504 1064 specialibus
539 1027 569 1057 T
571 1026 759 1066 emporalibus
774 1048 783 1063 ,
801 1026 845 1057 vel
866 1028 1022 1065 perpetuis,
1038 1028 1108 1058 inter
1131 1028 1217 1065 Nos,

163 1067 272 1103 Ligeos
288 1065 322 1096 δε
339 1065 474 1097 Subditos
488 1088 498 1104 ,
511 1051 619 1102 Regna
632 1066 665 1094 &
682 1064 823 1095 Dominia
843 1064 938 1095 nostra
960 1076 1164 1107 quaecumque,
1184 1075 1218 1096 ex

158 1115 216 1136 una
231 1128 240 1143 ,
259 1105 293 1135 &
309 1103 483 1143 Magistrum
496 1103 668 1134 antedictum
677 1125 687 1141 ,
701 1102 811 1141 ejusque
826 1102 1024 1135 Procuratores
1038 1105 1071 1136 &
1083 1105 1219 1136 Nuncios

159 1144 301 1183 quoscum
324 1153 377 1182 ue,
392 1150 425 1172 ex
439 1149 515 1180 parte
528 1141 626 1185 altera,
643 1141 789 1180 ineundis,

197 1182 244 1213 Ac
262 1181 298 1211 de
305 1154 709 1213 qlutei-communicationibus
721 1203 731 1218 ,
749 1181 820 1211 inter
842 1180 910 1211 Nos
925 1204 936 1220 ,
954 1181 987 1212 &
1007 1181 1143 1212 Subditos
1164 1193 1220 1213 no-

162 1220 251 1260 stros,
268 1221 303 1251 &
317 1218 490 1259 Magistrum
501 1219 677 1251 antedid‘turn
686 1243 695 1258 ,
704 1219 840 1257 ipsiusque
855 1219 1053 1250 Procuratores
1068 1221 1123 1250 sive
1132 1221 1220 1251 Nun-

160 1261 223 1290 cios
239 1258 453 1297 quoscumque,
470 1257 539 1288 hinc
555 1257 637 1295 inde,
650 1259 680 1287 in
698 1257 902 1289 Mercimoniis
916 1260 950 1290 ὃς
967 1259 1024 1289 aliis
1039 1259 1140 1290 Licitis
1151 1282 1161 1299 ,
1179 1260 1220 1291 se-

161 1299 231 1330 cure
247 1298 281 1328 &
297 1298 484 1329 amicabiliter
498 1296 648 1333 faciendis,

198 1335 236 1366 Et
251 1334 287 1365 ad
302 1335 433 1374 quaedam
450 1336 501 1366 alia
515 1358 525 1374 ,
544 1336 574 1365 in
599 1335 700 1365 Literis
715 1334 816 1365 nostris
831 1333 997 1366 Parentibus
1012 1358 1022 1373 ,
1039 1335 1104 1366 inde
1120 1337 1220 1367 confe—

161 1374 232 1411 &is,
249 1382 404 1413 contenta,
423 1373 594 1406 Faciendum
609 1373 642 1404 ὃ(
659 1372 838 1411 Explendum
847 1395 857 1411 ,
876 1382 960 1412 prout
975 1375 1005 1404 in
1022 1374 1126 1404 eisdem
1142 1376 1220 1407 Lite-

160 1415 197 1443 ris
212 1413 320 1451 plenius
334 1414 517 1452 continetur,

197 1452 244 1482 Ac
259 1451 464 1488 postmodum,

196 1489 310 1520 Habitis
327 1490 407 1528 super
421 1487 571 1520 Praemiffis
586 1488 863 1519 Communicatione
877 1489 1054 1520 &TtaCtatu
1071 1491 1142 1521 inter
1151 1491 1223 1530 Vos,

162 1538 196 1559 ac
229 1528 377 1561 ohannem
386 1551 396 1567 ‚
410 1529 443 1559 &
458 1527 650 1558 Willielmum
664 1527 822 1565 Brampton
837 1528 1010 1566 antedidms,
1030 1528 1220 1568 Nunciosque

164 1568 198 1598 &
240 1575 414 1598 rocuratores
429 1565 561 1604 Magistri
576 1565 726 1605 ptaescripti
735 1590 744 1604 ,

201 1604 422 1636 Concordatum
441 1605 475 1636 &
496 1605 732 1642 Appund'tuatum
756 1604 848 1635 fuisset
870 1604 951 1642 quod
976 1605 1037 1636 Vos
1078 1617 1112 1637 ac
1134 1606 1221 1645 dit-Sti,

158 1643 321 1682 Johannes,
338 1645 373 1675 &
390 1643 565 1674 Willielmus
581 1643 736 1681 Brampton
772 1644 817 1673 seu
837 1643 883 1672 alii
901 1644 984 1674 Loco
1003 1628 1089 1674 vestri
1105 1645 1216 1675 forlitaii

161 1682 302 1721 subrogati
315 1706 325 1721 ,
342 1682 486 1720 iidemque
509 1682 541 1712 N
545 1683 624 1712 uneii
643 1683 662 1701 *ᾖ
681 1683 714 1713 &
737 1666 956 1721 s’tocuratores,
974 1682 1009 1713 ad
1023 1692 1115 1714 certos
1131 1683 1221 1714 Diem

163 1721 198 1751 δε
215 1721 331 1751 Locum
345 1745 356 1760 ,
375 1721 404 1750 in
423 1720 506 1751 dic'tis
522 1720 688 1751 Concordia
703 1722 737 1752 &
754 1720 1030 1757 Appunctuamento
1048 1731 1100 1759 pro
1116 1721 1223 1752 Refor-

162 1761 290 1791 matione
305 1759 548 1798 Attemptatorum
563 1760 595 1789 &
608 1759 728 1790 aliorum
741 1759 943 1796 praeditfi‘corum
958 1759 1086 1797 praefixos
1101 1761 1133 1792 &
1147 1761 1224 1792 limi-

161 1806 250 1836 tatOS‚
269 1800 425 1829 convenire
439 1797 641 1828 debuissetis&
656 1797 811 1829 debuiffent
820 1821 829 1836 ‚

200 1836 240 1867 Et
252 1837 318 1875 quia
331 1836 418 1875 Dies,
436 1837 474 1868 sic
489 1836 654 1876 assignatus,
672 1838 706 1868 &
728 1836 774 1867 alii
798 1835 1007 1876 subsequenter,
1024 1836 1058 1867 ad
1076 1837 1224 1868 Praemissa

163 1876 310 1914 prorogati
326 1877 360 1908 &
375 1874 498 1917 praefixi,
517 1884 633 1914 propter
649 1875 777 1913 legitima
792 1874 1015 1913 supervenientia
1030 1875 1224 1914 Impedimen-

164 1923 210 1952 ta,
227 1914 262 1946 δε
280 1913 345 1945 alias
360 1913 444 1953 justas
458 1924 493 1944 ac
508 1913 685 1945 rationabiles
701 1913 804 1944 Causas
820 1936 829 1951 ,
846 1914 1010 1945 transierunt
1028 1915 1084 1945 sine
1101 1914 1205 1946 Fruitu
1215 1938 1225 1954 ,

165 1963 220 1984 nec
233 1961 363 1992 poterant
378 1975 388 1990 ,
405 1953 481 1991 quta
503 1953 639 1983 Formam
661 1952 865 1989 Affignationis
880 1953 912 1983 &
927 1952 1138 1989 prorogationis
1155 1964 1226 1992 prae-

165 1992 307 2061 gliossatum
320 2014 332 2030 ,
349 1990 489 2022 observati
503 2013 514 2030 ,
532 1990 709 2022 obstantibus
730 1991 945 2028 Impedimentis
960 1992 994 2022 &
1016 1990 1114 2022 Causis
1136 1992 1227 2031 supra-

196 2039 213 2061 c
228 2040 248 2060 is

203 2053 414 2108 Assignavimus
426 2077 480 2098 vos
493 2067 529 2099 ad
545 2067 792 2099 conveniendum
808 2067 843 2099 δε
858 2067 1058 2099 Τῑ3ἃ3ηάυπι
1074 2078 1143 2099 cum
1159 2068 1227 2098 Ma-

167 2106 257 2145 gistro
276 2107 501 2145 praenominato‚
520 2106 635 2143 ipsiusve
657 2106 889 2137 Procuratoribus
904 2129 914 2144 ,
934 2107 991 2137 sive
1013 2107 1142 2137 Nunciis
1166 2108 1228 2145 qui-

169 2146 346 2184 buscumque
362 2168 372 2184 ‚
397 2144 586 2176 sufficientem
609 2144 787 2175 Potestatem
810 2146 844 2176 δε
869 2143 1041 2176 Mandatum
1055 2145 1089 2176 ad
1104 2145 1163 2176 hoc
1179 2146 1229 2177 ha-

168 2184 420 2224 bentibus,.aiios
441 2192 534 2215 certos
554 2183 644 2214 Diem
669 2185 702 2215 &
726 2184 843 2214 Locum
858 2182 1052 2223 Eligendum,
1072 2183 1230 2222 Praefigen-

167 2223 265 2261 dum,¹
277 2221 490 2261 limandum,
508 2222 547 2263 &⁸
558 2222 784 2261 Affignandum,
802 2232 836 2253 ac
853 2222 883 2252 in
899 2224 937 2252 eis
952 2224 986 2254 ὃς
1000 2222 1231 2254 eoConvenien-

167 2261 240 2292 dum
253 2262 287 2292 &
300 2260 558 2292 'Concordandum
579 2271 634 2299 pro
653 2260 728 2291 finali
743 2260 927 2299 expeditione
942 2263 1073 2292 omniurn
1087 2263 1122 2293 δι’
1135 2262 1232 2300 singu—

170 2299 288 2338 lorum„
313 2309 380 2337 quae
398 2309 454 2337 per
465 2310 540 2337 vos,
563 2309 598 2330 ac
623 2299 718 2330 didios
733 2322 742 2338 ,
767 2300 930 2339 johannem
946 2324 955 2338 ,
982 2302 1016 2332 &
1037 2300 1232 2330 Willielmum

170 2338 345 2376 Exampton,
362 2338 480 2368 nomine
495 2338 596 2369 nostro
610 2360 620 2376 ‚
637 2347 707 2369 cum
721 2338 848 2369 Nunciis
862 2340 896 2370 ὃς
912 2339 1147 2373 Procuratoribus
1161 2339 1233 2369 dieii

173 2375 324 2414 Magistri,
341 2376 477 2406 Tmetata
491 2377 525 2407 &
541 2374 720 2407 Corcordata
734 2376 866 2415 fuerunt,
885 2387 953 2408 cum
969 2379 1049 2408 omni
1067 2377 1233 2416 securitate,

171 2415 269 2447 debita
283 2415 322 2445 &·
332 2413 451 2445 honest&
465 2415 493 2444 in
508 2414 567 2445 hoc
583 2414 646 2446 casu
662 2437 671 2453 ‚
689 2415 723 2446 ὃς
737 2415 791 2446 hac
807 2417 871 2446 vice
885 2439 894 2453 ,
913 2419 1033 2447 nomine
1047 2415 1144 2448 nostro
1160 2439 1170 2454 ,
1187 2416 1235 2446 fir-

175 2455 260 2487 miter
276 2452 502 2484 Observandum
519 2476 529 2492 ,
551 2453 720 2485 Vallandum
736 2476 746 2492 ,
764 2456 798 2486 &
823 2455 1008 2486 Firmandum
1023 2479 1033 2495 ‚
1050 2456 1129 2493 juxta
1145 2454 1235 2494 Vim,

175 2492 370 2530 formam&
387 2490 535 2527 Effe&um
555 2491 717 2522 Literarum
736 2492 894 2524 nostrarum
913 2494 1129 2533 praedictarum,

210 2530 376 2569 Caeteraque
391 2531 491 2561 omnia
507 2531 658 2570 &singula
673 2530 866 2570 Faciendum,
884 2531 1100 2564 Excetceridum
1110 2533 1161 2570 ,&
1175 2531 1234 2562 Ex-

173 2568 350 2607 pediendum
370 2577 434 2607 quae
453 2569 482 2598 in
502 2566 656 2599 Praemissis
677 2570 715 2600 ’δε
732 2571 809 2601 circa
832 2580 864 2600 ea
886 2572 1040 2602 neceffiiria
1064 2570 1168 2601 fuerint
1189 2570 1235 2602 vel

173 2607 396 2646 quomodolibet
419 2614 561 2646 oportuna
574 2630 584 2645 ,
599 2609 634 2639 &
659 2617 724 2645 quae
746 2608 858 2639 nosmet
878 2609 929 2646 ipsi
942 2610 1035 2640 facere
1052 2609 1197 2648 possemus
1215 2609 1236 2641 fi

174 2645 352 2685 personaliter
363 2645 571 2684 interessemus,

214 2684 415 2716 Promittentes
429 2694 481 2715 nos
495 2683 625 2723 Rarum,
643 2683 768 2715 Gratum
784 2707 794 2723 ,
811 2685 844 2715 &
859 2684 990 2716 Firmum
1004 2687 1141 2724 perpetuo
1156 2686 1238 2717 habi-

176 2731 252 2754 turos
264 2731 360 2754 totum
375 2725 409 2756 ὃς
425 2723 560 2762 quicquid
575 2733 624 2761 per
641 2723 721 2762 Vos,

216 2762 338 2801 Quem²
348 2770 451 2799 ,tenore
465 2761 666 2800 Parentium,
683 2764 718 2795 ad
735 2761 897 2800 Praemiss'a,
915 2761 1046 2793 nostrum
1054 2773 1155 2794 verum
1165 2787 1175 2801 ,
1192 2763 1233 2794 le-

176 2800 317 2837 gitimum
330 2823 340 2838 ,
356 2801 391 2831 &
412 2799 599 2831 indubitatum
621 2800 840 2832 Procuratorem
858 2824 868 2839 ,
887 2800 1043 2832 Gestorem
1060 2825 1070 2840 ,
1087 2803 1120 2833 &
1140 2802 1238 2832 Com-

178 2838 353 2878 missarium,
372 2839 569 2877 Deputatum,
587 2849 620 2869 ac
638 2839 811 2877 Nuncium,
829 2839 997 2878 specialem,
1015 2840 1169 2879 Facimus,
1181 2840 1240 2871 Or-

177 2876 325 2916 dinamus,
344 2877 560 2908 Constituimus
574 2878 607 2908 &
617 2877 796 2915 Deputamus
807 2888 855 2916 pet
869 2879 1030 2917 praesentes,

234 2915 343 2946 Aetam
365 2939 375 2954 ‚
407 2915 533 2946 Gestum
549 2938 559 2953 ,
585 2915 787 2955 Promissum,
814 2916 991 2946 Concessum
1009 2940 1019 2955 ,
1044 2917 1236 2958 Expeditum,

177 2953 223 2984 seu
239 2954 425 2986 Procuratum
443 2955 525 2985 fuerit
543 2955 573 2984 in
593 2953 745 2984 Ptaemiffis
760 2977 770 2993 ,
795 2954 841 2985 seu
858 2955 952 2994 aliquo
972 2954 1199 2988 Praemissorum.

219 3029 289 3073 Dat.
307 3034 336 3060 in
359 3031 470 3060 Palatio
492 3030 579 3076 nostro
604 3030 711 3070 Wstm.
728 3031 778 3062 sub
800 3030 906 3068 Magni
928 3031 1020 3075 Sigilli
1036 3033 1128 3064 nostri
1142 3033 1238 3065 Testi-

181 3078 282 3112 monio
297 3090 307 3106 ‚
332 3069 558 3146 (guod-emmo
580 3069 626 3100 die
650 3070 758 3100 Mensis
779 3069 960 3113 Novembris
973 3093 984 3108 ,
1003 3071 1090 3117 ᾼῃηο
1113 3072 1238 3116 Domini

183 3105 341 3137 Millesimo
393 3107 643 3148 uadrmgentesimo
659 3108 746 3140 Sexto
760 3130 771 3147 ,
787 3108 820 3138 &
842 3107 943 3146 Regni
959 3119 1029 3140 vero
1045 3109 1132 3141 nostri
1147 3110 1240 3142 Osta-

185 3155 231 3175 vo.

857 3187 911 3215 Per
929 3183 1012 3224 ipfhm
1031 3188 1135 3226 Regem.

277 3258 308 3289 X
325 3258 419 3289 eidem
436 3259 570 3291 Salutem.

185 3259 240 3314 R
276 3298 376 3328 Sciatis
391 3298 470 3342 quod
487 3322 497 3335 ‚
516 3309 586 3330 cum
602 3309 690 3338 nuper
705 3300 942 3333 Ordinaverimus
955 3303 990 3335 &
1004 3300 1241 3334 Constituerimus

184 3347 255 3374 vos,
269 3346 302 3367 ac
319 3335 490 3373 Magistrum
508 3336 667 3380 Johannem
681 3341 809 3378 Kyngton
823 3341 970 3371 Clericum
985 3364 995 3379 ,
1012 3341 1045 3371 &
1061 3340 1240 3372 Willielmum

185 3379 353 3413 Brampton,
371 3384 466 3419 nuper.
475 3374 581 3405 Civem
591 3375 753 3407 Londoniae
762 3400 772 3415 ‚
786 3379 847 3416 jam
859 3378 1027 3410 defundium
1035 3380 1087 3417 ,ad
1099 3380 1240 3411 Tractan-

184 3414 255 3444 dum
277 3414 310 3444 &
332 3412 576 3451 Conveniendum
593 3423 661 3444 cum
684 3413 904 3447 Communitate
923 3416 1071 3448 Societatis
1093 3417 1241 3450 Mercato-

185 3462 248 3483 rum
262 3451 298 3482 de
312 3451 421 3489 Hansa,
441 3450 618 3489 ipsorumque
630 3451 754 3482 Nunciis
769 3454 1044 3486 &Procuratotibus
1059 3457 1240 3495 quibuscum-

185 3501 260 3529 que,
277 3489 338 3526 &c.
358 3497 388 3519 ut
397 3489 503 3529 ficpra,
520 3493 634 3520 mutatis
647 3492 794 3523 mutandis.

220 3529 287 3559 Dat.
305 3529 431 3567 utsupra.
749 3535 752 3539 ’

863 3570 917 3600 Per
932 3569 1015 3609 ipsum
1032 3573 1136 3611 Regem.

281 3715 341 3746 Pro
361 3711 580 3758 Ptfi'atoribus,
599 3710 660 3758 sith
679 3714 822 3746 Dominio
839 3714 936 3746 Ducis
953 3713 1142 3761 Burgundiae.

243 3795 344 3865 ESI}0
354 3806 368 3828 Ι
377 3821 386 3836 ,
402 3799 465 3830 &c.
483 3808 500 3829 a
515 3806 585 3829 touz
599 3807 687 3837 ceux,
706 3806 762 3838 quy
777 3808 824 3829 ces
837 3797 978 3836 presentes
993 3798 1104 3830 Lettres
1119 3807 1244 3838 vetront,

281 3846 295 3866 a
306 3844 363 3866 utz.

225 3873 335 3904 Sachez
350 3884 420 3913 que,

227 3911 323 3955 Come
337 3914 415 3949 pieca
424 3935 434 3951 ,
451 3923 466 3943 a
481 3913 506 3943 la
519 3913 713 3952 Supplication
728 3912 782 3944 dez
805 3912 904 3943 Geritz
926 3911 1079 3950 d’Esglise,
1097 3913 1218 3954 Burgois
1232 3938 1242 3953 ,

191 3950 227 4019 ἐξ
235 3949 442 4026 Ιτὲειοὶέξὲἓὲεέῗῑ
450 3951 546 3983 Conte
559 3953 593 3984 &
607 3953 680 3983 Paiis
694 3953 730 3983 de
738 3952 865 3983 Flandtes
873 3974 883 3991 ,
891 3953 996 3982 certain
1003 3952 1131 3983 Traid‘tie
1138 3955 1175 3984 ait
1187 3953 1246 3984 este

183 4069 207 4096 F
224 4025 272 4056 De
294 4024 421 4056 Licence
433 4047 444 4064 ‚
461 4026 571 4059 Povoir
583 4051 594 4068 ‚
616 4029 650 4060 &
671 4028 821 4060 Au&otite
844 4028 890 4060 del
912 4028 999 4068 nostre
1020 4029 1195 4070 Adverfhire
1212 4031 1244 4060 de

207 4074 319 4101 raunce,

214 4102 331 4174 Pahlgz
343 4100 457 4171 {Ipongs
465 4112 489 4170 ia
501 4112 536 4134 ce
549 4103 602 4143 de,
620 4104 645 4137 sa
660 4105 797 4137 treschier
817 4105 970 4138 &tresame
983 4106 1080 4139 Tante
1096 4129 1105 4145 ,
1125 4106 1157 4136 la
1175 4110 1240 4138 Du-

1286 213 1759 261 PUBLICA.

1258 296 1337 337 cheffi’
1357 300 1390 329 de
1410 304 1561 339 Burgoigne
1581 305 1659 341 (que
1682 304 1758 336 Dieu
1781 303 1894 336 absoille

2236 226 2315 266 105

1911 305 1921 342 )
1940 305 1974 336 &
1995 304 2092 341 depuis
2111 310 2254 333 enttetenu
2272 301 2305 330 &
2324 302 2400 335 Ann.
2414 302 2455 334 D,

1257 338 1392 380 continue
1406 349 1453 376 par
1471 341 1508 370 les
1523 340 1668 380 Commys
1682 344 1717 372 de
1732 343 1756 374 le
1771 347 1831 373 Duc
1845 345 1878 373 de
1894 345 2060 381 Burgoigne,
2069 341 2164 372 Conte
2179 340 2214 370 de
2224 340 2246 368 F
2247 339 2304 368 lan·
2350 342 2436 379 1406.

1256 374 1337 414 dtes,
1356 377 1414 407 Pilz
1429 388 1444 407 a
1459 377 1476 406 l’
1491 379 1532 408 dit
1546 379 1782 418 Ducheise,avec
1796 382 1841 412 lez
1855 383 2100 413 Ambaflaxatours
2113 390 2151 409 ou
2165 377 2307 416 Commys
2322 384 2385 408 Hm.
2401 391 2430 416 4⁴

1257 412 1292 442 de
1307 414 1399 445 nostre
1416 415 1505 446 Partie
1519 416 1727 456 d‘Engleterre,

1295 452 1348 482 Sur
1362 453 1388 482 le
1403 454 1462 485 Fait
1473 455 1508 484 de
1523 455 1547 484 la
1565 455 1682 487 Seourte
1696 457 1733 486 du
1750 456 1855 489 Coutse
1870 458 1905 488 de
1918 458 1944 488 la
1960 455 2176 493 Metchandise‚
2200 453 2306 484 d’entre

1257 491 1352 521 nostre
1366 491 1499 523 Roialme
1511 492 1704 530 d'Engleterre
1718 495 1750 525 ὃς
1765 495 1809 525 lez
1824 496 1896 526 Paiis
1911 497 1947 526 de
1962 496 2094 526 Flandres
2103 518 2112 533 ,

1294 529 1349 567 Et,
1368 539 1420 567 pur
1434 541 1487 561 ceo
1502 541 1557 569 que
1570 531 1595 561 le
1608 532 1650 562 dit
1664 532 1791 563 Trairftie
1806 544 1842 563 ne
1857 533 1923 564 c'est
1937 535 2030 570 peuffe
2041 533 2096 564 tost
2114 531 2307 566 Detetminer,

1257 576 1309 604 pur
1332 578 1451 600 aucunes
1476 569 1639 600 Difficultes
1662 572 1710 608 qui
1726 581 1743 610 y
1759 571 1839 601 sount
1855 573 2016 610 survenueS,
2037 573 2062 602 le
2077 572 2117 602 dit
2132 570 2227 601 nostre
2243 568 2305 598 Ad-

1257 605 1371 636 versaite
1383 607 1418 637 de
1440 608 1548 638 France
1561 609 1599 638 eit
1613 608 1680 639 volu
1697 619 1750 647 que
1773 609 1799 639 le
1821 610 1861 640 dit
1876 610 1945 640 Duc
1967 611 2017 646 (au
2034 611 2114 648 quel,
2132 620 2179 646 par
2195 608 2241 638 sez
2254 617 2303 636 au-

1256 651 1310 673 tres
1326 644 1451 683 Lenres,
1469 648 1544 676 avoit
1559 647 1600 676 sur
1615 657 1667 677 ceo
1682 648 1778 677 donne
1794 647 1918 685 Povoir,
1936 647 2062 678 Licence
2071 671 2080 686 ,
2097 651 2130 679 ὅ(
2140 645 2299 682 AuCtorite)

1257 684 1305 720 qui
1342 684 1408 713 uisse
1424 694 1471 721 pat
1490 685 1568 724 Luy,
1585 695 1623 715 ou
1640 686 1685 715 sez
1699 685 1843 725 Commys
1856 708 1865 724 ,
1881 686 2019 716 consentit
2033 687 2066 717 &
2085 687 2250 724 ordeigner,
2267 683 2304 713 de

1256 731 1305 757 par
1317 723 1444 791 ὃζυιγἊΙρὶ
1457 723 1714 792 git⁰Nljercllglam31ise
1726 725 1803 755 avoir
1817 723 1911 792 Posuts
1926 746 1936 761 ,
1952 732 2028 791 {titre
2036 724 2135 791 Rostre
2150 726 2191 754 dit
2206 721 2304 753 Roial-

1256 768 1333 828 meEt
1348 769 1442 828 ilasoiltt
1451 771 1584 837 aiiiiisquee
1594 823 1602 837 ,
1619 772 1661 830 ea?
1668 772 1817 832 dleetssieriiiaiit
1831 773 1856 831 sa
1869 772 2130 843 gitceTrailiriie,ri’on
2142 800 2178 828 ait
2190 798 2305 829 touchie

1255 836 1288 866 δε
1297 837 1462 874 pourparle,
1482 838 1500 856 '¹‘
1518 846 1596 868 entre
1608 847 1695 868 autres
1707 839 1831 877 Choses,
1849 850 1865 869 a
1878 838 1916 868 fin
1931 839 1967 868 de
1984 838 2052 876 pluis
2066 837 2221 867 sentement
2233 837 2304 868 estre

1256 873 1399 905 Excercee
1414 877 1440 904 la
1453 876 1511 906 dite
1528 875 1739 915 Merchandise,
1757 878 1824 908 d'un
1846 877 1909 908 cost
1924 878 1957 908 ὅ(
1971 877 2093 913 d'autre,
2112 885 2164 913 que
2178 875 2222 904 lez
2237 875 2302 904 Pes-

1260 912 1380 942 cheours
1395 936 1404 951 ,
1423 922 1479 944 tant
1494 914 1529 944 de
1545 914 1636 945 nostre
1653 915 1695 946 dit
1709 915 1860 954 Roialme,
1878 925 1963 946 come
1976 916 2014 945 du
2028 915 2069 944 dit
2083 915 2156 945 Paiis
2170 914 2206 958 de
2222 913 2302 943 Flan-

1256 950 1333 988 dres,
1349 953 1381 983 ὃ(
1396 953 1585 988 generalment
1601 954 1636 983 de
1651 962 1711 984 tout
1732 954 1758 984 le
1782 955 1915 986 Roialme
1928 953 1963 983 de
1978 954 2122 991 Fraunce,
2142 951 2262 990 puissent
2276 962 2305 981 a-

1256 988 1295 1019 ler
1312 990 1466 1021 seurement
1481 990 1601 1022 Pescher
1614 992 1656 1022 sur
1670 993 1771 1030 Meet,
1787 993 1812 1024 la
1828 993 1869 1024 dit
1885 992 1984 1023 Treite
1996 992 2097 1023 durant
2111 1014 2122 1030 ,
2139 992 2246 1022 sicome
2259 999 2308 1028 par

1257 1036 1317 1058 noz
1330 1027 1476 1065 Commvs
1490 1040 1560 1060 nous
1574 1030 1616 1060 est
1632 1040 1759 1070 reporte,

1294 1066 1392 1098 Savoit
1407 1068 1506 1098 faisons
1522 1079 1576 1107 que
1586 1069 1689 1107 Nous,

1292 1105 1423 1136 Desirans
1438 1107 1463 1136 le
1479 1107 1544 1138 bien
1562 1109 1594 1138 &
1608 1116 1794 1139 avancement
1807 1108 1842 1139 de
1855 1108 1880 1138 la
1893 1108 1950 1139 dite
1965 1107 2181 1146 Merchandise,
2197 1106 2222 1137 Ia
2231 1105 2309 1145 quel-

1256 1142 1281 1173 le
1295 1143 1320 1174 se
1334 1144 1384 1174 fait
1399 1156 1432 1175 au
1449 1145 1571 1177 Ptouffit
1586 1156 1695 1177 comun
1710 1147 1746 1177 de
1760 1154 1801 1177 tut
1816 1147 1909 1178 nostre
1925 1147 2082 1185 Roiaume,
2272 1183 2277 1188 ,

1294 1181 1329 1212 Et
1350 1193 1366 1212 a
1389 1182 1428 1212 fin
1452 1194 1507 1221 que
1527 1184 1571 1214 lez
1587 1185 1648 1215 ditz
1671 1185 1828 1216 Peschours
1850 1186 1905 1223 (les
1921 1186 2050 1224 quellez,
2065 1197 2080 1216 3
2097 1183 2205 1222 graund
2220 1182 2308 1222 peril,

1256 1228 1330 1251 vont
1342 1220 1385 1250 sur
1402 1220 1486 1252 Meet
1499 1245 1507 1259 ,
1527 1232 1576 1259 pur
1597 1225 1713 1261 gaigner
1734 1225 1795 1254 lour
1817 1225 1913 1261 vivre)
1933 1224 2052 1261 puiffent
2076 1223 2206 1254 Peschiet
2219 1233 2233 1252 a
2247 1222 2308 1260 plus

1256 1259 1489 1328 gragndPSeuilre,
1508 1261 1541 1291 ὃς
1555 1263 1678 1291 ameniet
1693 1261 1730 1291 du
1748 1261 1866 1292 Poiffon
1879 1262 1916 1293 de
1931 1262 2014 1293 Meet
2029 1273 2100 1300 pour
2115 1263 2141 1293 la
2156 1261 2307 1293 Sustenan-

1257 1306 1292 1326 ce
1327 1308 1342 1327 e
1381 1308 1414 1328 eu
1445 1308 1461 1327 e

1294 1308 1482 1374 Avons,ppu'r
1497 1336 1703 1367 consideration
1719 1336 1774 1367 dez
1795 1336 1903 1368 Choses
1917 1337 2008 1369 deffus
2022 1339 2110 1377 dites,
2133 1339 2165 1369 &
2181 1348 2228 1377 par
2240 1337 2308 1367 deli-

1257 1374 1383 1405 betation
1397 1375 1434 1405 de
1446 1374 1540 1405 nostre
1557 1375 1687 1414 Consail,
1704 1375 1817 1405 Ottroie
1833 1398 1842 1413 ,
1862 1377 1896 1406 &
1911 1376 2060 1408 Ottroions
2076 1378 2111 1408 de
2125 1376 2220 1407 Gracc
2233 1376 2309 1414 espe-

1257 1413 1335 1451 ciall,
1354 1422 1401 1451 par
1414 1424 1461 1443 ces
1477 1413 1619 1445 Prelentes
1632 1438 1641 1453 ,
1661 1424 1715 1453 que
1728 1438 1737 1452 ‚
1756 1415 1793 1445 du
1804 1415 1870 1452 jour
1885 1414 1920 1444 de
1933 1415 1956 1444 la
1973 1415 2152 1446 Publication
2166 1416 2312 1455 d'ycelles,

1254 1451 1365 1489 jusques
1381 1462 1395 1481 a
1410 1462 1447 1482 un
1465 1452 1509 1482 An
1525 1462 1602 1490 apres
1617 1454 1743 1491 eminant,
1762 1462 1843 1483 toutz
1858 1452 2024 1492 Pescheurs,
2042 1463 2099 1485 tant
2113 1455 2147 1484 de
2162 1454 2255 1484 nostre
2267 1453 2310 1484 dit

1260 1490 1402 1520 Roiaume
1413 1490 1622 1529 d'Englcterre,
1642 1492 1675 1522 &
1691 1492 1727 1521 de
1742 1491 1834 1521 Caleis
1849 1513 1859 1525 ,
1877 1492 1910 1521 δε
1925 1491 1979 1522 dez
1995 1501 2083 1523 autres
2099 1501 2156 1522 noz
2172 1492 2257 1522 Villes
2276 1494 2310 1523 ὃς

1260 1528 1365 1566 Lieux,
1385 1539 1470 1559 come
1492 1530 1547 1559 dez
1567 1531 1627 1560 ditz
1649 1529 1745 1561 Conte
1765 1530 1799 1561 &
1823 1529 1893 1559 Pisis
1907 1529 1942 1560 de
1957 1531 2099 1568 Flandrcs,
2116 1530 2170 1560 dez
2185 1529 2257 1560 Paiis
2274 1531 2310 1562 de

1259 1566 1403 1605 Picardie,
1421 1568 1457 1597 de
1473 1568 1669 1607 Normendie,
1686 1569 1720 1600 &
1737 1568 1773 1599 de
1788 1568 1931 1607 Bretaigne
1944 1591 1954 1606 ,
1969 1569 2001 1599 &
2016 1569 2204 1608 generalment
2220 1569 2254 1598 de
2270 1578 2312 1600 tut

1258 1605 1284 1636 le
1299 1606 1339 1636 dit
1356 1606 1500 1637 Roiaume
1514 1607 1549 1637 de
1564 1607 1587 1637 F
1589 1617 1706 1645 raunce,
1725 1606 1845 1645 puiss'ent
1861 1607 2053 1644 paisiblemeiit
2065 1608 2119 1638 aler
2136 1617 2182 1644 pat
2197 1616 2258 1637 tout
2270 1608 2312 1638 sur

1259 1643 1359 1683 Meet,
1378 1655 1428 1683 pur
1443 1646 1566 1682 peschiet
1581 1647 1614 1676 &
1629 1648 1747 1684 gaigner
1762 1647 1825 1676 lour
1840 1646 2026 1684 vivre,saunz
2041 1657 2076 1677 en
2099 1646 2168 1676 estre
2189 1646 2313 1684 Reptins

1260 1693 1296 1713 ne
1311 1683 1502 1721 Empeschiez
1517 1695 1553 1715 en
1569 1685 1652 1715 ascun
1670 1694 1801 1722 manere,

1298 1721 1429 1752 Pourveu
1444 1732 1515 1762 que,
1534 1733 1581 1761 par
1597 1723 1642 1754 lez
1655 1723 1716 1754 ditz
1730 1723 1898 1762 Peschours,
1918 1723 1984 1754 d'un
1998 1722 2074 1753 Cost
2091 1723 2124 1754 &
2140 1722 2258 1762 d’autre‚
2277 1733 2314 1754 ne

1261 1759 1314 1791 soit
1328 1761 1433 1791 comise
1448 1771 1556 1792 aucune
1570 1761 1681 1800 fraude,

1297 1798 1335 1830 Et
1358 1810 1404 1838 par
1423 1800 1490 1830 ainsi
1506 1810 1559 1838 que
1575 1799 1807 1832 semblablement
1829 1800 1881 1830 soit
1894 1799 1943 1830 fait
1955 1801 1987 1831 &
2002 1800 2095 1830 otroie
2109 1823 2119 1839 ,
2137 1800 2173 1831 de
2188 1801 2233 1830 lez
2247 1800 2317 1832 dites

1263 1839 1362 1875 parties
1383 1837 1418 1868 de
1439 1838 1462 1868 F
1463 1838 1567 1869 landres
1580 1862 1589 1877 ,
1609 1838 1736 1869 Picardie
1752 1863 1762 1878 ,
1780 1839 1978 1877 Normandie,
1998 1839 2162 1877 Bretaigne,
2178 1841 2212 1870 &
2227 1850 2317 1870 autres

1261 1876 1308 1907 del
1321 1876 1362 1906 dit
1376 1876 1520 1908 Roiaume
1541 1877 1576 1908 de
1599 1877 1744 1916 Fraunce,
1761 1889 1777 1908 a
1798 1878 1823 1908 la
1845 1878 1932 1909 seurte
1945 1877 1999 1908 dez
2016 1877 2076 1908 ditz
2092 1876 2266 1908 Pescheours
2281 1878 2319 1910 de

1262 1914 1356 1945 nostre
1371 1915 1412 1946 dit
1426 1914 1568 1946 Roiaume
1579 1915 1772 1956 d’Engleterre
1780 1939 1790 1954 ,

1301 1953 1380 1984 Issint
1402 1964 1455 1992 que
1470 1954 1489 1984 si
1505 1954 1543 1985 les
1561 1954 1751 1993 Pescheours,
1766 1955 1832 1985 d'un
1854 1953 1928 1985 Cost
1943 1977 1952 1992 ,
1967 1964 2015 1992 par
2037 1953 2151 1985 fortune
2173 1953 2208 1984 de
2225 1954 2320 1994 Venr,

1264 2002 1303 2023 ou
1320 2000 1396 2023 autre
1414 1993 1579 2024 Adventute
1593 2016 1602 2031 ,
1621 1994 1711 2025 soient
1733 1993 1849 2024 ioufflez
1871 2003 1908 2023 ou
1931 1993 2057 2023 chaucez
2078 2003 2106 2023 es
2130 1993 2262 2031 Havens,
2279 2004 2319 2026 ou

1265 2031 1379 2069 Portes,
1398 2030 1541 2070 Desttois,
1560 2042 1600 2063 ou
1610 2032 1753 2070 Dangiers
1763 2055 1772 2070 ,
1789 2032 1825 2062 de
1841 2031 1933 2062 l'autre
1948 2031 2039 2069 Cost,
2053 2042 2108 2070 que
2121 2032 2184 2062 eulx
2199 2041 2216 2070 y
2232 2031 2320 2064 soient

1265 2069 1461 2101 franchement
1476 2070 1612 2110 Receuz,
1630 2072 1662 2102 &
1678 2071 1901 2102 resonablement
1920 2069 2039 2100 Traitez
2052 2093 2061 2108 ,
2077 2071 2171 2108 paians
2186 2070 2231 2100 lez
2245 2071 2321 2101 Tol-

1266 2118 1314 2138 nes
1329 2108 1364 2139 &
1379 2107 1533 2140 Custurries
1545 2112 1726 2141 ancienment
1746 2108 1933 2140 acoustumez
1944 2131 1955 2147 ‚
1972 2110 2006 2140 ὃ(
2021 2119 2076 2147 que
2089 2109 2249 2149 d'illoeques
2266 2118 2322 2140 eux

1266 2146 1386 2184 puiffent
1401 2169 1411 2185 ,
1438 2147 1615 2179 liberalment
1630 2149 1663 2180 &
1677 2148 1763 2179 saunz
1778 2148 1860 2179 Arest
1873 2158 1912 2178 ou
1927 2147 2120 2185 Impediment
2135 2171 2147 2187 ‚
2163 2157 2216 2178 eux
2228 2157 2264 2179 en
2279 2159 2324 2180 re-

1267 2187 1393 2216 tournier
1408 2196 1423 2216 a
1441 2186 1501 2217 lour
1511 2187 1618 2219 -Patties
1626 2211 1636 2226 ,

1305 2224 1336 2255 Si
1353 2224 1498 2255 Donnons
1515 2235 1550 2256 en
1566 2225 1775 2257 Maundement
1790 2236 1806 2256 a
1821 2225 1916 2257 nostre
1933 2224 2075 2263 Admiral‚
2095 2226 2129 2257 &
2143 2235 2160 2256 a
2174 2231 2254 2256 toutz
2268 2224 2326 2256 Ca·

1272 2264 1425 2302 pitainnes,
1448 2263 1562 2303 Bailliz,
1582 2264 1892 2303 Chastellains‚Gentz
1906 2263 2172 2302 d'Atmes,Gardes
2187 2263 2240 2293 dez
2248 2263 2324 2293 bon-

1272 2312 1321 2332 nes
1340 2301 1443 2341 Villes,
1462 2302 1496 2333 de
1513 2303 1594 2335 Ports
1608 2327 1618 2342 ‚
1634 2303 1790 2342 Passaiges,
1803 2303 1956 2342 Justicers,
1975 2302 2118 2339 Officers,
2137 2302 2274 2339 Sergens,
2289 2302 2324 2333 &

1269 2349 1359 2371 autres
1374 2350 1434 2371 noz
1449 2341 1580 2379 Subgiez
1592 2343 1624 2374 ὃς
1638 2342 1857 2379 Bienveuillans,
1874 2342 1908 2371 &
1923 2352 1938 2371 3
1953 2340 2074 2371 chascun
2090 2341 2125 2370 de
2139 2349 2192 2370 eux
2206 2340 2226 2370 si
2239 2349 2327 2377 come

1270 2389 1286 2410 a
1301 2379 1347 2418 luy
1360 2381 1570 2420 appartiendra,
1585 2391 1656 2420 que,
1674 2381 1710 2411 de
1722 2389 1780 2410 noz
1796 2380 1856 2409 ditz
1870 2378 1967 2409 Grace
1982 2379 2015 2409 &
2030 2378 2163 2416 officie,

1311 2418 1374 2448 Lez
1388 2418 1492 2456 quelles
1507 2418 1635 2449 Voulons
1655 2420 1689 2450 δε
1710 2417 1856 2448 Mandons
1870 2427 1919 2456 par
1930 2426 1990 2448 noz
2005 2416 2067 2447 ditz
2079 2417 2231 2456 Justicers,
2249 2416 2328 2448 Offi-

1272 2466 1350 2494 cerS,
1368 2456 1388 2486 si
1414 2456 1470 2486 tost
1490 2467 1546 2495 que
1565 2458 1656 2495 requis
1676 2467 1711 2487 en
1731 2456 1838 2494 seront‚
1856 2458 1890 2488 &
1911 2455 1959 2494 q'il
1981 2456 2173 2493 appartiendra
2186 2480 2196 2493 ‚
2214 2457 2246 2486 &
2260 2457 2329 2487 serra

1272 2502 1382 2533 temps,
1399 2494 1436 2525 de
1457 2494 1525 2526 faire
1549 2494 1606 2526 este
1626 2495 1764 2532 Publiez,
1782 2505 1810 2524 es
1827 2495 1916 2525 Lieux
1939 2494 1972 2524 δε
1985 2494 2100 2532 Places,
2118 2504 2158 2524 ou
2174 2494 2227 2524 l'en
2243 2494 2284 2524 est
2298 2505 2329 2526 a-

1273 2532 1423 2564 coustume
1437 2533 1472 2564 de
1488 2533 1556 2564 faire
1571 2534 1643 2564 Criz
1659 2534 1692 2564 ὃς
1707 2533 1916 2571 Publications,
1932 2532 2015 2571 depat
2030 2532 2133 2571 Nous,

1310 2571 1454 2610 Laissent,
1471 2571 1583 2610 facerit,
1601 2573 1635 2603 &
1649 2570 1785 2603 souffrenc
1802 2572 1847 2602 lez
1869 2571 1930 2601 ditz
1949 2571 2120 2602 Pescheours
2136 2571 2331 2609 paisiblement

1272 2610 1346 2649 joier
1361 2612 1394 2642 ὃς
1409 2610 1486 2648 uset,
1503 2611 1580 2642 sauns
1596 2610 1654 2642 leur
1668 2611 1733 2643 faite
1749 2621 1785 2641 ne
1800 2608 1919 2641 souffret
1930 2609 2000 2640 estre
2014 2609 2062 2641 fait
2075 2609 2312 2648 Empeschement
2321 2635 2332 2650 ,

1275 2647 1378 2686 Grief,
1396 2659 1432 2680 ne
1455 2648 1642 2688 Dommage,
1661 2661 1696 2681 en
1721 2649 1815 2687 Corps
1837 2659 1874 2679 ne
1890 2659 1927 2679 en
1943 2648 2042 2687 Biens,
2060 2659 2110 2687 par
2123 2649 2188 2679 voie
2205 2659 2332 2687 quecon-

1275 2697 1329 2727 que
1344 2697 1378 2718 au
1394 2689 1533 2719 contrarie
1548 2712 1558 2726 ,
1578 2689 1603 2718 le
1617 2688 1660 2719 dir
1674 2698 1766 2727 temps
1779 2688 1846 2719 d'un
1863 2687 1912 2724 An
1928 2687 2044 2726 durant,

1315 2725 1368 2764 Et,
1384 2727 1497 2757 s’aucun
1512 2727 1748 2768 Empeschement
1764 2727 1825 2757 lour
1840 2725 1923 2757 estoit
1936 2735 1972 2756 en
1989 2736 2024 2756 ce
2039 2726 2087 2756 fait
2105 2751 2111 2757 .
2130 2725 2227 2757 lessent
2241 2727 2274 2758 ὃ(
2290 2725 2332 2757 fa-

1276 2773 1340 2795 cent
1367 2764 1454 2796 Oster
1473 2766 1506 2796 &
1530 2765 1652 2804 Reparer
1677 2765 1778 2797 tantost
1795 2766 1829 2797 ὃ(
1849 2765 1913 2796 sanz
1935 2764 2023 2796 delaie
2038 2788 2048 2803 ,
2071 2774 2107 2794 en
2125 2765 2265 2802 punissant
2286 2765 2332 2795 lez

1276 2803 1505 2841 Transgreffeurs
1517 2804 1553 2835 de
1569 2805 1658 2835 cellez
1672 2805 1827 2836 Punicions
1843 2827 1852 2842 ,
1872 2803 1992 2841 ovesque
2014 2802 2190 2833 Restitution
2207 2804 2243 2834 de
2266 2802 2332 2834 Do-

1278 2851 1392 2881 mageS,
1410 2852 1496 2873 come
1512 2844 1529 2873 il
1543 2843 1733 2881 appartiendra
1768 2844 1853 2874 saunz
1867 2842 1962 2873 favent
1972 2865 1982 2880 ,
1999 2852 2036 2872 ne
2049 2841 2147 2880 deport
2161 2864 2172 2880 ,
2189 2852 2224 2872 ne
2238 2842 2282 2872 sur
2298 2852 2333 2873 ce

1278 2880 1404 2911 attendre
1416 2890 1491 2911 autre
1508 2882 1698 2913 Mandement
1712 2882 1747 2914 de
1761 2892 1840 2912 nous.

1314 2916 1608 2989 fliin'Esmoignance
1621 2920 1656 2951 de
1670 2931 1725 2952 ceo
1739 2920 1824 2952 Nous
1845 2927 1934 2950 avons
1948 2917 1998 2949 fait
2014 2927 2116 2950 mettre
2130 2918 2226 2950 nostre
2242 2918 2303 2953 Seal
2315 2929 2332 2950 a

1278 2968 1313 2989 ce
1338 2968 1367 2989 es
1428 2967 1499 2989 ttres.

1314 2996 1394 3027 Don.
1410 3008 1428 3025 a
1445 2996 1552 3037 Wstm.
1570 2997 1596 3029 le
1616 2997 1680 3038 Dys
1694 2997 1727 3028 &
1743 2996 1893 3029 Neofisme
1910 2995 1982 3034 Jour
1997 2995 2031 3026 de
2048 2995 2228 3026 Novembre

1955 3074 2009 3103 Per
2026 3072 2109 3113 ipfimz
2127 3075 2231 3109 Regem.

1277 3201 1326 3233 De
1354 3197 1527 3234 rationabili
1551 3200 1684 3233 Auxilio
1704 3225 1713 3241 ‚
1747 3197 1792 3231 ad
1810 3201 2044 3246 Primogenitam
2070 3195 2292 3231 Marttandam
2310 3224 2322 3240 ‚

1718 3246 1856 3281 levando.

1281 3332 1421 3388 REX,
1440 3333 1562 3364 Dileetis
1576 3334 1610 3365 &
1625 3332 1767 3363 Fidelibus
1781 3331 1849 3371 suis,
1867 3332 1982 3362 Roberto
1996 3331 2028 3361 de
2043 3330 2186 3368 Lanam,
2207 3329 2330 3361 Williel-

1357 3384 1399 3402 mo
1415 3371 1645 3411 Osmonderlowe,
1664 3372 1697 3402 &
1712 3374 1754 3402 W
1753 3370 1864 3401 illielmo
1885 3370 1917 3400 de
1937 3369 2093 3409 Stapilton,
2108 3380 2143 3401 ac
2159 3370 2334 3401 Vicecomiti

1278 3411 1377 3444 nostro
1392 3410 1702 3449 Cumbriae,Salutem.

1313 3451 1412 3481 Sciatis
1427 3449 1522 3488 quod,

2338 839 2357 860 *
2369 841 2451 869 vm.

2362 880 2429 913 460.

2354 3339 2426 3371 Anti.
2442 3338 2484 3370 D.

2375 3379 2461 3417 1406.

2353 3422 2405 3447 An,
2421 3419 2447 3445 8.

2355 3461 2389 3483 H.
2406 3467 2437 3491 4.

1315 3488 1397 3520 Cum
1409 3490 1437 3517 in
1454 3488 1618 3526 Statuto,in
1634 3487 1826 3518 Parliamento
1839 3485 1961 3517 Domini
1980 3486 2016 3516 Ε.
2035 3488 2208 3524 nuper-Regis
2227 3485 2336 3523 Angliae
2352 3495 2406 3521 fin.
2427 3493 2455 3519 8.

1277 3528 1335 3559 Avi
1356 3526 1467 3564 nostri,
1483 3526 1556 3565 apud
1581 3525 1885 3564 Westmonasterium,
1904 3525 1992 3555 Anno
2016 3525 2111 3564 Regni
2132 3525 2170 3555 sui
2189 3524 2330 3555 Vicefimo
2349 3536 2382 3558 H.
2405 3541 2433 3566 4,

1279 3567 1394 3606 Qiinto
1412 3573 1490 3596 tento
1505 3589 1515 3603 ,
1530 3564 1609 3595 edito
1622 3587 1632 3603 ,
1649 3565 1721 3595 inter
1742 3572 1843 3595 caetera
1856 3587 1866 3603 ,
1886 3563 2032 3594 Provisum
2056 3563 2148 3594 fuisset
2162 3564 2195 3595 ὃς
2210 3562 2332 3592 Ordina-
2349 3578 2386 3597 m,
2399 3569 2443 3596 23,

1276 3615 1338 3637 tum

1318 3628 1412 3681 Qiod
1435 3639 1597 3672 rationabile
1618 3639 1782 3679 Auxilium,
1799 3640 1834 3670 ad
1859 3639 2090 3679 Primogenitum
2110 3639 2214 3670 Filium
2238 3637 2330 3674 Regis

1280 3681 1410 3712 Militem
1424 3679 1645 3716 faciendum,&
1659 3679 1890 3715 Primogenitam
1905 3678 2016 3709 Filitem
2032 3678 2109 3708 suam
2126 3676 2330 3720 Matitaridam‚

1279 3727 1386 3759 petatur
1400 3718 1433 3749 ὃ(
1449 3719 1554 3748 levetur
1566 3740 1575 3755 ‚
1592 3716 1745 3748 secundum
1760 3717 1893 3748 Formam
1908 3717 2007 3748 Statuti
2022 3717 2088 3746 inde
2101 3717 2174 3754 ptius
2194 3714 2277 3752 editi,
2295 3715 2330 3744 &

1280 3769 1340 3790 non
1353 3757 1407 3788 alio
1422 3756 1531 3794 modo,
1548 3755 1681 3786 videlicet

1317 3798 1338 3817 *
1357 3795 1405 3826 De
1419 3794 1545 3834 quolibet
1566 3794 1666 3825 Feodo
1684 3779 1802 3833 Militis,
1815 3802 1896 3826 tento
1915 3794 1951 3825 de
1973 3793 2056 3831 Rege
2073 3792 2129 3822 fine
2143 3790 2257 3828 medio,
2276 3789 2329 3820 Vi·
2351 3809 2371 3830 0
2393 3810 2478 3840 VIH.

1282 3836 1356 3874 ginti
1373 3833 1461 3864 Solidi
1473 3833 1506 3863 &
1521 3842 1579 3863 non
1595 3832 1672 3871 plus,
2189 3868 2193 3872 ·
2234 3867 2239 3872 ⁵

1319 3873 1357 3904 Et
1369 3872 1406 3903 de
1422 3872 1534 3908 Viginti
1548 3871 1667 3901 Libratis
1679 3870 1797 3909 Terrae,
1806 3872 1888 3902 tentis
1901 3870 1937 3901 de
1950 3869 2034 3906 Rege
2048 3869 2103 3899 fine
2119 3866 2216 3897 medio
2231 3877 2261 3897 in
2276 3866 2332 3898 So-

1282 3923 1299 3943 c
1316 3913 1381 3949 σίο,
1401 3910 1513 3947 Viginti
1527 3909 1615 3940 Solidi
1630 3910 1664 3940 &
1679 3920 1738 3940 non
1756 3909 1836 3948 plus,
1909 3946 1913 3951 ι

1345 3957 1409 3980 tout
1426 3949 1456 3978 in
1468 3948 1571 3978 eodem
1587 3947 1691 3979 statuto
1713 3948 1819 3985 plenius
1838 3953 2012 3989 continetur,
2174 3982 2178 3987 .

1317 3987 1524 4026 Affignavimus
1540 3996 1609 4024 vos,
1626 3986 1720 4024 Tres,
1735 3986 1862 4017 &Duos
1877 3982 2002 4014 vestrum
2014 4005 2024 4020 ,
2042 3981 2076 4012 ad
2093 3981 2262 4020 ptaeditstum
2272 3983 2334 4014 Au·

1283 4028 1379 4059 xilium
1397 4025 1509 4062 Viginti
1522 4024 1701 4062 Solidorum,
2003 4058 2008 4063 .
2191 4060 2196 4065 η

1319 4066 1397 4096 Tam
1417 4063 1453 4094 de
1474 4063 1588 4099 singulis
1612 4062 1715 4093 Feodis
1735 4061 1863 4091 Militum
1881 4059 1917 4089 de
1939 4059 2023 4088 nobis
2045 4057 2102 4088 fine
2122 4059 2217 4089 medio
2237 4061 2337 4097 tentis,

1283 4105 1370 4144 quam
1384 4102 1420 4134 de
1436 4101 1551 4140 singulis
1569 4101 1680 4139 Viginti
1699 4100 1822 4166 Lstssatss
1838 4098 1938 4128 Terrae
1951 4097 1986 4127 de
2003 4097 2086 4127 uobis
2099 4099 2126 4127 in
2140 4098 2269 4136 Socagio
2284 4098 2341 4165 53³

2252 4145 2297 4165 me
2316 4144 2346 4165 io

2371 3851 2436 3885 461.
