2562 4274
207 44 284 82 166

52 123 128 155 Ann-
140 122 180 154 D·
200 128 334 168 quaelibet
345 149 355 164 ,
379 135 413 157 ex
432 124 530 156 Nobis
542 124 671 155 Partibus
687 123 862 162 supradietis,
881 134 935 162 pro
949 124 1103 156 Securitate
1117 133 1251 154 commu-

72 172 158 202 1420·
198 169 246 205 ni,
263 166 376 197 habebit
394 164 567 194 Discursores
589 163 649 192 suos
664 185 673 200 ,
692 169 725 192 au
742 162 910 193 Numerum
925 163 1136 202 Qiinquaginta
1152 162 1250 192 Perso-

51 205 113 229 lien.
131 212 149 238 5
154 225 160 229 -
199 215 316 243 narum,
336 204 385 242 qui
402 202 607 241 investigabunt
629 202 661 231 &
682 210 843 238 percurrent
864 201 968 232 Terras
987 203 1020 232 &
1042 201 1123 231 Loca
1137 202 1249 239 vicina,

197 246 232 276 ad
247 253 355 275 tanturn
371 242 487 279 spatium
504 249 641 278 quantum
657 239 697 268 eis
711 238 852 269 videbitur
867 240 1007 278 expedire.

232 282 323 313 ITEM
338 304 347 319 ‚
365 279 441 318 quod
456 302 465 317 ‚
483 279 540 309 Die
556 278 719 308 immediate
737 277 905 314 precedente
919 278 1008 308 Diem
1021 277 1140 315 praefatae
1157 275 1248 307 Cor-³-

196 328 378 352 VENTIONIS
395 343 403 356 ‚
429 327 476 348 aut
492 319 565 355 prius
579 339 588 354 ,
609 314 742 354 praefatus
757 315 968 355 Consbnguineus
981 316 1065 356 noster
1076 316 1196 353 jurabit,
1213 315 1247 346 ad

199 360 300 390 Sanfta
323 358 379 387 Dei
402 355 553 394 Evangelia
569 378 578 389 ,
605 364 653 392 per
676 363 743 383 eum
766 356 948 391 corporaliter
969 355 1105 392 tangenda
1120 377 1130 391 ‚
1148 362 1246 395 coram

199 397 328 427 Personis
349 394 479 426 notabilis
501 391 594 423 Status
608 416 618 430 ‚
643 403 659 422 a
680 391 780 423 Nobis
799 394 839 422 ob
860 393 888 423 id
905 393 1065 428 mittendis,
1083 393 1178 429 quod,
1196 392 1246 421 lub

48 445 64 460 ι·
80 445 132 472 rx.
195 435 311 466 Umbra
323 433 367 464 seu
382 433 520 464 velamine
534 431 618 462 die'tae
637 430 665 461 C
675 440 694 461 ο
705 439 727 461 N
737 441 756 459 v
766 441 783 460 E
794 439 817 461 N
826 439 849 460 τ
859 441 896 462 10
906 440 927 460 N
939 440 979 468 is,
1000 435 1014 447 ‘
1027 430 1114 460 nichil
1129 429 1247 467 fraudis,

48 482 113 510 εει,
193 474 271 511 doli,
288 473 332 502 seu
355 471 532 510 praejudicii,
554 479 588 500 ex
611 479 690 507 parte
701 469 822 507 ejusdem
846 469 1059 506 Consanguinei
1074 468 1182 506 nostri,
1200 467 1249 499 ad-

196 512 286 544 versus
297 512 357 540 Nos
374 510 418 541 seu
434 509 547 539 Partem
561 512 687 538 nostram
704 508 908 538 machinabitur
923 516 969 537 aut
983 507 1045 537 fiet:
1180 530 1187 536 t

235 550 288 585 Et,
307 549 390 579 simili
406 547 511 585 modo,
530 546 628 577 eadem
653 546 729 584 Die,
748 547 791 576 vel
811 547 900 584 prius,
919 547 1044 587 Nonae
1060 543 1247 582 Conthoralis,

196 590 228 620 ὅ(
244 588 326 618 Filius
347 587 433 617 nostri
456 585 582 624 praediffi
597 608 606 622 ,
629 594 692 622 aut,
711 587 739 614 in
755 594 889 614 eventum
908 584 1011 614 Nostri
1026 583 1247 621 Impedimenti‚

213 627 315 667 raefata
336 624 505 655 Conthoralis
524 623 613 663 nostra
629 647 638 661 ,
654 624 687 654 ὅ(
705 623 759 660 ipse
778 622 859 652 Filiur
875 623 968 653 noster
984 626 1052 652 Dux
1066 622 1246 659 Burgundiae,

190 636 268 696 <hee
289 666 322 695 ὃς
349 663 481 695 Nomine
502 663 602 692 nostris
616 684 625 699 ‚
651 662 737 691 simile
747 660 944 699 juramentum
958 660 1147 699 praestabimus
1166 661 1248 689 Parti

192 705 261 734 dieti
273 704 464 742 consanguinei
480 701 567 731 nostri
584 723 594 739 ,
617 710 714 730 coram
734 700 858 730 Personis
874 700 1002 730 notabilis
1016 698 1125 737 Statim,
1141 699 1156 728 “a
1172 707 1249 736 prae-

193 743 252 775 fato
270 742 492 778 Conlanguineo
507 739 603 770 nostro
621 748 651 769 ea
664 739 699 768 de
712 739 790 768 causa
800 738 1025 768 transmittendis.

232 781 319 812 ITEM
329 805 338 819 ,
356 779 573 810 Concordatum
590 777 630 807 est
645 777 716 817 quod
728 779 785 806 Nos
800 799 809 814 ‚
834 779 869 808 &
882 778 955 806 diasia
970 776 1059 816 nostra
1076 774 1246 805 Conthoralir

194 821 229 852 &
247 820 317 850 Filia
337 817 494 849 Katherina
510 839 519 854 ,
541 817 769 855 permanebimus
793 816 822 844 in
844 815 917 845 dieta
934 814 1006 844 Villa
1019 814 1055 844 de
1067 817 1173 851 Trecit,
1192 823 1247 843 nec

191 859 259 890 inde
282 858 462 888 Rei-,edemus
482 865 528 886 aut
550 855 752 891 movebimur,
769 852 863 883 donec
878 854 963 882 dusius
979 852 1189 892 Confiznguineus
1202 862 1249 881 no-

127 914 131 918 ·
185 896 245 939 ster
259 895 508 927 Ambaffiatoribus
525 893 640 930 nostris,
659 902 688 921 ea
701 892 736 921 de
754 891 831 921 causa
846 892 895 921 libi
907 891 1139 927 transmittendis,
1156 889 1250 920 decl2-

190 937 292 967 raverit
312 945 347 965 an
361 933 519 971 hujusmodi
534 931 817 961 CONVENTIONEM
837 932 865 960 in
888 929 989 967 Loco,
1014 928 1074 966 sic,
1091 937 1122 959 ut
1137 926 1252 965 pxaefer-

192 982 256 1013 tur,
273 983 362 1012 prope
376 976 470 1001 Trecas
482 993 491 1008 ‚
514 969 656 1000 celebrare
677 969 710 999 δε
733 968 826 998 facere
843 968 961 998 voluerit
976 990 986 1006 ,
1001 967 1033 998 &
1051 969 1110 997 Nos
1127 967 1159 998 &
1173 966 1248 996 dicia

191 1011 361 1043 conthoralis
375 1009 464 1050 nostra
478 1011 513 1039 de
530 1008 627 1037 eadem
645 1007 778 1036 fuerimus
794 1007 950 1036 certiorati:

230 1051 270 1081 Et
292 1052 320 1079 in
343 1057 477 1079 eventum
501 1056 558 1084 quo
576 1045 666 1076 dietus
679 1044 910 1083 Consanguineus
925 1044 1019 1075 noster
1033 1043 1113 1074 suum
1128 1052 1247 1074 accom-

191 1089 241 1121 det
256 1087 404 1119 Assensum
421 1086 456 1115 de
471 1084 641 1115 celebrando
659 1082 945 1114 CONVENTiONEM
963 1082 1124 1117 huiusmodi
1138 1083 1166 1111 in
1185 1081 1247 1111 Lo-

191 1139 246 1164 co,
272 1136 301 1158 ut
324 1124 522 1164 praemittitur,
548 1132 635 1161 prope
651 1125 747 1151 Tri‘cas
761 1145 771 1159 ‚
796 1121 853 1152 hoc
874 1121 947 1152 Casu
969 1121 1059 1159 Nos,
1083 1131 1116 1151 ac
1138 1120 1249 1158 praefata

191 1167 282 1207 nostra
304 1162 473 1195 Conthoralis
491 1163 525 1193 &
549 1162 619 1190 Filia
635 1185 644 1198 ,
673 1170 733 1191 non
757 1161 923 1190 recedemus
945 1169 992 1190 aut
1013 1160 1212 1197 movebimur,
1231 1160 1248 1189 ὲ

190 1206 269 1236 ὡδὶ-ει
289 1203 364 1234 Villa
383 1206 481 1232 Trecen
496 1223 506 1239 ‚
523 1209 557 1230 ex
576 1210 654 1231 nunc
673 1199 758 1236 usque
774 1199 808 1229 ad
825 1198 1113 1229 Consummationem
1125 1198 1248 1235 praefatae

192 1243 447 1274 commisionis
467 1238 620 1277 inclusive,
638 1238 682 1281 vel
697 1238 783 1269 saltim
799 1237 883 1277 usque
897 1237 931 1268 ad
947 1238 1069 1275 primam
1086 1237 1155 1267 diem
1164 1240 1247 1268 Men-

185 1282 225 1324 fis
237 1280 312 1321 Julii
327 1280 462 1318 proximo
475 1278 560 1309 futuri
575 1277 722 1308 inclulive.

228 1358 304 1397 Qiae
323 1357 422 1387 omnia
446 1355 479 1387 &
499 1352 607 1392 singula
619 1376 629 1392 ,
653 1361 787 1384 contenta
804 1353 856 1383 hiis
873 1352 1076 1391 posterioribus
1095 1351 1248 1390 Articulis,

188 1397 352 1436 Negotium
368 1394 453 1425 diCtae
467 1392 614 1432 personalis
625 1391 885 1423 CONVENTtole
898 1391 1180 1423 &Paoixitsstonis
1195 1391 1250 1421 cir-

189 1447 223 1467 ca
245 1445 307 1466 eam
330 1432 568 1465 concernentibus
588 1432 725 1479 (quorum
747 1430 942 1461 Articulorum
961 1431 1067 1468 primus
1079 1429 1116 1460 sic
1133 1430 1247 1467 incipit·,

188 1477 231 1505 ,Et
245 1477 324 1516 quia,
339 1482 385 1511 pro
404 1474 567 1501 Executione
589 1480 627 1504 v·
641 1470 736 1507 majori
751 1471 893 1498 Firmitate
909 1467 1116 1508 Praemiffiirum)
1131 1468 1200 1499 Nos
1217 1468 1247 1498 in

189 1515 283 1546 forma
301 1512 490 1549 supra-scripta
504 1508 699 1539 observaturos
715 1509 747 1539 ὃ(
764 1508 929 1545 impleturos
942 1508 1150 1546 promittimus,

227 1551 386 1587 NolenteS,
405 1558 433 1578 ut
449 1547 490 1578 est
507 1546 679 1585 praemissum
694 1569 703 1584 ,
730 1546 808 1583 quod
826 1555 873 1589 per
889 1546 1003 1577 cosdem
1021 1545 1178 1582 Articulos‚
1199 1552 1247 1575 aut

191 1589 400 1620 Conditionem
415 1586 534 1624 aliquam
549 1587 577 1615 in
601 1585 703 1616 eisdem
725 1584 896 1624 expressam‚
913 1585 972 1615 ullo
992 1583 1083 1615 modo
1097 1584 1249 1622 derogetur

190 1629 246 1658 aliis
268 1627 400 1658 Articulis
422 1624 449 1654 su
471 1624 604 1662 rascriptis
618 1648 627 1661 ,
654 1623 826 1661 simplicibus
841 1624 875 1654 &
891 1625 983 1662 puris,
1001 1624 1050 1661 qui
1065 1625 1247 1664 praecedunt,

191 1677 245 1698 nec
271 1675 370 1696 eorum
391 1662 448 1693 effe
480 1664 507 1693 ui
527 1673 573 1693 aut
592 1663 704 1706 vigori,
725 1663 793 1699 quiri
809 1671 939 1693 maneant
953 1663 986 1694 &
1001 1660 1142 1700 persistant
1154 1662 1182 1691 in
1197 1664 1249 1692 luis

190 1707 265 1745 puris
283 1705 314 1735 δὲ
335 1702 504 1741 liniplicibus
520 1701 692 1732 Roboribus
706 1701 739 1732 ὃ(
755 1700 919 1738 vigoribus.

222 1781 258 1812 In
275 1782 352 1820 cujus
369 1780 408 1810 rei
425 1778 617 1810 testimonium
638 1778 818 1816 praesentibus
834 1777 949 1809 Litteris
964 1777 1093 1817 Sigillum
1115 1775 1245 1808 nostrum

186 1820 318 1851 duximus
333 1817 542 1857 apponendum.

224 1897 334 1928 Datum
352 1899 438 1926 Trecis
450 1919 459 1932 ,
477 1894 522 1924 die
540 1894 632 1924 Nona
658 1892 760 1932 Aprilis
783 1893 845 1930 post
870 1893 973 1923 Pascha
990 1918 999 1930 ,
1018 1893 1107 1924 Anno
1121 1893 1246 1924 Domini

188 1935 361 1974 Millelimo,
381 1932 670 1973 Qiadringentel'imo
687 1956 697 1972 ,
716 1931 878 1970 Vicelimo,
895 1933 929 1963 ὃς
945 1931 1044 1970 Regni
1060 1931 1148 1963 nostri
1164 1932 1246 1972 Qa-

185 1974 351 2014 dragesimo.

734 2011 788 2038 Per
800 2010 894 2047 Regem
911 2012 939 2039 in
949 2008 1001 2048 βο
1012 2007 1134 2039 Concilio.

970 2084 1171 2117 MrLE'r.

238 2215 286 2246 De
307 2215 510 2262 Praerogariva
528 2210 572 2246 ad
588 2211 775 2259 quofiunque
792 2211 977 2256 Prisimarios
993 2208 1183 2244 relaxandos.

36 2295 112 2327 Anti.
121 2295 163 2326 D.
245 2300 271 2327 E
290 2302 360 2340 Roy,
380 2299 440 2330 &c.

55 2344 140 2370 1420-
276 2337 374 2367 Savoir
389 2338 487 2369 fail'ons
501 2347 516 2367 a
530 2337 632 2373 Tous,
649 2334 758 2373 presens
773 2336 805 2366 &
822 2334 936 2365 advenir
948 2359 957 2372 ,
984 2343 1103 2365 comme
1118 2345 1132 2365 a
1148 2334 1237 2366 Nous

32 2378 86 2401 An-
104 2375 130 2400 8-
183 2378 394 2413 appartiengne,
414 2376 448 2407 de
462 2385 520 2406 noz
535 2376 629 2406 Droiz
642 2376 675 2406 &
689 2373 905 2404 Preerninences
922 2373 1068 2413 Royatilx,
1085 2373 1236 2413 Delivrer‚

33 2416 68 2439 H·
92 2422 117 2444 5-
182 2424 218 2444 en
235 2414 330 2444 nostre
344 2416 440 2452 joieux
458 2416 655 2451 Avenement,
671 2414 703 2444 ὅ(
722 2421 823 2443 mettre
842 2412 907 2442 hors
928 2412 963 2442 de
982 2412 1079 2442 Prison
1100 2421 1163 2443 tous
1178 2412 1240 2442 Pri-

37 2454 123 2477 Norm.
138 2450 165 2476 8-
183 2453 308 2490 sonnets,
331 2454 423 2490 quielz.
441 2463 495 2491 que
514 2453 575 2482 eulx
595 2453 699 2489 soient,
718 2451 845 2481 Detenus
865 2461 937 2488 pour
957 2451 1078 2488 quelque
1098 2450 1155 2482 Cas
1171 2449 1238 2481 Cri-

36 2492 99 2521 H-f-
110 2495 163 2524 ΡΛ-
183 2490 278 2520 minell
297 2501 351 2528 que
370 2501 403 2521 ce
420 2492 489 2529 soit»,
507 2492 539 2521 &
557 2501 593 2520 en
611 2490 762 2528 quelxques
778 2489 887 2520 Prisons
902 2499 957 2527 que
976 2489 1038 2519 eulx
1054 2489 1142 2520 soient
1159 2498 1237 2520 trou—

34 2536 71 2554 m.
92 2527 166 2555 ¹0-d-
182 2539 249 2572 ves,
266 2529 352 2559 soient
372 2529 600 2566 Eccleliastiques
614 2539 653 2559 ou
671 2528 872 2566 Temporells‚
889 2538 924 2558 en
943 2527 1039 2557 nostre
1057 2527 1236 2566 Seigneurie,

222 2566 259 2597 ht
277 2577 347 2597 nous
366 2568 441 2596 aion<
453 2567 575 2597 entendu
592 2577 647 2605 que
660 2576 688 2596 es
702 2566 810 2596 Prisons
828 2566 863 2596 de
881 2565 892 2594 l
900 2565 1090 2604 Archevefiyue
1104 2567 1136 2596 de
1149 2569 1238 2596 Rouen

183 2607 221 2636 ait
238 2605 338 2645 plusers
355 2605 498 2635 Prisoners
515 2605 630 2636 deterius
649 2615 683 2634 eii
704 2604 759 2634 Cas
776 2603 915 2634 Criiiiinel
930 2627 939 2642 ‚
962 2604 1091 2642 lesquielx
1107 2628 1116 2643 ‚
1141 2615 1180 2635 ou
1200 2606 1238 2635 les

183 2654 288 2674 aucuns
312 2644 402 2674 d'eulx
420 2666 429 2682 ,
452 2646 524 2674 aient
542 2666 551 2681 ‚
575 2644 603 2681 ja
621 2644 804 2681 longuement
820 2667 830 2679 ‚
855 2642 912 2673 este
930 2652 967 2673 en
984 2652 1064 2682 grant
1082 2643 1185 2674 Misere
1204 2645 1238 2674 ὃς

181 2682 324 2720 Pourete,
342 2692 369 2712 es
387 2682 458 2713 dites
478 2681 603 2718 Prisons,
621 2691 740 2712 comme
758 2681 809 2711 l'en
828 2681 885 2717 dit,

222 2720 308 2751 Nous
333 2731 348 2751 a
363 2720 397 2751 de
414 2730 503 2751 certes
517 2743 526 2758 ‚
554 2721 624 2750 aiant
651 2719 723 2749 Pitie
747 2721 780 2750 ὃς
798 2717 984 2758 Compaffion
1003 2718 1042 2749 les
1059 2719 1108 2749 diz
1126 2719 1239 2749 Prison-

182 2769 245 2789 ners
257 2781 266 2796 ‚
293 2759 468 2790 considerant
486 2769 542 2796 que
556 2783 565 2795 ,
594 2758 692 2795 depuis
717 2757 811 2787 nostre
832 2757 1004 2788 Victorieuse
1021 2757 1189 2796 Conqueste
1205 2761 1237 2789 &

183 2797 286 2828 Entres
302 2797 338 2827 de
354 2797 449 2828 nostre
466 2797 532 2827 Cite
550 2798 583 2827 &
604 2796 678 2826 Ville
695 2795 730 2826 de
750 2795 872 2832 Rouen,
891 2796 1024 2826 n'estions
1037 2795 1187 2827 Retourne
1200 2807 1236 2827 ne

183 2836 273 2866 Entre
290 2846 325 2866 en
342 2835 425 2866 [celle
441 2836 556 2874 Jusques
573 2845 588 2865 a
606 2835 683 2865 ceste
701 2834 779 2874 foys,
795 2835 922 2865 voullans
941 2835 1000 2865 user
1018 2835 1054 2865 de
1067 2844 1125 2865 noz
1140 2834 1237 2866 Droiz

183 2876 218 2905 &
236 2873 451 2905 Preeminences
473 2874 565 2904 dessus
587 2874 733 2910 touchies,
761 2873 832 2903 dont
853 2882 977 2910 oveques
1001 2873 1128 2904 n'avions
1142 2874 1188 2904 use
1202 2884 1238 2904 en

185 2912 261 2943 ceste
276 2915 365 2951 partie
379 2923 413 2942 eri
431 2913 456 2942 la
470 2913 528 2943 dite
542 2911 616 2942 Ville
651 2912 683 2942 δι
703 2922 737 2942 en
754 2911 777 2941 la
793 2911 1023 2942 Remembrance
1036 2911 1072 2942 de
1085 2912 1109 2942 sa
1124 2913 1238 2944 benoite

184 2950 297 2981 Paffion
316 2952 351 2981 de
367 2950 463 2981 nostre
486 2951 603 2989 Seignur
618 2935 684 2988 jesu
706 2950 803 2994 Christ
821 2951 881 2994 ,ὃς
897 2951 931 2980 de
946 2950 971 2994 sa
986 2950 1166 2990 tresgraceuse
1180 2951 1239 2982 Re-

185 2989 340 3020 surrection
356 3012 365 3027 ,
386 2990 459 3020 dont
477 2990 569 3019 nostre
592 2989 677 3019 Mere
691 2988 785 3019 Sainte
807 2988 908 3027 higlise
923 2988 970 3020 fait
983 2999 997 3018 a
1012 2988 1118 3027 present
1129 2991 1154 3021 la
1169 2990 1239 3021 sola-

185 3030 244 3058 nite
268 3030 301 3060 &
326 3027 449 3058 mistaire
465 3050 474 3062 ‚
497 3027 623 3059 voullans
643 3027 702 3057 user
726 3027 762 3057 de
783 3027 979 3064 misericorde,
997 3029 1030 3059 &
1044 3028 1069 3058 la
1087 3029 1207 3066 preferer
1223 3040 1238 3060 a

185 3066 312 3104 Rigueur
331 3067 366 3097 de
382 3065 489 3104 Justice
504 3089 513 3103 ,
539 3074 602 3096 tous
621 3065 659 3095 les
673 3064 812 3095 Prisoners
827 3065 1003 3104 Criminelz‚
1021 3066 1110 3097 estans
1126 3078 1156 3097 es
1170 3069 1240 3099 dites

184 3104 295 3135 Prisons
312 3105 347 3135 de
366 3103 580 3144 l’Archevesque
626 3105 660 3135 ὃς
683 3104 801 3134 cliascun
823 3103 913 3133 d’eulx
930 3127 939 3142 ‚
962 3115 1034 3142 pour
1048 3106 1170 3144 quelque
1184 3106 1239 3136 Cas

184 3142 325 3173 Criminel
344 3154 399 3181 que
415 3143 477 3173 eulx
492 3143 579 3172 soient
593 3126 741 3180 heterius,
757 3142 793 3172 de
806 3142 902 3172 nostre
913 3143 1008 3173 Grace
1021 3144 1152 3183 especial,
1171 3144 1240 3181 plai-

185 3190 222 3210 ne
241 3181 389 3212 Puifsance
401 3204 411 3219 ,
435 3183 468 3212 ὃ(
488 3180 638 3210 Αυᾶοήῑε
659 3179 752 3219 Royal
767 3203 776 3217 ‚
793 3181 864 3210 dont
879 3180 967 3211 Nous
984 3181 1082 3218 usons,
1101 3191 1186 3220 quant
1204 3183 1237 3214 ad

184 3228 237 3255 ce,
251 3229 266 3249 a
284 3218 374 3249 Cause
392 3229 440 3257 par
462 3219 550 3249 raison
569 3218 606 3248 de
626 3217 723 3248 nostre
743 3218 783 3249 dit
800 3218 904 3256 Joieux
927 3220 1123 3257 Avenement,
1140 3230 1241 3251 aurons

184 3255 321 3294 Delivre,
339 3258 372 3287 ὅ(
388 3257 543 3287 Delivrons
556 3256 604 3286 des
620 3256 677 3286 dite
696 3256 807 3286 Prisons
824 3267 870 3293 pai·
885 3257 908 3285 la
923 3257 1041 3287 Teneur
1054 3257 1091 3287 de
1107 3268 1154 3288 ces
1169 3258 1239 3289 Pre-

184 3295 290 3332 sentes‚
308 3295 380 3334 ainsy
404 3305 458 3333 que
473 3296 508 3326 de
530 3303 590 3325 noz
611 3293 707 3324 Droiz
725 3295 758 3326 &
776 3294 1007 3333 Preeminences,
1023 3296 1115 3327 deffus
1128 3296 1241 3327 desclai—

184 3334 324 3402 ῐῇςᾏξαίτε
343 3334 369 3363 le
384 3343 491 3371 pouens
501 3356 511 3372 ‚
528 3344 564 3364 en
579 3333 673 3363 nostre
685 3332 807 3371 Jouieux
822 3333 1003 3364 Avenetnent
1019 3344 1135 3365 comme
1148 3334 1240 3366 demis

184 3382 201 3401 e

222 3382 429 3450 Syitbonnons
451 3419 486 3439 en
514 3408 703 3440 Mandement
724 3419 739 3439 a
758 3408 854 3439 nostre
876 3409 952 3439 Bailli
975 3409 1011 3439 de
1033 3409 1156 3448 Rouen,
1175 3412 1208 3442 &
1223 3421 1239 3442 a

184 3455 249 3479 tous
268 3458 326 3479 noz
346 3457 437 3478 autres
455 3447 589 3486 Jiisticers
603 3473 613 3485 ‚
636 3447 763 3478 Officers
779 3472 788 3485 ,
804 3449 837 3478 &
854 3448 979 3487 Sugges,
999 3449 1032 3479 &
1047 3459 1062 3477 a
1080 3449 1098 3467 ²*
1116 3450 1238 3480 chascun

185 3486 294 3526 d'eulx,
314 3487 332 3517 fi
350 3495 470 3517 comme
481 3497 496 3516 a
511 3487 549 3516 lui
559 3486 737 3524 appartendra
747 3509 757 3524 ,
777 3496 832 3523 que
848 3487 883 3516 de
895 3486 991 3516 nostre
1007 3486 1131 3524 presente
1144 3487 1238 3519 Grace

185 3526 218 3555 &
233 3524 406 3556 Delivrance
422 3524 515 3554 facerit
535 3525 572 3554 les
591 3525 640 3554 diz
660 3524 838 3562 Prisoiiners,
857 3525 889 3555 ὃ(
903 3524 1025 3555 chascun
1041 3525 1149 3564 d'eulx,
1161 3527 1238 3565 jouir

184 3564 217 3592 &
233 3564 292 3605 user
309 3565 480 3602 plainement
496 3563 528 3593 δε
551 3562 742 3599 paisiblemetit
760 3585 769 3600 ,
794 3573 830 3592 en
847 3563 884 3592 les
902 3572 1019 3593 mettant
1037 3564 1103 3594 hors
1116 3565 1238 3595 d'icelles

184 3600 313 3640 Prisons,
330 3603 387 3632 sans
403 3611 494 3631 aucun
510 3600 606 3640 delay;
627 3610 662 3629 en
681 3600 846 3638 Recepuant
863 3624 873 3637 .,
892 3610 941 3639 par
956 3601 1048 3632 nostre
1062 3602 1103 3633 dit
1119 3601 1196 3633 Bailli
1213 3603 1239 3634 le

184 3639 330 3671 Serement
344 3640 465 3670 d’iceulx
480 3638 637 3669 Prisonners
651 3638 750 3668 d'estre
764 3640 836 3668 bons
847 3663 856 3675 ‚
873 3639 950 3668 vraiz
965 3662 975 3676 ,
999 3641 1032 3670 &
1045 3640 1145 3678 loyaux
1162 3641 1238 3672 Sub-

204 3688 230 3707 es
244 3689 257 3707 a
274 3678 361 3708 Nous
380 3680 412 3709 &
431 3677 528 3708 nostre
547 3677 709 3716 Seigneurie
733 3686 805 3713 pour
819 3677 844 3707 le
862 3686 952 3714 temps
964 3679 1077 3716 avenir3
1094 3677 1152 3711 Car
1165 3680 1238 3719 ainsy

183 3686 269 3746 {lotis
287 3717 365 3754 plaist
379 3717 396 3747 il
407 3740 417 3756 ,
435 3718 468 3747 &
482 3716 615 3747 voullons
627 3714 698 3746 estre
711 3715 769 3745 fait.

41 3454 60 3472 ‘
80 3456 132 3483 IX.

41 3492 104 3530 833.

217 3789 325 3824 Donne
340 3803 355 3824 a
367 3792 463 3825 nostre
478 3792 587 3833 chastel
599 3793 631 3823 de
648 3795 739 3822 Rauen
754 3790 780 3821 le
793 3790 828 3820 xi.
844 3790 912 3828 jour
924 3790 1041 3822 d’Auril.

659 36 1457 90 CONVENTIONES,
1510 37 1895 86 LITERAE,

2358 153 2436 186 Ann.
2450 155 2493 188 D.

2379 203 2467 233 1420.

1635 212 1685 244 De
1701 212 1837 244 Licentia
1854 208 2008 258 Eligendi.
2357 235 2422 261 Hen.
2440 243 2469 269 5.

1286 295 1430 352 REX,
1443 295 1555 364 ξίΙΙεᾶἰε
1568 296 1619 327 fibi
1635 297 1664 327 in
1678 297 1814 338 Christo,
1831 300 1922 329 Priori
1934 297 1973 334 ὠ
1989 301 2141 330 conventui
2161 301 2256 331 Sanbli
2268 303 2341 331 Tau-
2356 311 2410 336 Aa,
2425 308 2454 337 8,

1358 346 1429 373 rim,
1465 345 1479 364 a
1491 344 1577 365 utem.
2355 350 2392 374 H.
2433 369 2440 376 .

1322 372 1367 403 Ex
1380 382 1457 410 parte
1472 373 1562 403 vestra
1576 372 1659 403 nobis
1675 373 1717 404 est
1730 373 1870 406 humiliter
1885 375 2068 414 supplicatum
2084 384 2131 415 ut,
2354 356 2445 414 Noni»,
2460 386 2488 415 8,

1321 410 1401 457 Cum
1419 410 1543 457 Ecclesia
1557 410 1648 457 vestra
1660 412 1794 449 praedieta
1827 424 1876 452 per
1892 413 2056 445 Ceffionem
2074 414 2190 454 Philippi
2204 415 2336 456 prunay,
2349 427 2419 460 H.5,
2426 431 2451 462 p,
2466 435 2491 454 ι,

1282 447 1373 493 ultim(
1384 449 1511 493 Abbati(
1521 452 1588 494 Loci
1596 449 1739 494 praealilli,
1754 437 1873 483 Pastoris
1887 453 1919 484 sit
1933 453 2030 484 solatio
2046 453 2190 492 destituta,
2348 471 2385 494 m,
2410 473 2457 493 20,

1322 487 1419 530 Alium
1439 488 1526 531 yobis
1546 487 1696 527 Eligendi,
1725 491 1756 519 in
1779 489 1919 521 Abbatem
1933 493 1967 523 &
1982 491 2128 523 Pastorem
2139 491 2262 532 ejusdem
2278 492 2336 525 Ec-

1284 525 1390 564 cleliae‚
1409 526 1570 557 Licentiam
1584 527 1668 557 vobis
1682 527 1840 558 concedere
1853 528 2033 566 dignaremur
2043 553 2053 570 ,

1299 603 1304 608 1
1323 564 1390 608 Nos
1410 563 1558 609 (Precibus
1573 564 1670 595 vestris
1683 565 1713 595 in
1729 566 1781 596 hac
1798 575 1873 603 parte
1886 568 2072 601 favorabiliter
2088 569 2224 607 inclinati)
2233 569 2340 601 Licen-

1285 611 1352 633 tiam
1369 603 1443 632 illam
1459 603 1558 642 vobis,
1575 602 1695 634 Tenore
1708 604 1909 643 Praesenrtum,
1923 605 2054 638 duximus
2068 607 2314 646 concedendam,

1323 640 1493 671 Mandant&
1513 642 1591 680 quod
1610 642 1694 673 talem
1718 643 1802 673 vobis
1825 643 1952 681 eligatis,
1977 645 2006 674 in
2026 646 2171 678 Abbatem
2194 647 2227 678 &
2241 646 2342 677 Pasto-

1286 681 1440 756 15τῖ61τέἓὲ
1456 679 2147 758 ἓείξὲἷὲἑῗῆῑέὖῗῖῗὲἷενὲῧὲἷὲἑῇῗκ
2159 686 2341 722 ”eceflmffi'

1324 755 1358 786 In
1376 758 1454 786 cu‘us
1544 781 1550 787 .

1321 758 1600 836 TesteJRegegcipud
1611 795 1734 838 Castrum
1740 797 1819 836 suum
1831 796 1991 836 Rothomagi
2008 797 2162 828 undecimo
2175 797 2221 830 die
2228 800 2340 839 Aprilis.

1967 876 2021 905 Per
2031 873 2116 915 ipfiem
2129 875 2233 913 Regem,

1577 996 1636 1031 Ad
1650 999 1735 1043 Regis
1750 999 1870 1031 Literas
1885 999 2042 1046 Responsio.

1287 1082 1416 1142 Rxght
1436 1081 1597 1120 Excellent,
1614 1081 1689 1120 High
1706 1083 1766 1113 and
1785 1082 1873 1124 Ryght
1887 1106 1897 1122 ,
1924 1083 2040 1126 Myghty
2062 1086 2177 1126 Prince,
2201 1084 2261 1116 and
2277 1084 2341 1126 most
2359 1088 2488 1120 Ann.D.'

1364 1122 1470 1151 Dredde
1488 1125 1640 1160 Saverayne
1655 1121 1751 1160 Lord,
2380 1136 2467 1166 1420.

1323 1159 1337 1191 Ι
1351 1160 1540 1191 recomaunde
1558 1169 1606 1189 me
1621 1168 1652 1190 to
1664 1169 1735 1190 zour
1754 1159 1872 1197 Hegnes
1890 1159 1927 1191 als
1938 1160 2040 1201 lowely
2054 1171 2082 1192 as
2095 1171 2149 1203 any
2165 1162 2271 1203 symple
2286 1172 2342 1195 tre·
2355 1170 2407 1194 An.
2424 1167 2453 1195 8.

1286 1209 1331 1231 we
1346 1199 1491 1236 Legeman
1506 1199 1539 1229 &
1557 1198 1674 1236 Sugette
1687 1198 1740 1229 kan
1755 1198 1816 1230 best
1828 1199 1933 1238 thynke
1947 1209 1982 1230 or
1993 1200 2113 1241 devyse,
2356 1210 2391 1233 Η.
2411 1214 2439 1241 5.

1323 1238 1492 1278 Thankyng
1519 1237 1687 1275 Allmyghty
1709 1237 1781 1268 ch
1803 1237 1839 1268 of
1852 1247 1924 1269 zour
1945 1240 2074 1277 gracious
2092 1238 2185 1278 Spede
2198 1239 2253 1271 and
2269 1240 2343 1279 right
2361 1248 2399 1271 Ex
2407 1242 2474 1272 Bibl.

1288 1275 1379 1308 Grete
1393 1276 1563 1314 Conquest,
1580 1275 1652 1307 with
1667 1276 1715 1306 the
1731 1274 1889 1313 Prosperite
1904 1276 1940 1308 of
1947 1286 2020 1308 zour
2033 1288 2114 1310 awne
2128 1277 2251 1310 Persone
2264 1299 2275 1318 ,
2293 1282 2344 1314 My
2359 1285 2417 1310 Cot.
2436 1285 2491 1310 Ves-

1287 1315 1368 1345 Lord
1378 1315 1413 1355 qs
1419 1315 1564 1352 clarence,
1583 1317 1634 1351 My
1649 1315 1730 1344 Lord
1744 1313 1774 1354 ⁰s
1788 1317 1894 1345 Exetre
1907 1339 1916 1353 ‚
1939 1316 1995 1347 and
2017 1317 2052 1347 all
2065 1326 2113 1357 my
2126 1316 2234 1348 Lordes
2249 1318 2344 1357 beyng
2357 1318 2453 1357 pulian.

1287 1354 1366 1385 there
1378 1355 1406 1384 iri
1422 1363 1494 1384 zour
1508 1352 1685 1390 worshipfull
1701 1353 1841 1393 Servyce,
1858 1354 1990 1392 wythalle
2005 1356 2052 1386 the
2064 1354 2212 1386 Remnant
2226 1355 2263 1386 of
2271 1365 2344 1387 zour
2361 1359 2413 1387 ἰοὶ.
2434 1367 2476 1395 ¹3·

1288 1391 1379 1431 Right
1393 1391 1591 1432 Worshypfull
1604 1391 1677 1422 Oste
1686 1415 1696 1430 ,
1706 1402 1738 1422 os
1753 1391 1766 1422 Ι
1784 1393 1856 1424 have
1870 1393 2029 1432 conceyvid
2042 1394 2080 1433 by
2093 1403 2167 1425 zour
2180 1394 2346 1434 RightHo-

1287 1431 1403 1461 norable
1423 1431 1545 1468 Lettres,
1563 1438 1672 1469 wryten
1695 1439 1721 1461 at
1742 1439 1817 1461 zour
1830 1431 1913 1462 Citee
1928 1432 1964 1462 of
1976 1431 2102 1471 Rouen,
2119 1433 2169 1463 the
2189 1442 2227 1463 12
2244 1433 2297 1473 day
2311 1434 2350 1465 of

1289 1468 1411 1500 Marche
1426 1492 1436 1508 ,
1461 1469 1509 1500 the
1525 1469 1628 1508 whych
1651 1468 1664 1498 1
1686 1468 1756 1500 have
1777 1470 1900 1500 receivid
1915 1471 2001 1508 ryght
2016 1471 2071 1502 late
2086 1471 2148 1511 syth
2161 1470 2252 1510 Pask,
2266 1473 2346 1512 wyth

1287 1509 1363 1538 othir
1377 1517 1449 1538 zour
1465 1508 1574 1539 Lettres
1589 1507 1671 1538 undir
1686 1515 1758 1538 zour
1773 1508 1865 1548 Pryve
1878 1508 1975 1546 Seale,

1324 1545 1484 1585 Chargyng
1501 1556 1547 1576 me
1562 1555 1593 1577 to
1608 1546 1679 1584 affay
1690 1569 1700 1583 ,
1719 1548 1755 1584 by
1769 1546 1803 1576 all
1819 1546 1865 1577 the
1878 1547 2002 1577 menesse
2016 1548 2080 1578 -that
2104 1546 2118 1578 I
2132 1547 2205 1585 kan,
2219 1554 2252 1579 to
2265 1556 2347 1588 exyte

1289 1585 1343 1615 and
1365 1584 1445 1615 stirre
1465 1585 1530 1624 sych
1543 1607 1553 1622 ,
1578 1595 1606 1615 as
1625 1585 1699 1614 bene
1713 1585 1775 1616 able
1791 1583 1983 1624 Gentlemen,
1997 1587 2105 1623 wythin
2125 1587 2173 1617 the
2183 1586 2272 1627 Shyre
2287 1587 2344 1617 and

1289 1623 1337 1654 the
1358 1623 1486 1654 Contree
1510 1624 1568 1654 that
1582 1622 1595 1652 1
1610 1622 1692 1653 dwell
1706 1624 1752 1660 in,
1771 1632 1803 1654 to
1815 1633 1902 1653 come
1915 1633 1953 1654 ov
1973 1634 1985 1654 r
1999 1633 2031 1655 to
2043 1634 2129 1655 zowe
2142 1633 2169 1656 at
2183 1633 2254 1656 zour
2269 1624 2347 1656 Wa-

1287 1671 1323 1708 ge
1338 1685 1347 1700 ‚
1361 1662 1482 1706 ¹Armyd
1503 1661 1558 1691 and
1583 1661 1693 1701 Arayde
1707 1685 1718 1699 ,
1740 1671 1768 1692 as
1784 1661 1878 1700 langys
1897 1670 1928 1693 to
1943 1633 2029 1693 diane
2052 1662 2148 1694 Estate
2163 1673 2194 1695 to
2205 1663 2245 1694 do
2259 1671 2345 1695 zowe

1286 1703 1452 1783 beg'tlifiesor
1472 1746 1504 1769 to
1526 1737 1644 1769 Certifie
1656 1737 1693 1782 als
1712 1737 1778 1782 well
1801 1746 1832 1768 to
1854 1746 1956 1776 zowe,
1972 1747 2000 1769 as
2014 1746 2045 1769 to
2059 1746 2130 1770 mur
2144 1738 2296 1778 Counsell,
2312 1740 2350 1770 of

1287 1777 1374 1809 tliaire
1391 1778 1525 1809 Answere
1539 1777 1594 1807 and
1606 1776 1696 1808 thaire
1711 1776 1801 1806 Will:

1324 1816 1393 1847 The
1411 1816 1508 1848 which
1532 1824 1605 1847 zour
1625 1815 1713 1855 Hegh
1734 1814 1987 1846 Comaundernent
2008 1813 2105 1846 Ihave
2119 1816 2139 1846 b

1285 1855 1360 1885 bour
1374 1865 1450 1893 apon
1460 1878 1470 1892 ,
1487 1855 1543 1885 and
1559 1854 1603 1885 sall
1613 1863 1684 1885 trew
1701 1853 1746 1884 for
1761 1854 1808 1884 the
1823 1853 1902 1894 dayly
1920 1853 2000 1895 wyth
2015 1854 2048 1884 all
2060 1863 2108 1893 my

1285 1894 1359 1925 have
1374 1893 1520 1932 performd
1534 1902 1607 1924 zour
1621 1892 1747 1931 forsayde
1762 1891 2035 1931 Comaundement,

1324 1932 1389 1963 And
1407 1942 1485 1972 upon
1492 1929 1671 1971 Wedynsday
1688 1939 1753 1962 next
1765 1931 1808 1961 sall
1822 1930 2011 1970 zourJustice
2029 1930 2091 1961 sitte
2103 1938 2130 1961 at
2140 1929 2347 1969 Zorke‚op0n

1285 1970 1334 2001 the
1350 1970 1539 2001 Deliverance
1553 1970 1590 2001 of
1600 1970 1647 2000 the
1665 1969 1760 2000 Gaole
1773 1969 1853 2000 there
1862 1993 1872 2007 .,
1890 1972 1945 1999 and
1958 1979 1974 1999 a
1986 1968 2104 1999 Ceffion
2118 1969 2155 2000 of
2164 1969 2212 2000 the
2226 1967 2296 2000 Pees
2307 1970 2346 2000 al-

1285 2011 1332 2048 s03
1351 2019 1378 2040 at
1391 2010 1487 2040 which
1508 2018 1586 2047 tyme
1605 2005 1618 2038 Ι
1643 2008 1760 2046 suppose
1781 2017 1813 2039 to
1833 2007 1915 2046 speke
1927 2008 1999 2039 with
2012 2016 2096 2051 many
2112 2007 2150 2038 of
2160 2008 2208 2039 the
2222 2007 2346 2049 Gemyls

1285 2048 1380 2086 there3
1397 2048 1481 2086 And,
1497 2048 1534 2077 als
1548 2048 1615 2078 sone
1630 2047 1700 2086 aftyr
1712 2056 1740 2077 as
1756 2045 1770 2076 I
1785 2056 1848 2086 may
1864 2047 1899 2076 be
1912 2045 2067 2085 answend,
2082 2045 2096 2076 Ι
2111 2046 2157 2077 sall
2173 2045 2344 2085 Certifie,as

1283 2095 1369 2117 zowe
1382 2086 1443 2117 hase
1459 2086 1533 2126 lykid
1550 2096 1581 2117 to
1595 2084 1768 2116 Comaunde
1783 2094 1846 2123 me,
1863 2086 1943 2124 wyth
1956 2084 1990 2114 all
2005 2084 2054 2115 the
2066 2083 2142 2116 haste
2154 2084 2282 2122 poffible.

1283 2124 1601 2194 DRifihtSExcellenae
1622 2123 1697 2192 Iligh
1712 2146 1722 2162 ‚
1748 2123 1808 2153 and
1822 2122 1911 2163 Ryght
1936 2122 2050 2164 Myghty
2065 2125 2178 2162 Princo,
2196 2124 2256 2153 and
2268 2122 2344 2164 Most

1315 2175 1342 2193 Y?
1381 2176 1394 2193 ι’
1427 2175 1507 2193 overe
1524 2175 1556 2193 n?
1598 2173 1627 2192 ΟΥ
1645 2174 1660 2192 e

1319 2202 1333 2232 Ι
1354 2203 1471 2233 beseche
1490 2175 1537 2233 [ge
1561 2201 1655 2232 Bliffid
1666 2186 1794 2231 'Trinite
1818 2209 1849 2232 to
1872 2199 1955 2238 spede
1967 2209 2073 2238 mwe,
2087 2199 2142 2231 and
2156 2199 2227 2240 kepe
2242 2208 2343 2240 wwe,

1281 2241 1335 2271 and
1355 2241 1389 2272 all
1411 2249 1482 2271 zour
1503 2239 1683 2278 Worshipful
1704 2238 1778 2270 Oste
1794 2263 1803 2276 ‚
1826 2239 1881 2269 and
1902 2238 1967 2269 send
1987 2248 2071 2270 zowe
2093 2239 2160 2269 sone
2179 2240 2208 2269 in
2225 2247 2257 2270 to
2270 2248 2343 2271 zour

1280 2279 1416 2311 Roialme
1430 2280 1467 2310 of
1479 2278 1512 2309 In
1533 2278 1629 2316 lande,
1643 2278 1714 2309 with
1730 2277 1872 2318 aJayouse
1888 2276 2024 2317 Maryage
2037 2300 2047 2316 ,
2064 2287 2116 2309 ane
2132 2287 2148 2307 a
2163 2276 2238 2317 gude
2253 2276 2343 2317 Pecs,

1281 2319 1327 2350 for
1343 2318 1386 2349 his
1402 2317 1507 2359 Mykill
1563 2326 1637 2358 ercy.

1314 2394 1425 2427 Writin
1438 2402 1465 2426 at
1477 2403 1549 2426 Dour
1562 2404 1643 2427 awne
1657 2397 1748 2433 Logge
1759 2392 1790 2433 of
1801 2392 1952 2434 Metheleye
1971 2393 2021 2425 the
2041 2402 2089 2424 12.
2106 2393 2176 2433 daye
2190 2391 2228 2424 of
2237 2391 2340 2431 Aprill.

2194 1825 2249 1846 nne
2261 1824 2292 1847 to
2307 1814 2348 1846 la-

2161 1854 2230 1894 yght
2246 1877 2256 1893 ‚
2273 1850 2346 1885 tillI

1677 2473 1753 2502 Zour
1770 2478 1858 2502 trewe
1871 2473 2018 2509 Liegeman
2028 2470 2088 2501 and
2098 2469 2234 2508 Subgitte,

1788 2545 1969 2578 RonER’r
1987 2545 2268 2576 WATERTON.

1531 2674 1558 2700 ζ*
1583 2676 1689 2707 Litera
1706 2670 1843 2706 Arthuri
1860 2670 1896 2704 de
1912 2674 2084 2707 Britannia.
2350 2688 2366 2705 ο
2383 2688 2435 2716 1x4

1278 2759 1470 2822 TRr‘fhault
1479 2784 1487 2798 ,
1503 2758 1715 2800 Trefixcellent‚
1729 2757 1768 2794 ὠ·
1784 2755 1960 2796 Trcfivuiffi’nt
1972 2760 2084 2796 Prince,
2350 2737 2427 2794 Agr).
2438 2763 2482 2795 D,

1372 2803 1407 2837 Je
1431 2809 1478 2829 me
1496 2799 1716 2830 Recommande
1741 2808 1756 2828 a
1774 2797 1870 2828 vostre
1891 2795 1995 2827 Noble
2012 2796 2173 2835 Haultece,
2194 2795 2301 2827 tant&
2316 2794 2336 2826 fi
2371 2811 2460 2841 1420.

1278 2837 1530 2869 treshumblement
1544 2847 1661 2869 comme
1676 2837 1736 2875 plus
1746 2837 1774 2874 je
1793 2837 1861 2873 puis.
2350 2845 2404 2870 Aa.
2424 2842 2452 2870 8,

1317 2877 1355 2907 Et
1376 2887 1447 2907 vous
1470 2877 1555 2907 Plaise
1576 2877 1664 2907 savoir
1683 2885 1740 2913 que
1754 2874 1808 2913 j'ay
1831 2873 1889 2905 este
1910 2873 2072 2904 Acertenne
2095 2872 2133 2902 de
2151 2871 2177 2902 la
2191 2871 2282 2904 faulce
2300 2873 2334 2904 δ(
2351 2884 2386 2907 H.
2407 2889 2439 2916 5.

1279 2915 1427 2946 dessoiable
1444 2915 1566 2945 Traison
1576 2938 1586 2954 ,
1604 2916 1652 2953 qui
1665 2924 1681 2943 a
1695 2913 1751 2944 este
1765 2913 1850 2943 faiste
1864 2919 2000 2943 encontre
2012 2911 2038 2941 la
2053 2910 2195 2941 Personne
2209 2910 2247 2942 de
2265 2921 2335 2942 mon
2351 2922 2393 2947 Ex
2412 2918 2485 2955 0⁷³8·

1278 2954 1484 2985 Tresredoubte
1504 2954 1638 2992 Seigneur
1657 2953 1690 2984 ὃς
1711 2952 1795 2982 Frere
1811 2949 2018 2987 Monseigneur
2031 2948 2057 2978 le
2080 2951 2142 2979 Duc
2161 2949 2194 2979 de
2208 2951 2337 2981 Britaine

1278 3002 1327 3029 par
1342 2991 1367 3022 le
1381 2996 1472 3022 cointe
1485 2992 1517 3021 de
1532 2991 1697 3021 Paintheure
1711 3002 1721 3029 ‚-
1743 2989 1826 3019 Dont
1842 2998 1877 3018 ce
1890 2988 1944 3017 m'a
1958 2987 2017 3018 este
2032 2988 2066 3019 &
2079 2987 2121 3018 est
2138 2988 2338 3031 uneUtresgrant

1280 3030 1473 3076 Qesplai‘satice
1491 3032 1524 3062 &
1548 3030 1704 3061 Courrouz
1721 3038 1756 3059 au
1771 3037 1874 3064 cueur,
1897 3026 1965 3057 ainsi
1981 3036 2037 3065 que
2048 3026 2083 3065 Je
2095 3035 2113 3066 y
2128 3035 2160 3066 ay
2175 3027 2241 3057 bien
2257 3034 2338 3066 grant

1280 3069 1444 3146 §agiepour
1457 3116 1491 3137 ce
1507 3106 1529 3137 'e
1543 3106 1619 3146 escry
1634 3115 1682 3146 par
1693 3103 1791 3135 devers
1804 3102 1901 3134 vostre
1909 3102 2013 3133 Noble
2024 3102 2058 3134 δε
2071 3102 2169 3134 Haute
2180 3102 2337 3149 Seignorie‚

1281 3156 1317 3176 en
1333 3156 1404 3177 vous
1420 3116 1584 3181 Suppllient,
1603 3143 1707 3175 tant&
1725 3143 1744 3172 fi
1759 3142 2010 3173 tressiumblement
2023 3151 2142 3172 comme
2155 3141 2216 3179 plus
2229 3151 2254 3180 Je
2264 3143 2336 3180 puis,

1280 3185 1345 3222 qu’il
1358 3193 1429 3215 vous
1444 3181 1548 3220 Plaise,
1563 3183 1600 3212 de
1613 3181 1707 3213 vostre
1719 3182 1816 3211 bonne
1830 3180 1944 3218 Grace,
1961 3179 2118 3211 Ordonner
2130 3189 2184 3218 que
2197 3180 2232 3218 Je
2246 3181 2337 3219 puisse

1280 3223 1344 3252 aller
1359 3232 1406 3259 par
1421 3221 1518 3251 devers
1535 3220 1632 3258 Vous,
1651 3221 1676 3250 le
1691 3219 1752 3257 plus
1764 3221 1923 3250 brievment
1938 3219 2004 3257 qu'il
2024 3228 2094 3249 vous
2107 3218 2213 3249 vendra
2227 3229 2242 3248 a
2260 3219 2337 3250 Plai-

1280 3261 1330 3297 fir,
1348 3270 1421 3296 pour
1432 3258 1564 3290 Traffiter
1582 3260 1614 3290 ὃ(
1630 3258 1778 3296 Acorder,
1795 3268 1829 3288 au
1844 3257 1928 3288 Plalir
1944 3257 1980 3288 de
1994 3256 2089 3295 Dieu,
2104 3257 2147 3288 sur
2171 3257 2197 3288 le
2219 3257 2279 3288 Fait
2298 3258 2336 3288 de

1281 3308 1327 3328 ma
1345 3298 1516 3328 Delivrance
1532 3321 1542 3334 ‚
1563 3308 1578 3327 a
1602 3297 1640 3327 fin
1665 3307 1722 3336 que
1740 3295 1777 3334 Je
1802 3307 1850 3327 me
1865 3295 1955 3334 puisse
1970 3296 2109 3333 emploier
2122 3305 2157 3326 au
2169 3295 2287 3326 Service
2298 3295 2334 3325 de

1282 3336 1410 3404 monLdit
1427 3340 1551 3404 Sffgnfzqr
1565 3333 1602 3371 ὠν
1616 3338 1712 3374 Frere,
1732 3336 1766 3366 &
1780 3346 1814 3367 au
1835 3335 2048 3373 Repparement
2061 3334 2097 3365 de
2119 3333 2144 3364 la
2160 3332 2338 3371 Mauvaiste,

1302 3385 1329 3404 ui
1373 3385 1381 3404 1
1398 3385 1412 3405 a
1425 3385 1442 3405 e
1469 3385 1484 3405 e
1525 3383 1582 3405 itte.

1281 3385 1300 3414 q
1316 3412 1374 3443 Car
1384 3435 1395 3451 ,
1413 3414 1471 3443 sens
1492 3412 1586 3444 vostre
1604 3413 1703 3443 bonne
1722 3412 1818 3443 Grace
1843 3413 1875 3443 &
1901 3411 2001 3442 Plaefir
2013 3434 2024 3450 ,
2039 3410 2075 3448 Je
2087 3419 2125 3440 ne
2138 3409 2271 3448 pourroie
2283 3417 2332 3439 ac-

1280 3451 1403 3488 complir
1423 3452 1450 3481 le
1471 3450 1541 3481 desit
1556 3474 1565 3489 ,
1589 3461 1644 3489 que
1657 3451 1692 3490 Je
1709 3461 1742 3492 ay
1763 3461 1797 3482 au
1820 3449 1938 3482 Service
1960 3450 1996 3480 de
2016 3449 2144 3480 mondite
2155 3450 2279 3484 seigneur
2293 3444 2334 3481 ό·

1279 3493 1369 3520 Frere.

1318 3528 1373 3566 Et,
1392 3527 1412 3558 si
1426 3526 1523 3558 Dieux
1543 3527 1620 3566 plaist
1636 3550 1646 3565 ,
1669 3535 1756 3566 quant
1774 3526 1811 3566 Je
1825 3528 1904 3564 seroy
1925 3535 1973 3563 par
1986 3524 2085 3555 devers
2099 3532 2190 3560 vous,
2204 3521 2241 3561 Je
2256 3521 2338 3563 feroy

1279 3575 1355 3604 tant,
1374 3576 1444 3596 mori
1464 3566 1586 3597 Honeur
1611 3565 1710 3596 Garde
1726 3589 1735 3605 ,
1760 3576 1816 3603 que
1836 3575 1908 3596 vous
1928 3564 2032 3593 deurez
2052 3561 2124 3592 estre
2144 3569 2278 3600 content;
2298 3570 2338 3592 en

1278 3614 1351 3635 vous
1365 3604 1502 3642 supplient
1518 3606 1596 3636 avoir
1611 3614 1682 3635 mon
1696 3606 1753 3635 dite
1765 3607 1890 3642 Seigneur
1903 3599 2028 3636 &Frere
2040 3609 2112 3644 pour
2119 3598 2336 3644 Recommand,

1279 3643 1313 3673 ὃ(
1329 3645 1407 3673 avoir
1421 3652 1456 3672 en
1474 3642 1668 3680 Desplaisance
1679 3644 1704 3673 la
1718 3641 1863 3672 Mauvaise
1877 3638 1996 3670 Traison
2010 3648 2059 3674 qui
2072 3638 2110 3667 Li
2123 3646 2139 3667 a
2150 3636 2208 3668 este
2220 3637 2310 3669 faitte.

1314 3679 1471 3719 Dfflmuh,
1485 3680 1677 3719 Trefi’xcellent
1689 3704 1699 3720 ‚
1722 3679 1760 3715 &
1779 3677 2064 3720 Tregsputjffi’nbssrince
2112 3674 2149 3714 Je
2162 3675 2218 3716 Pry
2234 3686 2269 3707 au
2282 3675 2336 3708 Be·

1279 3714 1355 3750 noist
1373 3719 1395 3748 F
1397 3719 1429 3748 ils
1445 3719 1481 3749 de
1497 3719 1574 3750 Dieu
1590 3720 1655 3758 qu’il
1670 3728 1741 3750 vous
1752 3718 1834 3749 doint
1848 3719 1944 3747 bonne
1959 3713 2014 3744 vie
2027 3714 2061 3745 &
2085 3722 2189 3754 ungue.

1318 3756 1426 3795 Escript
1439 3767 1455 3789 a
1471 3756 1598 3798 Medelay
1612 3758 1638 3787 le
1657 3758 1695 3787 xii
1719 3756 1792 3795 Jour
1805 3757 1841 3787 de
1857 3752 1947 3786 Avrfl-

1543 3833 1631 3874 Vostre
1650 3831 1755 3862 humble-
1771 3832 1877 3862 Parent
1893 3826 1933 3864 ά
1942 3827 2107 3869 Prinflmner
2119 3826 2144 3858 le
2160 3831 2246 3860 Conte
2260 3827 2295 3859 de

1592 3870 1755 3903 Richemont.

2065 3904 2094 3936 A
2101 3913 2126 3937 R
2133 3911 2157 3935 τ
2165 3912 2189 3936 υ
2196 3911 2234 3938 κς

2261 3971 2334 4002 A&
