2562 4274
710 172 824 214 ET
907 169 1710 225 ACTAPUBL-IC'A'

20 258 96 289 Ann.
110 255 150 287 D.
166 254 297 295 Justitia,
315 265 349 287 ac
367 257 450 287 omni
466 256 521 287 alio
535 255 603 295 Jure
618 257 693 297 quod
710 258 746 288 au*
767 259 836 289 Nos
854 262 957 300 poterit
971 263 1128 301 pertinere,

41 298 125 334 1421.
207 294 325 325 Proviso
349 295 459 334 semper
485 297 572 333 quod:
586 296 791 335 Haeret-litam,
817 297 972 337 Redditus,
989 302 1023 331 ὃς
1046 299 1234 330 Poffeffiones

20 340 82 362 Here.
99 343 129 370 5.
168 333 316 372 praedicti,
334 334 379 363 seu
400 334 489 372 aliqua
512 333 635 365 Parcella
659 336 840 373 eorumdem,
860 336 896 366 de
918 337 1082 369 Dominico
1104 338 1236 370 Ducatus

171 371 257 401 nostri
273 371 416 409 praedieti,
433 382 480 402 aut
495 373 578 403 alicui
593 373 635 403 alii
657 372 783 403 Periuria:
794 396 803 410 ,
823 383 869 411 per
885 375 953 406 Nos
969 386 1033 407 ante
1046 378 1110 408 haec
1123 387 1236 414 tempo-

171 419 197 438 ra
207 432 216 447 ,
233 409 301 440 Dati
314 410 348 439 &
363 408 517 449 Concesfi,
534 420 581 441 aut
596 413 678 448 aliqui
693 411 729 441 de
745 411 841 441 Terris
855 413 889 443 &
910 413 1132 445 Poffeffionibus
1144 416 1238 446 subtus

173 447 275 478 Villam
292 446 417 477 nostram
442 449 569 486 Faleliae,
590 452 633 480 vel
655 450 725 479 infra
748 448 852 479 Villam
879 452 1004 483 nostram
1027 454 1063 484 de
1085 453 1237 492 Cadomo,

174 495 220 516 aut
236 486 270 515 de
287 485 453 522 Lapidicina
468 488 513 517 seu
529 488 676 527 Qarreris
693 497 780 526 prope
796 489 914 520 eandem
932 491 1052 530 Villam,
1070 502 1136 530 quas
1152 492 1186 522 ad
1202 502 1237 522 o-

175 534 225 562 pus
255 523 382 553 nostrum
402 525 555 562 specialiter
585 526 820 564 Reibrvavimiis,
847 537 893 558 aut
913 529 949 559 de
970 529 1055 560 Loco
1076 532 1121 561 seu
1141 531 1238 568 Spano

173 563 203 591 T
204 572 292 599 errae,
318 571 370 600 pro
391 563 578 594 AEdificando
608 564 706 593 Nobis
736 563 892 605 Palatium,
920 567 992 598 infra
1010 567 1165 599 Civitatem
1186 579 1240 599 no-

174 600 258 631 stram
277 600 314 630 de
334 600 461 639 Rouen,
480 603 525 632 seu
546 611 640 640 extra,
660 611 750 640 pre-pe
772 603 874 634 Muros
891 605 1032 645 ejusdem,
1048 606 1125 645 jux’ta
1145 607 1240 637 Com-

174 638 343 676 politionem
364 640 392 669 in
409 640 461 670 hac
481 648 557 678 parte
578 640 703 678 faciam,
723 651 781 671 non
803 643 930 674 existant.

214 676 247 706 ln
277 678 353 715 cujus
372 679 410 708 rei
429 678 621 709 testimonium
640 679 686 708 has
707 680 816 710 Literas
843 681 949 713 nostras
965 683 1023 713 fieri
1042 682 1161 715 fecimus
1187 682 1240 714 Pa-

177 723 276 745 tentes.

215 753 304 783 Teste
323 753 428 790 meipso
446 754 518 794 apud
538 755 659 793 castrum
678 756 793 795 nosti-mn
812 757 992 798 Rothomagi,
1012 759 1147 792 vicelimo
1160 770 1241 800 quar—

177 801 207 821 to
227 792 272 821 die
290 791 407 830 Martii,
425 792 514 823 Anno
531 793 625 833 Regni
644 795 732 825 nostri
751 795 887 826 Decimo.

809 873 863 902 Per
881 872 963 912 ipfitm
980 876 1083 911 Regem.

330 947 499 979 Consimiles
518 948 625 978 Literas
644 947 746 979 habent
766 947 932 989 subscripti,
948 949 1097 989 videlicet,

218 1023 364 1094 ΜαιὸΙΞω,
388 1034 451 1063 quae
470 1024 523 1054 fuir
542 1023 629 1054 Uxor
648 1026 759 1054 Simonis
777 1024 881 1056 Guillot
899 1025 1038 1057 Defumfti
1051 1050 1061 1065 ,
1080 1026 1173 1058 Vidua
1188 1026 1240 1066 Ju-

177 1072 235 1092 rata
247 1085 255 1100 ,
308 1073 333 1092 c.

191 1139 196 1143 ¹
215 1100 375 1170 Rggzrinaldus
402 1100 497 1141 Bafire
524 1100 560 1131 de
585 1100 785 1140 Monstereul,
803 1102 837 1134 ὅτ,
856 1101 952 1133 Alicia
970 1105 1046 1134 Uxor
1065 1105 1139 1143 ejus,
1161 1103 1243 1143 Jura-

176 1146 197 1169 ti
209 1161 219 1177 ,
257 1148 296 1169 vc.

30 1275 151 1312 '‘X-197
313 1262 340 1288 ’ἒ
359 1265 407 1297 De
432 1262 667 1309 Respeffnatione
683 1274 739 1311 pro
763 1264 901 1311 Eptscopo
925 1263 1100 1309 Ebroiceagsi.

32 1358 161 1393 AustD·
182 1348 309 1404 REX
326 1371 335 1387 ,
363 1348 470 1380 dilectis
498 1348 532 1381 ὃς
562 1346 689 1380 fidelibus
715 1349 787 1388 suis,
804 1348 980 1388 Thcfizurario
1006 1350 1092 1391 nostro
1112 1349 1243 1380 Generali

260 1388 462 1426 Normanniae,
480 1396 594 1418 necnon
623 1389 755 1419 universis
784 1389 817 1418 ὃς
838 1389 947 1427 lingulis
968 1389 1099 1427 Ballivis,
1118 1389 1243 1420 Viceco-

140 1422 148 1429 '
179 1424 312 1466 mitibus,
330 1425 539 1464 Receptoribus
549 1449 559 1464 ,
579 1426 755 1466 officiariis,
769 1425 927 1465 Ministris,
946 1428 1037 1466 Ligeis
1048 1451 1058 1466 ,
1075 1428 1243 1460 &Subditis

109 1498 114 1504 ·
139 1460 145 1466 ’
181 1464 299 1502 nostris,
317 1474 442 1503 quorum
458 1464 590 1503 interest,
608 1465 740 1496 Salutem.

163 1534 168 1540 ,
220 1503 317 1533 Sciatis
335 1504 432 1541 qued,
1077 1543 1081 1548 .
1216 1542 1222 1548 ⁸

113 1537 119 1544 ¹
222 1541 304 1572 Cum
321 1542 480 1571 Dederimus
498 1541 531 1573 &
551 1541 766 1581 Conceffi’rimus,
783 1541 943 1574 Venerabili
962 1543 991 1572 in
1011 1541 1130 1573 Christo
1149 1542 1245 1581 Patri,

185 1579 273 1610 Paulo
291 1580 322 1609 de
342 1584 511 1618 Crapanica,

164 1614 169 1620 ⁵
221 1619 323 1656 Quem
343 1619 490 1649 Dominus
507 1622 629 1649 Summus
647 1617 780 1657 Pontifex
795 1618 830 1649 ad
850 1618 1025 1657 Episcopum
1043 1618 1244 1650 Ebroicensem

132 1668 135 1670 ·
179 1667 218 1688 nu
240 1667 270 1688 er
308 1659 412 1688 rovidit

215 1667 337 1726 Certiim
356 1680 447 1727 Diein
464 1694 619 1732 (videlicet)
647 1693 762 1725 Festum
781 1694 895 1726 Pascha:
918 1697 1053 1733 proximo
1076 1705 1155 1727 nunc
1174 1705 1244 1726 ven-

178 1743 293 1772 turum,
312 1733 345 1764 ad
365 1734 529 1764 faciendum
554 1734 588 1764 &
603 1732 793 1771 praestandum
814 1733 916 1764 Nobis
943 1734 1125 1771 corporaliter
1146 1734 1244 1765 Sacra-

180 1781 310 1804 mentum
330 1772 497 1810 Fidelitatis,
513 1772 590 1810 quod
609 1771 726 1809 Nobis,
742 1773 847 1802 ratione
867 1773 1066 1811 temporalium
1092 1772 1244 1813 Episcopa-

181 1811 227 1842 tus
244 1811 389 1849 praedicti,
407 1811 500 1841 facere
515 1811 600 1840 debet
613 1810 647 1840 ὃς
663 1817 787 1847 tenetur,

216 1849 291 1881 Infra
306 1859 391 1889 quem
409 1848 524 1886 quidem
543 1848 719 1878 Terminum
730 1870 740 1886 ,
757 1847 931 1879 obstantibus
954 1849 1166 1890 Impedimentis
1182 1860 1243 1881 non

181 1888 321 1925 modicis,
338 1887 373 1917 ad
391 1886 572 1917 Praesentiarn
590 1885 715 1916 nostram
732 1887 762 1916 in
777 1886 898 1918 Persona⁴
916 1888 964 1919 sua
983 1890 1139 1919 commode
1162 1899 1244 1921 acce-

179 1926 245 1956 dere
259 1936 320 1955 non
335 1925 408 1956 valet
426 1934 456 1955 ut
470 1924 649 1963 accepimus,
835 1963 839 1968 Ι

219 1963 287 1994 Nos
306 1964 408 2002 igitur,
435 1963 472 1994 de
491 1962 589 1993 Gratia
614 1961 710 1993 nostra
733 1962 859 2001 speciali,
883 1964 959 1994 diem
985 1964 1042 1995 five
1067 1966 1244 1997 Terminum

179 2003 349 2042 praedietum
369 2002 454 2041 usque
470 2000 586 2031 Festum
602 2000 765 2032 Nativitatis
780 2001 876 2032 Sancti
888 2002 1025 2039 johannis
1037 2003 1168 2044 Baptistae
1175 2015 1244 2043 pro-

179 2042 262 2071 ximo
281 2041 407 2072 futurum
421 2040 658 2078 prorogavimus,
677 2049 710 2070 ac
729 2039 938 2079 Prorogamus,
956 2051 1004 2081 per
1020 2042 1191 2089 Praesenoes,

219 2079 388 2110 Mandantes
402 2101 413 2117 ‚
432 2078 550 2108 Tenore
566 2077 753 2109 Praesentium
789 2079 887 2116 vobis,
905 2080 938 2110 ὃς
962 2081 1078 2111 cuilibet
1100 2081 1246 2121 vestrum,

182 2126 267 2158 prout
282 2118 316 2148 ad
328 2126 394 2148 eum
408 2116 570 2155 pertinuerit
602 2117 731 2154 quatinus
787 2125 960 2148 rocuratores
971 2119 1098 2156 praea'ie‘fi
1125 2120 1247 2160 Episcopi

181 2158 281 2188 omnia
294 2155 495 2194 Temporalia,
512 2155 548 2186 ad
571 2138 773 2198 Episcepatum
801 2156 988 2195 praedietum,
1005 2158 1077 2188 intra
1098 2157 1247 2190 Ducatum

180 2195 311 2226 nostrum
338 2193 551 2231 Normaiiniae,
578 2200 612 2224 ac
629 2193 692 2224 alias
714 2201 803 2233 partes
826 2194 953 2225 Franciae
977 2197 1060 2227 nobis
1087 2197 1224 2237 subjectas
1237 2221 1247 2236 ,

180 2235 361 2272 pertinentia,
380 2242 495 2263 necnon
515 2232 653 2270 Fruetus,
670 2231 831 2270 Redditus,
849 2233 882 2264 &
900 2233 1073 2273 Proventus,
1091 2234 1177 2275 usque
1194 2237 1248 2267 Fe-

182 2273 259 2303 stum
278 2272 466 2310 praedictum,
491 2272 556 2302 vice
576 2272 610 2303 &
635 2271 754 2301 nomine
774 2271 895 2309 ejusdem
919 2271 1070 2312 Episcopi,
1087 2275 1250 2314 percipere,

184 2311 335 2349 colligere,
352 2311 389 2340 &
400 2310 521 2348 habere,
539 2310 572 2340 &
590 2310 628 2340 eis
650 2309 685 2340 ad
700 2309 796 2340 Usum
814 2311 847 2341 δὲ
863 2310 1029 2342 Proficuum
1046 2312 1162 2351 ejusdem
1184 2315 1251 2352 Epi-

179 2350 250 2388 scopi
268 2349 380 2379 interim
396 2348 513 2386 pacifice
530 2349 571 2378 uti
589 2348 621 2379 &
631 2347 754 2386 gaudere
770 2350 1063 2389 permittatis,absque
1079 2350 1250 2383 molestatio-

186 2388 279 2419 nevel
297 2387 509 2426 impedimento
527 2396 719 2427 quocumque.

189 2435 193 2438 ·
223 2426 258 2456 In
277 2428 373 2465 cujus,
393 2425 454 2457 &c-

190 2503 218 2534 ἀ,
243 2464 444 2533 ‘ffistenRege
469 2463 544 2505 apud
568 2463 689 2505 Castrum
700 2465 780 2505 ficum
798 2465 976 2506 Rothomagi‚
1001 2468 1137 2500 vicesimo
1153 2477 1254 2509 quarto

212 2513 236 2535 ie
295 2513 364 2534 artu.

560 2631 608 2663 De
631 2627 852 2663 Collationibus.

43 2731 120 2763 Am,-
135 2729 178 2761 D⁰
193 2715 320 2772 REX
335 2715 503 2761 Decimo&
522 2715 647 2760 Capitale
666 2715 800 2759 Ecclesiae
827 2713 996 2760 Collegiatae
1021 2715 1195 2760 Sanctorum
1215 2717 1256 2747 E-

271 2755 354 2786 brulfi
372 2756 405 2787 &
424 2755 542 2786 Firmati
563 2755 598 2786 de
623 2753 796 2786 Moretonio
822 2753 1003 2785 Abrincenfis
1028 2754 1190 2794 Dioecesis,
1207 2757 1258 2787 Sa-

65 2778 151 2809 ¹422·
191 2793 196 2798 .
221 2793 226 2798 .

41 2812 158 2881 fingo.
189 2802 337 2869 ¹⁸¹}J‘g'bss,
355 2830 476 2863 Tenore
495 2831 699 2869 Praesentium,
724 2830 922 2871 Significamus
944 2832 1025 2871 quod
1047 2831 1258 2865 Canonicatum

62 2884 118 2912 lhid
139 2894 178 2913 m·
193 2872 227 2902 ὃ(
242 2870 427 2901 Priebendam
441 2872 471 2900 in
485 2869 613 2913 Ecclesia
626 2871 768 2913 praedicta,
1222 2911 1226 2916 ¹

49 2924 84 2951 26
121 2907 127 2913 ’
232 2910 317 2952 Qips
331 2918 420 2947 nuper
433 2916 563 2952 optinere
572 2908 675 2938 solebat
689 2918 719 2937 in
734 2909 832 2939 eadem
846 2908 994 2953 Nicholaur
1004 2907 1122 2946 Romul,
1139 2919 1189 2954 per
1203 2921 1260 2947 elus

89 2946 96 2953 ’
190 2947 384 3016 Ρτίνειῑιφίῐὶῑεηι
398 2956 476 2978 nunc
489 2946 592 2978 liberos
607 2946 641 2977 &
655 2954 801 2984 vacantes,
819 2949 852 2978 ὃς
866 2958 896 2977 in
914 2949 1043 2978 manibus
1059 2948 1161 2978 nostris
1173 2949 1260 2988 pleno

187 2996 251 3025 Jure
265 2995 310 3016 exi
337 2995 430 3024 entes,

233 3024 372 3063 Qiorum
393 3024 511 3063 quidem
535 3022 731 3054 Canonicatsis
752 3023 786 3054 ὃς
811 3022 995 3061 Praebendae,
1018 3025 1056 3055 fic
1079 3027 1263 3064 vacantium,

196 3062 324 3094 Collatio
341 3065 374 3094 δε
391 3063 560 3092 omnimoda
575 3061 728 3101 Dispositio
748 3061 847 3091 Nobis
864 3061 1017 3092 noscuntur
1029 3064 1167 3100 pertinere
1178 3087 1188 3102 ,

236 3101 357 3132 Dilecto
382 3101 480 3131 Nobis
494 3100 621 3139 Johanni
643 3098 755 3138 Renouf
764 3099 937 3140 Capellano,
954 3110 1022 3131 cum
1034 3101 1086 3132 suis
1097 3101 1214 3140 Juribus
1231 3103 1265 3134 &

197 3139 397 3177 Pertineritiis,
413 3139 578 3169 Contulimus
596 3140 630 3170 ὃς
649 3140 789 3169 Donamus
800 3161 810 3177 ,

235 3177 405 3208 Mandantes
425 3178 551 3216 quatinus
573 3177 656 3216 ipfim
676 3177 855 3215 Johannem,
882 3177 926 3208 seu
948 3178 1005 3215 ejus
1026 3177 1265 3217 Procuratorem,

198 3218 230 3247 in
245 3216 421 3253 corporalem
443 3214 650 3245 Poffeffionem
667 3216 814 3247 diCtorum
830 3215 1025 3247 Canonicatsis
1044 3218 1078 3249 &
1099 3216 1266 3248 Praebendae

199 3256 312 3294 ponatis
326 3255 360 3286 ὃς
377 3253 530 3291 inducatis,
548 3253 593 3282 seu
608 3253 678 3289 poni
692 3255 725 3284 &
740 3254 837 3285 induci
852 3255 958 3286 faciatis
968 3278 978 3294 ,

238 3294 284 3325 Ac
298 3293 389 3333 ipsum
407 3292 545 3331 recipiatis
558 3291 588 3320 in
602 3290 787 3323 Canonicum
802 3294 834 3324 &
850 3293 997 3332 Fratrem,
1013 3293 1130 3325 Stallum
1145 3295 1174 3325 in
1185 3292 1268 3326 Cho-

202 3342 253 3370 ro,
271 3334 306 3364 &
320 3331 437 3362 Locum
452 3331 481 3359 in
494 3328 648 3367 Capitulo,
666 3338 749 3367 prout
768 3333 874 3369 moris,
891 3332 984 3363 eidem
1001 3333 1195 3373 Affignantes,

2291 196 2341 244 ἵζ’)

1309 261 1444 301 Magister
1463 262 1590 303 Johaner
1606 270 1713 312 Gniirin
1724 294 1731 307 ,
1749 269 1939 303 Decretonmi
1963 268 2100 312 Socim„
2115 275 2149 305 ad
2174 275 2338 310 Canonicar-
2364 280 2441 310 Anii.
2457 276 2499 312 Di*

1275 306 1336 330 tum
1351 303 1384 333 &
1398 303 1586 335 Pruebendam
1603 316 1633 336 in
1648 309 1771 339 Ecclefia
1786 309 1945 343 Cathedrali
1963 313 2184 353 Rotliomagvni'i
2194 337 2203 351 ,
2221 316 2289 345 &cx
2387 328 2471 357 ¹422?

1280 381 1346 392 ,—ae.
2366 363 2430 386 Hm.
2454 367 2482 394 ς,

1303 442 1330 468 θθ
1354 449 1411 478 Fro
1442 447 1598 493 Capellam
1635 451 1804 494 Cs-’Fcllmzlae
1836 452 1880 485 ad
1910 456 2021 487 Alme
2043 457 2145 490 San-:75
2166 456 2317 490 Lndovica·
2369 442 2500 482 '’5'''98'

1728 499 1882 534 szalntae,

1283 568 1407 633 REX
1429 578 1589 619 Omnibus,
1605 582 1637 612 ad
1657 593 1739 620 quos,
1761 584 1821 614 &c
1842 585 1975 616 Salutem.

1304 653 1308 658 .
1380 616 1437 647 Pro
1452 628 1550 661 parte,
1567 620 1662 651 dilecti
1680 623 1779 658 nobis,
1796 626 1907 653 Simonis
1926 624 2040 663 champi·
2055 625 2163 657 Clerici
2179 650 2188 666 ,
2213 628 2342 667 Capella-
2370 594 2490 674 Ainqijlz-ss.)

1280 662 1310 697 iii
1326 652 1497 697 Capellaniae
1515 658 1549 687 ad
1568 658 1662 689 Altare
1678 660 1777 692 saneti
1792 661 1951 701 Ludovici,
1971 664 1998 694 iu
2016 663 2141 696 Ecclesia
2154 666 2249 698 Sancti
2268 668 2344 699 Dio-
2366 677 2420 702 An.
2440 684 2482 702 ιο,

1281 690 1341 720 nlfil
1356 702 1384 736 iri
1401 693 1516 725 Francia
1533 695 1670 735 fundatae,
2015 736 2018 738 v
2366 717 2401 740 H.
2419 721 2446 747 5.

1320 730 1381 768 Qui
1401 731 1635 775 Sacramentum,
1659 735 1786 767 debitum
1809 738 1844 768 de
1863 737 2067 770 Conservamdo
2096 741 2257 780 Praesentem
2275 743 2345 774 ΡΑ-
2363 755 2443 779 Norm
2459 759 2489 776 io

1281 777 1326 797 cE
1339 777 1384 806 M,
1404 778 1476 800 inter
1494 774 1721 810 praecarissimum
1736 777 1849 805 Patrem
1869 776 1984 815 nostrum
2004 782 2124 810 Franciae
2144 782 2176 812 ὃ(
2192 784 2251 811 Nos
2272 780 2344 813 con-
2366 793 2401 817 H.
2422 797 2449 823 5.

1281 806 1384 836 clusam
1400 808 1434 838 ὃς
1450 810 1675 850 concordat-am,
1693 812 1761 843 fecit
1775 815 1808 844 ὃς
1827 815 1972 853 praestitit,
2370 838 2405 855 m.
2422 835 2454 861 27

1321 843 1420 875 Nobis
1441 846 1521 877 datur
1546 849 1662 888 intelligi
1680 851 1813 888 qualiter,
1830 853 1989 883 recolendae
2013 857 2179 894 memoriae,
2196 857 2347 898 Philippus,

1302 882 1425 927 nondam
1450 887 1613 915 Francorum
1633 887 1671 922 ὠ
1692 890 1838 920 Navarrae
1858 892 1918 920 Rex
1934 914 1943 929 ,
1964 891 2084 925 Nobilis
2109 893 2276 933 progenitor
2293 909 2348 928 no-

1309 930 1360 958 er,
1379 931 1409 951 in
1431 921 1455 951 F
1457 924 1609 966 undatione
1628 925 1813 966 Capellaniae,
1838 930 2002 967 praedictam
2025 931 2146 962 Dotavit
2168 934 2204 963 de
2222 933 2348 966 Redditu

1283 958 1392 1003 Annuo
1412 959 1542 1006 Triginta
1565 963 1717 995 Librarum
1742 966 1972 1006 Turonenlium,
1992 977 2044 1007 pro
2063 970 2271 1002 Sustentatione
2293 973 2352 1003 Ca-

1282 997 1383 1065 genam
1409 1000 1545 1042 pecularis
1574 1002 1661 1033 dietae
1684 1003 1857 1042 Capelianiae
1872 1028 1883 1044 ,
1906 1007 2052 1038 Altilsimo
2078 1009 2186 1040 ibidem
2211 1014 2349 1049 perpetuo

1304 1045 1419 1066 ervlturl
1429 1060 1440 1075 ,

1321 1073 1512 1114 Percipiendo
1539 1078 1628 1109 Anno
1652 1081 1780 1117 quolibet
1803 1082 1960 1114 Redditum
1985 1084 2144 1122 hujusmodi
2173 1085 2253 1124 supra
2272 1082 2354 1126 Sigil-

1283 1112 1344 1143 lum
1379 1114 1411 1144 &
1426 1115 1571 1154 Pennam,
1591 1117 1634 1147 seu
1649 1118 1823 1157 Scripturam
1837 1121 2013 1152 Castellaniae
2030 1122 2243 1163 Pontisareniis,
2260 1135 2294 1157 ac
2306 1126 2352 1157 su-

1284 1136 1505 1198 pra'Eroventus
1520 1156 1553 1186 δε
1568 1155 1770 1200 Emolumenta
1781 1169 1972 1199 quaecumque
1987 1161 2093 1201 sigilli,
2111 1172 2145 1193 ac
2159 1162 2284 1203 Pennae,
2301 1166 2349 1196 seu

1284 1191 1437 1229 beripturae
1454 1192 1629 1232 huJusmodi‚
1648 1196 1677 1225 in
1690 1196 1782 1227 Festis
1804 1198 1980 1229 Ascensionis
2000 1199 2127 1231 Domini
2145 1200 2179 1233 &
2204 1201 2350 1234 Omnium

1284 1227 1476 1273 Sanctorum,
1495 1241 1543 1268 per
1556 1232 1675 1270 :equales
1688 1234 1856 1275 Portiones,

1306 1266 1375 1310 Et,
1393 1270 1411 1298 li
1427 1268 1506 1312 dicta·
1523 1269 1680 1301 Proventus
1692 1273 1726 1302 &
1742 1273 1945 1307 Emolumenta
1962 1286 2023 1307 non
2040 1276 2199 1309 sufficerent
2220 1278 2255 1310 ad
2276 1288 2349 1317 prae*

1283 1304 1395 1348 dictum
1412 1305 1571 1339 Redditurn
1586 1308 1770 1353 solvendum,
1790 1315 1926 1353 percipiet
1943 1315 2036 1346 dietus
2056 1314 2225 1355 Capellanus
2238 1317 2350 1348 Reddi-

1284 1351 1348 1374 tum
1363 1343 1443 1388 illum
1455 1345 1534 1382 super
1555 1346 1744 1379 Proventibus
1762 1352 1987 1392 quibuscumque
2006 1353 2203 1392 Praepositurae
2223 1355 2349 1387 Pontis&

1286 1382 1369 1412 tensis
1383 1392 1415 1426 iri
1426 1383 1520 1414 Forma
1540 1384 1714 1429 supradicta,
1733 1396 1816 1426 prout
1830 1390 1859 1419 in
1874 1391 2040 1428 quibusdam
2055 1392 2177 1431 Literis,
2194 1395 2225 1424 in
2239 1404 2271 1426 ea
2286 1404 2350 1434 par-

1287 1428 1315 1451 te
1329 1420 1428 1451 Nobis
1441 1422 1474 1452 &
1491 1422 1631 1455 Concilio
1648 1425 1747 1456 nostro
1761 1428 1904 1466 exhibitis,
1922 1429 2008 1468 liquet
2024 1432 2190 1471 manifeste,

1310 1458 1525 1503 'Afferebatque
1537 1465 1626 1492 Simon
1642 1464 1795 1503 praediCtus
1809 1466 1890 1503 quod
1898 1489 1909 1505 ,
1923 1476 1938 1496 a
1952 1475 2082 1506 tempore
2099 1469 2263 1501 Dotationis
2277 1479 2350 1510 prae¹=

1286 1496 1391 1536 dietae,
1410 1508 1440 1542 ¹¹¹.
1455 1506 1566 1539 tempus
1581 1501 1773 1540 qu0,=divino
1791 1503 1878 1535 Nutu
1889 1527 1898 1543 ,
1916 1505 2082 1544 praeditiam
2102 1508 2207 1539 Villam
2225 1510 2351 1540 nostram

1285 1535 1322 1567 de
1338 1535 1469 1567 Pontoise
1484 1537 1733 1579 Conquifivimus,
1754 1540 1901 1581 Capellani
1915 1543 2087 1582 Capellariiae
2107 1547 2269 1585 praediCtae,
2287 1549 2351 1588 qui-2

1286 1583 1412 1614 cumque
1425 1585 1479 1615 pro
1493 1585 1620 1620 ternpore
1638 1578 1802 1619 existentes,
1819 1581 1964 1617 praedictas
1988 1582 2121 1621 Triginta
2142 1584 2240 1615 Libras
2252 1586 2350 1617 Turo-

1286 1613 1383 1643 nenses
1397 1614 1476 1651 super
1490 1614 1719 1659 sig1110‚'Penna
1728 1641 1739 1655 ,
1757 1619 1802 1649 seu
1816 1619 1959 1659 Scriptura
1971 1619 2149 1652 Castenaniae
2173 1623 2352 1656 Pontisaren-

1285 1650 1319 1681 sis
1331 1661 1364 1695 ac
1379 1651 1562 1690 Praepositura
1580 1654 1689 1685 ibidem
1707 1667 1893 1695 perceperunt
1917 1659 1950 1689 &
1973 1659 2150 1697 habuerunt,
2167 1662 2269 1699 absque
2291 1664 2347 1693 im-

1284 1689 1454 1760 pedirgcento·
1463 1701 1646 1738 quocumque
1658 1694 1703 1725 vel
1715 1695 1949 1730 contradictionis
1962 1697 2127 1739 obstaculo,
2140 1699 2228 1731 libere
2234 1718 2245 1738 5
2252 1701 2347 1739 pacifi-

1286 1738 1340 1766 ce,
1407 1739 1518 1769 quiete,

1322 1767 1422 1811 Nobis
1437 1768 1582 1801 humiliter
1593 1771 1773 1811 supplicando
1789 1773 1936 1814 quatinus,
1956 1776 2062 1812 pietatis
2074 1776 2194 1815 intuitu,
2215 1784 2348 1808 contem-

1286 1805 1464 1850 plationeque
1492 1807 1516 1838 P
1526 1818 1546 1838 A
1555 1818 1571 1840 c
1581 1818 1592 1839 1
1602 1817 1615 1838 s
1642 1819 1661 1840 F
1670 1819 1682 1840 1
1691 1819 1715 1840 N
1725 1821 1744 1841 A
1753 1820 1773 1841 L
1784 1821 1795 1841 1
1806 1822 1817 1842 s
1842 1813 2004 1851 supradistae
2019 1837 2029 1852 ,
2060 1816 2177 1854 gratiose
2199 1815 2351 1855 providere

1285 1845 1460 1888 dignaremur
1475 1847 1555 1885 quod
1568 1848 1645 1879 idem
1660 1852 1749 1879 Simon
1764 1850 1798 1880 &
1812 1850 1992 1883 Successores
2005 1854 2057 1890 sui,
2077 1853 2222 1891 Capeliani
2243 1854 2288 1885 Ca
2310 1853 2351 1884 el-

1284 1883 1366 1914 laniae
1380 1884 1543 1925 praedic‘tae,
1560 1887 1728 1927 praedictum
1741 1887 1901 1921 Redditum
1916 1891 2052 1929 Triginta
2066 1891 2217 1923 Librarum
2230 1902 2283 1933 gau
2304 1896 2350 1924 ere

1286 1922 1392 1960 possint
1404 1924 1438 1954 &
1451 1924 1559 1956 valeant
1573 1926 1643 1957 sicut
1655 1934 1718 1957 ante
1726 1951 1736 1966 ,

1324 1960 1391 1991 Nos
1405 1962 1501 2001 igitur,
1517 1963 1724 2003 Supplicationi
1740 1965 1795 1996 suae
1814 1965 2002 2000 favorabiliter
2022 1969 2168 2009 inclinati,
2186 1970 2222 2001 de
2246 1969 2348 2001 Gratia

1284 1998 1380 2030 nostr&⁴
1396 1999 1521 2041 speciali,
1535 2002 1703 2042 Conceffimus
1722 2004 1755 2034 &
1774 2007 1959 2045 concedimus,
1976 2017 2025 2045 per
2039 2007 2210 2047 Praesentes,
2225 2008 2347 2047 praefato

1285 2040 1385 2082 Simoni
1402 2039 1482 2083 quod
1496 2040 1572 2080 Ipse,
1591 2042 1625 2072 &
1644 2041 1823 2074 Successores
1839 2045 1896 2083 sui,
1914 2045 2060 2084 Capellani
2081 2046 2255 2086 Capelianiae
2276 2057 2350 2092 prae-

1285 2076 1390 2116 dietae,
1407 2080 1621 2119 imperpetuum
1636 2080 1755 2112 habeant
1770 2082 1803 2113 &
1812 2085 1964 2122 percipiant
1978 2087 2124 2116 annuatim
2134 2085 2222 2116 dietas
2229 2085 2351 2125 Trigin-

1286 2122 1313 2159 ta
1328 2115 1426 2146 Libras
1440 2118 1519 2157 super
1532 2117 1649 2158 Sigillo,
1666 2119 1781 2158 Penna,
1798 2121 1844 2151 seu
1857 2122 2020 2161 Scriptura,
2036 2133 2070 2154 ac
2087 2123 2350 2163 Praepofituraprae-

1285 2153 1385 2192 dietis,
1402 2155 1509 2187 eisdem
1523 2157 1614 2188 modo
1628 2159 1663 2190 &
1684 2157 1775 2189 forma
1796 2160 1896 2198 quibus
1912 2162 1990 2192 idem
2009 2165 2118 2199 Simon,
2136 2163 2170 2193 &
2191 2162 2352 2194 Praedecess

1285 2192 1361 2223 sores
1374 2193 1429 2233 sui,
1446 2194 1591 2234 Capellani
1603 2196 1727 2234 ejusdem
1749 2196 1938 2238 Capellaniae,
1955 2200 2082 2231 eundem
2102 2200 2261 2233 Redditum
2273 2222 2284 2240 ,
2302 2211 2352 2232 an-

1287 2238 1316 2262 te
1336 2230 1537 2272 Conquestum
1556 2234 1689 2266 nostrum
1711 2236 1899 2276 praedictum,
1914 2239 2071 2270 habuerunt
2092 2239 2126 2271 &
2149 2247 2352 2278 perceperunt,

1288 2279 1322 2300 ac
1337 2279 1423 2310 prout
1437 2273 1470 2304 &
1491 2274 1622 2311 quatinus
1641 2274 1690 2312 ipsi
1713 2275 1817 2305 eodem
1839 2275 1987 2317 Redditu,
2003 2288 2019 2308 a
2037 2286 2167 2316 tempore
2188 2278 2354 2310 Dotationis

1288 2308 1468 2350 supradistae,
1491 2311 1630 2344 haetenus
1641 2313 1838 2343 rationabiliter
1850 2315 1912 2346 sunt
1929 2316 2028 2355 gavisi,

1328 2347 1497 2381 Mandantes
1511 2373 1522 2389 ‚
1545 2351 1664 2382 Tenore
1685 2350 1886 2391 Praesentium,
1902 2353 2012 2386 dilectis
2030 2354 2065 2385 &
2084 2353 2212 2386 fidelibus
2232 2355 2351 2394 nostris,

1287 2385 1473 2419 Thesaurario
1485 2388 1585 2420 nostro
1601 2389 1738 2420 Generali
1749 2389 1959 2430 Normanniae,
1977 2402 2010 2424 ac
2024 2392 2185 2424 Praesidenti
2198 2395 2231 2425 ὅτ
2248 2394 2354 2425 Genti-

1290 2426 1344 2456 bus
1357 2425 1393 2457 de
1416 2425 1537 2459 Camera
1554 2427 1648 2458 nostra
1668 2427 1908 2468 Compotorum,
1927 2440 2042 2462 necnon
2064 2433 2172 2462 caeteris
2189 2432 2355 2471 justiciariis

1292 2465 1326 2495 &
1343 2464 1501 2505 Ministris,
1520 2467 1703 2504 praesentibus
1718 2468 1752 2499 δε
1765 2468 1880 2507 futuris,
1889 2478 2022 2538 &uorum
2035 2470 2164 2508 interest,
2180 2471 2262 2509 quod
2279 2480 2355 2510 prae-

1290 2502 1350 2533 fato
1372 2507 1489 2542 Simoni,
1511 2506 1544 2536 &
1567 2505 1780 2537 Succefforibus
1800 2506 1870 2546 suis,
1919 2508 2050 2546 apellanis
2066 2509 2238 2546 Capellaniae
2252 2510 2355 2547 praedi-

1292 2541 1365 2580 ctae,
1380 2543 1506 2581 praesenti
1521 2543 1713 2575 Conceffione
1726 2544 1840 2583 nostra,
1860 2548 1890 2575 in
1909 2546 2004 2577 forma
2025 2557 2080 2585 qua
2101 2547 2270 2585 praediCtum
2293 2547 2354 2586 est,

1294 2581 1336 2612 uti
1356 2581 1389 2612 &
1408 2582 1527 2621 gaudere
1542 2584 1723 2621 permittant,
1740 2582 1844 2622 absque
1864 2585 2061 2617 molestatione
2080 2585 2126 2616 seu
2148 2586 2356 2625 impedimento

1293 2629 1489 2659 quocumque.

1329 2657 1362 2688 In
1380 2660 1477 2698 cujus,
1496 2660 1556 2690 &c.

1296 2733 1334 2765 M
1366 2696 1458 2766 geste
1487 2697 1574 2738 Rege
1598 2698 1671 2739 apud
1686 2699 1810 2739 Castrum
1821 2700 1901 2740 ficum
1930 2699 2090 2739 Rothomagi
2105 2723 2115 2739 ,
2146 2699 2285 2733 vicefimo
2311 2700 2358 2732 die

1335 2744 1364 2766 ar
1377 2745 1405 2766 ii.

1935 2780 1989 2807 Per
2001 2777 2084 2817 ipsimi
2097 2778 2201 2815 Regem.

1646 2904 1696 2934 De
1721 2900 2005 2947 Praesentationibns.

1302 2986 1422 3046 REX
1442 2990 1553 3018 Vicariis
1570 2991 1599 3019 in
1617 2989 1803 3027 spiritualibus
1823 2989 1943 3029 Episc‘opi
1960 2988 2155 3031 Lexovienfis,
2173 2990 2234 3031 ipso
2247 2991 2364 3030 Episco-
2385 3000 2463 3033 Αῃῃ,
2474 2998 2515 3031 Ῑ),

1372 3036 1412 3064 po
1425 3028 1453 3056 in
1469 3028 1583 3057 remotis
1599 3035 1712 3066 agente,
1730 3028 1861 3058 Salutem.
2404 3049 2491 3078 1422-

1342 3064 1387 3095 Ad
1402 3066 1518 3096 alteram
1535 3065 1700 3096 Portionem
1721 3066 1854 3096 Eccleliae
1874 3065 2046 3097 Parochialis
2065 3067 2160 3098 saneti
2174 3068 2311 3098 Germani
2325 3068 2361 3099 de
2382 3082 2439 3106 An.
2456 3085 2500 3108 104

1304 3101 1477 3142 Criqueville
1490 3103 1575 3134 dietae
1587 3104 1745 3140 Dioecesis,
1765 3114 1913 3135 vacantem
1927 3105 1959 3135 &
1974 3105 2007 3134 ad
2024 3105 2150 3136 nostram
2165 3106 2363 3137 Donationem
2386 3122 2420 3146 H.
2459 3137 2467 3144 ‚

1304 3143 1493 3181 spectantem,
1511 3150 1542 3172 ut
1557 3142 1677 3181 dicitur,
1695 3143 1844 3173 Dilectum
1861 3143 1944 3173 nobis
1959 3143 2119 3182 Johannem
2137 3145 2168 3174 de
2193 3144 2284 3175 Molin
2307 3144 2366 3176 Ca·²
2423 3154 2488 3183 Jbid,

1304 3180 1451 3218 pellanum
1466 3181 1550 3211 vobis
1563 3180 1783 3219 Praesentamus,

1340 3218 1447 3250 Intuitu
1468 3220 1587 3250 caritatis
1607 3219 1757 3256 Rogantes
1800 3220 1909 3250 uatinus
1931 3219 2015 3259 {osiam
2033 3220 2193 3259 Johannem
2211 3221 2245 3252 ad
2264 3220 2366 3253 Eccle-

1305 3257 1551 3326 siamlpraedictam
1562 3257 1726 3297 admittatis,
1744 3259 1778 3290 &
1819 3258 1947 3289 ersonam
1961 3258 2108 3290 instituatis
2123 3259 2152 3289 in
2166 3260 2276 3291 eadem.

1345 3297 1361 3314 ¹⁸
1394 3306 1412 3326 n
1426 3297 1515 3334 cujus,
1534 3298 1594 3328 &c.

1362 3334 1454 3366 Teste
1469 3335 1552 3374 Rege
1565 3337 1595 3366 in
1607 3337 1752 3366 Excercitu
1765 3332 1815 3374 fico
1836 3335 1911 3374 apud
1933 3335 2070 3374 Meaulx,
2094 3337 2233 3368 vicesimo
2260 3333 2365 3369 ostavo
2386 3313 2522 3350 *X'mffi

239 3370 371 3401 Necnon
383 3368 464 3412 ipsunt
483 3367 642 3406 Johannem
656 3367 827 3407 Fructibus,
845 3370 1095 3411 obventionibus,
1113 3369 1269 3411 Proficuis,
1310 3372 1356 3404 die
1366 3373 1474 3405 Martii.

204 3410 238 3440 &
254 3409 481 3444 Emolumentis,
500 3407 535 3436 ad
543 3405 655 3436 eosdem
664 3405 876 3438 Canonicatum
890 3410 924 3439 &
939 3409 1128 3441 Praebendam
1143 3412 1271 3449 spectan-

204 3449 295 3485 tibus,
313 3447 397 3477 uti&
414 3445 535 3484 gaudere
552 3445 732 3483 permittatis,
749 3445 880 3477 adhibitis
895 3447 1145 3486 Solempnitatibus
1164 3451 1194 3481 in
1210 3450 1271 3481 tali-

204 3487 256 3517 bus
273 3486 331 3516 fieri
346 3485 493 3516 consuetis.

243 3524 277 3555 In
294 3525 388 3562 cujus,
407 3524 468 3554 δίε.

242 3562 333 3594 Teste
348 3562 431 3600 Rege
444 3560 518 3599 apud
527 3560 734 3601 Castrumficum
750 3560 911 3601 Rothomagi'
920 3585 931 3602 ,
947 3562 1082 3595 vicesimo
1104 3565 1207 3602 quinto
1226 3564 1272 3595 die

212 3601 318 3634 Martii.

897 3680 950 3709 Per
968 3678 1051 3718 ipficm
1065 3682 1169 3718 Regem.

369 3753 538 3787 consimiles
553 3754 660 3787 Literas
674 3753 780 3786 habent
793 3753 952 3795 subscripti,
969 3756 1117 3795 videlicet,

1993 3415 2047 3442 Per
2064 3413 2149 3453 ipfiem
2158 3415 2265 3452 Regem.

1365 3488 1534 3520 Conlimiles
1556 3487 1664 3520 Literas
1681 3487 1718 3519 de
1731 3486 1947 3521 Praesentatione
1959 3487 2066 3521 habent
2078 3490 2241 3531 subscripti;
2255 3491 2312 3522 viz.

1345 3564 1491 3603 Johannes
1507 3565 1531 3595 le
1548 3567 1668 3605 Pourry,
1687 3564 1855 3603 Capellanus
1875 3566 1909 3597 &
1932 3565 2098 3598 Canonicus
2120 3566 2317 3605 Lexovienfis‚
2333 3565 2369 3597 ad

1309 3599 1466 3635 Ecclesiam
1482 3604 1679 3635 Parochialem
1692 3603 1730 3634 du
1744 3603 1850 3635 Faveril
1866 3604 2048 3636 Lexoviensis
2061 3605 2203 3637 Dioecesis
2214 3627 2225 3643 ,
2242 3605 2304 3637 &c.
2419 3577 2486 3613 Ihm-

1348 3679 1482 3709 Girardur
1499 3683 1592 3718 Turgis
1606 3678 1788 3718 Capelianus,
1805 3679 1838 3710 ad
1853 3680 2010 3712 Ecclesiam
2026 3680 2220 3713 Parochialem
2234 3681 2271 3712 de
2286 3680 2369 3713 Toca
2388 3689 2454 3720 md,
2468 3697 2510 3719 m,-

1312 3719 1432 3757 queville
1447 3719 1687 3758 Rothomagensis
1704 3718 1864 3758 Dioecesis,
1881 3721 1943 3751 &e
2390 3731 2438 3758 26,

1349 3794 1480 3824 Robertus
1498 3795 1532 3824 du
1552 3798 1625 3825 Fane
1639 3794 1823 3833 Capellanus‚
1839 3795 1874 3827 ad
1891 3795 2043 3827 Ecclefiam
2058 3794 2251 3826 Parochialem
2264 3793 2302 3826 de
2315 3792 2370 3827 Be*
2429 3802 2497 3840 ibid,

249 3829 405 3868 Radulphus
429 3835 507 3864 Veret
523 3855 534 3872 ‚
558 3832 592 3863 ad
614 3833 780 3864 Cantoriam
803 3833 832 3863 in
855 3831 980 3864 Ecclesia
999 3833 1157 3873 Collegiata
1178 3831 1275 3864 Sancti
1314 3833 1431 3864 nerville
1446 3834 1627 3865 Lexovienfis
1641 3833 1798 3873 Dioecesis,
1816 3834 1880 3865 &c-

214 3867 375 3900 Guillielmi
391 3868 428 3899 de
440 3871 610 3903 Moretonio
628 3871 808 3902 Abrincensis
823 3870 982 3910 Dioecefis,
999 3872 1060 3905 &e

234 3947 332 3990 *Magi
355 3955 384 3975 er
398 3943 544 3990 Johannes
561 3949 586 3979 le
603 3949 722 3994 Gallois,
742 3947 879 3987 Magister
894 3949 924 3978 in
945 3947 1081 3987 Artibus,
1099 3948 1133 3979 &
1156 3947 1276 3979 Bacalla-

218 3994 273 4015 nus
289 3993 318 4013 m
339 3983 501 4015 Theolooia
515 4008 525 4024 ‚
547 3988 583 4018 ad
607 3989 821 4020 Canonicatum
841 3987 875 4019 ὃς
895 3986 1080 4019 Praebendam
1102 3996 1132 4018 in
1151 3986 1276 4020 Ecclesia
1312 4016 1314 4019 ,

220 4021 379 4053 Cathedrali
397 4009 642 4067 Roffiornagenfi,
655 4029 717 4060 &c.

258 4063 334 4092 Tem.
352 4063 402 4093 IV.
427 4062 461 4092 P.
476 4064 524 4093 W.

1349 3907 1522 3941 Guillielmus
1540 3913 1652 3940 Martin
1671 3891 1764 3941 dietus
1782 3908 1888 3939 Brunet
1905 3908 2087 3948 Capellanus,
2104 3907 2139 3940 ad
2155 3908 2311 3942 Ecclesiam
2320 3908 2373 3942 1³20
2429 3909 2495 3945 zbid,

1316 3949 1469 3981 rocliialcm
1485 3949 1573 3980 beatae
1586 3949 1689 3980 Mariae
1699 3949 1816 3988 Lynoye
1833 3948 2015 3978 Lexovienlis
2031 3947 2192 3987 Dioecesis‚
2208 3949 2270 3980 &c-

1354 4024 1497 4065 Johannes
1516 4025 1648 4060 Lanchon
1672 4024 1800 4057 Clericus
1796 4045 1829 4093 13³
1839 4024 1874 4090 a²d
1892 4023 2037 4064 Capellam
2063 4024 2121 4057 five
2137 4024 2377 4096 Capellaniaffigg
2427 4028 2492 4062 ibid,
