2562 4274
11 232 85 265 Ann.
100 227 141 259 D.

37 280 122 310 1410.

8 315 74 357 ³⁶7⁸
85 320 114 346 4.

9 460 85 492 Ann.
103 458 132 489 D

30 507 115 537 1410.

7 541 60 566 Aa.
85 547 125 563 11.

8 580 43 604 H.
60 585 87 610 4.

10 614 116 641 thiam.

11 662 36 681 2.

11 1702 31 1722 θ’
56 1701 140 1729 v111.

31 1743 97 1777 653.

7 1891 88 1924 Ann.
100 1889 144 1921 D.

34 1940 119 1970 1410.

10 1974 64 1998 Aa.
82 1979 120 1997 it.

11 2014 45 2037 H.
64 2017 94 2046 4.

10 2052 146 2075 franzii,

18 2090 54 2113 H.
76 2096 105 2121 4.

10 2133 48 2153 m.
67 2134 90 2152 1.

730 153 840 194 ET
905 151 1170 192 ACTA
1234 147 1719 193 PUBLI'CA.

159 332 206 364 De
222 324 481 375 Conftrvatoribm
513 327 700 374 Treugarum
727 328 859 359 Franciae
885 329 921 363 μή·
946 325 1062 371 ‚Ar-agua
1092 334 1218 358 conven—

640 385 730 407 turis.

167 460 247 517 LE
265 461 324 491 Ro
336 470 355 490 Υ
372 471 388 491 3
402 469 463 491 tous
478 471 529 491 nos
544 458 755 498 Connestable,
774 460 834 491 &c.
853 459 927 490 Salut
943 459 975 490 &
990 458 1148 489 Dilefflon.

257 499 356 529 Savoir
373 499 474 530 faisons
491 509 562 538 que,

199 539 227 570 A
242 537 280 567 fin
295 548 348 576 que
365 537 472 578 Jaques
486 538 518 567 de
530 535 694 575 chastillon,
715 535 841 567 Admiral
857 536 892 567 de
910 536 1012 566 France
1024 557 1032 572 ‚
1059 534 1217 564 Conserva-

161 585 225 608 tour
244 576 355 614 general
369 580 495 607 ordenne
509 576 542 606 &
559 576 694 606 Commis
707 575 791 613 depar
805 575 890 613 nostre
906 573 1079 612 Adverfizire
1088 574 1120 602 de
1128 575 1216 600 Fran-

156 627 199 654 ce,
218 625 289 653 pour
310 614 431 652 Reparer
445 624 484 645 ou
501 614 567 644 faire
596 613 718 650 Reparer
751 622 809 643 tant
822 614 859 644 les
884 614 1042 650 Attempras
1057 611 1105 641 fais
1119 611 1161 640 sur
1180 611 1217 639 les

157 654 276 684 Trieues
289 654 437 690 generalles
452 662 499 690 par
512 652 539 681 la
560 651 629 681 Mer
645 674 654 690 ,
681 653 727 689 qui
749 653 903 689 erpirerent
922 652 947 681 le
966 650 1160 691 premierjo.1r
1178 649 1215 690 de

158 692 229 731 May
244 693 352 722 derrein
368 691 442 728 passe
455 713 463 729 ‚
490 700 544 728 que
560 691 640 720 ceulx
660 691 706 727 qui
725 699 861 727 pourtont
884 690 978 720 avenir
997 691 1029 720 &
1048 689 1155 717 eichaer
1172 690 1214 715 lui·

159 732 277 769 ycelles,
294 731 370 767 quia
385 729 493 767 present
509 727 589 758 Mois
601 728 635 758 de
651 728 771 759 Nouvel
792 727 916 766 Prinses,
935 727 969 758 ,se
990 736 1083 757 aucun
1099 735 1134 756 en
1151 734 1215 754 ave-

160 771 221 800 noit
240 769 310 807 (que
326 767 401 798 Dieu
415 766 549 803 defende)
573 766 660 804 puisse
674 767 734 804 plus
754 767 908 797 sentement
922 767 994 802 aler,
1010 766 1107 801 venir,
1125 762 1196 793 ester
1206 784 1216 799 ,

160 808 328 844 demourer,
344 807 377 836 &
391 805 539 836 affembler
553 815 706 843 avecques,
724 805 817 835 nostre
835 805 965 835 treschier
983 803 1080 839 Frere,
1099 801 1213 830 Thomas

159 844 294 884 Beaufort
311 844 403 875 nostre
426 843 549 875 Admiral
563 866 572 881 ,
598 844 788 881 pareillement
810 843 919 884 general
935 841 1142 883 Conservatour
1166 849 1213 868 or-

156 883 249 914 denne
262 884 295 914 &
310 882 444 913 Commis
457 882 541 920 depar
560 882 642 912 Nous
656 892 684 912 es
702 881 810 912 choses
825 881 984 911 deiluidites
994 902 1002 916 ,

192 922 221 952 A
241 922 340 962 icelluy
360 921 459 960 Jaques
480 923 515 950 de
531 919 688 951 Chastillon
713 919 839 950 Admiral
863 918 952 948 deffus
973 925 1117 959 nomme,
1143 925 1180 944 ou
1197 924 1212 944 a

156 960 247 1000 celluy
259 970 297 990 ou
312 971 326 990 a
340 960 421 990 ceulx
435 961 481 1000 qui
498 959 581 996 depar
597 959 658 999 Luy
673 958 743 988 serra
757 968 795 987 ou
810 957 914 986 serront
930 954 1065 985 commis
1088 957 1120 984 ὅτ.
1149 953 1211 983 De-

155 1008 224 1040 pute
242 1008 289 1036 par
303 998 342 1029 ses
358 999 482 1036 Lettres,
500 1008 536 1028 en
559 996 633 1027 ceste
660 996 769 1034 Partie,
786 1005 872 1024 avons
893 994 1000 1024 Donne
1021 994 1054 1024 ὃς
1072 992 1211 1032 Ottroye,

159 1037 306 1067 Donnons
322 1037 355 1067 &
370 1037 535 1073 Ottroions,
556 1044 604 1072 par
619 1044 664 1064 ces
677 1033 836 1071 presentes,
855 1034 887 1063 &
902 1032 988 1063 alour
1002 1031 1110 1069 Gents,
1128 1030 1213 1069 Jurj-

179 1087 223 1105 ues
239 1086 273 1104 au
293 1075 411 1104 Nombre
426 1074 458 1103 de
471 1077 538 1103 Cent
555 1070 724 1111 Parfimnes,
744 1073 777 1102 ὃ(
793 1082 826 1102 au
846 1071 983 1101 deffoubz
997 1093 1006 1108 ,
1030 1078 1089 1100 taut
1105 1068 1214 1099 Chiva-

171 1125 229 1152 ers,
249 1113 386 1151 Escuiers,
406 1122 459 1151 que
474 1121 577 1147 autreS,
597 1110 655 1141 telz
677 1112 710 1142 ὃς
732 1110 766 1140 de
784 1110 903 1150 quelque
923 1109 1102 1145 Condition,
1122 1107 1215 1145 Estat,

161 1153 252 1190 Paiis,
270 1162 307 1182 ou
323 1150 441 1181 Nacion
453 1149 539 1188 qu'ilz
554 1149 656 1187 soient,
673 1148 832 1186 ensemble,
851 1158 889 1178 ou
908 1158 956 1185 par
976 1147 1094 1184 Parties,
1112 1147 1213 1176 bon&

162 1191 227 1222 10131
239 1190 422 1220 Saufconduit
441 1190 474 1218 ὃς
490 1188 622 1225 Seurete,
642 1198 690 1225 par
708 1186 792 1226 Mer,
813 1189 844 1217 &
860 1197 907 1224 pat
922 1186 1031 1223 Terre,
1084 1221 1095 1228 ἡ

199 1229 238 1259 Et
252 1228 290 1258 les
302 1237 389 1258 avons
408 1227 489 1257 Prins
511 1228 543 1257 &
561 1225 638 1264 Mis,
659 1225 782 1255 Prenons
797 1226 830 1255 ὃς
853 1225 979 1255 Mettons
988 1234 1022 1254 en
1038 1229 1132 1253 noztre
1142 1221 1214 1264 Pro-

160 1268 286 1304 teetion,
303 1266 395 1296 Sauve
411 1265 512 1303 garde,
532 1265 677 1302 Tuicion,
695 1264 729 1294 ὃς
744 1263 887 1294 Deffence
909 1262 1061 1297 elpecistulx
1096 1261 1132 1290 du
1147 1270 1213 1297 jour

160 1305 197 1335 de
207 1305 237 1335 la
252 1305 327 1335 Date
337 1304 376 1334 de
390 1314 436 1334 ces
455 1302 607 1340 presentes,
626 1303 730 1340 jusques
746 1313 778 1332 au
793 1302 898 1339 primer
910 1302 977 1339 jour
987 1300 1022 1330 de
1040 1283 1214 1329 N⁷0venrbre

159 1344 297 1382 prochain
315 1351 417 1373 venant
433 1342 533 1380 icelluy
547 1343 611 1379 jour
627 1343 739 1378 incluz,

196 1382 226 1412 Si
242 1380 388 1411 Mandons
401 1383 433 1412 Sc
445 1380 664 1409 Commandons
679 1390 695 1409 a
708 1389 776 1409 vous
785 1387 846 1408 noz
862 1377 923 1407 ditz
939 1374 1143 1413 Connestable,
1154 1373 1214 1408 &a

156 1427 240 1460 prout
250 1423 278 1449 in
297 1418 421 1458 ejufismdi
434 1421 546 1447 Literis.

199 1458 242 1525 Eili
257 1458 486 1495 Tcsmoignance
500 1456 535 1486 de
548 1464 601 1484 ceo
619 1453 705 1485 Nous
716 1465 805 1486 avons
829 1453 876 1485 fait
893 1461 995 1484 mettre
1015 1451 1107 1482 nostre
1122 1451 1184 1482 Seil
1200 1461 1215 1482 a

163 1507 210 1527 ces
238 1497 372 1525 'terentes

190 1535 307 1603 Penne
321 1545 337 1564 a
353 1532 459 1572 Wstm.
478 1532 503 1563 le
519 1533 546 1562 ix
565 1532 630 1570 jour
643 1531 782 1570 d'Aoust,
797 1530 864 1562 l’An
876 1531 912 1561 de
927 1529 1130 1569 nostreRegne
1143 1528 1213 1559 Un—

166 1581 196 1603 zi
210 1582 266 1603 me.

1178 1645 1218 1652 —s

162 1697 183 1720 ¹*
208 1698 257 1730 De
284 1698 420 1729 Licentia
448 1693 619 1727 concedendi
655 1694 786 1727 Salvum
818 1693 1001 1726 Condnffum
1041 1692 1216 1726 Admirallo

207 1748 356 1786 Francia,
381 1755 449 1776 cum
469 1742 644 1776 Admirallo
658 1744 773 1790 Angliae
789 1743 880 1788 fitper
900 1745 1096 1789 Az‘temptatis
1114 1752 1216 1774 contra

208 1796 342 1841 Treugas
358 1791 538 1825 trailamro.

216 1880 244 1912 E
261 1879 349 1948 1}ov
365 1890 380 1911 a
403 1887 466 1910 tous
484 1877 564 1911 ceulx
587 1878 635 1918 qui
657 1877 744 1910 cestes
768 1878 877 1910 Lettres
901 1886 1019 1910 verront
1035 1888 1075 1909 ou
1099 1883 1216 1915 orront,

239 1919 275 1950 Sa
287 1927 345 1950 utz.

202 1957 349 1995 Comme,
367 1966 414 1995 par
429 1965 489 1987 noz
504 1964 593 1987 autres
610 1956 716 1986 Lettres
734 1954 861 1986 Patentes
909 1956 987 1986 aions
1008 1955 1087 1993 Fait,
1106 1953 1219 1985 Orden-

167 2003 219 2034 ΠΕ,
239 1996 273 2026 &
286 1995 439 2033 CommiS,
457 1994 548 2026 nostre
560 1994 708 2026 treschiere
724 1994 807 2024 Frere
818 2017 828 2032 ,
846 1978 959 2035 TZomar
973 1993 1126 2032 Beaufort,
1167 2030 1172 2035 1

201 2033 312 2065 Nostre
328 2033 453 2064 Admiral
470 2034 503 2064 &
517 2032 718 2064 Conservateur
733 2040 789 2062 tant
809 2033 858 2062 des
879 2033 1012 2071 Trieues,
1032 2042 1086 2070 que
1109 2039 1218 2067 expire-

164 2080 224 2102 rent
242 2073 270 2103 le
287 2074 389 2111 primer
401 2073 467 2110 jour
481 2072 517 2102 de
537 2071 607 2111 May
624 2071 730 2101 darrein
747 2070 838 2109 paffe,
857 2081 941 2101 come
961 2072 1008 2101 des
1026 2071 1156 2101 Presentz

204 2111 283 2142 Pour
301 2110 448 2142 assembler
467 2120 516 2148 par
535 2110 617 2149 Luy,
636 2119 673 2140 ou
689 2109 746 2150 seS,
762 2119 799 2140 ou
813 2110 881 2148 son,
899 2110 1087 2140 Lieutenantz
1105 2110 1137 2139 &
1188 2117 1220 2137 e-

164 2158 267 2188 putez,
286 2150 452 2180 Lieutenant
467 2158 505 2179 ou
522 2148 655 2186 Depute,
673 2150 792 2185 oveique
808 2148 964 2178 l'Admirall
979 2148 1014 2178 de
1030 2148 1135 2178 France
1144 2147 1219 2185 ‚se5,

163 2198 204 2219 ou
217 2188 282 2226 son,
302 2189 488 2220 Lieutenantz
511 2188 545 2219 &
566 2187 692 2224 Deputes
746 2187 911 2217 Lieutenant
933 2189 966 2218 ὃς
989 2187 1121 2225 Depute,
1140 2196 1176 2216 en
1195 2186 1218 2216 la

164 2226 286 2257 Marche
306 2226 340 2257 de
359 2225 502 2264 Picardie,
521 2236 558 2255 en
574 2226 633 2256 cest
648 2235 680 2263 pr
708 2233 754 2255 ent
774 2224 854 2255 Mors
869 2224 1005 2262 d'Aoust,
1024 2228 1057 2256 δε
1073 2236 1088 2254 3
1103 2233 1166 2254 tous
1182 2225 1221 2254 les

166 2273 257 2295 autres
273 2265 393 2296 Termes
409 2264 442 2295 &
453 2264 591 2303 Journez,
610 2274 662 2302 que
677 2263 713 2294 de
731 2273 765 2293 ce
784 2265 889 2301 purroit
907 2264 1024 2301 prendre
1043 2263 1133 2293 ensuir
1148 2262 1220 2293 estre

165 2302 322 2341 Prorogiez
339 2303 375 2333 de
392 2302 453 2332 lour
475 2301 611 2333 Comune
630 2300 718 2332 astent
732 2323 741 2339 ,
765 2312 837 2340 pour
854 2302 996 2332 Proceder
1015 2312 1030 2331 a
1052 2302 1076 2331 la
1099 2301 1223 2338 Repara-

166 2342 234 2371 cion
251 2344 298 2370 des
314 2342 488 2378 AttemptaS,
502 2341 571 2370 faitz
584 2341 617 2371 &
635 2349 744 2370 avenuz
757 2348 816 2370 tant
831 2349 986 2370 encountre
1001 2340 1027 2369 le
1042 2339 1157 2370 Teneur
1171 2339 1219 2369 des

166 2379 228 2409 ditz
241 2379 361 2410 Trieues
385 2378 478 2416 paffez
492 2400 502 2416 ,
526 2388 581 2416 que
602 2378 638 2410 de
661 2378 746 2409 ceulz
763 2388 817 2416 que
842 2379 884 2409 sur
901 2379 939 2408 les
957 2378 1083 2416 presentz
1105 2377 1222 2408 Trieues

166 2420 313 2456 purroient
326 2418 419 2449 avenir
439 2418 567 2454 (s'aucun
581 2427 617 2448 en
632 2417 763 2455 avenoit,
780 2427 834 2454 que
842 2416 919 2447 Dieu
935 2427 971 2447 ne
989 2416 1091 2453 vuille)
1112 2415 1223 2446 ficom-

168 2465 218 2525 {ine
236 2456 307 2494 pluis
325 2467 360 2487 au
376 2455 468 2494 plaine
485 2454 524 2485 est
551 2464 695 2486 contenuz
711 2465 749 2486 en
774 2465 834 2485 noz
854 2455 959 2486 Letues
982 2454 1101 2486 Patentz
1126 2462 1223 2485 avant-

189 2503 238 2524 ites

202 2517 256 2571 Et}
274 2542 346 2570 pour
365 2541 399 2562 ce
415 2537 470 2570 que
484 2530 631 2562 neceffaire
654 2532 688 2562 &
709 2530 840 2570 besoigne
861 2530 901 2561 est
919 2542 952 2562 au
968 2531 1009 2561 dir
1033 2531 1169 2561 Admirall
1188 2530 1224 2562 de

166 2570 277 2602 France
289 2580 342 2608 pur
356 2569 434 2608 Luy‚
453 2571 486 2602 &
502 2570 557 2607 ses,
573 2580 611 2600 ou
626 2570 694 2607 son,
714 2570 901 2600 Lieutenantz
916 2571 948 2601 &
965 2570 1116 2608 Deputez,
1135 2570 1221 2600 Lieu-

166 2610 310 2641 tenant&
329 2609 462 2646 Depute,
477 2608 510 2638 &
532 2608 612 2638 ceulx
626 2608 662 2639 de
683 2609 746 2638 lour
762 2608 958 2646 Compaignie
977 2609 1075 2639 d'cstre
1101 2608 1224 2638 asseurez

166 2648 252 2685 depar
274 2647 360 2678 Nous
381 2656 452 2685 pour
473 2646 630 2676 seurement
660 2648 739 2677 venir
760 2657 795 2677 en
816 2646 858 2676 dit
877 2646 997 2677 Marche
1020 2647 1055 2676 de
1077 2646 1224 2684 Picardie,

166 2686 257 2754 Sstre,
275 2687 420 2724 demutet,
437 2685 470 2716 ὃῑ
485 2693 626 2716 retourner
644 2694 718 2723 pour
736 2686 772 2715 les
785 2684 936 2723 Besoignes
955 2687 987 2717 &
1007 2685 1223 2722 Causesdellui·

189 2732 238 2755 ites

204 2749 303 2794 Savoir
316 2761 417 2805 faisqns
431 2772 485 2800 que
501 2761 607 2801 Nous,

205 2800 360 2831 Confiantz
374 2811 408 2831 au
426 2803 497 2838 plain
510 2802 557 2831 des
575 2802 640 2831 scen
648 2822 660 2839 ,
675 2798 767 2831 loialte
776 2823 785 2839 ,
797 2800 1034 2839 circumspetffiion
1043 2823 1052 2839 ,
1070 2801 1204 2831 vaillance
1215 2823 1224 2838 ,

165 2841 201 2873 ὃ(
217 2839 401 2878 prodommie
412 2841 465 2878 de,
480 2839 574 2870 nostre
588 2839 630 2870 dit
645 2840 774 2870 treschier
790 2839 891 2879 Frere,
915 2840 1068 2870 Admiralle
1091 2842 1124 2872 &
1141 2839 1223 2870 Con-

167 2880 310 2910 servatour
325 2877 490 2916 dessusdite,

207 2917 234 2948 A
248 2915 329 2947 icellu
355 2938 365 2954 ,
381 2916 413 2946 δε
428 2927 443 2946 3
457 2915 514 2953 seS‚
530 2925 569 2945 ou
585 2914 652 2957 son,
671 2915 859 2946 Lieutenantz
877 2918 911 2948 &
928 2917 1080 2955 Deputez,
1107 2916 1222 2947 Lieute·

170 2964 236 2986 nant
250 2965 291 2986 ou
314 2925 451 2992 ὅερυῑε,
475 2964 511 2983 en
531 2955 556 2984 la
577 2953 713 2991 Beioigne
736 2954 843 2985 stiisdite
858 2977 868 2992 ‚
892 2965 928 2985 en
942 2955 968 2985 sa
982 2955 1118 2993 absence,
1136 2966 1223 2986 avons

169 2993 295 3031 Donne,
311 2994 344 3025 ὃς
366 3002 414 3030 par
437 2993 464 3023 le
485 2993 599 3022 Teneur
616 2991 651 3022 de
670 3002 717 3023 ces
736 2992 869 3023 Presentz
886 2993 1028 3023 Donnons
1040 3016 1049 3032 ,
1070 2995 1143 3030 plain
1167 2993 1225 3023 Po-

171 3032 255 3070 voir,
271 3031 439 3069 Auetorite,
457 3032 491 3062 &
507 3030 696 3060 Mandement
713 3031 843 3069 especial,
861 3042 911 3069 pur
930 3032 1223 3072 Doner&Ottroier,

171 3080 209 3100 en
227 3069 321 3100 nostre
331 3069 425 3099 Noun
438 3070 470 3100 &
485 3079 556 3106 pour
572 3069 672 3103 Nous,
687 3079 720 3100 au
739 3071 781 3100 dit
799 3069 938 3100 Admirall
963 3071 998 3101 de
1018 3071 1141 3108 France,
1159 3071 1193 3101 ὃς
1209 3083 1224 3102 3

169 3108 228 3145 seS,
245 3117 284 3138 ou
297 3107 364 3145 son,
382 3107 568 3138 Lieutenantz
584 3108 616 3137 δε
632 3107 678 3137 De
700 3116 779 3145 utez,
806 3108 971 3139 Lieutenant
988 3119 1026 3139 ou
1041 3109 1172 3146 Depute,
1190 3112 1223 3140 δε

171 3157 187 3177 a
201 3145 282 3177 ceulx
299 3147 346 3185 qui
363 3144 512 3187 viendront
530 3155 566 3175 en
581 3145 642 3176 lour
695 3146 860 3184 ompaignie
877 3170 886 3185 ,
910 3147 945 3176 de
961 3147 1079 3185 quelque
1099 3146 1166 3177 estat
1185 3158 1224 3178 ou

169 3184 325 3215 condicion
348 3184 415 3221 q’ilz
433 3184 520 3213 10ient
534 3205 544 3220 ,
562 3183 672 3222 jusques
689 3195 705 3215 a
723 3186 768 3215 tiel
790 3185 926 3216 Nombre
952 3195 1006 3225 que
1025 3186 1092 3215 serra
1110 3187 1224 3222 regarde

172 3223 243 3253 estre
259 3221 424 3261 neceffaire,
441 3221 546 3258 bones,
562 3221 665 3260 temes,
682 3224 800 3262 fermes,
819 3225 852 3255 &
867 3224 967 3255 loiaulx
987 3223 1224 3255 LettresdeSauf-

172 3261 330 3298 conduitz,
348 3259 472 3290 desoubz
482 3259 544 3289 lour
561 3259 697 3298 Sealx,en
713 3261 739 3292 la
752 3261 876 3292 meilleur
891 3264 924 3294 ὅ(
940 3263 998 3301 plus
1013 3263 1088 3292 seure
1097 3262 1223 3294 Fourme

172 3310 227 3339 que
244 3301 312 3330 faire
327 3298 355 3329 se
374 3304 489 3337 purront
502 3319 512 3335 ,
537 3305 595 3340 tant
611 3308 658 3336 par
681 3299 764 3338 Mer,
783 3310 868 3330 come
891 3311 938 3339 par
960 3302 1051 3331 Terre
1067 3324 1076 3339 ,
1103 3301 1223 3339 ovesque

171 3339 235 3370 lour
249 3337 312 3376 Or,
327 3337 452 3375 Argent,
469 3336 503 3367 &
523 3334 603 3365 Brens
617 3337 805 3377 quelconques
813 3341 830 3377 ,1,
846 3339 877 3369 δε
902 3339 1034 3377 ovesques
1046 3349 1109 3369 tous
1125 3348 1222 3369 mane-

173 3388 214 3408 res
223 3399 232 3414 ‚
242 3374 799 3413 Clausesnecessaires&expediens,que
817 3387 831 3406 a
845 3378 928 3406 tieulx
942 3378 1145 3408 Saufconduitz
1158 3378 1221 3408 doi-

174 3418 249 3447 vient
263 3416 437 3453 appartenir,
456 3422 507 3450 pur
519 3411 655 3455 latSeurte
669 3412 717 3443 des
731 3413 861 3444 Parsones
876 3417 910 3444 de
927 3419 986 3445 lour
1002 3416 1086 3446 estate
1101 3420 1134 3448 &
1150 3428 1221 3448 con-

173 3455 288 3491 dicion,
306 3463 376 3490 pour
397 3453 470 3489 aler,
488 3459 568 3481 venir
580 3472 590 3487 ,
613 3458 721 3489 entrer,
736 3451 823 3490 yffer,
848 3452 952 3491 passer,
971 3454 1106 3492 repaffer,
1122 3455 1223 3486 demu-

174 3503 234 3530 rer,
251 3493 285 3524 ὃς
302 3492 446 3529 sojourner
460 3499 500 3533 ¹en
518 3488 638 3532 quelque
649 3488 732 3532 'Ville
746 3512 756 3527 ,
779 3491 933 3522 Forterelle
947 3515 956 3529 ,
982 3503 1019 3523 ou
1042 3493 1125 3524 Place
1141 3505 1176 3524 en
1198 3495 1221 3524 la

173 3531 232 3561 dite
248 3530 368 3560 Marche
382 3529 417 3559 de
431 3527 559 3558 Picardle
576 3537 614 3557 ou
631 3526 756 3565 aillours,
775 3539 814 3558 ou
839 3529 870 3559 ils
887 3534 1036 3560 vouleront
1059 3536 1093 3561 ue
1108 3543 1145 3562 un
1170 3543 1222 3563 co-

174 3579 261 3601 mune
280 3567 394 3598 Accord
410 3567 506 3604 essire,
525 3575 595 3603 pour
607 3565 726 3603 illoeque
740 3566 906 3606 Besoigner,
925 3569 958 3599 &
972 3569 1085 3607 Ανιῑετ,
1105 3581 1223 3609 vaquer,

174 3609 209 3640 &
227 3606 360 3638 entendre
377 3616 394 3636 a
411 3606 437 3636 la
461 3604 639 3642 Reparacion
661 3603 708 3634 des
729 3604 797 3636 dites
826 3606 1009 3645 Atteniptates
1022 3630 1031 3646 ,
1056 3610 1090 3640 ὅτ.
1108 3610 1156 3639 des
1170 3611 1226 3640 cir-

173 3645 353 3677 cumstances
363 3646 398 3677 &
410 3643 604 3682 dependences
618 3641 754 3681 d’iceulx,

211 3683 249 3714 Et
267 3683 468 3720 Promettons,
485 3692 522 3712 en
535 3682 631 3711 bonne
647 3680 722 3719 foie,
741 3684 774 3712 &
788 3691 824 3712 en
844 3682 944 3713 Parole
958 3683 995 3714 du
1010 3683 1093 3724 Roy,
1113 3683 1150 3715 les
1163 3686 1225 3715 Te—

175 3723 220 3753 nir
239 3723 273 3754 &
289 3721 356 3756 faire
378 3721 489 3758 Tenir,
505 3720 674 3750 fermement
692 3720 726 3750 &
744 3720 974 3752 inviolablcment
988 3746 997 3759 ,
1025 3723 1082 3752 sans
1098 3722 1228 3753 Enfrain-

176 3759 242 3798 dre,
260 3769 296 3790 en
311 3759 396 3790 Meer
410 3761 444 3791 &
458 3769 494 3789 en
509 3759 618 3796 Terre,
636 3768 685 3796 par
698 3767 758 3789 tous
773 3768 830 3788 noz
844 3759 950 3798 Feaux,
968 3760 1110 3799 Subgiez,
1128 3763 1161 3793 ὃς
1173 3789 1177 3792 ,
1187 3763 1228 3792 A-

140 3824 141 3827 ,
176 3797 233 3827 liez
245 3807 280 3827 en
294 3808 402 3828 aucune
417 3798 558 3834 maniere,

214 3835 251 3876 Et
267 3835 303 3876 de
317 3836 383 3866 faire
399 3835 575 3873 Restablier,
589 3834 733 3875 Reparer,
753 3834 886 3874 Rendre,
913 3836 945 3866 &
970 3835 1112 3867 Restituer
1131 3839 1230 3868 entier-

178 3881 259 3903 ment
276 3881 335 3904 tout
352 3884 400 3911 ce,
437 3884 470 3905 ue
486 3882 603 3904 countre
615 3874 641 3903 la
654 3873 770 3903 Teneur
784 3873 904 3904 d’iceulx
918 3871 1140 3914 Saufcond‘uitz,
1158 3877 1231 3906 don-

176 3919 233 3941 nez
247 3920 294 3948 par
312 3911 406 3951 nostre
415 3884 458 3952 dit
473 3912 611 3943 Admirall
622 3934 631 3950 ,
648 3922 686 3942 ou
698 3912 752 3949 seS,
769 3922 807 3942 ou
822 3911 872 3942 son
880 3935 891 3950 ,
919 3912 1102 3943 Lieutenantz
1115 3915 1148 3946 &
1171 3914 1231 3945 De-

175 3956 280 3988 pute2‚
301 3948 464 3983 Lieutenant
480 3952 514 3982 &
531 3949 662 3990 Depute,
678 3951 769 3980 auroit
784 3950 841 3981 este
856 3949 916 3981 Fait
935 3962 973 3982 ou
992 3951 1137 3989 Attempte
1147 3975 1157 3990 ,
1181 3963 1233 3983 co-

177 3994 256 4017 ment
272 3996 325 4034 que
343 3996 384 4034 ee
397 3987 488 4033 ‘feust,
513 3988 579 4018 auffi
597 3997 678 4027 avant
701 3998 787 4027 come
809 3989 828 4019 fi
843 3988 932 4020 Nous
952 3989 1070 4021 mesmes
1083 3989 1122 4021 les
1135 3992 1234 4022 avions

302 4024 506 4055 ἃ
522 4026 559 4058 <12

2251 163 2326 204 ¹79

1297 235 1343 304 Eg
1361 237 1606 304 {esmoingnance
1624 238 1659 268 de
1678 248 1711 268 ce
1728 236 1815 268 Nous
1833 245 1918 267 avons
1931 234 1980 266 fait
2001 242 2100 266 mettre
2118 233 2211 265 nostre
2229 234 2313 266 Seela
2333 225 2465 305 ΑΙΤῙ-ΟΒ·

1257 284 1305 304 ces
1345 285 1373 304 re
1384 284 1468 305 entes.
2432 290 2439 298 .

1280 312 1395 355 Dona.
1415 324 1431 344 a
1446 311 1552 351 W’stm.
1571 314 1597 343 le
1613 323 1629 343 x
1644 315 1706 351 jour
1724 313 1861 351 d’Aoust,
1880 312 1945 342 l'An
1961 311 1998 342 de
2013 310 2106 341 nostre
2125 310 2227 350 Regne
2244 312 2312 342 Uss-
2332 313 2434 342 Hen.4.

1257 354 1356 381 ziime.
1872 391 1929 418 Par
1947 388 1971 418 le
1985 390 2035 417 Βω-
2050 385 2087 421 &
2097 385 2150 426 fin
2164 386 2274 426 Conftil.

1255 512 1279 539 ἠὲ
1306 516 1363 546 Pro
1385 517 1488 547 Priore
1510 513 1636 556 Ecclefiae
1665 517 1695 545 in
1728 514 1878 558 Hospita&
1900 516 1932 546 5·
1956 512 2107 557 Jffmm‘s
2133 512 2311 560 J‘Wfi'l‘m
2348 512 2459 546 ‘vm‘

1565 562 1649 606 infra
1669 561 1804 606 Insulam
1821 561 1857 592 de
1882 562 1998 594 lcooalcs.
2354 554 2421 587 ⁶54·

1317 647 1399 686 EX,
1418 657 1466 685 per
1485 647 1589 677 Literas
1609 647 1665 677 (iias
1684 646 1810 677 Parentes
1823 669 1832 683 ,
1859 645 1942 684 usque
1965 645 2080 675 Festum
2103 645 2309 677 purificationis
2328 641 2401 672 Ann.
2418 642 2460 675 D.

1335 689 1422 717 beat-ee
1443 687 1561 723 hilarine,
1581 686 1713 723 proximi)
1732 685 1857 714 futurum
1872 706 1882 721 ,
1907 684 2045 713 duraturas
2057 706 2066 721 ,
2085 684 2121 714 de
2137 684 2240 715 Gratiri
2262 684 2308 716 sui
2350 690 2436 719 1410-

1253 726 1378 763 speciali,
1398 723 1514 761 suscepit
1534 725 1561 752 in
1586 723 1795 753 Proteerionem
1812 744 1821 760 ,
1846 723 2034 759 '1·uitionern‚
2051 723 2084 752 δε
2105 722 2308 753 Defensronenr
2326 725 2379 748 Aa.
2400 731 2443 749 11.

1252 766 1346 801 suam,
1366 773 1398 793 ac
1413 762 1519 792 salvum
1537 764 1570 792 δε
1587 762 1715 791 securum
1733 760 1921 790 Condutstum
1940 760 2017 790 suum
2034 784 2043 797 ,
2068 771 2180 790 necnon
2203 762 2306 791 salvam
2328 765 2352 785 11
2382 773 2411 798 4.

1254 802 1390 833 Cardiam
1408 801 1484 830 suam
1499 799 1644 837 speciales,
1655 799 1780 829 Fratrem
1796 798 1947 828 lsValterum
1962 801 2048 827 Grace
2065 798 2193 828 Priorem
2203 800 2307 831 Eccle-
2363 803 2427 831 lind.

1252 842 1297 871 sia:
1312 841 1340 869 in
1363 838 1502 876 I-lospirali
1524 838 1619 868 Sancti
1633 838 1768 875 johannis
1787 837 1934 874 Jerusalem
1959 838 1988 866 in
2014 836 2100 866 Insula
2119 836 2154 866 de
2174 837 2308 877 Roodes,

1252 880 1282 908 in
1299 877 1434 917 Regnum
1454 875 1540 914 Regis
1558 876 1688 913 Angliae,
1707 885 1774 905 cum
1790 875 1904 905 Decem
1924 874 2047 905 Famulis
2066 876 2098 905 ὅ(
2121 874 2311 907 Servientibus

1250 917 1320 954 suis,
1339 914 1498 952 veniendo,
1516 916 1549 945 &
1567 914 1673 944 abinde
1692 915 1719 944 in
1728 914 1850 943 Terram
1866 913 1955 950 Regis
1971 914 2120 944 Hiberniae
2134 914 2312 953 transeundo,

1252 965 1285 986 ac
1301 956 1329 985 in
1345 954 1480 992 Regnum
1498 953 1665 989 praedictum
1687 951 1858 983 revenicndo
1875 974 1884 989 ,
1911 962 2026 982 necnon
2052 951 2156 982 exinde
2175 952 2208 982 ad
2228 961 2315 989 partes

1250 993 1307 1024 suas
1324 993 1448 1031 proprias
1465 991 1626 1029 redeundo,
1642 1001 1674 1021 ac
1705 990 1820 1028 Equos,
1838 990 1915 1020 Boua
1931 1015 1940 1028 ,
1966 994 1998 1022 δε
2015 989 2150 1020 Herneiia
2172 990 2216 1020 sua
2235 992 2310 1022 licita

1252 1041 1441 1070 qucecumque
1450 1053 1460 1068 ,
1857 1056 1861 1061 .

1290 1070 1405 1101 Proviso
1422 1069 1528 1105 semper
1547 1068 1625 1106 quod
1645 1066 1736 1097 nullus
1756 1065 1939 1097 Famulorum
1958 1068 1991 1098 &
2015 1066 2195 1098 Servientum
2212 1068 2313 1105 praedi-

1252 1109 1367 1139 ‹storum
1384 1108 1516 1138 Proditor
1538 1107 1642 1144 Regis,
1662 1107 1706 1136 vel
1723 1115 1797 1135 eictra
1815 1106 1951 1143 Regnum
1965 1107 1998 1136 δε
2012 1106 2133 1135 Tuum
2150 1107 2313 1145 Regisprae-

1252 1147 1328 1178 dieta
1342 1147 1472 1177 Bannitus
1491 1145 1533 1174 vel
1548 1145 1731 1181 Abjudicatus
1744 1144 1856 1182 existat,
1875 1155 1927 1174 nec
1950 1143 2029 1182 quod
2051 1146 2123 1173 idem
2148 1144 2244 1182 Prior,
2263 1152 2309 1175 aut

1254 1186 1380 1222 Famuli,
1396 1184 1440 1214 seu
1455 1183 1611 1213 Servientes
1631 1183 1671 1212 iiii
1695 1183 1820 1219 przedieti
1836 1206 1846 1220 ,
1869 1183 2041 1221 quicquam,
2062 1185 2138 1220 quod
2171 1194 2199 1212 in
2218 1185 2310 1220 Regis

1253 1223 1460 1260 Contemptum
1477 1222 1521 1251 vel
1535 1221 1753 1258 prejudicium,
1773 1229 1817 1250 aut
1835 1220 2240 1259 Legum,Consuetudinum,
2252 1222 2311 1252 Or—

1252 1262 1451 1297 dinationum,
1471 1260 1526 1289 sive
1541 1260 1716 1289 Statutorum
1746 1258 1841 1295 Regni
1863 1262 1892 1289 (Ἃ
1908 1258 2005 1289 Τθτηε
2022 1260 2109 1298 Regis
2125 1260 2310 1297 eorumdem,

1253 1300 1473 1329 Enervationem
1491 1299 1546 1328 s1vc
1562 1298 1788 1333 Derogationem
1806 1296 1905 1327 cedere
1921 1303 2026 1335 valeat,
2045 1298 2126 1328 faciat
2137 1299 2181 1329 vel
2190 1307 2311 1337 attemp-

1254 1347 1312 1369 tent
1328 1339 1386 1367 ulio
1402 1337 1500 1367 modo.

1290 1375 1377 1407 Teste
1393 1375 1474 1413 Rege
1489 1373 1561 1412 apud
1580 1372 1745 1414 tisbdcstock,
1766 1373 1901 1404 vicesimo
1914 1373 1960 1404 die
1977 1374 2107 1411 Augusti.

1740 1452 1794 1480 Per
1812 1452 1905 1480 Breve
1920 1450 1952 1480 de
1971 1452 2090 1480 Privato
2109 1450 2208 1489 sigillo.

1253 1593 1310 1623 Pro
1334 1587 1492 1632 Franczfio
1521 1583 1700 1624 Cardinam
1714 1582 1760 1664 bde
1776 1585 1912 1617 Licentia
1939 1583 1982 1618 ad
1998 1587 2145 1631 ‚Ostmtuor
2173 1588 2314 1632 Beneficia

1696 1645 1712 1665 ο
1732 1633 1869 1667 linenda.

1322 1723 1385 1755 EX
1401 1723 1564 1760 Omnibus,
1582 1720 1617 1752 ad
1634 1730 1722 1759 qum,
1741 1720 1802 1751 ὅτε.
1824 1718 1959 1752 Salutem.

1256 1730 1319 1794 R
1359 1763 1378 1793 S
1387 1772 1402 1792 c
1412 1772 1422 1792 1
1433 1772 1453 1792 A
1463 1770 1486 1791 τ
1496 1771 1507 1791 1
1517 1770 1528 1790 s
1547 1769 1597 1798 Qu
1607 1770 1627 1790 o
1638 1770 1658 1790 D
1678 1760 1687 1796 (
1697 1759 1732 1789 de
1747 1760 1847 1790 Gratia
1863 1760 1956 1790 nostra
1971 1759 2099 1798 speciali)
2113 1759 2313 1793 Conceffimus

1253 1803 1288 1833 &
1305 1802 1463 1832 Licentiam
1485 1799 1643 1837 Dedimus,
1662 1798 1832 1828 Reverendo
1858 1799 1886 1827 in
1909 1797 2026 1828 Christo
2049 1799 2147 1838 Patri,
2172 1800 2311 1840 Francifio
2349 1792 2436 1823 ¹4¹0·

1254 1839 1341 1871 Tituli
1355 1840 1515 1870 Sandlorum
1533 1838 1664 1878 Qatuor
1677 1840 1870 1866 Coronaturum
1886 1837 2035 1867 Presbitero
2054 1838 2212 1877 Cardinali,
2231 1840 2311 1878 quod
2328 1826 2379 1849 ‘4⁶‘
2405 1834 2413 1850 ¹
2424 1833 2448 1852 ¹·

1255 1879 1312 1917 ipse
1333 1888 1424 1909 unum
1444 1877 1616 1910 Benefitrum
1633 1874 1860 1917 Ecclesiasticum
1873 1897 1881 1912 ,
1909 1876 1952 1905 vel
1975 1875 2045 1906 Duo
2060 1899 2069 1914 ,
2093 1876 2137 1908 seu
2162 1878 2250 1916 Tria,
2267 1886 2313 1909 aut
2328 1865 2356 1888 H
2371 1873 2408 1914 ,ψ’

1257 1919 1390 1956 Qatuor
1406 1915 1542 1947 Beneficia
1557 1914 1768 1952 Eccleliastica‚
1787 1923 1855 1944 cum
1871 1912 1949 1944 Cura
1964 1916 2008 1944 vel
2018 1915 2073 1945 line
2087 1915 2161 1946 Cura
2171 1938 2180 1954 ,
2198 1927 2310 1947 exnunc
2331 1907 2371 1926 ¹³*
2382 1921 2389 1928 ·
2401 1910 2409 1927 ¹
2420 1910 2428 1926 ¹

1256 1965 1402 1993 vacatura,
1420 1957 1449 1985 in
1466 1953 1573 1993 lingulis
1590 1952 1835 1990 Metropolitanis,
1852 1951 2080 1992 Cathedralibus,
2099 1954 2133 1984 &
2148 1954 2312 1993 Collegiatis
2329 1942 2401 1974 H.4.
2419 1947 2446 1975 P·

1256 1994 1388 2024 Ecclesiis
1403 1995 1432 2023 in
1447 1991 1642 2023 Cantuarienii
1663 1992 1695 2022 &
1714 1991 1846 2021 Ebot-um
1865 1990 2041 2029 Provinciis,
2060 1993 2248 2032 Civitatibus,
2267 1995 2312 2025 vel
2330 1987 2356 2006 ²·
2375 1978 2448 2005 '¹²¹⁶'

1256 2032 1438 2063 Dioecesibus
1452 2031 1681 2066 consistentibUS,
1699 2029 1852 2059 secundum
1868 2029 2000 2059 Formam
2014 2031 2139 2068 Gratiae,
2156 2042 2223 2071 per,
2241 2032 2314 2063 San.

1257 2071 1414 2102 Ctiffimum
1430 2072 1458 2100 in
1475 2069 1591 2100 Christo
1610 2067 1743 2105 Patrem,
1761 2067 1868 2104 Papam
1885 2067 2081 2107 Modernum,
2100 2070 2148 2101 sibi
2161 2070 2265 2109 faetae,

1297 2109 1472 2140 Dummodo
1486 2108 1545 2138 duo
1557 2107 1593 2137 de
1607 2105 1753 2136 Beneficiis
1767 2107 1827 2144 iplis
1843 2107 2085 2145 incompatibilia,
2102 2118 2156 2138 nec
2173 2110 2317 2147 hujusmo—

1259 2148 1288 2178 di
1303 2147 1443 2178 Beneficia
1458 2144 1637 2178 parochiales
1660 2144 1796 2175 Ecclesiae
1812 2167 1821 2182 ,
1845 2154 1937 2182 neque
1955 2145 2093 2177 Beneficia
2107 2170 2116 2185 ,
2141 2148 2170 2177 in
2185 2148 2318 2180 Ecclefiis

1258 2187 1486 2224 Metropolitanis
1500 2193 1544 2215 aut
1561 2183 1792 2221 Cathedralibus‚
1812 2182 1969 2221 Dignitates
1990 2186 2107 2222 majores
2129 2186 2194 2223 post
2215 2187 2317 2218 Ponti-

1257 2225 1348 2256 ficales
1364 2226 1479 2260 existant
1489 2246 1498 2260 ‚
1517 2231 1563 2253 aut
1576 2223 1611 2253 ad
1628 2232 1674 2251 eas
1689 2222 1884 2263 consueverint
1900 2224 1947 2260 qui
1971 2232 2020 2260 pei·
2036 2223 2216 2254 Eleeiionem
2243 2225 2316 2257 affu-

1261 2265 1318 2302 mi‚
1338 2263 1382 2295 vel
1396 2265 1425 2294 in
1443 2263 1609 2298 collegiatis
1623 2260 1793 2298 Principales
1811 2261 1931 2297 ruerint,
1951 2270 2070 2298 quorum
2084 2262 2218 2301 Frustus,
2237 2263 2316 2295 Red-

1258 2303 1352 2340 ditus,
1366 2303 1399 2332 δε
1416 2302 1593 2337 Proventus,
1612 2299 1845 2338 Qiingentarum
1859 2298 2024 2329 Marcarum
2038 2299 2259 2340 sterlingorum,
2274 2303 2316 2334 ὦ.

1258 2341 1386 2409 ciundum
1401 2348 1589 2371 communem
1606 2337 1821 2368 aestimationem
1830 2358 1841 2375 ,
1865 2335 1990 2367 valorem
2007 2338 2145 2370 Annuum
2159 2349 2220 2370 non
2232 2350 2316 2373 exce-

1283 2387 1329 2409 ant

1297 2401 1352 2447 Pe}
1368 2417 1411 2454 se,
1430 2416 1474 2447 vel
1488 2415 1705 2445 Procuratorem
1722 2412 1802 2444 suurn
1812 2435 1822 2451 ,
1841 2412 1885 2444 seu
1899 2413 2098 2446 Procuratores
2116 2415 2195 2455 suos,
2212 2425 2316 2459 accep—

1262 2464 1319 2486 tare

1298 2479 1336 2524 E}
1352 2492 1518 2524 eorumdem
1537 2490 1743 2522 Beneficiorum
1762 2489 1930 2528 (postquam
1947 2500 1995 2528 per
2010 2490 2179 2523 Executores
2193 2494 2316 2532 ejusdem

1261 2532 1372 2563 Gratiae
1386 2530 1529 2562 Cardinali
1550 2530 1689 2567 praedicto
1709 2528 1807 2559 collata
1822 2530 1924 2559 fuerint
1940 2533 1972 2560 ὄε
1995 2530 2142 2568 allignata)
2161 2532 2312 2564 Poiseffio-

1262 2582 1328 2601 nem
1345 2570 1532 2607 Corporalem
1552 2568 1674 2598 nancisci
1691 2569 1723 2598 8(
1738 2567 1870 2605 adipisci,

1302 2609 1432 2639 Necnon
1447 2610 1641 2645 quoscumque
1664 2605 1826 2643 processus,
1847 2606 1948 2635 exinde
1969 2605 2058 2637 raetos
2072 2608 2319 2646 autimposterum

1261 2647 1420 2685 faciendos,
1439 2656 1488 2684 per
1502 2645 1610 2683 ipsum,
1627 2645 1670 2675 seu
1690 2644 1886 2686 Procuratores
1900 2667 1909 2682 ,
1934 2644 2104 2675 Executores
2119 2668 2128 2682 ,
2155 2647 2318 2680 Subexecu,

1260 2695 1350 2724 tores,
1368 2685 1504 2716 Notarios
1517 2707 1525 2722 ,
1551 2686 1584 2715 ὅ(
1604 2684 1671 2713 alios
1690 2688 1883 2720 quoscumque
1905 2683 1940 2713 de
1959 2682 2087 2714 Conlilio
2110 2685 2158 2715 suo
2174 2709 2183 2723 ,
2210 2689 2266 2717 tam
2286 2689 2317 2719 in

1261 2733 1440 2764 quacumque
1456 2722 1545 2753 Curia
1562 2722 1776 2759 Cristianitatis,
1794 2723 1880 2759 quam
1899 2722 1979 2759 alibi,
1998 2731 2081 2759 prout
2097 2723 2148 2753 ribi
2164 2726 2314 2765 placuerit,

1260 2765 1387 2801 prosequi
1401 2763 1505 2799 valeat,
1522 2761 1624 2798 absque
1642 2759 1822 2798 [inpetitione
1834 2759 1940 2799 nostri,
1953 2762 1997 2790 seu
2005 2760 2163 2792 r-laeredum
2174 2786 2183 2800 ‚
2198 2765 2318 2794 autMi-

1260 2802 1413 2838 nistrorum
1429 2809 1674 2838 quorumcumque

1298 2840 1334 2871 Et
1352 2839 1454 2877 absque
1467 2849 1503 2868 eo
1523 2837 1600 2876 quod
1619 2822 1746 2874 praesatus
1765 2835 1936 2878 Cardinali5‚
1962 2835 2155 2869 Procuratores
2168 2862 2177 2877 ‚
2204 2840 2318 2873 Execu-

1256 2887 1348 2917 toreS,
1366 2880 1411 2909 vel
1424 2875 1842 2917 Subexcutore3,Notarii,ieu
1861 2876 1905 2906 alii
1921 2876 2070 2915 supradieti
2087 2878 2122 2907 de
2130 2877 2313 2910 Conliliosuo

1259 2917 1398 2955 Poenam,
1416 2918 1445 2946 in
1463 2915 1575 2946 Statuto
1595 2914 1630 2945 de
1646 2914 1855 2955 Proviioribus,
1875 2914 1963 2944 Anno
1988 2915 2207 2947 Tertiodecimo
2228 2917 2316 2957 Regis

1259 2959 1371 2986 Rirardi
1400 2953 1612 2985 Praedecelsoris
1633 2952 1738 2991 nostri,
1756 2956 1799 2982 leu
1821 2952 1916 2990 aliquo
1935 2952 1991 2982 alio
2011 2953 2142 2992 Statuto,
2160 2957 2188 2984 in
2204 2966 2317 2988 contra—

1260 2996 1334 3025 rium
1352 2993 1447 3031 edito,
1469 3000 1633 3023 contentam
1643 3015 1654 3029 ,
1669 2992 1808 3028 incurrat,

1297 3033 1413 3063 Provso
1431 3033 1538 3071 temper
1557 3029 1652 3068 quod,
1673 3030 1788 3059 cedente
1806 3028 1851 3058 vel
1875 3028 2031 3060 decedente
2052 3029 2198 3061 Cardinali
2214 3033 2318 3070 praedi-

1260 3071 1325 3110 eto,
1343 3071 1534 3106 Collationes,
1554 3068 1796 3104 Praesentationes,
1815 3068 1847 3097 &
1863 3070 1970 3104 quaevis
1983 3067 2043 3099 aliae
2060 3069 2263 3107 Dispositiones
2270 3072 2315 3102 di-

1259 3111 1373 3140 erorum
1388 3107 1595 3139 Beneficiorum
1611 3108 1644 3138 &
1660 3115 1759 3136 eorum
1777 3106 1925 3143 cujussibet
1945 3107 2047 3145 (quae,
2062 3117 2195 3145 praetextu
2214 3109 2315 3140 Proviq

1259 3148 1374 3179 viiionis
1389 3148 1422 3178 ὃς
1442 3147 1578 3177 Licentiae
1599 3145 1755 3174 nostrarum
1776 3144 1972 3181 praedicrarum
1987 3167 1997 3181 ,
2022 3147 2113 3183 ipsum
2131 3146 2312 3178 Cardinalcm

1257 3188 1386 3224 optinere
1401 3185 1570 3224 contigerit)
1592 3183 1626 3214 ad
1644 3183 1747 3220 Ligeos
1761 3181 1871 3213 nostros
1889 3193 1969 3213 veros
1986 3183 2122 3215 Patronos
2136 3186 2169 3215 &
2184 3185 2314 3216 Collato-

2331 1743 2404 1774 Ann.
2420 1742 2463 1776 D.‘

1258 3236 1300 3256 res
1318 3224 1504 3268 eorumdem,
1521 3230 1604 3266 prout
1617 3221 1722 3259 justum
1731 3220 1830 3265 fuerit,
1847 3221 2000 3268 specialiter
2009 3224 2180 3266 pertineant,
2196 3224 2312 3263 aliqua*
2351 3237 2370 3258 ι
2381 3239 2452 3267 VIN

1259 3263 1460 3306 Reservatione
1475 3261 1582 3298 ipeclall
1601 3261 1645 3302 vel
1664 3259 1781 3303 generali
1798 3282 1808 3297 ,
1836 3269 1882 3297 per
1900 3260 2004 3290 sedem
2025 3260 2223 3298 Apostohcam
2248 3263 2316 3294 inde
2359 3279 2414 3304 6--
2453 3261 2460 3267 “

1257 3303 1353 3339 facta,
1367 3301 1412 3330 vel
1426 3301 1610 3337 imposterum
1624 3298 1752 3329 merenda
1760 3320 1771 3335 ,
1785 3308 1845 3328 non
1860 3298 1995 3329 obstante.
2378 3292 2389 3311 ’
2397 3292 2408 3312 ³

1288 3340 1322 3371 ln
1342 3340 1419 3377 cujus
1429 3361 1439 3377 ,
1453 3341 1513 3369 &e

1327 3378 1415 3409 Teite
1430 3377 1513 3414 Rege
1525 3374 1598 3414 apud
1616 3374 1751 3415 Lcyccfstr.
1768 3374 1884 3405 decimo
1899 3383 2000 3413 quarto
2013 3374 2059 3406 die
2073 3374 2256 3414 Septembris.

2014 3453 2067 3481 Per
2084 3453 2166 3491 ipsum
2179 3455 2283 3491 Regem.

1523 3601 1581 3630 Pro
1606 3594 1833 3628 Mercatoribus
1857 3596 1894 3630 de
1918 3600 2050 3632 Vcnitia.
2369 3620 2409 3654 H

1260 3685 1449 3741 HEnricus,
1470 3680 1526 3712 Dei
1546 3680 1631 3723 gratia
1645 3704 1655 3720 ,
1680 3684 1739 3710 Rex
1761 3680 1872 3718 Angliae
1887 3679 1924 3716 &¹
1946 3686 2068 3712 Franciae
2085 3706 2093 3720 ,
2118 3683 2150 3714 ὃ(
2166 3682 2317 3713 Dominus
2337 3693 2455 3724 AmmD

1335 3723 1499 3758 Hiberniae,
1517 3723 1648 3750 universis
1663 3722 1694 3751 ὃ(
1710 3720 1819 3759 fingulis
1833 3720 2005 3759 Admirallis‚
2017 3722 2176 3758 Capitaueis
2201 3720 2313 3752 Castel-
2356 3741 2431 3770 14¹0
2456 3717 2463 3723 ’

1259 3762 1343 3799 lanis,
1359 3762 1392 3791 δε
1407 3769 1506 3790 eorum
1524 3759 1605 3789 Loca
1622 3759 1798 3796 tenentibus,
1815 3757 1989 3790 Custodibus
2003 3760 2139 3789 Portuum
2158 3744 2262 3797 Nlaris,
2279 3760 2312 3790 δε
2335 3774 2383 3798 An,
2404 3756 2439 3798 η’

1259 3801 1378 3829 aliorum
1404 3799 1553 3828 Locorum
1579 3796 1794 3827 Maritimorum
1807 3819 1817 3835 ,
1852 3798 2078 3828 Vicecomitibus
2094 3819 2103 3834 ‚
2139 3797 2315 3835 Majoribus,
2330 3814 2364 3837 H.
2390 3819 2420 3844 4.
2438 3794 2445 3801 ’

1262 3838 1387 3873 Ballivis,
1419 3834 1639 3866 Constabulariis
1655 3859 1664 3874 ,
1683 3835 1825 3866 Ministris
1839 3857 1849 3873 ,
1864 3838 1896 3866 ὃς
1911 3837 1967 3866 aliis
1982 3836 2120 3865 Fidelibus
2134 3836 2166 3864 &
2189 3836 2315 3866 Subditis
2334 3852 2420 3874 Frmc.

1263 3877 1331 3913 suis,
1350 3876 1409 3904 tam
1427 3884 1477 3912 per
1490 3874 1611 3904 Terram
1622 3897 1631 3911 ,
1648 3874 1736 3912 quam
1753 3883 1799 3911 per
1814 3873 1915 3912 Mare,
1930 3872 2148 3909 constitutis,ad
2164 3883 2235 3912 quos
2245 3885 2316 3912 prae-
2339 3871 2378 3913 ¹2⁷,
2390 3890 2422 3911 H,
2432 3895 2462 3920 4*

1264 3915 1349 3945 sentes
1366 3913 1469 3943 Literae
1485 3914 1678 3950 pervenerint,
1696 3912 1832 3942 Salutem.

1301 3951 1404 3982 Sciatis
1421 3951 1501 3988 quod
1518 3950 1605 3987 Nos,

1304 3989 1351 4020 Ad
1370 3990 1508 4021 internam
1526 3988 1559 4019 &2
1577 3987 1722 4025 specialem
1744 3987 1964 4025 Requisitionem
1977 4008 1989 4024 ,
2011 3985 2130 4018 Nobilis
2151 3987 2233 4028 Viri,
2258 3992 2318 4019 Mi-

1268 4027 1366 4058 chaelis
1379 4030 1459 4057 Stena
1471 4029 1557 4057 Ducis
1571 4029 1604 4057 de
1617 4029 1724 4057 Vem'u'a
1733 4048 1764 4094 ,Z
2239 4063 2307 4095 Con

1781 4072 1801 4094 2
2307 4082 2321 4088 -

2334 3935 2369 3950 m.
2388 3932 2431 3959 31.
