2562 4274
40 179 104 209 Anti
127 179 168 209 D.

69 225 149 257 1405.

46 260 109 282 Heu.
126 268 153 293 4.

55 1494 71 1510 ο
84 1494 165 1520 viii.

55 1542 123 1567 424·

179 109 229 145 92

190 180 258 210 dish
276 179 414 216 Joliannis
435 176 545 208 Sliakell
562 200 570 215 ,
588 178 616 206 in
641 174 729 205 Causa
753 181 910 205 memorata
923 172 1025 204 tulisset
1040 172 1239 211 diffinitivam,

192 220 318 255 iniquam
329 241 337 255 ,
354 217 504 248 invalidam
514 238 522 252 ,
541 215 597 244 sive
613 214 714 243 nullam
724 235 734 251 ,

231 256 362 286 Necnon
387 255 499 285 eosdem
518 253 667 282 Thomam
687 251 725 281 &
737 250 900 288 Johannem
918 249 1033 280 &Vroth
1048 250 1075 279 in
1094 248 1241 287 Expenfis,

196 306 243 333 per
262 304 369 332 psrtem
387 294 458 323 dicti
472 291 607 329 Joliannis
626 289 730 319 Hoton
751 289 779 318 in
797 289 877 319 causa
899 296 1052 318 memorata
1075 288 1243 328 faelisfflat-

195 336 215 364 ti
232 334 301 363 (lid-i
324 333 454 366 iohannis
471 329 575 360 Hoton
590 327 742 365 solvendis,
765 327 864 365 injuste
886 325 1138 364 condempncilset,

233 373 275 402 Ac
300 365 463 401 sententiam
489 368 564 397 illam
591 376 639 404 per
666 364 850 402 Radulplium
870 364 1019 395 Comitem
1042 363 1245 394 Westmerlan—

194 411 265 445 diu,
287 408 481 439 Mrrescallum
502 405 684 443 Angliae,aut
703 404 784 441 ipsius
804 403 959 433 Marescalli
974 403 1245 445 Locumtenentem,

197 448 365 480 Excutiom
390 446 449 475 fore
473 443 701 474 demandandam
724 441 891 473 decrevisset
915 442 948 472 &
974 440 1128 471 mandasset
1151 449 1246 470 minus

195 488 268 525 julie
285 508 294 522 ,
318 488 347 515 in
369 484 492 521 ipsorum
515 482 644 512 Tbomoe
665 482 697 512 ἃ
715 480 853 518 Johannis
867 480 976 511 Wroth
994 479 1165 518 Dampnum
1183 488 1244 508 non

199 524 348 554 modicum
364 526 397 554 o':
413 530 586 559 gravamen,

234 563 261 592 Α
281 572 333 598 qua
347 560 462 599 quidem
478 560 608 590 sententia
621 581 631 597 ,
649 557 894 596 Expensarumque
908 555 1195 600 Condempnatione,
1212 565 1246 586 ac

199 602 306 631 citteris
330 600 538 639 gravaminibus
561 597 700 635 praetensis
723 606 772 635 per
787 605 894 634 partem
909 595 1054 625 dictorum
1069 594 1199 625 Thomae
1216 595 1250 625 &

194 639 331 678 joi-‚annis
349 639 387 668 W
393 638 457 668 roth
473 660 482 676 ,
505 636 539 666 ad
555 635 623 666 Nos
638 636 671 666 &
687 634 814 665 nostram
829 634 998 664 audientiam
1012 633 1141 670 legitime
1156 633 1250 664 fuisset

197 677 382 715 appellatum,
899 711 904 716 ⁸
1182 710 1186 715 Ι
1232 711 1238 716 Ι

237 718 300 753 Ac,
317 718 352 746 ad
369 713 602 755 cognoscendum
616 713 649 744 ὃ(
666 710 878 750 procedendum
897 721 926 740 in
943 709 1031 742 Causa
1047 709 1252 748 Appellationis

199 754 361 792 hujusmodi
376 756 408 784 ὃς
423 753 455 783 N
459 754 558 790 egotio
574 753 603 781 in
618 752 671 781 hac
691 760 766 788 parte
807 749 932 787 rincipali
942 772 952 788 ‚
971 749 1186 793 Venerabilibus
1199 747 1251 778 Pa-

200 795 307 830 tribus,
325 793 453 823 waltero
469 790 613 822 Dunolm.
628 790 752 828 johanni
800 788 920 818 ereford.
947 788 980 818 &
997 787 1123 818 Ricardo
1139 786 1252 824 Bango-

203 842 260 862 renv
280 831 428 869 Episcopis
443 853 452 868 ,
479 840 512 860 ac
525 852 537 868 ,
562 828 685 858 Dileffls
706 828 739 858 ὃς
761 826 904 857 Fidelibus
927 825 1028 856 nostris
1042 849 1051 864 ,
1072 826 1200 856 Thomae
1217 826 1253 856 de

202 870 384 910 Erpyngliam
394 893 403 908 ,
422 868 593 906 &johanni
606 866 744 907 Cheyne,
764 865 920 902 Militibus,
937 874 1050 908 necnon
1061 887 1070 902 ,
1092 863 1254 902 Magistris,

193 909 323 949 Jolianni
343 908 449 945 Percu,
467 906 595 937 Ricardo
608 905 736 942 Holme,
751 904 865 940 Legum
885 903 1063 933 Dot‘roribus
1097 912 1130 932 ac
1144 902 1254 940 johan-

205 950 235 979 ni
255 949 358 979 Frome
371 969 380 984 ,
397 946 522 985 Johanni
541 944 652 975 Cursori
666 967 676 981 ,
694 942 821 986 Ricardo
836 941 1021 981 Wityngdon
1037 962 1046 978 ,
1062 924 1187 975 sslugoni
1205 940 1255 971 Ba-

204 997 320 1026 rentyn,
335 986 458 1024 johanni
476 983 636 1021 Hopcron,
652 982 774 1024 Johanni
792 979 877 1010 Coki<
898 980 988 1017 ng‚&
1005 978 1137 1009 Roberto
1154 978 1256 1009 Thor-

192 1027 266 1061 lev,
289 1025 457 1060 ArmigeriS,
476 1021 716 1052 commisissemus
731 1019 816 1060 Viees
830 1023 878 1047 nol
896 1027 952 1055 ras,

232 1061 324 1094 ‘Dieti
344 1057 412 1093 vero
428 1061 581 1098 Episcopus
594 1057 802 1089 l-lerefordeniis
815 1057 848 1086 &
860 1056 1004 1094 johannes
1019 1054 1139 1095 Cheyne
1153 1078 1162 1094 ,
1180 1064 1253 1085 onus

192 1101 424 1133 ‚Commissionis
438 1098 540 1130 nostrce
554 1096 697 1135 praediffle
712 1097 740 1125 in
756 1095 782 1125 se
797 1094 1032 1131 admittentes‚&
1047 1095 1075 1123 in
1092 1093 1167 1124 dieta
1175 1093 1254 1124 Cau-

203 1141 228 1171 sa
243 1140 423 1178 procedentes
438 1161 447 1176 ,
465 1137 564 1167 Cause
581 1135 751 1171 cognitione
765 1134 798 1163 ὃ(
811 1132 884 1170 Juris
898 1132 1015 1170 ordine,
1034 1133 1067 1174 in*
1077 1142 1108 1163 ea
1125 1140 1200 1170 parte
1217 1133 1254 1162 de

200 1181 262 1218 jure
286 1178 433 1216 requisitis,
451 1176 570 1206 minime
592 1173 759 1210 observatis,
777 1172 861 1202 etiam
883 1170 986 1213 absque
999 1174 1076 1201 caula
1097 1171 1253 1202 ration-abili

204 1219 247 1248 seu
257 1219 379 1256 legitima
394 1223 572 1254 quacumque
585 1211 818 1242 decrevillent&
833 1209 1013 1240 deelarassent
1027 1209 1255 1247 Appellationem

205 1256 378 1294 liujulniodi,
398 1264 445 1291 per
460 1261 567 1291 partem
582 1251 729 1281 dictorum
751 1249 878 1278 Tliomae
891 1249 924 1279 ὅ(
938 1248 1075 1290 joliannis
1092 1248 1200 1278 Wroth
1219 1249 1252 1278 ad

205 1306 257 1325 no<
280 1294 452 1331 interjectam
466 1316 474 1329 ,
495 1290 574 1321 fuiss'e
599 1290 631 1320 ὃς
651 1288 708 1319 esse
731 1287 867 1319 desertam
881 1310 890 1325 ,
905 1297 937 1317 ac
959 1287 1032 1323 iplos
1052 1286 1203 1317 Thomam
1222 1287 1256 1317 &

200 1334 363 1372 johannem
377 1332 417 1361 W
422 1331 485 1360 roth
500 1331 528 1360 in
543 1327 676 1366 Expenlis
691 1349 700 1364 ,
719 1336 769 1364 per
783 1335 891 1365 partem
915 1326 984 1355 dicti
996 1325 1134 1368 johannis
1150 1324 1254 1355 l-loton

196 1375 233 1403 >in
250 1373 301 1402 hac
319 1379 392 1409 parte
406 1371 504 1407 factis,
523 1369 590 1405 parti
603 1365 726 1404 ejusdem
737 1365 871 1404 Johannis
885 1363 988 1408 Horon
1004 1364 1142 1409 lolvendis
1155 1386 1165 1401 ,
1183 1373 1256 1394 con-

205 1411 402 1448 dempniss'ent
424 1409 518 1438 minus
537 1405 610 1444 juste
628 1428 638 1443 ,
655 1413 685 1435 ut
705 1403 870 1441 dicebatur,
889 1412 917 1432 in
935 1406 1056 1439 iplorum
1081 1403 1202 1432 [homae
1220 1404 1254 1433 &

201 1450 341 1488 johannis
356 1448 464 1477 Wroth
483 1445 653 1484 Dampnum
676 1452 735 1473 non
755 1442 904 1472 modicum
920 1442 954 1473 &
970 1440 1150 1478 Gramma,

244 1493 259 1506 ‘
280 1489 308 1519 A
328 1487 430 1526 quibus
445 1484 559 1523 quidem
576 1482 718 1520 Decreto,
737 1479 994 1518 Pronunciatione,
1012 1481 1045 1510 δε
1062 1479 1255 1517 Expensarum

206 1526 474 1564 Condempnatione
504 1533 552 1560 per
580 1530 686 1559 partem
715 1518 918 1557 praedietorum
940 1518 1070 1562 Thomae
1093 1519 1126 1548 &
1145 1518 1255 1557 johan-

206 1568 248 1597 nis
266 1565 373 1595 Wroih
391 1564 423 1593 ad
444 1562 512 1592 Nos
530 1561 562 1591 ὅ(
579 1559 707 1590 nostram
723 1557 893 1588 audientiam
911 1555 1004 1587 fuisset
1017 1556 1205 1594 appellatum,

246 1605 290 1635 Ac
307 1603 375 1634 Nos
391 1625 400 1640 ,
417 1603 514 1639 primo
528 1600 574 1629 die
595 1597 734 1628 Februarii
750 1619 758 1633 ,
778 1596 866 1626 Anno
890 1594 990 1632 Regni
1013 1595 1099 1625 nostri
1123 1596 1257 1664 ξέιίηῐο,

205 1644 241 1674 ad
263 1642 506 1679 Supplicationem
533 1637 733 1675 praedidtorum
753 1634 882 1664 Thomae
905 1634 937 1665 ὃς
964 1633 1103 1671 johannis
1170 1635 1233 1664 roth
1248 1657 1258 1673 ‚

207 1681 421 1713 Venerabilibus
435 1677 561 1708 Patribus
576 1698 585 1713 ,
605 1674 734 1705 Heni-ico
749 1673 865 1704 Bathon.
883 1673 917 1704 &
935 1672 1060 1702 Wellen.
1081 1672 1114 1702 &
1132 1673 1259 1704 Ricardo

208 1721 370 1755 Biineoren.
389 1717 534 1754 Episcopis
550 1738 559 1753 ,
578 1724 611 1745 ac
627 1736 636 1751 ,
653 1712 761 1743 dilectis
785 1713 818 1743 ὃς
843 1710 985 1741 Fidelibus
1000 1710 1118 1749 nostris,
1136 1711 1259 1747 Hugoni

208 1760 251 1789 W
254 1751 378 1795 aferron,
396 1757 428 1787 δε
447 1755 562 1794 Hugoni
579 1751 697 1782 Luterell
709 1775 717 1788 ,
742 1750 896 1788 Militibus,
916 1759 949 1779 ac
958 1748 1120 1787 Magistris‚
1134 1749 1260 1788 johanni

210 1797 369 1833 Kvneton,
389 1793 550 1824 Willielnio
572 1791 731 1822 Rocornbe
748 1811 757 1826 ,
774 1789 885 1819 Simoni
900 1787 1058 1828 Neyloncl,
1078 1788 1110 1818 &
1126 1789 1259 1819 Roberto

209 1827 343 1874 witto„
362 1834 481 1864 Clericis
490 1855 499 1870 ,
516 1834 549 1863 &
564 1829 725 1859 Willielmo
738 1826 914 1865 Walderne,
931 1827 965 1858 &
979 1826 1108 1857 Thomae
1122 1826 1259 1865 Colrede,

199 1875 387 1911 -Armigeris,
402 1881 535 1909 necnon,
554 1866 715 1898 Venerabili
729 1864 949 1908 Patri,J0hanni
966 1864 1084 1909 Roffen3
1101 1865 1259 1905 Episcopo,

210 1912 354 1953 Magil'tris
391 1910 519 1940 Thomae
540 1907 636 1939 Stowe
660 1905 784 1936 Decano
799 1903 932 1934 Eccleliae
951 1903 1128 1942 Londomae,
1146 1904 1180 1935 &
1196 1904 1258 1935 Ste-

209 1954 303 1991 phano
320 1935 448 1981 Honden
463 1973 473 1986 ,
500 1946 617 1977 Clericis
630 1968 640 1983 ,
661 1954 694 1975 ac
709 1943 837 1987 Thomae
852 1942 1047 1987 Thomburgh
1062 1965 1072 1981 ,
1093 1943 1261 1987 Armigero,

211 1993 264 2022 'ain
286 1989 426 2022 defunclis
442 2010 452 2026 ,
470 1995 499 2017 ut
522 1986 625 2016 dicitur
640 2006 650 2022 ,
667 1982 835 2013 Tresdecim
851 2004 862 2020 ,
879 1980 1048 2012 Duodecim
1062 2003 1072 2018 ,
1090 1981 1262 2021 Undecim,

242 2038 323 2060 ecem
337 2052 347 2067 ,
370 2027 492 2058 Novem
503 2049 513 2063 ,
542 2024 625 2054 otio
639 2045 650 2061 ,
671 2021 786 2059 Septem
801 2043 811 2059 ,
835 2020 916 2064 Sex)
933 2019 1015 2063 Quin
1034 2030 1069 2050 ue
1081 2042 1092 2058 ,
1111 2020 1262 2064 Quarum,

209 2069 336 2105 Tribus,
355 2067 387 2097 &
404 2065 526 2096 Duobus
541 2071 640 2093 eorum
662 2061 801 2102 (quorum
815 2059 913 2097 aliquis
926 2058 1016 2102 praedi
1048 2067 1133 2102 orurn
1141 2059 1262 2097 Episco-

210 2116 331 2146 porum,
348 2105 477 2135 Thomae
493 2102 607 2140 Stowe,
623 2099 760 2138 Johannis
777 2096 936 2139 Kyngton‚
955 2096 1109 2128 Willielmi
1125 2097 1261 2128 Rocom-

207 2148 264 2183 be,
280 2144 423 2181 Simonis,
441 2141 590 2179 Stephani,
607 2139 642 2170 &
657 2137 781 2168 Roberti
797 2136 918 2167 Witton
933 2133 1001 2166 effer
1015 2138 1102 2171 unus)
1123 2135 1262 2167 Commi-

206 2184 320 2216 serimus
334 2183 410 2212 vices
424 2179 548 2217 nostras,
565 2180 599 2210 δε
619 2178 733 2216 plenam
749 2175 922 2206 potestatem
936 2197 947 2212 ,
964 2184 998 2204 ac
1016 2173 1187 2205 Mandatum
1202 2175 1264 2213 spe-

204 2222 277 2255 ciale
287 2245 296 2260 ,
311 2221 345 2251 ad
361 2219 560 2256 Audiendum,
578 2213 839 2256 Coffloscendum,
857 2214 890 2244 &
903 2211 1126 2244 Procedendum
1141 2214 1172 2244 in
1187 2212 1264 2245 Cau-

198 2261 232 2294 sa
250 2261 296 2298 Ap
317 2259 453 2290 ellationis
467 2254 625 2293 hujusmodi
639 2277 649 2293 ‚
666 2263 780 2285 necnon
796 2254 826 2282 in
842 2251 930 2297 Causa
947 2250 1007 2283 five
1019 2251 1149 2291 Negotio
1163 2253 1196 2283 in
1211 2252 1264 2284 hac

206 2309 286 2340 parte
325 2297 469 2335 rincipali,
488 2303 573 2334 prout
586 2293 736 2324 dictaverit
744 2290 822 2335 *ordo
833 2290 921 2330 Juns,
1010 2329 1015 2335 '
1111 2328 1117 2335 .
1162 2329 1167 2334 ι
1243 2330 1248 2335 ¹

247 2337 392 2376 Ipsamque
408 2359 417 2373 ,
433 2344 503 2365 cum
518 2334 570 2364 suis
590 2330 805 2368 emergentibus
819 2352 830 2367 ,
846 2328 1070 2367 dependentibus
1082 2352 1092 2368 ,
1109 2328 1264 2360 ineidenti-

209 2378 263 2408 bus
277 2399 286 2415 ,
302 2377 334 2407 &
358 2373 505 2405 Connexis
529 2369 695 2410 quibuscum
718 2378 752 2399 ue
766 2391 777 2406 ,
799 2367 957 2398 secundum
973 2367 1053 2405 Juris
1074 2368 1262 2407 exigentiam,

208 2413 445 2450 Discutiendum,
465 2413 498 2443 &
512 2411 611 2441 debito
626 2379 959 2444 FideqTerminandum,
1118 2446 1124 2451 j

248 2454 294 2484 Ac
317 2453 402 2483 etiam
425 2450 459 2481 ad
476 2448 578 2480 Testes
618 2446 791 2483 uoscumque
813 2455 861 2483 per
884 2453 1030 2483 utramque
1049 2443 1177 2476 Partiiim
1192 2454 1265 2483 prae-

209 2492 369 2528 dietarum,
387 2491 415 2519 in
437 2488 512 2518 dicta
536 2485 598 2516 Cau
611 2495 626 2515 a
649 2483 851 2522 Appellationis
873 2483 929 2513 sive
950 2484 1069 2524 negotio
1092 2483 1264 2522 Principali‚

211 2540 312 2560 coram
333 2531 371 2558 eis
389 2526 556 2556 Tresdecim
568 2547 577 2562 ,
596 2525 658 2555 &c-
677 2530 818 2560 quorum,
835 2521 896 2553 &c.
913 2520 980 2551 estet
995 2531 1081 2557 unus,
1095 2521 1263 2559 judicialiter

209 2567 406 2611 producendos
418 2588 426 2602 ,
447 2565 467 2594 ii
482 2564 508 2594 se
521 2563 589 2593 dolo
602 2562 646 2592 vel
659 2560 755 2590 fraude
771 2582 780 2597 ,
798 2559 865 2602 odio
880 2567 925 2588 aut
941 2558 1035 2602 favore
1049 2581 1059 2596 ,
1076 2559 1121 2589 seu
1140 2560 1204 2590 alias
1220 2561 1263 2590 in-

207 2607 282 2646 juste
296 2604 497 2640 subtraxerint,
517 2601 633 2632 Veritati
652 2598 867 2629 Testimonium
887 2597 1050 2640 perhibere,
1071 2606 1138 2627 cum
1161 2597 1263 2628 Poenae

212 2646 246 2676 &
261 2644 365 2675 Muitae
386 2642 547 2679 alteriusque
565 2638 723 2675 temporalis
739 2635 922 2666 Cohertionis
940 2635 1085 2671 cuiussibet
1097 2634 1259 2674 Potestate,

210 2681 461 2722 compellendum,
479 2686 564 2717 prout
583 2678 611 2706 in
637 2676 738 2707 Literis
759 2673 860 2705 nostris
881 2672 1040 2704 Pateiitibus
1055 2696 1065 2712 ,
1083 2673 1149 2704 inde
1163 2674 1264 2704 confe-

214 2723 286 2760 (stis,
303 2721 411 2759 plenius
426 2719 603 2753 continetur,
809 2751 813 2756 Ι
998 2751 1003 2755 ”

251 2761 334 2797 Nos,
354 2759 435 2788 certis
450 2757 485 2787 de
502 2755 603 2791 causis,
620 2762 672 2783 nos
688 2751 868 2782 moventibus
881 2749 1084 2794 „Associamus
1099 2760 1151 2781 vos
1163 2750 1264 2788 praefa-

214 2800 249 2830 tis
265 2795 438 2829 Bathoniensi
454 2797 487 2826 &
502 2794 545 2823 W
548 2792 639 2824 cilensi
655 2813 665 2829 ,
681 2800 716 2822 ac
738 2790 903 2829 Bangorenii
913 2811 930 2832 -,
948 2787 1110 2832 Episcopis,
1130 2788 1178 2818 Hu
1198 2790 1266 2832 orii,

207 2837 337 2876 Johanni
353 2834 488 2874 Kynton,
507 2831 669 2862 Willielmo
687 2829 848 2859 Rocombe
861 2850 873 2865 ,
889 2826 1020 2873 Simoni,
1036 2826 1168 2870 Roberto
1229 2835 1265 2858 11-

213 2886 264 2908 ton
314 2874 475 2904 Willielmo
489 2870 646 2901 Walderne
689 2869 723 2900 &
741 2866 869 2897 Thomae
884 2864 1008 2895 Colrede
1021 2864 1056 2895 ad
1069 2864 1238 2896 audiendum

212 2898 459 2952 Cog'noscendum
474 2933 484 2948 ,
501 2911 534 2941 &
554 2890 774 2939 Proced'endum
795 2907 825 2948 in
848 2903 935 2948 Causa
950 2903 1154 2947 Appellationis
1168 2889 1263 2947 hujus-²

214 2953 321 2990 modi,
337 2960 452 2981 necnon
473 2951 503 2978 in
525 2946 614 2977 Causa
632 2946 688 2976 five
709 2943 845 2982 Negouo
864 2953 895 2973 in
917 2942 972 2972 hac
994 2950 1070 2979 parte
1092 2941 1263 2981 Principali‚

213 2999 297 3030 prout
313 2989 460 3020 distaverit
475 2985 649 3029 ordo-juris,
741 3021 746 3027 υ
1007 3019 1012 3023 ¹
1164 3019 1169 3024 ι
1243 3020 1248 3024 .

253 3029 416 3069 ipsamque,
434 3035 503 3057 cum
517 3026 568 3054 iuis
583 3022 816 3060 Emergentibus‚
835 3017 1068 3062 Dependentibus
1082 3041 1091 3056 ,
1108 3018 1264 3049 Incidenti-

214 3069 266 3098 bus
281 3092 289 3103 ,
309 3068 341 3098 ὃ(
365 3065 512 3096 Connexis
531 3061 752 3101 quibuscumque
767 3083 776 3098 ,
790 3060 847 3089 una
867 3067 934 3088 cum
978 3057 1078 3087 raefatis
1091 3056 1210 3088 Batlion.
1226 3058 1262 3088 ὃς

214 3107 341 3136 Wellen.
361 3115 393 3134 ac
416 3103 571 3139 Bangoren.
590 3100 736 3140 Episcopis
748 3121 757 3136 ,
776 3097 906 3141 Hugone
920 3119 930 3134 ‚
991 3104 1083 3133 ugone
1097 3118 1107 3133 ,
1132 3095 1263 3139 Jolianne

213 3144 356 3180 Kwigton
373 3165 382 3180 ,
408 3141 568 3171 Willielmo
590 3139 748 3168 Rocombe
763 3160 772 3175 ,
797 3136 915 3166 Simone
930 3157 941 3172 ,
966 3133 1098 3164 Roberto
1128 3133 1264 3177 Witton,

213 3183 375 3213 Willielmo
395 3180 568 3216 &ValdernQ
587 3178 620 3208 &
634 3177 662 3206 T
665 3177 751 3205 homa
773 3173 916 3211 Colrede,
935 3171 1098 3203 Secundum
1110 3171 1182 3210 Juris
1196 3171 1264 3202 Exi-

212 3223 335 3252 ⁰entiam
353 3218 588 3253 Discutiendum,
606 3216 638 3246 ὃς
654 3214 750 3244 debito
764 3213 833 3243 Fine
847 3210 1093 3247 Terminandum,
1122 3249 1127 3254 .

213 3246 231 3260 ⁰
257 3260 301 3290 Ac
315 3259 400 3289 etiam
416 3256 450 3287 ad
464 3254 566 3286 Testes
582 3253 774 3292 quoscumque
791 3274 800 3289 ,
826 3258 1038 3292 per4utramque
1053 3247 1179 3292 Paruum
1194 3258 1267 3293 pr2e7

216 3298 358 3328 dietarum
381 3297 410 3325 in
432 3295 510 3325 dieta
533 3292 621 3322 Causa
649 3291 851 3328 Appellationis
871 3292 926 3318 live
953 3287 1089 3323 Negouo
1113 3286 1266 3324 Prmcipali

219 3346 321 3367 coram
337 3334 436 3371 vobis,
453 3343 486 3363 ac
503 3330 624 3370 praefatis
638 3329 755 3359 Bathon.
775 3328 808 3358 δε
826 3326 948 3356 Wellen.
966 3335 1000 3355 ac
1016 3325 1172 3369 Bangoren.
1197 3324 1267 3362 Epi-

219 3375 312 3412 scopis
327 3396 336 3411 ,
356 3372 482 3410 Hugone
497 3393 507 3409 ,
526 3370 654 3407 Hugone
670 3367 827 3435 ,xglohanne
844 3364 1002 3409 Kyngton,
1020 3362 1182 3393 Willielmo
1201 3363 1267 3394 Ro-

217 3414 324 3443 combe
339 3434 349 3449 ,
369 3411 485 3440 Simone
500 3431 509 3447 ,
526 3407 661 3437 Roberto
728 3407 799 3435 itton
817 3427 827 3442 ,
853 3402 1013 3445 willielmo
1034 3401 1190 3432 Walderne
1205 3424 1215 3440 ,
1231 3402 1265 3432 &

216 3452 338 3482 Thoma
355 3448 478 3478 Colrede
493 3469 502 3484 ,
517 3446 682 3484 judicialiter
697 3442 894 3481 producendos
908 3464 918 3479 ,
938 3446 957 3470 li
973 3440 998 3470 se
1013 3439 1083 3483 dolo
1096 3440 1141 3483 yel
1154 3439 1266 3484 fraude,

216 3490 286 3521 odio
301 3496 346 3519 aut
360 3487 473 3523 favore,
491 3485 537 3514 seu
558 3484 620 3514 alias
642 3482 740 3520 injuste
761 3480 941 3511 subtraxerint
956 3502 965 3521 ³.
983 3479 1103 3509 Veritati
1117 3477 1266 3508 Testimo-

216 3531 296 3559 nium
311 3526 471 3565 perhibere,
492 3532 561 3553 cum
577 3523 678 3552 Poena:
690 3522 722 3551 &
737 3519 840 3549 Multa:
855 3519 1014 3555 alteriulque
1030 3517 1187 3554 temporalis
1201 3516 1267 3547 Co-

219 3566 356 3598 hertionis
371 3562 517 3600 cujussibet
532 3560 663 3598 potestate
677 3581 686 3597 ,
705 3557 966 3595 Compellendum,
991 3594 996 3599 .
1129 3593 1134 3598 ’

254 3605 291 3635 Et
306 3604 371 3634 ideo
396 3601 486 3632 Vobis
506 3600 679 3629 Mandamus
696 3597 774 3635 quod
796 3597 871 3626 circa
894 3591 1038 3625 Pi-aemissa
1053 3602 1152 3623 omnia
1164 3592 1198 3622 &
1212 3591 1266 3622 fin-

218 3645 281 3679 aula
316 3642 370 3672 una
384 3649 453 3671 cum
469 3637 590 3676 praefatis
606 3637 722 3666 Bathon.
741 3637 774 3667 ὃς
790 3634 912 3664 Wellen.
930 3642 962 3663 ac
973 3631 1127 3675 Bangoren.
1147 3630 1266 3668 Episco-

218 3676 259 3719 ‘pis
289 3666 429 3712 ’l-lueone
445 3701 453 3717 ,
472 3676 600 3712 Hugone
615 3697 624 3712 ,
638 3674 767 3711 johanne
788 3672 941 3712 Kyngton,
960 3670 1119 3699 willielmo
1136 3668 1267 3699 Rocom-

219 3722 255 3749 be
272 3705 281 3720 ⁷
299 3710 417 3749 Simone
431 3739 440 3755 ,
457 3715 589 3745 Roberto
609 3713 725 3742 &Vitton
741 3734 750 3748 ,
768 3711 929 3740 willielmo
945 3731 953 3745 ,
979 3710 1011 3739 ὃς
1029 3708 1149 3750 Tlioma
1165 3706 1267 3737 Colre—

220 3743 280 3795 ὀρ),
293 3758 435 3796 diligenter
455 3753 603 3784 intendatis
616 3774 625 3789 ,
652 3752 684 3781 ὃ(
702 3760 734 3780 ea
756 3749 862 3779 faciatis
881 3749 913 3778 ὃ(
933 3755 1111 3785 exequamini
1129 3755 1157 3774 in
1175 3745 1267 3775 forma

239 3795 351 3825 raedicta

216 3807 236 3834 P
259 3818 459 3862 lerandti’vimus
481 3831 559 3860 enim
581 3827 683 3858 eisdem
704 3825 821 3855 Batlion.
847 3825 880 3855 «Sc
903 3822 1028 3852 Wellen.
1053 3832 1085 3852 ac
1110 3821 1267 3864 Bangoren.

219 3870 384 3907 Episcopis,
403 3870 540 3908 l-lugoni,
559 3866 701 3903 Hugoni,
717 3863 838 3908 J-ohanni
858 3862 1016 3918 K>fngton,
1034 3860 1195 3890 willielmo
1206 3860 1268 3890 Ro-

218 3909 328 3938 combe
345 3930 353 3943 ,
373 3910 504 3946 Simoni,
532 3906 663 3936 Roberto
682 3897 802 3932 'NNittoii
817 3925 827 3938 ,
849 3900 884 3943 M
898 3899 1012 3942 ilhelmo
1035 3898 1189 3941 Walderrie
1204 3921 1213 3940 ,
1231 3901 1266 3930 ὃς

221 3946 350 3975 Thomas
374 3946 495 3975 Coit-ede
510 3968 520 3983 ,
540 3944 618 3983 quod
640 3952 692 3974 vos
711 3941 745 3972 ad
767 3940 825 3971 hoc
846 3949 875 3969 in
897 3938 997 3968 Socios
1010 3936 1178 3973 admittant,
1198 3941 1265 3968 licut

221 3983 392 4023 praedictum
407 3983 457 4013 est.

710 85 1499 134 CONVENTIONES‚
1555 83 1941 134 LITERAE,

1324 172 1357 204 In
1363 173 1557 251 's'keilllg'lgge
1574 211 1649 250 apud
1663 209 1939 251 Wstmonasterium,
1951 211 1980 251 vj
1997 209 2043 242 die
2061 208 2242 242 Decembris·

2041 290 2095 320 Per
2111 286 2192 328 ipfioem
2209 289 2313 327 Regem.

1317 422 1338 441 '⁸‘
1364 425 1458 468 Super
1475 425 1680 456 Matrimonia
1701 424 1782 457 Filiae
1803 426 1890 470 Regis
1913 433 1983 455 cum
2003 424 2095 455 Erico
2118 425 2194 471 Rege
2214 426 2327 458 Daciae.

1296 506 1376 562 RE
1386 506 1416 551 X
1436 507 1582 538 Universis
1598 507 1631 538 &
1647 507 1760 546 fingulis
1775 508 1922 547 Regibus,
1940 506 2123 546 Comitibus,
2140 507 2350 548 Baronibus,ac

1369 546 1426 575 aliis
1447 546 1670 584 quibuscumque
1693 555 1698 580 i
1718 547 1919 585 cujuscumque
1939 545 2034 577 Status
2053 546 2098 577 vel
2121 545 2349 579 Praeeminentiae

1297 585 1417 618 fuerint)
1437 584 1470 613 ad
1488 595 1558 622 quos
1579 584 1723 622 praesentes
1738 585 1844 618 Literae
1860 586 2054 624 pervenerint,
2072 584 2197 617 Salutem
2213 596 2282 617 cum
2295 586 2350 618 sin—

1298 634 1373 655 cerae
1388 622 1668 653 dilectionisaffeetu.

1339 660 1544 701 Qioruindam
1560 661 1706 692 Relatibus
1713 661 1813 692 nostris
1819 661 1860 693 est
1867 662 1977 694 auribus
1984 663 2144 695 intimatum
2159 662 2272 703 qualiter
2278 672 2353 694 non-

1299 702 1387 738 nulli,
1406 699 1488 730 Pacis
1501 700 1535 731 &
1552 699 1729 731 Concordiae
1742 700 1874 740 AEmuli,

1340 739 1412 770 Non
1427 738 1485 768 Dei
1499 738 1537 769 set
1551 737 1705 776 Iniquitatis
1720 738 1798 777 Filii,
1813 749 1848 771 ac
1863 748 1964 771 eorum
1977 738 2082 778 Patris,
2097 741 2250 772 incentoris
2264 739 2356 772 Men-

1300 778 1390 816 dacii,
1410 778 1458 816 qui
1473 778 1546 808 inter
1561 777 1687 808 Unitatis
1700 776 1787 807 Filios
1797 776 1966 817 Jurgiorum
1980 777 2120 811 Zizannia
2142 781 2269 811 innititur
2283 789 2354 811 con-

1301 818 1379 848 tinue
1394 816 1544 854 seminare,
1562 815 1676 855 vestigia
1689 815 1840 854 sectantes,

1341 854 1540 886 Machinantes
1559 865 1592 885 ac
1616 864 1667 892 pro
1687 854 1794 884 viribus
1808 876 1819 892 ,
1838 853 1903 885 licet
1917 853 1989 885 falso
2003 854 2037 885 &
2049 855 2169 887 subdole
2181 879 2192 895 ,
2209 854 2355 888 Honesta-

1301 894 1512 964 tlemssdbftatum
1523 893 1722 962 1³&kilgmasm
1738 915 1748 931 ,
1765 891 1886 924 Nobilis
1903 893 1959 924 viri
1972 915 1984 932 ‚
2000 891 2137 931 Magistri
2153 897 2230 924 Petri
2250 895 2354 933 ΗὶιΙεε,

1332 942 1361 962 YC
1384 942 1392 961 l
1414 941 1507 962 laconi
1554 942 1586 962 OS
1647 942 1715 963 enlS

1338 969 1370 1001 in
1387 969 1590 1000 Ambaffiatam
1602 980 1652 1008 per
1665 992 1675 1007 ‚
1693 954 1829 1002 iii'ustrem
1843 969 2010 1010 Principem
2023 992 2033 1008 ,
2054 969 2088 1001 se
2102 969 2208 1001 Fiiium
2225 969 2354 1001 nostrum

1303 1007 1486 1039 Carissimum
1500 1031 1510 1047 ‚
1523 1011 1618 1045 Regem
1635 1010 1930 1048 Norwegiae,1)aciae,
1945 1009 1979 1040 &
1995 1012 2198 1047 Sueciae,penes
2210 1008 2357 1047 personam

1300 1046 1426 1077 nostram
1442 1056 1451 1084 ‚⁴
1467 1047 1708 1084 contemplatione
1731 1048 1764 1078 &
1787 1056 1924 1086 praetextu
1944 1046 2153 1086 Matrimonii,
2170 1049 2243 1078 inter
2265 1046 2356 1086 ipfiim

1301 1085 1465 1123 Principem
1482 1087 1515 1116 δε
1531 1085 1637 1115 Filium
1651 1084 1777 1116 nostrum
1793 1084 2033 1124 Carisiimum,ac
2049 1086 2241 1124 praediletstam
2257 1086 2357 1118 Filiam

1300 1124 1588 1192 nostrapqg·ej}¹}⁵·⁰am
1613 1122 1777 1164 Conjugem
1799 1125 1833 1156 &
1857 1123 2048 1164 consortem,
2067 1124 2285 1163 Contrahendi,
2300 1133 2354 1155 nu·

1323 1173 1410 1193 erisne
1448 1173 1484 1192 ll'e
1518 1173 1525 1192 1

1302 1173 1320 1201 p
1340 1201 1509 1232 Diminucre
1523 1187 1667 1238 c’upientes
1679 1200 1714 1231 &
1724 1198 1897 1237 denigrare,

1340 1241 1384 1270 Ad
1400 1250 1477 1270 aures
1491 1239 1678 1278 quarumdam
1698 1238 1856 1270 Nobilium
1872 1237 2074 1277 Personarum,
2090 1247 2224 1279 tanquam
2238 1241 2354 1274 invidiae

1302 1278 1422 1309 Facibus
1444 1278 1576 1310 Succensi
1592 1300 1602 1316 ,
1618 1277 1791 1309 susurratorie
1811 1277 1985 1309 deduxerunt
2020 1277 2100 1317 quod
2113 1279 2246 1316 praefatus
2258 1280 2355 1321 Magi-

1302 1316 1356 1348 ster
1374 1318 1468 1348 Petrus
1490 1317 1526 1347 de
1548 1316 1646 1347 Nobis
1666 1316 1807 1355 quendam
1822 1317 1958 1348 Annuum
1981 1300 2128 1356 Censum,
2143 1327 2197 1355 pro
2209 1318 2356 1349 Termino

1304 1355 1378 1386 Vitae
1393 1356 1464 1393 suae,
1481 1356 1514 1386 ad
1532 1355 1634 1386 Finem
1651 1355 1729 1394 quiid
1747 1354 1973 1386 Matrimonium
1986 1354 2147 1394 hujusmodi
2160 1357 2291 1388 debitum
2299 1357 2360 1388 sor·

1300 1395 1344 1425 tiri
1360 1395 1451 1432 posset
1465 1392 1618 1432 effeetum,
1636 1395 1778 1432 percipere
1791 1391 1947 1432 debuisset,
2296 1413 2300 1416 ·

1340 1432 1377 1463 Et
1396 1434 1443 1472 qui
1483 1433 1559 1476 Deo·
1574 1441 1687 1473 gratum
1703 1443 1737 1463 ac
1751 1432 1853 1464 Nobis
1869 1433 2050 1476 meritorium
2064 1430 2181 1476 indubie
2195 1441 2359 1472 reputamus

1301 1471 1420 1502 Veritati
1436 1473 1464 1502 in
1481 1471 1631 1515 omnibus,
1649 1472 1683 1502 &
1697 1471 1791 1516 saltem
1805 1471 1835 1502 in
1850 1471 1903 1502 hiis
1918 1480 2041 1510 quorum
2055 1478 2185 1502 notitiam
2194 1472 2289 1504 lucide
2302 1482 2357 1513 op-

1303 1509 1861 1594 tmffliiiggrgazsiiivrieigrrigirnagezigffffiss
1874 1547 1999 1596 cuilibetx
2009 1546 2359 1619 InnotescimusMDecla-

1302 1597 1411 1656 123⁰?
1422 1589 1460 1657 :ii
1481 1587 1673 1665 ῙῙῖῗὲἱῖῗἙἚῖ
1690 1587 1933 1666 Ξῗᾶἷὲῗὲεᾟὲζ
1948 1586 2216 1670 ῗὲξῗηῑὲἒῖἀὲὲἓέ,
2232 1587 2357 1664 3ὗὲἰῖἒὲ

1303 1664 1460 1708 hujusmodi
1476 1663 1602 1696 Censum
1618 1666 1662 1696 vel
1677 1664 1881 1703 Annuimtem,
1898 1663 2115 1695 Praemissorum
2134 1665 2254 1704 intuitu,
2271 1666 2318 1697 seu
2328 1675 2360 1698 a-

1303 1702 1339 1732 lia
1356 1701 1445 1734 Causa
1461 1708 1654 1743 quacumque,
1672 1712 1816 1742 nunquam
1828 1704 1911 1742 petiit
1923 1703 1969 1734 seu
1981 1702 2095 1741 habuit,

1343 1741 1412 1772 Nec
1427 1743 1509 1781 Nos,
1527 1742 1572 1773 seu
1586 1743 1677 1781 quivis
1688 1741 1756 1773 alius
1769 1743 1887 1773 nomine
1903 1741 2022 1780 nostro,
2039 1742 2134 1772 eidem
2152 1740 2284 1782 Magisto
2299 1741 2357 1773 Pe-

1303 1787 1349 1809 tro
1365 1780 1486 1818 aliquem
1501 1781 1586 1812 talem
1604 1781 1742 1820 Annuum
1756 1779 1881 1812 Censum
1904 1781 2085 1819 promisimus
2100 1779 2146 1812 seu
2168 1780 2360 1821 contulimus,

1304 1827 1350 1848 aut
1365 1820 1495 1851 conferre
1515 1821 1697 1859 pepigimus,
1715 1820 1761 1850 seu
1774 1819 1904 1850 dabimus
1916 1819 1975 1850 ullo
1988 1817 2105 1863 modo,
2245 1861 2247 1863 ‚

1343 1857 1490 1897 Quodque
1512 1858 1641 1896 praefatus
1661 1856 1804 1896 Magister
1827 1857 1926 1888 Petrus
1945 1858 1976 1888 in
1989 1856 2128 1900 Negorio
2162 1857 2308 1897 raelibato,
2323 1867 2360 1890 ac

1304 1896 1436 1927 universis
1454 1897 1514 1927 aliis
1533 1897 1566 1927 &
1587 1897 1698 1936 singulis
1711 1920 1721 1936 ‚
1739 1895 1942 1928 Ambaffiatam
1963 1895 2040 1927 suam
2063 1895 2112 1934 hu]
2145 1895 2225 1927 modi
2237 1905 2362 1928 concer-

1304 1935 1434 1979 nentibus
1447 1958 1457 1973 ,
1475 1936 1582 1966 Statum
1601 1958 1612 1975 ,
1631 1936 1751 1967 Famam
1766 1957 1777 1973 ,
1795 1933 1929 1966 Gradum
1943 1957 1954 1973 ,
1971 1936 2005 1967 ὃς
2022 1933 2213 1979 Honestatem
2226 1934 2308 1975 suos,
2325 1936 2364 1966 ab

1304 1982 1385 2004 omni
1401 1973 1602 2012 Comptionis
1623 1974 1738 2005 Macula
1751 1972 1863 2012 illaesos,
1880 1981 1962 2012 prout
1976 1973 2077 2004 Nobis
2088 1973 2230 2013 innotuit,
2244 1973 2363 2006 summo

1304 2021 1392 2049 opere
1412 2013 1611 2051 conservabat,
1628 2012 1668 2044 fic
1685 2013 1764 2051 quod
1781 2022 1797 2043 a
1815 2013 1927 2044 cunffls
1961 2012 2017 2043 sani
2030 2009 2156 2056 Judicii,
2173 2011 2208 2043 &
2224 2022 2287 2044 non
2303 2012 2364 2044 doli

1307 2051 1475 2095 capacibus,
1492 2060 1526 2081 ex
1549 2050 1701 2089 condigno
1723 2051 1854 2082 Aetionis
1875 2052 1908 2083 &
1931 2034 2050 2083 [ahons
2063 2050 2106 2082 sui
2118 2052 2239 2092 merito,
2257 2051 2363 2084 Laudi-

1310 2090 1361 2119 bus
1377 2090 1473 2120 eittolli
1486 2090 1716 2122 meruit&altitis
1731 2090 1938 2121 commendari.

1342 2127 1377 2158 In
1392 2130 1470 2167 cujus
1489 2131 1527 2159 rei
1548 2128 1744 2161 testimonium
1765 2129 1814 2159 has
1835 2129 1943 2160 Literas
1963 2126 2071 2161 nostras
2086 2125 2218 2160 Patentes
2232 2126 2310 2168 fieri,
2326 2128 2362 2161 ὃς

1308 2165 1413 2205 Magni
1429 2167 1517 2206 Sigilli
1532 2167 1620 2199 nostri
1635 2168 1796 2200 munimine
1808 2167 1929 2198 fecimus
1943 2166 2114 2204 consignari.

1348 2205 1458 2236 Datum
1472 2207 1502 2237 in
1515 2206 1627 2238 Palatio
1641 2205 1727 2247 nestro
1743 2205 1967 2247 Wstmonasterii
1975 2227 1986 2245 ,
2000 2205 2050 2244 viij
2064 2204 2113 2237 die
2128 2204 2312 2238 Decembris.
2349 2231 2352 2234 .

2065 2293 2121 2322 Per
2131 2291 2216 2334 ipfinn
2229 2267 2355 2330 Reng

2358 172 2438 205 Ami.
2451 171 2495 205 D:
2537 154 2540 158 ’

2382 219 2473 252 1405.

2363 255 2430 280 Heu.
2448 261 2479 287 4.

2362 399 2384 422 ³
2400 403 2486 433 vm.

2396 448 2465 477 4²5-

2363 504 2439 536 Ann.
2453 504 2496 539 D.'

2361 552 2472 619 Χρᾷ·
2530 599 2535 606 ¹

2361 625 2396 650 H.
2408 603 2459 657 ‘45

2365 663 2454 688 Franc.
2466 668 2495 695 7.

2365 702 2402 726 Η.
2416 707 2445 734 4.
2458 707 2498 728 m.

2371 745 2414 773 ¹5-

1645 2445 1705 2481 Ad
1720 2449 1829 2494 Regem
1851 2443 2043 2494 Portugaliae.

1308 2543 1510 2598 SErenifflmo
1531 2552 1565 2573 ac
1586 2539 1777 2573 amantissimo
1801 2540 1832 2568 in
1855 2535 1973 2568 Christo
1998 2534 2124 2580 Principi
2140 2535 2288 2578 Johanm',
2306 2538 2365 2572 Dei

1363 2583 1470 2620 gratia,
1487 2579 1652 2617 Portugaliae
1672 2577 1711 2613 ό·
1730 2576 1866 2615 Algarbii
1881 2578 1964 2614 Regi,
1982 2573 2072 2604 Fratri
2087 2576 2188 2605 nostro
2203 2573 2357 2609 Carissimo

1310 2623 1443 2650 Henricus
1462 2618 1561 2648 eadem
1580 2618 1685 2657 gratia,
1702 2618 1763 2646 Rex
1781 2613 1895 2652 Angliae
1913 2613 1952 2649 ὠ·
1969 2615 2092 2642 Francia
2117 2611 2297 2647 &Dominus
2308 2619 2365 2648 Hi-

1309 2659 1408 2688 berniae
1421 2680 1431 2696 ,
1449 2657 1573 2687 Salutem
1600 2657 1629 2685 in
1651 2664 1688 2687 eo
1708 2654 1757 2692 qui
1778 2652 1818 2684 est
1839 2653 1972 2683 omnium
1993 2660 2057 2681 vera
2074 2635 2157 2691 salus,
2175 2661 2209 2682 ac
2225 2652 2363 2688 Fmemae

1309 2697 1471 2727 dilectionis
1484 2695 1656 2725 continuum
1669 2694 1890 2722 incrementum.

1346 2734 1456 2766 Vestrae
1481 2732 1641 2763 Serenitatis
1667 2731 1774 2761 Literas
1788 2752 1799 2769 ,
1823 2729 1927 2760 Nobis
1949 2737 2000 2766 per
2022 2727 2183 2766 Johannem
2200 2733 2316 2763 Gomecii
2331 2744 2364 2764 ae

1308 2773 1407 2811 Silva,
1425 2771 1554 2802 Militem
1567 2772 1600 2803 δε
1615 2769 1812 2800 vexilliferum
1825 2767 1971 2806 vestrum,
1988 2776 2022 2798 ac
2035 2767 2120 2811 etiam
2136 2777 2186 2805 per
2202 2772 2364 2802 Martinam

1307 2813 1338 2842 de
1355 2810 1436 2847 Senfic
1451 2833 1461 2846 ,
1481 2810 1597 2847 Legum
1619 2807 1785 2838 Do&orem
1800 2829 1810 2846 ,
1828 2806 1967 2837 dilectum
1985 2805 2161 2837 Servuorem
2178 2807 2318 2848 vestrum,
2336 2821 2368 2841 e.

1304 2850 1415 2889 jusdem
1436 2848 1594 2880 serenitatis
1616 2846 1795 2878 honorabiles
1823 2845 2037 2876 Ambaxiatores
2055 2845 2089 2876 Sc
2107 2845 2144 2875 N
2147 2846 2246 2876 uncios
2258 2869 2268 2885 ,
2288 2857 2362 2886 Ρη-

1308 2890 1438 2927 sentatas,
1454 2888 1510 2918 una
1525 2896 1593 2918 cuin
1605 2886 1690 2916 certis
1708 2883 1857 2922 Articulis,
1876 2893 1925 2922 per
1941 2882 1969 2913 se
1986 2883 2016 2913 in
2027 2881 2137 2927 scriptis
2154 2883 2364 2927 redactisffifa-

1308 2927 1387 2959 terna
1410 2926 1561 2957 dileitione
1582 2925 1759 2962 recepimus,
1775 2924 1809 2954 &
1825 2920 1993 2965 eorumdem
2010 2920 2227 2965 Continentiam
2245 2924 2280 2955 &
2297 2927 2363 2964 quae

1308 2967 1379 2997 dieti
1397 2965 1513 2996 Nuncii
1527 2986 1537 3002 ,
1562 2973 1612 3001 per
1629 2964 1706 2994 viam
1733 2960 1895 2993 commissae
1914 2959 1964 2990 fibi
1982 2957 2144 2991 Credentiae
2158 2982 2170 2999 ,
2194 2962 2363 3004 retulerunt,

1308 3005 1395 3043 pleno
1408 3003 1578 3041 collegimus
1592 3000 1750 3040 intellectu,
1919 3026 1921 3028 .
1945 3010 1949 3014 >
1965 3036 1971 3042 ⁸
1987 3037 1992 3042 .
2035 3013 2044 3026 2

1345 3042 1422 3073 Inter
1442 3050 1543 3072 caetera
1566 3049 1689 3078 namque
1714 3041 1748 3070 ad
1767 3037 1894 3069 nostram
1912 3043 2040 3080 notitiam
2055 3059 2065 3074 ,
2082 3045 2115 3067 ex
2132 3037 2254 3075 ipsorum
2271 3038 2364 3072 Nun-

1307 3083 1419 3112 ciorum
1445 3081 1580 3112 relatione
1603 3079 1637 3109 &
1663 3077 1841 3108 intimatione
1855 3098 1865 3114 ,
1889 3084 1923 3105 ac
1942 3075 2087 3106 dierorum
2104 3075 2299 3108 Articulorum
2317 3080 2363 3110 in-

1307 3120 1467 3158 speetione,
1485 3119 1612 3156 pervenit
1628 3116 1838 3156 qualiter,inter
1857 3114 1918 3144 Vos
1936 3114 1969 3144 &
1987 3113 2100 3152 Regem
2117 3114 2247 3147 Castellae
2273 3127 2361 3156 quem

1309 3158 1432 3189 vestrum
1445 3157 1597 3187 nominatis
1611 3154 1826 3191 Adversarium,
1844 3152 1973 3189 Treugas
1987 3152 2126 3192 generales
2141 3177 2150 3191 ,
2170 3163 2219 3191 per
2269 3165 2358 3186 erram

1309 3198 1342 3227 &
1362 3197 1461 3234 Mare,
1479 3205 1495 3226 a
1510 3194 1593 3225 Festo
1612 3194 1686 3228 beati
1703 3192 1873 3229 Michaelis,
1887 3191 2212 3237 jamxpraeteritofflsque
2224 3192 2358 3224 adMen-

2381 2546 2454 2580 Ann.
2466 2547 2507 2579 D.

2358 2603 2367 2617 2
2400 2594 2485 2626 1405.

2375 2629 2427 2654 An.
2442 2635 2470 2661 7.

2375 2669 2410 2693 H.
2428 2674 2457 2699 4.

2349 2708 2352 2711 '
2407 2702 2474 2731 thid.

1309 3236 1366 3266 sem
1384 3234 1591 3271 Martii‚etiam
1610 3230 1826 3270 praeteritum,*
1845 3230 1877 3260 ὃ(
1896 3228 1964 3259 inde
1982 3229 2016 3259 ad
2036 3229 2148 3261 Decem
2161 3231 2261 3262 Annos
2275 3241 2358 3263 com·
2369 3225 2479 3275 *Vfflss

1310 3275 1399 3314 pletos
1411 3283 1443 3303 ac
1458 3274 1581 3308 integros
1596 3271 1734 3300 duraturas
1747 3291 1757 3307 ,
1773 3268 1832 3299 fieri
1845 3270 1879 3300 &
1893 3267 1996 3298 firmari
2011 3267 2116 3299 fecistis

1347 3311 1380 3342 ln
1397 3312 1499 3349 quibus
1513 3310 1580 3340 Nos
1594 3332 1604 3348 ,
1621 3317 1652 3339 ut
1667 3308 1790 3339 Fratrem
1809 3306 1933 3337 vestrum
1949 3307 1983 3338 &
1999 3307 2081 3337 vobis
2095 3291 2270 3346 Alligatum,
2287 3307 2360 3339 feci-

1310 3350 1359 3381 stis
1379 3349 1468 3380 situati
1482 3371 1492 3388 ,
1517 3348 1623 3387 apponi
1636 3369 1646 3386 ‚
1670 3347 1705 3379 δε
1729 3345 1839 3377 includi
1853 3368 1863 3385 ,
1888 3354 1922 3376 ac
1947 3346 2032 3376 etiam
2055 3344 2209 3384 specialiter
2225 3355 2359 3385 compre-

1310 3388 1395 3420 hendi

1348 3411 1494 3464 Per’quod
1510 3424 1565 3455 fida
1581 3432 1676 3456 mente
1697 3424 1873 3462 percepimus
1886 3421 1966 3461 quod
1983 3420 2082 3453 vestrae
2096 3420 2258 3452 Fraternalis
2273 3421 2357 3454 Dile-

1311 3465 1412 3496 &ionis
1429 3465 1574 3500 integritas
1590 3473 1671 3501 penes
1694 3462 1762 3493 Nos
1777 3463 1811 3493 &
1825 3461 1946 3493 Terram
1970 3459 2092 3490 nostram
2106 3460 2235 3503 exuberat
2249 3460 2360 3492 habun-

1312 3504 1425 3539 danter,
1442 3504 1476 3534 &
1493 3502 1651 3541 Alligantiae
1668 3501 1924 3538 Debitum,quam
1938 3507 2005 3529 cum
2018 3496 2117 3527 nostro
2130 3496 2264 3529 habuistis
2279 3499 2359 3531 Prae-

1313 3542 1477 3579 deceffore,
1494 3540 1608 3571 fideliter
1621 3540 1761 3570 exsolvere
1776 3540 1802 3569 se
1817 3537 1954 3574 ostendit,
1979 3574 1984 3580 .
2069 3573 2074 3579 .
2181 3573 2186 3580 .

1348 3580 1386 3610 Et
1401 3580 1533 3618 quoniam
1549 3580 1584 3609 de
1599 3577 1761 3609 Intentione
1775 3577 1866 3608 nostra
1880 3576 1961 3613 super
1975 3573 2048 3618 ist0,
2066 3580 2139 3603 inter
2153 3572 2220 3612 alia,
2239 3575 2274 3606 ad
2288 3585 2363 3614 prae-

1310 3619 1368 3649 sens
1387 3619 1485 3656 cupitis
1503 3617 1580 3647 effici
1597 3619 1727 3647 certiores
1748 3614 1912 3658 (videlicet)
1932 3622 1968 3643 an
1980 3611 2036 3641 illas
2052 3610 2184 3649 Treugas
2196 3619 2308 3654 tenere,
2324 3616 2361 3647 &

1314 3659 1342 3687 in
1357 3658 1395 3687 eis
1409 3655 1531 3693 includi,
1550 3655 1595 3686 vel
1610 3665 1654 3686 eas
1668 3655 1811 3692 repudiare
1833 3653 1970 3689 velimus,
2105 3687 2111 3693 ,
2172 3688 2178 3693 .
2224 3689 2228 3694 ἰ

1350 3693 1447 3735 Vestrae
1472 3693 1672 3733 Amantiffimae
1697 3694 1880 3723 Fraternitati
1890 3699 1954 3733 'pro
1969 3695 2052 3718 tantae
2066 3686 2243 3731 'Diledhonis
2258 3689 2291 3721 &
2311 3689 2362 3722 Fi-

1311 3734 1428 3764 deliratis
1453 3731 1567 3763 Indicio
1592 3732 1739 3763 referentes
1763 3728 1963 3770 plenitudinem
1990 3725 2154 3769 Gratiarum
2166 3748 2176 3764 ,
2204 3725 2364 3760 Cariisimae

1313 3773 1483 3803 Fraternitati
1498 3770 1596 3801 vestrae
1604 3793 1615 3809 ,
1630 3781 1663 3801 ac
1677 3771 1810 3801 omnibus
1822 3768 1879 3797 hoc
1892 3765 1971 3809 Scire
1984 3763 2198 3808 affeetantibus,
2217 3775 2266 3802 per
2282 3765 2362 3798 Prae-

1308 3815 1396 3842 sentes
1411 3808 1596 3846 lignificamus
1611 3810 1691 3847 qubd
1708 3809 1798 3846 placet
1814 3805 1911 3836 Nobis
1931 3812 1990 3839 Jam
2006 3801 2094 3832 duitas
2107 3802 2253 3834 admittere
2267 3803 2363 3840 Treu-

1314 3860 1363 3887 gas
1384 3858 1436 3885 pro
1457 3857 1604 3886 tempore,
1619 3857 1678 3886 quo
1699 3848 1770 3877 inter
1791 3845 1850 3876 Vos
1872 3843 1905 3874 &
1927 3840 2074 3878 praefatum
2094 3839 2209 3880 Regem
2228 3841 2361 3874 Castellae

1313 3886 1510 3919 Adversarium
1533 3886 1655 3916 vestrum
1667 3907 1678 3923 ,
1694 3893 1725 3915 ut
1737 3882 1897 3922 praefertur,
1917 3887 2005 3917 captae
2027 3878 2138 3922 fuerunt
2153 3879 2311 3923 durabunt,
2327 3883 2362 3913 &

1311 3926 1414 3957 nostrae
1427 3924 1593 3955 intentionis
1612 3923 1652 3955 est
1673 3924 1712 3954 eis
1734 3921 1806 3954 velle
1827 3918 1947 3958 gaudere
1962 3939 1972 3956 ‚
1989 3917 2021 3948 &
2037 3926 2068 3947 in
2083 3926 2122 3947 eis
2134 3920 2305 3951 omnimode
2317 3921 2365 3950 in-

1311 3964 1393 3996 cludi.

2289 4003 2376 4044 Seref

2385 3285 2452 3320 426.
