2562 4274
29 1398 154 1430 Anni).

53 1438 140 1475 1406.

26 1480 70 1504 Aa
101 1486 126 1511 7.

28 1520 101 1548 1124.

53 2165 175 2194 wiri.

36 2213 103 2241 435·

147 113 203 163 96
585 94 1832 146 CONVENTIONES‚LITERAE,

3 189 135 226 Arm-D·
218 193 282 226 EX
302 192 469 228 Omnibus,
489 189 523 220 ad
541 199 629 227 quos,
646 190 708 220 &c.
727 186 862 217 Salutem.
1026 226 1031 231 ·
1159 223 1165 229 η
2323 175 2405 225 Am,
2421 177 2466 211 D,

26 230 112 268 1406.
256 232 383 263 Noverit
397 228 574 261 Universitas
590 226 696 263 vestra,
715 224 775 259 &a
794 233 825 254 ut
833 222 919 263 stapra
935 223 1076 264 usqumffl,
1093 222 1210 254 finaliter
1988 228 1994 234 ·
2336 219 2438 257 .1406.

9 274 72 298 Hera.
90 279 119 304 4·
156 270 366 314 concordandi,
385 268 423 304 &¹
440 275 505 312 punc
512 265 568 307 fic,
583 263 800 307 hUJUsOEQdiqqe
814 263 960 307 Treugas,
977 263 1210 306 utP‘aefnitffluss
1303 272 1362 303 Pro
1377 268 1455 302 dicio
1475 268 1612 315 Epifiopo
1623 295 1634 311 ‚
1659 266 1703 300 ad
1712 276 1814 314 partes
1830 266 2063 311 Transmarinas
2076 264 2256 312 profeHuro.
2323 259 2377 285 ‘¹²¹-
2410 265 2438 293 5·

159 320 251 348 captas
263 309 307 339 seu
322 317 420 344 initas,
439 317 466 335 in
481 313 615 334 eventum
631 312 687 340 quo
703 312 732 332 in
751 302 841 339 aliqua
863 301 902 331 sui
918 310 993 339 parte
1013 301 1117 331 fuerint
1133 300 1212 330 defe-
2060 309 2066 315 ⁴
2324 298 2354 321 Η
2375 305 2395 331 4

160 349 264 385 etima,
281 346 424 382 obscurae,
441 343 605 379 diminutae,
624 340 670 371 vel
684 339 1045 378 superfluae,Corrigendi,
1065 338 1215 377 Augendi,

161 388 195 418 &
212 384 383 421 Minucndi,
401 392 433 412 ac
461 382 490 410 in
512 380 636 410 formam
658 379 785 416 bonam,
800 378 920 416 justam,
945 379 978 409 δε
1000 376 1215 413 rationabilem,

160 423 314 456 secundum
329 421 408 459 quod
423 420 461 449 eis
478 419 610 455 Quatuor
624 417 721 455 simul,
741 418 786 448 vel
800 416 908 447 Tribus
919 425 1020 447 eorum
1036 425 1084 453 per
1097 415 1216 452 se(quo-

161 473 226 494 rum
243 471 310 491 unus
324 459 448 489 omnino
464 457 494 486 sit
510 457 636 495 praefatus
649 455 834 486 Reverendus
848 454 929 485 Pater
946 454 1041 484 Frater
1056 452 1147 484 noster
1157 452 1218 483 Ca-

162 499 293 535 riffimus)
311 497 439 534 expedire
456 494 614 533 videbitur,
632 493 801 525 Reducendi
819 503 852 524 ac
875 492 1053 531 Redigendi,
1068 492 1219 530 juramen-

163 547 280 576 tumque
293 535 512 576 quodcuinque,
530 534 639 564 licitum
653 535 686 564 &
702 532 873 569 honestum,
891 532 921 561 in
937 532 1070 561 Animam
1079 529 1221 567 nostram,

164 578 243 608 raetis
258 572 444 605 sacrosanctis
458 571 630 612 Evangeliis,
650 581 682 601 ac
697 572 781 601 etiam
797 571 824 599 in
840 571 932 600 verbo
947 569 1043 608 Regio
1049 567 1221 607 praestandi,

204 612 406 652 Quascumque
421 609 591 649 Cautiones,
610 610 700 640 solitas
715 609 748 640 ὃς
761 607 906 646 honestas,
923 607 1056 639 Nomine
1070 606 1169 637 nostro
1187 606 1221 637 &

166 662 220 692 pro
237 648 352 689 Nobis,
371 649 540 687 Exponendi
553 672 562 688 ,

205 690 338 720 Necnon
353 689 450 718 omnia
463 688 514 720 alia
527 688 560 720 ὃ(
576 686 696 727 singula,
717 683 778 720 &a
791 691 823 715 ut
831 683 917 724 fhpra
931 683 1052 725 usquein
1067 685 1169 713 Finem.

204 727 238 758 In
257 728 352 766 cujus,
370 728 433 758 &c.

205 766 274 798 Dat.
304 774 334 798 ut
349 765 434 804 supra.

854 845 908 873 Per
924 841 1006 882 ipfitm
1019 844 1125 881 Regem.

169 923 292 981 REX
309 923 471 960 Omnibus,
488 922 523 954 ad
538 931 622 960 quos,
639 921 700 952 &c.
718 919 851 952 Salutem.
1206 953 1212 960 .

265 963 394 994 Noverit
412 960 583 993 Univerfitas
598 961 705 997 vestra,
725 957 785 994 &c.
805 967 837 988 ut
845 956 930 997 fiepra
952 955 1031 997 usque
1045 954 1100 994 ibi,
1119 953 1228 984 Domi-

174 1002 228 1031 niis
242 1001 356 1040 nostris,
372 1002 440 1031 citra
455 1001 487 1031 &
505 999 574 1030 ultra
588 998 688 1035 Mare,
706 996 744 1032 (θ’
767 1004 830 1027 tunc
862 1007 886 1026 tc
900 1020 910 1034 .,
939 994 1162 1033 quibuscumque
1183 993 1228 1023 lo-

173 1040 214 1070 cis
231 1040 442 1077 &temporibus
457 1038 618 1076 oportunis,
637 1045 706 1065 cum
719 1035 799 1066 dieto
811 1034 838 1066 A
859 1033 978 1066 versario
989 1032 1086 1064 nostro
1098 1031 1134 1062 de
1141 1031 1165 1062 F
1165 1040 1228 1062 ran-

174 1079 233 1145 ciaI,
252 1076 310 1120 &4
327 1085 359 1106 ut
375 1075 463 1146 gapra
482 1076 604 1117 usquein
618 1077 718 1104 Finem.

228 1125 246 1144 n
264 1125 300 1146 cu
314 1126 342 1145 us
409 1125 437 1146 c.

210 1152 278 1185 Dat.
296 1125 327 1184 iJit
340 1138 425 1191 s'upra.

921 1190 976 1218 Per
990 1186 1074 1227 ipfitm
1089 1188 1194 1225 Regem.

173 1324 231 1354 Pro
261 1318 394 1366 Epistopo
422 1313 609 1358 PVintoniensi
628 1313 671 1347 ad
694 1312 904 1347 Traaandum
923 1312 959 1346 de
977 1315 1053 1346 Pace
1077 1321 1229 1359 perpetua.

176 1404 299 1460 REX
318 1403 480 1441 Omnibus,
497 1401 531 1432 ad
547 1410 616 1440 quos
630 1423 640 1438 ,
658 1401 719 1432 &c.
738 1399 863 1430 Salutem
884 1400 914 1429 in
939 1398 1073 1430 Domino
1087 1397 1233 1436 sempiter-

276 1455 290 1474 a
329 1465 333 1469 .

209 1454 335 1513 Ntilvetiit
347 1479 525 1511 Universitas
539 1477 630 1509 vestra
649 1476 729 1516 quod
751 1475 1055 1517 Nos,·Reverendum
1070 1476 1099 1505 in
1115 1473 1232 1505 Christo

176 1522 305 1559 Patrem,
325 1519 489 1550 Dominum
506 1520 671 1553 Ησπνὶιιιυι,
692 1515 750 1545 Dei
767 1516 852 1551 grstii
869 1537 877 1552 ‚
905 1514 1144 1559 wyntoniensem
1165 1513 1235 1550 Epi-

30 1596 58 1618 H
110 1575 113 1578 ⁴
133 1562 158 1578 ”>
177 1561 312 1598 scopum,
332 1558 454 1588 Fratrem
469 1555 596 1586 nostrum
613 1547 797 1584 Carissimum
819 1552 873 1590 <de
896 1563 973 1590 culus
991 1553 1149 1590 Fidelitate,
1168 1550 1234 1581 Cir-

61 1611 123 1626 ,τω
141 1613 146 1618 .

178 1599 403 1637 cumspec'tioiie,
421 1596 454 1626 &
478 1593 613 1624 Industria
633 1593 746 1632 plenam
768 1593 797 1621 in
821 1591 954 1622 Domino
974 1591 1108 1621 fiduciam
1124 1591 1234 1628 optine-

180 1643 253 1674 mus)
272 1635 399 1667 nostrum
414 1642 535 1670 verum,
553 1640 661 1671 certum
680 1655 687 1668 ,
712 1632 745 1661 Sc
769 1630 957 1661 indubitatum
979 1629 1235 1665 Commissarium,

179 1687 213 1706 ac
228 1685 278 1715 pro
293 1674 409 1711 Nobis,
426 1671 537 1705 Rerxnis
549 1696 556 1708 ,
578 1670 744 1711 Dominiis,
764 1670 798 1700 &
820 1668 958 1708 Subditis,
977 1679 1008 1699 ac
1035 1667 1182 1705 Colligatis
1200 1668 1233 1698 &

181 1713 409 1749 Confoederatis,
427 1710 527 1740 nostris
542 1710 782 1747 quintilemque,
801 1707 975 1745 Deputatum
994 1707 1157 1745 specialem,
1173 1716 1235 1736 me-

179 1752 295 1783 lioribus
311 1752 379 1788 viis,
397 1748 506 1785 modo,
523 1750 556 1781 &
571 1747 661 1777 forma
677 1747 777 1784 quibus
793 1747 952 1784 postumus,
977 1746 1166 1783 Orfflnamus,
1184 1744 1237 1774 Fa-

181 1793 290 1829 cimus,
311 1788 537 1825 Constituimus,
557 1785 713 1823 Creamus,
729 1785 760 1815 &
778 1784 952 1815 Praeficimtis
962 1795 1010 1822 per
1028 1783 1195 1819 Praesentes,

220 1829 330 1859 Dantes
343 1828 376 1858 δε
392 1825 590 1856 Concedentes
604 1823 696 1854 eidem
706 1846 715 1862 ,
733 1823 888 1854 reverendo
903 1823 977 1854 Patri
992 1846 1002 1862 ,
1030 1823 1116 1853 Fratri
1138 1821 1235 1852 nostro

182 1867 336 1898 Carissimo
352 1866 463 1903 plenam
484 1864 517 1894 &
539 1863 654 1893 liberam
678 1862 901 1900 Audieritatem,
921 1861 1111 1900 Potestatem,
1129 1861 1161 1891 &
1185 1861 1237 1891 Fa-

181 1907 332 1944 mitatem,
351 1904 385 1935 ad
399 1902 552 1933 Honorem
568 1901 643 1939 Dei,
656 1901 893 1938 evitationemque
907 1901 1044 1937 sanguinis
1063 1899 1237 1938 Christiani,

182 1944 236 1982 de,
255 1954 324 1982 pro,
341 1944 375 1974 &
389 1942 467 1979 super
481 1939 577 1979 firma,
595 1939 701 1977 stabili,
718 1940 752 1970 &
768 1939 899 1977 perpetua
913 1938 1004 1977 Pace,

219 1981 363 2013 Habenda
380 1981 450 2011 inter
464 1977 551 2016 Nos,
569 1978 704 2008 Haeredes
719 2000 728 2015 ‚
752 1977 932 2008 Successores
945 2000 956 2016 ,
982 1979 1016 2010 &
1036 1976 1188 2015 Subditos,
1206 1985 1240 2007 ac

182 2020 358 2058 Colligatos,
377 2019 410 2050 &
434 2016 655 2048 Confoederatos
677 2015 787 2046 nostros
809 2015 1017 2054 quoscumque,
1035 2015 1194 2053 Regnaque
1209 2015 1243 2045 &
1294 2043 1302 2045 s

185 2059 327 2091 Dominia
344 2056 455 2094 nostra,
475 2057 544 2086 citra
559 2056 592 2086 &
608 2055 678 2086 ultra
694 2053 795 2092 Mare,
813 2065 848 2085 ex
866 2064 920 2084 una
935 2063 1028 2092 parte,
1046 2055 1079 2085 &
1095 2052 1245 2094 Adversa-

186 2102 256 2128 rium
271 2096 385 2137 nostrum
401 2095 432 2124 de
447 2098 581 2132 Francia,
600 2093 755 2132 Haeredes,
774 2093 969 2132 Successores,
986 2095 1020 2125 ὃς
1043 2092 1194 2131 Subditos,
1211 2102 1254 2124 ac⁴

186 2136 358 2174 Colligitos‚
379 2135 411 2165 &
427 2134 444 2153 ³*
465 2132 685 2163 Confoederatos
698 2131 774 2170 suos,
791 2142 825 2163 ac
840 2131 983 2163 Dominia
997 2131 1041 2162 sua
1057 2141 1092 2162 ex
1105 2132 1206 2170 altera,

223 2173 452 2212 Qibuscumque
469 2171 579 2202 Diebus
593 2171 626 2202 &
643 2171 730 2201 Locis
743 2171 905 2208 oportunis,
925 2180 992 2201 cum
1013 2170 1093 2200 dieto
1109 2170 1246 2201 Adversa-

188 2213 232 2244 rio
247 2211 345 2243 nostro
355 2234 364 2250 ‚
382 2210 473 2249 ejusve
487 2209 656 2240 sufficienter
672 2208 822 2247 Deputatis
836 2208 880 2240 seu
895 2208 1072 2248 Deputandis
1081 2210 1108 2238 in
1122 2209 1175 2239 hac
1184 2219 1246 2249 par-

184 2260 231 2290 te,
249 2249 470 2286 (Jonveniendi,
487 2247 661 2286 Traeisandi,
680 2246 908 2286 Componendi,
927 2249 961 2279 &
978 2247 1095 2278 finaliter
1110 2246 1246 2278 Concor-

184 2290 291 2328 dandi,
310 2297 423 2320 necnon
469 2287 637 2324 uascumque
656 2287 714 2316 vias
736 2286 893 2317 inductivas
907 2309 916 2324 ,
940 2296 974 2317 ac
999 2286 1092 2316 media
1111 2286 1188 2317 licita
1209 2287 1243 2317 &

185 2327 319 2366 honesta,
337 2326 371 2358 ad
387 2328 454 2365 huju
467 2324 548 2355 modi
563 2325 671 2355 Pacem
696 2333 748 2361 pro
770 2333 908 2362 perpetuo
931 2324 1098 2356 firmandam
1113 2324 1146 2355 ὅ(
1161 2323 1245 2355 stabi-

187 2366 308 2398 liendam
317 2389 326 2404 ,
344 2363 494 2395 Offerendi
507 2364 541 2395 &
557 2361 762 2400 Prosequendi,

225 2403 406 2441 Ulteriusque
421 2401 574 2439 Faciendi,
592 2400 787 2439 Excercendi,
802 2401 835 2432 &
850 2400 1025 2440 Expediendi
1050 2411 1114 2440 quae
1130 2403 1159 2431 in
1172 2400 1249 2432 Prae-

190 2443 277 2475 missis
289 2442 334 2473 vel
350 2443 426 2471 circa
439 2450 470 2471 ea
485 2439 638 2470 necessaria
660 2439 764 2469 fuerint
784 2439 828 2470 seu
853 2440 1071 2478 quomodolibet
1092 2447 1248 2479 oportuna,

190 2483 278 2513 etiam
295 2481 315 2510 si
334 2481 361 2510 in
377 2478 403 2509 se
420 2477 591 2508 Mandatum
606 2479 721 2513 exigant
732 2476 867 2515 speciale,

226 2519 422 2549 Promittimus
434 2517 539 2554 etiam,
558 2515 635 2546 bona
649 2515 720 2553 fide,
739 2516 772 2545 &
788 2516 876 2546 verbo
892 2515 1017 2554 Regio,
1038 2515 1106 2546 Nos
1122 2516 1247 2554 Ratum,

192 2558 318 2588 Gratum
332 2579 342 2594 ,
360 2557 392 2587 δε
415 2554 543 2584 Firmum
563 2554 701 2591 perpetuis
722 2553 898 2591 temporibus
920 2554 1063 2585 habituros
1083 2555 1196 2584 Totum
1215 2556 1248 2586 &

193 2595 344 2634 Quicquid
354 2615 364 2630 ‚
381 2603 430 2630 per
444 2592 555 2622 dietum
570 2591 770 2622 Reverendum
785 2591 896 2622 Patrem
912 2591 1039 2622 nostrum
1057 2592 1247 2630 carissimum,

194 2634 322 2671 Actum,
342 2632 480 2669 Factum,
499 2629 704 2667 Conventum,
722 2629 768 2659 seu
789 2629 1006 2660 Concordatum
1028 2630 1107 2661 fuerit
1123 2631 1153 2660 in
1175 2630 1251 2660 Prae-

194 2671 301 2710 miffis,
319 2670 363 2701 vel
381 2672 410 2699 in
426 2669 522 2706 aliquo
533 2667 767 2705 Praemissorurn,
788 2669 821 2698 &
833 2669 1002 2705 exponimus
1016 2667 1202 2699 Cautionem.

231 2710 265 2740 In
280 2709 360 2746 cujus
376 2708 414 2738 rci
429 2706 642 2738 Testimonium
657 2708 704 2736 has
721 2705 827 2736 Literas
847 2706 954 2737 nostras
974 2707 1101 2738 Patentes
1115 2705 1195 2746 fieri,
1215 2708 1249 2739 ὅ(

195 2748 248 2778 Ma
269 2749 297 2777 ni
312 2746 403 2784 Sigilli
419 2745 506 2775 nostri
522 2746 679 2774 munimine
695 2744 816 2775 fecimus
829 2746 964 2775 roborari.

266 2794 292 2816 at
317 2787 347 2816 iu
359 2783 468 2814 Palatio
483 2782 569 2823 nostro
585 2785 634 2814 We
657 2795 692 2813 m.
710 2783 845 2814 vicelimo
861 2783 985 2814 secundo
999 2782 1047 2813 die
1063 2782 1170 2814 Martii.

875 2861 928 2890 Per
945 2858 1028 2900 ipficm
1047 2862 1151 2898 Regem.

446 2983 505 3020 Ad
525 2983 733 3017 Traffandum
754 2982 789 3016 de
804 2982 1005 3030 Sponsalibus.

267 3071 350 3110 EX,
368 3069 538 3102 Reverendo
552 3070 582 3099 in
598 3069 715 3100 Christo
735 3069 827 3107 Patri,
853 3069 987 3100 Domino
1007 3072 1139 3107 Henriro,
1158 3070 1257 3101 eadem

287 3110 394 3148 grati-Ei,
413 3107 594 3153 lnyntoniezffi
606 3108 746 3146 Episiopo,
766 3108 853 3138 Fratri
875 3107 973 3138 nostro
1003 3107 1162 3147 carissimo,
1180 3109 1258 3139 Salu-

146 3180 153 3187 .
208 3161 268 3183 tem
284 3151 312 3180 in
329 3148 464 3178 Domino
477 3147 683 3184 sempiternam.

245 3188 289 3220 Ad
305 3185 544 3217 Contrahendum
557 3183 779 3214 Matrimonium
789 3206 798 3222 ,
816 3184 860 3215 seu
875 3183 1030 3222 Sponialia,
1050 3186 1170 3215 nomine
1180 3187 1259 3214 Hen-

136 3221 146 3262 ',
175 3258 182 3264 ,
205 3231 253 3258 rici
270 3228 401 3263 Principis
418 3223 545 3259 Walliae,
563 3225 648 3252 Ducis
669 3222 808 3251 Cornubiae
825 3245 834 3260 ,
857 3222 894 3257 ᾤ’
910 3226 1018 3252 Comitis
1043 3221 1169 3262 Cestriae,
1196 3224 1258 3254 Filii

205 3266 294 3297 nostri
306 3263 510 3299 primogeniti,
527 3262 559 3292 &
575 3270 629 3298 pro
640 3260 717 3299 ipso,
735 3270 805 3290 cum
821 3261 910 3301 aliqua
924 3261 960 3291 de
977 3261 1095 3291 Filiabus
1109 3260 1258 3300 Adversa]-

206 3308 240 3334 rii'
255 3301 336 3370 nosfri
349 3301 381 3330 de
393 3303 526 3337 Francia,
544 3300 576 3329 in
590 3308 674 3337 quam
688 3299 764 3329 idem
780 3297 988 3339 Primogenitus
1003 3299 1096 3329 noster
1114 3301 1254 3332 consenti-

209 3353 240 3373 re
256 3351 294 3371 vo
304 3348 374 3370 uerit

246 3361 424 3410 Necnon’de
439 3375 534 3413 Dote,
553 3375 718 3406 Donatione
731 3397 740 3412 ,
768 3382 882 3412 propter
903 3374 1029 3412 Nuptias
1043 3397 1052 3413 ,
1077 3376 1110 3406 &
1125 3375 1182 3405 aliis
1197 3376 1259 3412 qui-

205 3418 399 3455 buscumque,
416 3415 491 3444 circa
505 3413 670 3451 praesentem
686 3414 832 3443 materiam
847 3414 1063 3451 quomodolibet
1085 3412 1260 3452 necessariis,

209 3457 338 3492 utilibus,
358 3454 403 3482 vel
418 3453 584 3489 oportunis,

245 3494 326 3525 Cum
340 3490 563 3528 quibuscumque
577 3488 720 3527 Personis,
737 3489 770 3519 ad
785 3489 842 3519 hoc
865 3489 1030 3520 sufficienter
1051 3489 1200 3527 Deputatis
1214 3489 1259 3520 seu

206 3530 400 3570 Deputandis,
419 3527 591 3570 Tradiandi,
610 3526 829 3565 Componendi,
849 3528 881 3558 ὅ(
906 3527 1129 3565 Concordandi,
1147 3537 1261 3558 caetera-

205 3582 261 3610 que
273 3569 370 3600 omnia
383 3568 415 3597 &
431 3566 536 3599 lingula
552 3565 701 3602 Faciendi,
721 3565 912 3602 Excercendi,
930 3568 963 3598 ὅ(
992 3566 1181 3604 Expediendi,
1198 3575 1261 3604 quae

208 3612 238 3640 in
254 3610 311 3639 boc
327 3605 389 3636 casu
406 3605 554 3634 necessfiria
566 3604 668 3634 fuerint
681 3604 725 3633 seu
741 3604 959 3641 quomodolibet
974 3613 1128 3641 oportuna,
1147 3605 1261 3641 praefato

208 3648 337 3678 l-lenrico
356 3643 555 3678 Primogenito
577 3641 672 3671 nostro
688 3665 697 3678 ,
723 3642 756 3672 ἃ
772 3643 854 3672 vobis
868 3644 971 3679 etiam,
998 3642 1165 3673 Reverende
1182 3641 1262 3673 Pater

209 3685 256 3718 (de
272 3686 348 3721 cujus
364 3680 510 3718 fidelitate,
529 3679 797 3716 circumspectione,
825 3681 857 3711 &
879 3679 1010 3710 industria
1030 3681 1138 3717 plenam
1152 3681 1180 3709 in
1198 3680 1263 3710 Do-

210 3724 291 3752 mino
305 3720 437 3751 fiduciam
454 3719 630 3756 optinemus)
659 3718 769 3754 plenam
792 3719 823 3748 &
846 3718 963 3748 liberam
982 3718 1150 3748 potestatem
1165 3729 1197 3748 ac
1214 3718 1264 3748 Li-

210 3762 331 3790 centiam
348 3757 494 3795 specialem
509 3778 519 3793 ,
544 3764 680 3793 quantum
704 3757 732 3784 in
747 3755 845 3784 Nobis
863 3756 903 3785 est
926 3757 959 3786 δε
981 3756 1014 3786 ad
1033 3756 1098 3786 Nos
1124 3758 1262 3795 pertinet,

212 3798 432 3827 Coinm'ittimus
448 3796 480 3825 δε
501 3793 698 3823 Concedimus
710 3803 759 3830 per
774 3793 932 3823 Praesentes.

251 3834 281 3863 ln
297 3835 375 3868 cuins
390 3834 429 3862 rei
443 3832 658 3862 Testimonium
674 3832 721 3861 has
738 3831 843 3860 Literas
867 3831 970 3861 nostras
984 3830 1113 3862 Parentes
1135 3831 1194 3862 fieri
1204 3855 1214 3871 ‚
1231 3832 1265 3863 &

217 3871 323 3908 Magni
338 3872 427 3906 Sigilli
444 3870 528 3900 nostri
545 3870 704 3900 munimine
718 3868 838 3899 fecimus
857 3870 989 3898 roborari.

251 3908 320 3940 Dat.
338 3910 369 3938 in
383 3908 494 3939 Palatio
502 3907 591 3948 ‘nostro
607 3907 713 3944 Wstm.
732 3907 867 3939 vicesimo
881 3907 1006 3938 secundo
1022 3906 1067 3937 die
1084 3906 1191 3938 Martii.

968 3983 1020 4029 Per
1034 3982 1114 4021 ipsam
1129 3985 1232 4023 Regem.

1263 1371 1349 1413 ford,
1365 1384 1394 1405 in
1409 1375 1531 1406 Servitio
1546 1374 1661 1412 nostro,
1680 1381 1744 1404 ante
1757 1374 1820 1403 liaec
1835 1380 1965 1410 tempora
1975 1393 1985 1408 ,
2002 1370 2098 1401 habuit
2112 1370 2147 1401 &
2163 1370 2247 1408 fecit,

1251 353 1461 424 CAriffimus
1475 352 1568 383 Frater
1582 352 1692 391 Regis,
1709 354 1841 382 Hem-icus
1857 349 1998 395 Epifiopus
2007 348 2222 391 Wntonienfis,
2241 349 2309 389 qui,
2326 333 2391 399 {⁶¹¹²-
2405 342 2443 361 ''¹-

1333 394 1363 423 in
1379 391 1555 429 Obsequium
1571 391 1660 430 Regis
1669 391 1722 428 ,de
1738 390 1877 421 Mandato
1884 389 1990 426 Regis,
2007 388 2098 419 versus
2105 398 2194 426 partes
2208 388 2309 419 stans-

1254 432 1371 461 marinas
1384 430 1561 468 profecturus
1578 428 1635 468 est,
1653 429 1737 459 habet
1753 429 1860 460 Litetas
1874 427 1966 464 Regis
1979 427 2015 457 de
2028 426 2161 458 Generali
2175 427 2312 458 Attorna·

1253 477 1302 507 t0,
1320 469 1370 499 sub
1387 468 1566 498 Nominibus
1581 466 1687 497 Thomae
1712 466 1834 512 Langley
1848 465 2017 496 Cancellarii
2032 464 2147 502 Angliae
2162 488 2172 504 ‚
2195 467 2228 496 &
2243 464 2315 494 Tho-

1255 518 1305 536 mae
1320 509 1431 537 Domini
1446 506 1478 535 de
1493 505 1638 535 Furneval
1648 505 1824 536 Thesaurarii
1841 505 1971 544 Angliae,
1992 503 2043 534 sub
2063 503 2265 542 alternatione,
2279 502 2315 534 ad

1256 545 1425 613 lucrandum
1434 567 1444 582 ,
1458 544 1519 575 &c.
1535 545 1564 574 in
1579 542 1801 583 quibuscumque
1816 542 1910 574 Curiis
1926 542 2058 581 Angliae,
2075 551 2126 580 per
2149 551 2238 573 unuin
2256 543 2318 572 An-

1259 594 1330 615 num
1361 592 1492 614 uratuaas.

1296 621 1385 691 ’ἓξὲξ
1401 622 1486 697 ὅΗῖἓὲε
1503 658 1576 698 apud
1591 657 1865 699 Wstmonallerium,
1881 659 2018 690 vicesimo
2033 664 2133 699 quarto
2149 657 2196 688 die
2212 655 2320 688 Martii.

1366 735 1551 768 Cancellarius
1574 738 1669 774 recepit
1690 737 1938 766 Attornamentum
1966 735 2046 776 usque
2072 735 2199 765 Reditum
2218 734 2321 774 Consti-

1414 778 1514 806 tuenti's
1532 778 1561 804 in
1577 773 1722 812 Angliam.

1299 852 1378 884 Idem
1399 852 1552 883 cariffimus
1566 852 1660 882 Frater
1677 851 1767 889 Regis
1787 850 1838 881 sub
1858 850 2025 881 nominibus
2046 849 2155 881 Thomae
2176 850 2318 882 Chauciers

1264 891 1297 923 δί
1315 891 1445 921 Richardi
1462 893 1556 932 Wyot,
1574 890 1634 926 &a
1653 897 1684 920 ut
1691 888 1787 929 [ἔφη.

1301 930 1391 961 Teste
1408 929 1488 969 Rege
1501 929 1574 968 apud
1587 927 1843 969 Wstmonasterium
1850 950 1861 966 ,
1881 926 2015 958 vicesimo
2030 934 2129 965 quarto
2136 926 2184 958 die
2193 926 2302 958 Martii.

1380 1004 1570 1037 Cancellarius
1586 1008 1684 1045 recepit
1701 1008 1968 1043 Attornamentum,
1984 1003 2045 1039 &c-
2062 1009 2095 1033 ut
2103 1001 2202 1043 ficpra.

1570 1132 1598 1160 ὃ*
1622 1136 1714 1180 Super
1732 1131 1823 1166 Fano
1843 1133 2026 1165 Armorum.

1270 1218 1325 1273 R
1336 1219 1413 1290 ESX
1424 1219 1588 1289 anibtciis,
1605 1219 1639 1251 ad
1652 1228 1742 1259 qu08,
1760 1218 1823 1250 &c.
1840 1215 1973 1248 Salutem„
2343 1226 2421 1258 Αῃῃ,
2438 1225 2481 1257 Ι),-

1387 1268 1465 1290 ciatis
1504 1262 1544 1290 υὸ
2202 1280 2205 1282 v

1305 1294 1353 1326 De
1369 1297 1469 1329 Gratia
1483 1270 1582 1328 iiostra’
1597 1296 1707 1335 speciali
1723 1318 1733 1334 ,
1758 1296 1791 1327 &
1810 1293 2044 1325 consideratione
2067 1291 2245 1330 Magnorum
2264 1291 2327 1323 Cu·
2341 1267 2460 1340 Axe-⁶⁶

1270 1331 1382 1380 stuum',
1400 1346 1485 1375 quos,
1502 1336 1635 1367 Dilectus
1649 1337 1682 1367 ὅ(
1699 1334 1799 1365 Fidelis
1815 1333 1900 1364 Miles
1914 1330 2023 1369 nester,
2043 1331 2182 1362 imlterus
2203 1333 2330 1370 Hunger-
2344 1347 2371 1370 H
2397 1353 2428 1380 4,

1280 1449 1285 1454 ,
1307 1411 1342 1443 Et
1357 1413 1512 1451 specialiter
1531 1413 1591 1451 jam
1607 1413 1687 1444 tarde
1710 1411 1784 1450 apud
1807 1409 1915 1441 Villam
1935 1408 2062 1440 nostram
2079 1407 2199 1446 Calesii,
2218 1409 2269 1440 ubi
2284 1408 2328 1446 ip·
2346 1385 2474 1457 2³4⁷?—

1269 1453 1312 1488 ie,
1331 1462 1400 1482 cum
1415 1462 1474 1482 uno
1492 1451 1587 1482 Milite
1600 1451 1727 1482 Franciae
1760 1449 1794 1480 ad
1809 1448 1964 1480 Honorem
1979 1446 2108 1479 nostrum
2124 1447 2158 1479 &
2172 1447 2269 1488 Regni
2277 1457 2331 1478 no·
2350 1467 2376 1487 2⁸
2389 1467 2426 1488 m.
2440 1466 2474 1494 ,μ

1271 1489 1319 1519 stri
1332 1513 1341 1526 ,
1359 1491 1387 1521 in
1406 1491 1501 1521 Armis
1514 1491 1612 1521 habuit
1627 1489 1719 1520 facien
1740 1498 1808 1526 um,

1309 1528 1510 1559 Conceffimus
1525 1530 1551 1559 ei
1568 1530 1624 1559 illas
1639 1528 1768 1559 Centum
1785 1526 1900 1557 Marcas

1310 1567 1407 1597 Nonis
1424 1567 1527 1598 iebitas
1540 1568 1575 1598 de
1591 1567 1743 1598 Annuitate
1757 1563 1888 1596 Centum
1901 1549 2085 1607 Marcaruml,
2105 1572 2188 1601 quas,
2197 1561 2330 1607 Dilezfilms

1273 1607 1305 1636 ὃ(
1324 1605 1425 1636 Fidelis
1443 1606 1529 1637 Miles
1543 1605 1653 1642 noster,
1669 1601 1949 1644 Johanne55Ayrshle
1967 1603 2086 1640 percipit
2108 1602 2144 1632 de
2165 1601 2280 1639 Nobis,
2296 1601 2334 1632 ad

1280 1644 1446 1674 Terminus:
1467 1644 1539 1675 Vitae
1551 1644 1623 1682 suae,
1641 1654 1689 1682 per
1704 1652 1802 1673 manus
1818 1635 2024 1672 Constabulatii
2042 1641 2080 1672 δε
2095 1639 2225 1670 Firmarii
2239 1638 2336 1670 Castri

1274 1683 1306 1712 ὃς
1322 1683 1402 1712 'i'v'llae
1417 1682 1580 1713 nostrorum
1593 1683 1630 1713 de
1644 1680 1827 1717 Marlebergh
1866 1679 1949 1710 causa
1970 1679 2185 1717 Resumptionis
2207 1678 2335 1716 ejusdem

1275 1721 1434 1751 Annuitatis
1449 1723 1483 1753 &
1495 1723 1611 1752 aliarum
1627 1722 1656 1750 in
1673 1729 1774 1751 manus
1789 1702 1893 1750 nostras
1914 1719 2017 1750 virtute
2035 1717 2216 1748 Parliamenti
2229 1715 2337 1755 nostri,

1275 1760 1347 1797 apud
1363 1759 1508 1790 Coventre
1526 1770 1612 1797 nuper
1630 1760 1716 1797 tenti,

1311 1797 1463 1866 fhbfflldss
1479 1797 1626 1836 praedictas
1638 1797 1768 1829 Centum
1785 1794 1899 1826 Marcas
1915 1794 1951 1826 de
1965 1794 2057 1826 Dono
2072 1793 2180 1825 nostro.

1328 1847 1344 1866 n
1365 1846 1459 1876 cujus,
1478 1839 1538 1868 &c.

1280 1913 1314 1943 *1
1347 1875 1435 1918 'Peste
1464 1874 1550 1914 Rege
1574 1874 1647 1914 apud
1674 1870 1932 1914 Westmonaflerium
1952 1894 1963 1911 ,
1994 1871 2132 1903 vicesimo
2160 1871 2263 1909 quinto
2289 1869 2336 1902 die

1277 1921 1301 1943 [ν
1316 1922 1385 1945 artu.

2348 1149 2367 1170 ³*
2393 1149 2479 1180 viii.

2365 1191 2434 1226 43⁶·

1821 1952 1876 1980 Per
1894 1947 1997 1979 Billam
2015 1948 2048 1979 de
2064 1950 2185 1979 Privato
2201 1946 2302 1986 Sigillo.

1281 2090 1330 2121 De
1359 2086 1533 2134 Recipiendo
1563 2085 1691 2120 Rebelles
1714 2085 1758 2119 ad
1783 2087 1927 2118 Gratlam
1947 2094 2002 2130 per
2032 2085 2119 2136 Fines
2135 2086 2172 2122 ᾤ’
2195 2083 2341 2130 Redemp-

1771 2137 1863 2166 tiones
1873 2161 1881 2170 .

1347 2222 1369 2253 E
1380 2222 1427 2261 X,
1445 2222 1565 2253 Dileeto
1580 2222 1611 2253 St
1629 2222 1637 2250 l
1652 2221 1712 2251 vicli
1731 2219 1953 2257 Consanguineo
1966 2218 2030 2257 suo,
2047 2219 2163 2249 Ricardo
2178 2221 2294 2249 Domino
2311 2217 2344 2248 de
2365 2203 2494 2238 Arm-D-

1363 2265 1452 2307 orry,
1469 2272 1521 2300 ac,
1540 2260 1659 2291 Dilecto
1682 2261 1731 2290 ribi
1749 2260 1778 2289 in
1801 2257 1920 2289 Christo
1934 2280 1943 2296 ,
1966 2260 2056 2288 Prion·
2077 2257 2109 2288 de
2131 2260 2277 2298 Ewmny,
2294 2256 2344 2288 sa·
2360 2243 2478 2317 1424?-

1282 2301 1420 2369 luthcrizitis
1435 2338 1534 2377 quod,
2363 2325 2402 2388 ᾖ.
2402 2331 2481 2387 13⁴3„-

1321 2377 1403 2408 Crini
1420 2378 1646 2408 constituerimus
1659 2400 1669 2415 ,
1694 2375 1866 2407 carissimum
1889 2374 1995 2406 Filium
2016 2373 2146 2405 nostrum
2167 2372 2345 2413 Primogeni-

1285 2424 1344 2447 tum
1361 2439 1370 2454 ,
1386 2418 1533 2446 Hearicum
1546 2418 1693 2453 Principem
1716 2413 1826 2444 Walliae
1847 2414 1962 2444 Locum
1985 2413 2122 2444 nostrum
2138 2420 2286 2443 tenentem
2314 2413 2345 2442 in
2368 2407 2412 2436 39·

1285 2455 1406 2495 partibus
1427 2454 1598 2485 Suthwalliae
1619 2454 1652 2484 δε
1676 2452 1895 2490 Northwalliae,
1918 2462 1951 2482 ac
1971 2450 2111 2482 Marcbiis
2133 2450 2232 2493 Regni
2254 2449 2346 2479 nostri

1285 2494 1395 2527 Analiae
1411 2492 1514 2523 eisdem
1531 2493 1653 2530 partibus
1668 2491 1858 2530 adjacentibus
1870 2513 1880 2528 ,
1904 2500 1918 2519 a
1935 2489 2007 2519 Data
2028 2487 2214 2518 Praesentium
2227 2509 2238 2526 ,
2261 2486 2345 2526 usque

1286 2531 1320 2561 ad
1333 2525 1449 2561 Festum
1467 2531 1566 2562 Sancti
1582 2530 1701 2560 Martini
1715 2530 1743 2559 in
1760 2529 1853 2559 Yerrie
1868 2528 2002 2565 proximo
2016 2526 2158 2562 futurum,

1324 2569 1362 2599 Et
1399 2571 1469 2599 inter
1484 2569 1535 2599 alia
1549 2591 1559 2606 ‚
1585 2567 1744 2597 dederimus
1757 2565 1872 2604 praefito
1893 2563 2090 2603 Primogenito
2115 2563 2211 2594 nostro
2235 2562 2346 2600 plenam

1288 2591 1457 2637 Poteiiatem
1477 2606 1512 2636 ad
1535 2615 1634 2635 omnes
1655 2606 1689 2636 &
1712 2604 1831 2644 singulos
1855 2603 1984 2647 Rebelles
2006 2601 2117 2632 nostros
2135 2625 2145 2640 ,
2169 2601 2297 2632 Partium
2312 2602 2346 2632 &

1289 2645 1483 2675 Maircliiarum
1506 2643 1705 2681 praedictarum
1733 2643 1780 2679 (ad
1803 2641 1936 2672 Gratiam
1957 2640 2081 2672 nostram
2104 2641 2188 2678 gratis
2202 2641 2298 2672 venire
2312 2641 2346 2672 &

1289 2693 1352 2713 eam
1370 2691 1461 2720 petere
1478 2681 1622 2717 volentes)
1645 2681 1678 2711 ad
1694 2680 1814 2710 eandem
1831 2679 1982 2717 Gratiam,

1327 2720 1380 2751 Per
1395 2721 1477 2750 Fines
1490 2720 1523 2751 ὃς
1547 2719 1786 2756 Redemptiones,
1805 2717 1839 2748 ad
1861 2727 1932 2755 opus
1954 2716 2083 2748 nostruin
2100 2739 2110 2756 ,
2133 2716 2203 2755 illis,
2221 2727 2291 2756 quos
2310 2715 2346 2748 ad

1289 2760 1347 2789 hoc
1370 2759 1494 2797 deputari
1515 2758 1669 2788 fecerimus
1682 2779 1692 2794 ,
1713 2767 1762 2794 per
1782 2756 2091 2786 Contrarotulationem
2106 2779 2116 2793 ‚
2141 2755 2238 2787 dileffi
2250 2756 2346 2793 nobis,

1290 2797 1431 2837 Johannis
1446 2796 1605 2826 Bodenham
1626 2796 1728 2833 (quem
1744 2795 1777 2825 ad
1793 2794 1953 2832 hujusmodi
1972 2793 2279 2825 Contrarotulationern
2302 2793 2345 2824 fa-

1291 2836 1420 2867 ciendam
1436 2835 1559 2865 fimiliter
1574 2834 1802 2871 Deputavimus)
1820 2833 2044 2871 solvendos,pr0
2052 2832 2135 2870 Vita,
2155 2833 2270 2870 Terris,
2282 2831 2345 2862 Te-

1291 2876 1444 2911 rie-mentis,
1462 2874 1496 2904 &
1510 2872 1731 2903 Poffeffionibus
1765 2882 1799 2903 ac
1821 2871 1921 2910 Bonis,
1936 2872 1969 2902 ὃς
1992 2870 2106 2902 Catallis
2128 2869 2198 2908 suis,
2214 2870 2270 2900 five
2292 2880 2345 2908 pro

1292 2923 1393 2944 eorum
1408 2912 1476 2943 Vita
1490 2920 1617 2949 tantum,
1634 2895 1784 2947 habendis,
2068 2946 2073 2951 .
2090 2922 2092 2926 ·

1328 2951 1413 2989 Juitta
1429 2949 1639 2980 Discretionem
1655 2949 1763 2985 praefati
1778 2948 1967 2984 Primogeniti
1987 2945 2075 2976 nostri
2089 2969 2099 2984 ,
2124 2956 2157 2977 ac
2173 2945 2346 2978 Substituto-

1294 3000 1359 3033 rum
1372 2990 1415 3058 &d
1421 2988 1630 3027 Deputatorum
1644 2987 1758 3017 suorum
1767 3009 1777 3025 ,
1794 2988 1824 3016 iu
1839 2987 1892 3016 hac
1906 2993 1984 3023 parte
1999 2984 2214 3022 Recipiendum
2228 2986 2263 3018 &
2286 2985 2348 3017 Ad-

1296 3037 1396 3059 mitten
1418 3037 1467 3057 um

1333 3066 1369 3097 Et
1385 3067 1441 3104 eis,
1457 3049 1491 3097 ἐς
1509 3074 1610 3097 eorum
1629 3064 1763 3102 cuilibet,
1787 3061 2022 3093 Pardonationem
2042 3060 2078 3091 de
2093 3060 2178 3092 Seeta
2195 3061 2276 3093 Pacis
2295 3073 2349 3093 no·

1296 3103 1378 3141 strae,
1393 3104 1428 3134 ad
1445 3104 1512 3134 Nos
1526 3104 1683 3141 pertinente
1697 3125 1707 3141 ,
1724 3102 1784 3132 tam
1806 3101 1985 3138 generaliter,
2003 3099 2089 3137 quam
2110 3100 2280 3139 specialiter,
2297 3111 2349 3139 pro

1294 3143 1472 3173 omnimodis
1483 3142 1711 3178 Proditionibus,
1729 3139 1992 3176 Insui-reicionibuffi
2012 3137 2246 3177 Rebellionibus‚
2264 3140 2347 3170 Felo-

1295 3182 1364 3219 niis,
1382 3180 1617 3216 Adhaesionibus,
1641 3177 1916 3216 Transgreffionibus
1930 3199 1940 3214 ,
1968 3175 2214 3215 Mesprifionibus,
2230 3178 2264 3208 &
2282 3177 2348 3208 Ma-

1296 3219 1404 3249 lefaffis
1420 3217 1660 3257 quibuscumque,
1680 3226 1727 3253 per
1744 3216 1815 3253 ipsos
1827 3217 1856 3245 in
1871 3215 1997 3245 Partibus
2011 3215 2044 3245 &
2060 3214 2198 3246 Marchiis
2205 3216 2348 3253 praedietis

1297 3257 1376 3287 factis
1388 3259 1421 3289 &
1435 3256 1612 3294 perpetratis,
1630 3254 1805 3285 Faciendum
1819 3277 1829 3293 ,
1847 3254 1879 3284 ὃ(
1902 3253 2028 3284 Firmam
2045 3252 2152 3284 Pacem
2165 3253 2292 3284 nostram
2309 3254 2349 3284 eis

1298 3296 1366 3325 inde
1381 3292 1617 3331 concedendum,

1335 3334 1380 3364 Ac
1395 3334 1433 3363 eis
1447 3333 1565 3369 Terras,
1582 3332 1778 3368 Tenementa,
1797 3330 1830 3360 ὅ(
1852 3329 2040 3361 Posseffiones
2059 3329 2103 3360 sua
2125 3328 2282 3366 hujusmodi
2297 3351 2306 3366 ‚
2329 3328 2350 3359 si

1297 3371 1409 3403 neceffe
1422 3370 1520 3409 fuerit,
1540 3370 1676 3401 Dandum
1712 3368 1943 3400 Concedendum
1952 3392 1961 3407 ,
1978 3370 2010 3400 &
2021 3368 2147 3399 Liberari
2157 3366 2332 3397 Faciendum
2341 3389 2351 3405 ,

1335 3411 1380 3440 Ac
1395 3409 1474 3447 super
1490 3410 1547 3439 lioc
1566 3409 1671 3439 Literas
1685 3393 1883 3446 Fatentes,sub
1897 3408 2013 3445 proprio
2027 3405 2126 3449 Sigillo
2139 3404 2220 3444 ipfius
2235 3403 2350 3435 Primo-

1299 3449 1386 3487 geniti
1401 3447 1508 3485 nostri,
1528 3448 1567 3477 eis
1584 3447 1650 3477 inde
1665 3448 1694 3476 in
1709 3446 1801 3476 forma
1816 3445 1908 3476 debita
1923 3445 1984 3475 fieri
1995 3441 2174 3479 faciendum,

1336 3485 1377 3516 Ita
1395 3485 1475 3525 quod
1490 3485 1607 3525 quilibet
1622 3495 1740 3523 eorum,
1758 3485 1806 3522 qui
1821 3483 1983 3522 hujusmodi
1998 3482 2105 3512 Literas
2119 3480 2156 3510 de
2171 3479 2353 3513 Pardonatio-

1299 3536 1335 3555 ne
1348 3534 1400 3562 pro
1415 3525 1469 3554 vita
1476 3524 1520 3554 sua
1529 3533 1591 3561 ,aut
1605 3523 1640 3553 de
1648 3523 1814 3553 Donatione
1827 3523 1859 3553 &
1869 3519 2061 3552 Conceffione
2068 3517 2238 3561 Terrarum,
2251 3520 2351 3550 Tene-

1301 3572 1480 3600 mentorum,
1499 3563 1531 3593 &
1548 3560 1755 3592 Poffeffionum
1770 3564 1898 3598 suorum,
1915 3558 1953 3588 fic
1974 3558 2120 3599 habuerit,
2136 3564 2286 3594 antequam
2303 3558 2354 3588 Li-

1300 3602 1474 3632 berationem
1490 3600 1556 3630 inde
1570 3600 1685 3637 babeat,
1703 3599 1764 3631 talia
1783 3598 1876 3629 Feoda
1891 3606 1943 3635 pro
1951 3595 2053 3626 eisdem
2069 3593 2184 3632 Literis,
2202 3595 2291 3633 qualia
2297 3605 2352 3634 pro

1302 3640 1417 3676 Magno
1433 3638 1530 3677 Sigillo
1552 3638 1648 3668 nostro
1668 3639 1699 3668 in
1721 3637 1793 3668 Casu
1816 3633 1957 3666 consimili
1977 3632 2143 3675 solvuntur,
2159 3632 2194 3662 ad
2209 3643 2280 3670 opus
2300 3644 2356 3664 no-

1301 3678 1387 3708 strum
1402 3676 1507 3714 solvat,
1525 3685 1607 3714 prout
1623 3678 1654 3706 in
1675 3676 1774 3708 Literis
1795 3674 1897 3706 nostris
1923 3671 2099 3706 Patentibus,
2116 3669 2184 3700 inde
2199 3670 2356 3711 confeffis,

1304 3716 1413 3754 plenius
1427 3716 1601 3753 continetur,
2054 3745 2060 3751 ,

1339 3754 1408 3784 Nos
1447 3753 1482 3783 de
1498 3753 1642 3783 Fidelitate
1659 3754 1692 3784 &
1709 3747 1971 3789 circumspectione
1979 3744 2074 3777 vestris
2089 3745 2196 3789 plenius
2211 3747 2358 3779 confiden-
2392 3781 2395 3783 Α

1303 3793 1361 3827 tes)
1381 3792 1407 3821 A
1431 3792 1594 3828 ignavimus
1610 3801 1661 3821 vos
1677 3788 1737 3821 tam
1751 3789 1785 3819 ad
1799 3795 1902 3817 omnes
1919 3787 1952 3817 &
1973 3783 2095 3828 singulos
2107 3784 2268 3822 hujusmodi
2275 3786 2359 3819 Fines

1304 3832 1337 3862 &
1351 3829 1574 3866 Redemptiones
1584 3852 1593 3867 ,
1613 3830 1683 3860 cum
1707 3838 1756 3866 per
1769 3825 1917 3864 praesatum
1933 3823 2160 3866 Primogenitum
2177 3823 2305 3855 nostrum
2320 3827 2358 3857 fic

1304 3867 1389 3898 faeta:
1402 3867 1524 3905 fuerint,
1538 3868 1624 3906 quam
1640 3867 1737 3896 omnia
1751 3865 1784 3895 &
1800 3862 1904 3906 singula
1925 3861 2036 3905 Feoda,
2054 3860 2150 3891 Nobis
2162 3861 2198 3892 de
2212 3863 2358 3901 hujusmo-

1306 3907 1335 3937 di
1353 3906 1471 3943 Literis,
1490 3906 1560 3936 cum
1575 3905 1611 3935 sic
1625 3904 1760 3940 sigillatae
1775 3901 1908 3938 existant,
1925 3899 2035 3935 debita,
2073 3899 2186 3930 uamdiu
2203 3902 2285 3931 nobis
2299 3901 2357 3940 pla-

1307 3945 1416 3981 cuerit,
1432 3943 1547 3973 durante
1560 3943 1703 3973 Termino
1720 3939 1878 3982 praedicto,
1888 3937 1923 3967 ad
1936 3947 2006 3980 opus
2014 3946 2053 3967 no
2081 3947 2158 3976 rum,
2174 3948 2223 3975 per
2238 3939 2258 3959 ²¹⁸
2273 3938 2357 3971 Con-

1308 3981 1548 4014 uarotulationem
1562 3980 1728 4020 praediCtam
1740 3980 1770 4008 in
1790 3976 1882 4007 forma
1896 3975 2031 4016 praedieta
2046 3998 2056 4015 ,
2079 3975 2310 4017 Recipiendum,
2327 3978 2361 4009 &

1634 4031 1637 4033 .
2312 4025 2362 4054 a,

2393 3957 2510 3993 *Vllig

2410 4005 2475 4033 437-
