2562 4274
55 168 190 203 Ann.D.

79 209 155 248 1416

58 254 124 280 Heu,
138 257 163 282 5.

77 290 94 306 ⁴*
117 287 170 314 IX.

97 334 164 362 4¹¹·

133 1788 197 1817 Ibat

208 84 289 132 184

210 173 278 199 cutn
295 176 396 198 eorum
414 164 610 197 Incidentibus
624 186 635 201 ,
651 162 881 200 emergentibus,
897 159 1136 199 dependentibus,
1154 157 1187 188 &
1206 166 1278 188 con-

208 217 286 237 nexis

245 241 264 265 ²³⁸
284 228 414 275 t’xiecnon
430 241 527 272 omnia
549 240 582 270 &
604 239 709 275 singula
723 261 732 277 ,
750 249 814 276 quae
831 238 869 270 fic
883 237 1017 269 Tractata
1031 258 1040 273 ,
1058 233 1231 271 Conventa,
1247 232 1280 263 &

210 283 396 314 Concordata
411 280 528 317 fuerint,
546 288 614 309 cum
629 279 711 307 omni
724 277 880 308 Securitate
892 299 904 316 ,
920 275 1014 307 debita
1028 275 1060 305 &
1074 271 1191 303 honesta
1201 293 1210 309 ,
1227 280 1280 308 pro

209 322 309 354 Nobis
324 322 357 352 ὃς
373 319 512 350 Nomine
525 316 623 347 nostro
633 339 642 353 ,
661 315 860 354 firmandum,

251 359 288 390 Et
305 358 383 398 quod
402 357 470 388 Nos
488 355 649 393 hujusmodi
664 377 673 392 ,
691 354 728 385 sic
748 353 931 384 Concordata
945 375 955 390 ,
971 361 1019 389 per
1041 350 1158 380 Litteras
1175 346 1282 390 nostras

212 398 340 430 Parentes
357 419 367 434 ,
400 395 450 426 sub
476 394 574 433 Sigillo
601 393 699 423 nostro
728 391 844 430 Magno
869 391 1031 430 sigillandas
1048 411 1058 426 ,
1085 386 1282 418 confirmabi-

213 447 278 469 mus

251 459 299 505 Ac³
314 472 474 504 consimiles
488 470 674 501 Securitatem
690 470 723 500 ὅ(
739 468 1001 500 Confirmationem
1017 488 1027 502 ,
1045 474 1097 503 pro
1113 463 1233 501 Nobis,
1249 462 1282 493 ὅτ.

213 514 333 544 nomine
348 510 446 541 nostro
463 534 472 548 ,
490 510 506 539 a
521 509 640 549 praefato
657 508 754 538 illustri
770 511 838 544 Rege
855 510 1031 542 Arragomem
1047 527 1056 542 ,
1073 503 1116 533 seu
1131 503 1166 532 ab
1181 502 1240 539 ejus
1255 502 1284 529 in

213 551 248 582 ea
263 559 338 589 parte
358 549 527 580 sufficienter
549 547 696 587 Deputatis
718 555 763 577 aut
779 545 956 584 Deputandis
970 565 980 581 ,
995 541 1174 577 Petendum,
1193 540 1287 577 Stipu-

215 589 347 626 landum,
365 589 399 619 ἕξ
415 587 628 625 Recipiendum
639 610 648 624 ‚

248 627 458 666 jurandumque
487 627 516 656 in
545 626 669 655 animam
695 622 820 652 nostram
842 620 921 660 quod
950 619 1062 650 trastata
1084 641 1094 657 ,
1129 623 1288 659 conventa,

217 667 251 696 δε
267 665 441 697 concordata
461 663 618 702 hujusmodi
637 673 691 693 rata
714 662 877 692 habebimus
896 660 930 690 &
946 668 1024 695 grata
1053 680 1063 696 ,
1098 666 1152 687 nec
1183 654 1286 692 aliquid

237 705 437 736 iocur-abimus
459 726 469 740 ,
503 712 547 733 aut
563 702 700 732 faciemus
722 723 731 737 ,
766 709 815 737 per
837 698 915 738 quod
937 697 1049 728 transtata
1065 696 1098 727 &
1115 694 1289 725 concordata

242 742 380 812 υὲᾳῆῃοάί
396 741 502 773 effeetu
517 739 613 771 debito
628 739 750 770 frustrari
766 745 896 776 poterunt
910 759 920 775 ,
937 744 984 766 aut
997 733 1218 775 quomodolibet
1233 733 1288 762 im—

241 792 256 814 e
278 792 309 812 iri

219 792 239 821 p
255 820 302 852 Ac
318 804 511 858 iuramentum
535 816 683 847 consimile
701 816 717 845 a
739 814 856 852 praefato
872 813 970 844 illustri
985 812 1071 844 Reice
1087 809 1269 845 Arragonum
1279 829 1289 846 ,

215 858 263 891 seu
279 860 314 890 ab
330 859 386 896 ejus
404 859 432 887 in
447 867 479 887 ea
494 864 571 894 parte
592 854 760 885 sufficienter
782 853 916 890 deputatis
938 860 985 882 aut
1008 848 1169 887 deputandis
1194 856 1289 885 peten-

215 897 306 935 dum,
323 896 492 935 exigendum
503 917 513 932 ,
531 896 564 926 &
579 891 793 929 recipiendum,

255 935 422 974 Caeteraque
436 934 534 964 onmia
550 933 582 962 &
598 931 704 968 singula
722 927 895 958 Faciendum
905 949 913 963 ,
929 924 1165 960 Excercendum,
1180 924 1214 955 <Sc
1230 922 1288 953 Ex-

217 974 406 1013 pediendum,
426 981 489 1010 quae
502 973 530 1000 in
547 968 699 1000 Praemissis
720 967 765 997 vel
788 968 864 996 circa
887 975 917 994 ea
934 963 1083 995 necessaria
1099 962 1202 992 fuerInt
1216 983 1227 999 ,
1244 961 1289 991 seu

220 1011 441 1052 quomodolibet
458 1018 615 1047 oportuna,
632 1017 665 1038 ac
682 1016 746 1044 quae
763 1003 926 1046 qualitas&=
940 1011 1034 1033 natura
1046 999 1208 1038 hujusmodi
1225 998 1292 1029 Ne—

221 1052 289 1090 gotii
305 1051 418 1088 exigunt
434 1048 466 1078 &
484 1045 685 1084 requirunt,&
695 1054 757 1082 quae
765 1042 927 1079 nosmetipsi
942 1042 1033 1072 facere
1047 1038 1188 1078 possemus
1202 1037 1293 1076 siper-

222 1089 348 1120 sonalitei·
362 1085 663 1121 intercssemus,etiam
677 1083 697 1113 si
712 1082 772 1113 talia
782 1082 876 1112 forent
892 1090 956 1119 quae
964 1079 1134 1110 Mandatum
1150 1077 1293 1115 exegerint

223 1135 485 1166 quantumcumque
500 1124 633 1161 speciale,

236 1199 239 1203 ,
259 1164 336 1203 Ipsos
353 1162 533 1195 Venerabiles
551 1162 661 1198 Patres,
680 1159 819 1200 Egregios
833 1157 934 1196 Viros,
951 1156 1021 1194 Sex,
1043 1156 1197 1194 Quinque,
1214 1154 1295 1191 Qua-

222 1212 304 1241 tuor,
323 1214 369 1234 aut
385 1202 459 1233 Tres
473 1210 590 1238 eorum,
608 1199 717 1230 nostros
734 1198 890 1235 solempnes
897 1195 1131 1229 Ambailiatores,
1150 1194 1294 1230 legitimos

221 1243 419 1274 Procuratores
435 1264 444 1279 ,
462 1240 660 1279 Negotiorum
682 1235 817 1267 Gestores
832 1258 841 1274 ,
859 1233 1098 1271 Commiffarios,
1118 1233 1295 1270 Deputatos,

221 1282 254 1312 δε
271 1280 303 1311 N
308 1282 405 1311 uncios
420 1280 567 1317 speciales,
585 1277 732 1313 Facimus,
751 1274 906 1312 Creamus,
922 1271 1149 1310 Censtituimus,
1167 1270 1296 1302 &Ordi-

225 1330 326 1352 nimus
341 1329 388 1356 per
404 1318 563 1356 praesentes,

266 1357 481 1394 promittentes,
500 1354 578 1386 bona
592 1353 647 1384 fide
663 1376 673 1391 ‚
698 1353 732 1384 &
747 1353 776 1381 in
791 1352 881 1382 verbo
893 1349 1016 1380 veritatis
1031 1358 1064 1390 ac
1080 1347 1129 1378 sub
1142 1346 1295 1386 Ypothecfi

225 1398 260 1430 δε
275 1395 462 1436 Obligatione
478 1393 619 1424 Omnium
629 1392 773 1422 Bonorum
791 1387 1153 1425 nostrorum,prae1entium
1170 1387 1202 1416 &
1223 1385 1298 1416 futu-

224 1445 322 1466 rorum
338 1457 347 1472 ,
376 1434 441 1465 Nos
459 1433 567 1463 Ratum
583 1454 593 1470 ,
620 1431 745 1462 Gratum
796 1430 829 1458 &
846 1427 974 1457 Firmum
995 1427 1133 1464 perpetuo
1152 1424 1296 1454 habituros

225 1483 319 1504 totum
340 1475 373 1504 &
388 1471 521 1512 quicquid
542 1480 589 1508 per
605 1469 697 1500 dictos
716 1450 824 1497 nostros
846 1464 1061 1496 Ambassiatores
1075 1485 1085 1501 ,
1104 1463 1176 1501 Sex,
1196 1462 1294 1501 Quin-

224 1522 278 1550 que
292 1535 302 1547 ,
321 1511 454 1551 Quatuor
471 1533 480 1547 ,
499 1518 545 1540 aut
563 1508 635 1540 Tres
655 1515 780 1548 eorumn,
801 1504 926 1546 Actum,
943 1502 1083 1547 Gestum,
1100 1501 1269 1532 Traditum
1283 1524 1293 1540 ,

224 1553 259 1584 &
279 1548 598 1581 Concordarumfuerit
612 1547 643 1577 in
658 1543 811 1576 Praemiffis
826 1543 859 1574 &
876 1542 989 1579 lingulis
1006 1539 1231 1572 Praemiss'orum.

267 1625 335 1658 Dat.
354 1628 384 1658 in
400 1626 510 1657 Palatio
524 1627 601 1663 Regis
617 1619 858 1661 Wstmonasterii,
876 1618 1001 1651 secundo
1015 1617 1061 1648 die
1077 1616 1258 1649 Decembris.

364 1681 369 1688 ι
930 1698 983 1726 Per
996 1694 1078 1736 ipfitm
1091 1697 1196 1733 Regem.

234 1781 363 1837 REX
379 1781 533 1820 omnibus,
551 1780 586 1813 ad
602 1789 691 1818 quos,
708 1779 770 1811 &c
789 1776 922 1809 Salutem.
975 1814 980 1819 ⁵
1171 1810 1175 1817 ⁸

330 1821 380 1853 De
394 1821 542 1859 fidelitate,
560 1820 699 1859 probitate
717 1819 751 1850 &
771 1813 1045 1854 circumspectionis
1061 1809 1210 1849 industria,
1227 1818 1300 1847 prae⁴

229 1860 403 1894 dilectorum
421 1862 454 1893 &
473 1859 496 1890 F
498 1859 615 1890 idelium
633 1856 811 1893 nostrorum,
829 1853 1031 1888 venerabilium
1050 1851 1183 1888 Parrum,
1198 1842 1301 1879 Nicho-

230 1899 269 1932 lai
285 1899 410 1929 Bathon.
428 1897 466 1933 ὠ
485 1896 596 1928 Wllen.
615 1896 725 1926 Roberti
745 1897 859 1932 Sarum,
878 1894 910 1925 ὅτι
926 1890 1068 1930 Johannir
1083 1893 1247 1921 coventren.
1267 1887 1299 1918 δε

229 1938 310 1970 Lich.
331 1937 540 1975 Episcoporum
553 1960 563 1973 ,
580 1945 613 1965 ac
631 1958 640 1973 ,
666 1933 843 1964 Prudentum
862 1932 895 1962 ὅ(
913 1929 1195 1967 Circumspectomrn
1216 1925 1302 1956 Viro-

227 1987 315 2016 rum,
334 1973 698 2013 Dominoi·um,Johannls
715 1969 817 2010 Tiptoft
828 1969 969 2008 ,Hertonk
986 1970 1047 1998 Van
1059 1965 1300 2007 Clux,Militum,

229 2027 264 2048 ac
289 2015 419 2084 magistri
439 2012 554 2052 Philippi
578 2015 697 2049 Morgan
710 2034 720 2049 ,
738 2009 877 2048 utriusque
897 2008 971 2047 juris
998 2006 1138 2038 Docioris
1153 2027 1163 2043 ,
1181 2004 1302 2043 plenarie

229 2064 288 2087 con
330 2062 406 2084 entes
550 2060 553 2061 ⁷

271 2093 316 2124 Ad
330 2075 546 2128 Traeiandum,
563 2087 804 2120 Conveniendum
819 2111 828 2125 ,
844 2083 1093 2117 Concordandum
1113 2083 1146 2114 &
1171 2080 1304 2112 Conclu-

230 2131 379 2169 dendum,
396 2140 483 2167 cuin,
500 2127 597 2159 illustri
617 2127 749 2162 Principe
764 2148 772 2163 ,
792 2124 908 2155 Aifonso
928 2123 1012 2160 Rege
1032 2123 1212 2158 Arragonum
1228 2142 1237 2157 ,
1255 2119 1300 2149 seu

229 2180 302 2209 cum
321 2170 380 2207 ejus
399 2166 651 2200 Ambassiatoribus
662 2188 670 2197 ,
689 2164 898 2194 Ciiirimiss‘ariis
911 2185 920 2199 ,
939 2161 1183 2200 quibuscumque,
1200 2159 1236 2189 ab
1252 2167 1301 2188 eo-

228 2209 301 2240 dem
319 2206 402 2244 Rege
420 2206 598 2245 Arragonum
617 2204 803 2234 sufficientem
820 2200 986 2239 potestatem
1009 2199 1173 2230 habentibus
1188 2220 1198 2235 ,
1214 2197 1250 2227 de
1269 2196 1302 2227 &

229 2245 310 2318 {rget
328 2245 550 2286 quibuscumque
571 2243 648 2280 Ligis
665 2265 675 2280 ,
693 2242 834 2272 Amicitiis
847 2263 857 2279 ,
875 2241 908 2272 &
928 2237 1229 2270 Confoederationibus
1243 2245 1302 2266 rea—

276 2295 307 2316 us
1153 2293 1157 2298 ·
1289 2307 1293 2310 p

272 2308 348 2356 Int'er
368 2321 436 2353 Nos
477 2323 509 2353 ὅε
534 2318 711 2352 3ιιεες1ἶὶ>ῐες
726 2316 852 2354 nostrOS,
870 2317 968 2354 Reges
986 2315 1098 2351 Angliae
1110 2315 1144 2346 &
1158 2312 1305 2350 Franciae,

234 2362 269 2395 &
285 2361 434 2393 Dominos
450 2344 599 2391 l-liberniie
614 2382 624 2397 ,
642 2359 751 2395 Ligeos
764 2379 773 2394 ,
792 2355 926 2387 Vaffallos
940 2379 949 2393 ,
968 2355 1000 2386 δε
1019 2354 1156 2385 Subditos
1175 2352 1304 2389 nostros,

236 2399 356 2439 Regna,
373 2398 493 2437 Termi,
512 2401 544 2430 ὅτ.
563 2398 701 2428 Domini-a
716 2396 808 2426 nostra
822 2404 1026 2432 quaecumque,
1045 2402 1078 2422 ex
1093 2392 1165 2429 unzi,
1183 2392 1215 2422 &
1231 2400 1304 2428 prze-

238 2440 326 2471 fatum
349 2438 481 2469 illustrem
506 2437 673 2473 Principem
697 2435 813 2470 Regem
828 2433 1013 2469 Arragonum
1030 2454 1039 2469 ,
1058 2430 1214 2471 Haeredes,
1233 2429 1305 2460 Suc-

239 2477 378 2513 ceffores,
400 2477 521 2514 Ligeos,
539 2475 675 2506 Vaflallos
689 2496 699 2511 ,
718 2474 751 2504 &
767 2471 901 2503 Subditos
912 2475 992 2508 iuos,
1009 2480 1041 2500 ac
1059 2470 1211 2506 Regnum,
1229 2468 1305 2498 Ter-

235 2526 296 2554 ras,
314 2516 347 2546 &
367 2515 502 2544 Doiiiinia
522 2511 564 2544 sua
583 2521 788 2552 quincumque,
809 2520 842 2540 ex
862 2511 944 2540 altera
969 2517 1045 2546 parte
1061 2531 1070 2545 ,
1089 2506 1304 2542 contrahendis,

238 2553 385 2589 ineundis,
403 2554 432 2582 8<
451 2552 590 2582 firmandis
604 2553 742 2589 perpetuo
759 2572 768 2587 ,
787 2548 940 2579 secundum
957 2546 1034 2585 quod
1051 2545 1171 2583 praefatis
1186 2545 1307 2575 Ambas-

236 2590 469 2659 fiatoribud‘sex’
488 2590 643 2629 Quinque,
659 2589 789 2627 Qatuor
805 2609 814 2624 ,
832 2597 878 2617 aut
894 2587 999 2618 Tribus
1013 2583 1183 2615 eorumdem
1198 2583 1307 2613 videbi-

237 2640 283 2662 tur
296 2640 331 2661 ex
353 2640 367 2659 e
390 2639 428 2659 ire

247 2670 258 2674 “
278 2640 409 2700 Νεξηοη
429 2651 464 2697 de
487 2667 520 2697 ὃ(
542 2666 622 2704 super
646 2663 965 2695 communicationibus
984 2663 1055 2692 inter
1071 2660 1208 2699 subditos,
1226 2661 1307 2691 unius

243 2709 325 2775 palitis
340 2708 372 2737 &
387 2706 494 2774 altcrdus
508 2728 518 2744 ‚
537 2706 566 2734 in
582 2703 782 2734 Mercimoniis
795 2704 828 2733 ὃς
844 2702 900 2732 aliis
914 2702 1015 2732 Licitis
1025 2725 1034 2739 ,
1050 2700 1144 2731 secure
1156 2700 1190 2732 &
1202 2700 1307 2730 amica-

244 2748 274 2778 bi
286 2747 336 2775 iter
352 2745 441 2774 facien
463 2745 485 2773 is

281 2785 327 2815 Ac
342 2783 378 2812 de
392 2783 424 2813 &
440 2766 517 2820 supgr
534 2781 670 2812 omnibus
692 2781 725 2811 &
748 2778 862 2816 singulis
878 2778 1025 2815 Articulis,
1044 2781 1305 2815 quantumcumque

240 2822 419 2860 specialibus,
440 2822 487 2858 qui
502 2820 604 2857 Ligas,
624 2817 912 2855 ConfoederationeS,
928 2817 972 2846 seu
985 2817 1147 2853 Amicitias,
1167 2816 1238 2845 inter
1255 2824 1305 2843 nos

239 2864 274 2894 &
289 2861 399 2892 dictum
413 2858 544 2890 illustrem
559 2858 717 2895 Principem
736 2856 848 2892 Regem
866 2856 1045 2894 Arragonum
1061 2852 1303 2884 contrahendas&

165 2917 169 2923 ·
187 2931 192 2935 ,
239 2899 404 2937 firmandas,
419 2907 592 2928 concerncre
607 2903 740 2936 poterunt
754 2895 855 2933 quovis
868 2893 1050 2931 modo,cum
1064 2901 1162 2923 eorum
1174 2891 1302 2922 inciden-

118 3334 136 3353 ⁸
157 3333 211 3362 IX.

117 3382 182 3407 4¹2·

108 3867 159 3887 An.
176 3871 204 3895 4.

110 3904 142 3925 H.
162 3908 186 3931 ς.

111 3942 149 3963 I-jx
166 3939 222 3963 Au-

109 3985 171 4010 2⁰37-

241 2939 322 2974 ibus,
338 2937 565 2973 emergentibus,
582 2934 815 2972 dependentibus,
837 2934 870 2964 &
885 2933 1036 2969 connexis,

255 3005 259 3008 ,
280 2976 408 3006 Necnon
423 2976 522 3005 omnia
535 2975 568 3004 &
584 2973 688 3012 singula
702 2995 711 3009 ,
730 2982 793 3010 quae
808 2971 844 3002 sic
859 2972 989 3009 tractata,
1008 2978 1166 3007 conventa,
1184 2969 1218 2999 &
1233 2978 1306 2998 con-

246 3015 362 3046 cordata
377 3013 570 3050 fuerint,curn
589 3013 672 3042 omni
689 3011 841 3041 Securitate
855 3033 865 3049 ,
882 3009 976 3040 debita
991 3009 1023 3040 ὅτ
1037 3007 1170 3047 honesta,
1190 3017 1241 3046 pro
1253 3016 1307 3037 no-

245 3055 306 3091 bis,
324 3054 356 3083 &
372 3052 489 3082 nomine
503 3049 599 3080 nostro
609 3072 619 3088 ,
638 3049 807 3080 firmandum
817 3071 825 3086 ,

248 3106 257 3114 ·
285 3092 320 3122 Et
335 3090 414 3129 quod
430 3099 483 3120 nos
497 3088 675 3126 hujusmodi,
691 3089 729 3118 sic
741 3085 914 3117 concordata
924 3108 933 3124 ,
950 3095 998 3123 per
1020 3085 1127 3116 Literas
1139 3084 1247 3115 nostras
1259 3093 1308 3121 pa-

247 3139 352 3168 tenteS,
369 3129 419 3160 sub
432 3128 532 3165 Sigillo
548 3126 644 3156 nostro
658 3135 763 3163 magno
776 3124 956 3167 Sigillandas,
975 3123 1236 3160 Confirmabimus,

289 3169 333 3200 Ac
346 3167 503 3198 consimiles
517 3165 688 3196 securitatem
704 3166 737 3195 δε
752 3164 1017 3200 conhrmationem,
1036 3172 1087 3201 pro
1100 3162 1241 3199 nobis,&
1255 3170 1308 3190 no-

250 3209 329 3239 mine
344 3205 458 3242 nostre,
476 3205 493 3234 a
507 3203 624 3242 praefato
639 3203 736 3233 illustri
758 3201 841 3238 Rege
859 3201 1058 3238 Aaagonum,
1076 3200 1120 3231 seu
1144 3201 1179 3230 ab
1199 3199 1257 3236 ejus
1282 3200 1310 3227 in

248 3255 281 3276 ea
296 3253 372 3281 parte
388 3243 556 3273 sufficienter
571 3241 705 3281 deputatis
721 3248 766 3270 aut
785 3240 965 3279 deputandis,
983 3239 1136 3279 petendum
1152 3261 1161 3276 ,
1179 3236 1313 3275 stipulan-

248 3283 336 3320 dum,
355 3283 388 3313 &
399 3281 591 3318 recipiendum
600 3303 610 3318 ,

243 3358 249 3363 .
287 3320 306 3340 *¹
328 3319 537 3356 *tutandumque
558 3320 587 3348 in
609 3319 732 3348 animam
757 3315 883 3345 nostram
902 3315 982 3356 quod
1003 3315 1132 3352 tristata,
1152 3320 1312 3350 conventa,

249 3361 284 3392 ὃς
300 3357 472 3388 concordata
486 3356 648 3394 hujusmodi
662 3364 718 3386 rata
731 3355 896 3384 habebimus
910 3356 942 3383 ὃ(
955 3362 1030 3389 grata
1039 3375 1049 3390 ,
1069 3362 1121 3382 nec
1135 3350 1237 3389 aliquid
1247 3361 1313 3388 pro-

250 3397 408 3428 curabimus
423 3395 466 3425 vel
480 3395 615 3425 faciemus
631 3404 680 3433 per
696 3393 773 3431 quod
791 3392 905 3422 tractata
920 3393 951 3422 &
969 3391 1141 3421 concordata
1156 3388 1314 3427 hujusmodi

251 3434 358 3467 effectu
373 3434 472 3464 debito
486 3433 609 3463 frustrari
627 3441 757 3470 poterunt
772 3430 816 3460 scu
829 3429 1046 3467 quomodolibet
1058 3428 1208 3466 impediri,

287 3474 334 3505 Ac
349 3474 534 3509 juramentum
546 3470 691 3501 consimile
707 3481 722 3500 a
738 3469 815 3506 supra
832 3469 980 3498 nominato
992 3466 1088 3497 illustri
1106 3467 1183 3504 Rege
1194 3467 1316 3501 Arrago—

251 3511 390 3549 num,seu
406 3511 434 3540 in
449 3519 481 3540 ea
497 3518 571 3547 parte
585 3508 755 3539 sufficienter
770 3507 905 3544 deputatis
919 3515 965 3536 aut
980 3505 1143 3545 deputandis
1151 3504 1317 3542 petendum,

252 3553 286 3583 &
303 3547 515 3587 recipiendum,

289 3588 455 3626 Cieteraque
469 3587 566 3616 omnia
580 3587 614 3617 &
627 3584 746 3622 singula,
765 3589 823 3618 &a
841 3589 873 3611 ut
882 3582 976 3620 stapra.

305 3642 307 3644 ’
328 3644 395 3676 Dat.
413 3643 539 3682 utsupra.

1017 3677 1070 3704 Per
1082 3674 1164 3715 ipfitm
1180 3678 1284 3713 Regem.

416 3803 474 3838 Ad
487 3800 695 3837 variandum
716 3811 784 3833 cum
806 3795 990 3843 Principibus
1005 3798 1182 3831 Alamaniae.

236 3887 240 3890 ⁴
262 3890 316 3943 H
328 3890 457 3927 Enricus,
476 3888 532 3918 Dei
545 3887 632 3932 grati&
642 3911 651 3926 ,
668 3889 728 3916 Rex
740 3883 852 3921 Angliae
866 3881 1052 3925 &Franci52,
1070 3881 1108 3917 ὠ
1123 3886 1253 3914 nomin„
1267 3884 1321 3912 Hi.

338 3927 436 3956 berniae
452 3949 462 3964 ,
478 3928 613 3956 omnibus
627 3948 636 3963 ,
662 3925 695 3955 ad
721 3933 791 3962 quos
812 3920 958 3959 prtesentes
986 3920 1100 3951 Littcrae
1129 3922 1323 3959 pervenerint,

236 4004 240 4005 ⁷
261 3966 405 4003 Salutem,
421 3966 453 3996 &
469 3965 571 3996 Fidem
586 3964 731 3995 indubiam
745 3961 923 4000 praescntibus
934 3958 1073 3990 adhibere.

721 67 1513 118 CONVENTIONES,

1568 65 1957 116 LITERAE,

1356 155 1435 194 Qiia
1455 154 1600 193 potiffime
1622 155 1757 185 convenit
1778 153 1920 184 Potentiae
1941 153 2111 191 Principum
2126 175 2136 190 ,
2154 152 2202 191 qui
2226 152 2310 190 positi
2332 151 2392 184 sunt
2409 148 2541 180 Anti-D·

1320 193 1474 232 Speculum
1495 195 1529 225 &
1553 193 1705 231 Exemplar
1720 192 1809 223 Orbis
1831 192 1989 223 Terrarum
2004 214 2014 230 ,
2033 202 2064 222 ea
2086 191 2196 222 Sedulis
2214 190 2392 230 affe&ubus,
2430 190 2517 227 1416.

1318 243 1381 271 quae
1403 232 1518 262 Amoris
1538 232 1598 262 sunt
1621 232 1738 269 mutui,
1754 232 1912 262 accuratius
1934 240 2057 270 quaerere
2072 252 2081 268 ,
2105 231 2138 261 &
2161 240 2238 261 verae
2263 230 2394 261 Unionis
2411 231 2475 255 Hen.
2495 237 2523 263 5-

1320 271 1471 314 Amicitiis·
1486 270 1613 307 copulari
1627 292 1638 308 ,
1653 278 1685 300 ut
1709 268 1799 307 Regis
1814 269 1926 307 pacifici
1940 270 2080 299 imitantes
2097 268 2222 307 Vestigia
2239 293 2248 306 ,
2268 268 2394 300 Sincerae

1320 311 1486 377 iqtegritaus
1502 308 1622 338 Foedere
1635 308 1759 339 connexi
1772 331 1783 346 ,
1799 309 1831 338 in
1851 308 1952 347 quietae
1971 307 2172 346 tranquillitatis
2186 307 2396 345 pluchritudine

1321 358 1341 385 g
1352 355 1479 377 orientur
1488 368 1498 384 ,

1357 385 1500 415 Praemiffa
1513 383 1620 413 debitae
1634 383 1864 415 considerationis
1879 382 1970 414 oculis
1983 382 2144 422 pensanteS,
2162 383 2240 415 aede
2249 384 2395 423 ,fidelium

1321 422 1483 453 nostrorum
1497 445 1507 461 ,
1531 421 1736 452 venerabilium
1763 422 1876 453 Parrum
1890 444 1901 460 ,
1925 421 2055 451 Nicholai
2072 422 2193 453 Bathon.
2218 421 2256 458 ἀι
2283 423 2395 453 Wllen.

1322 461 1435 492 Roberti
1459 463 1558 504 Sarimr
1572 482 1583 498 ,
1605 458 1744 498 Johannis
1765 464 1895 491 Coventr.
1913 459 1951 496 ό·
1978 460 2057 490 Lich.
2081 459 2293 500 Episcoporum
2308 483 2318 500 ,
2341 472 2374 492 ac
2386 483 2397 499 ‚

1323 499 1495 537 prudentum
1519 498 1656 542 Virorum
1672 521 1682 536 ,
1708 498 1903 529 Dominorum
1950 498 2096 537 Johannis
2118 498 2243 538 Ttptoft,
2270 501 2397 530 Herronk

1325 541 1385 568 Van
1399 537 1487 581 cluse,
1505 534 1651 581 Militum,
1669 536 1861 580 ac1M1agistri
1883 521 1997 575 Phlippi
2021 540 2141 575 Morgan
2156 537 2299 577 utriusque
2318 538 2394 577 Juris

1325 575 1483 614 Doctons,
1500 576 1534 607 &
1549 584 1652 605 eorum
1668 574 1833 614 cnjusslbet‚
1847 575 1970 613 plenarie
1987 575 2180 614 confidentes,

1334 639 1339 644 t
1364 615 1411 645 Ad
1426 613 1624 657 TraCtandum
1635 635 1648 657 ,
1665 612 1907 644 Conveniendum
1922 635 1932 651 ,
1947 614 1980 644 ἂ
1993 613 2237 645 Concludendum
2250 623 2319 646 cum
2333 615 2395 655 qui-

1326 653 1503 690 buscumque
1516 651 1694 688 Princ1pibus
1708 674 1718 689 ,
1736 650 1936 682 Ecclesiasticis
1955 651 1988 682 &
2010 652 2201 692 secularibus,
2219 654 2303 684 etiam
2317 653 2395 684 Sacri

1327 691 1467 722 Romanii
1478 690 1594 728 Imperii
1610 689 1806 728 melioribus,
1825 689 2009 726 Comitibus,
2026 690 2194 729 Baronibus,
2212 693 2246 724 δε
2261 692 2320 722 aliis
2327 692 2397 723 No-

1328 730 1430 760 bilibus
1444 729 1571 760 Partium
1588 728 1764 759 Alamanniae
1780 727 2002 766 (cujuscumque
2021 727 2248 761 Praeeminentiae
2262 753 2272 768 ,
2291 730 2398 771 Digni-

1328 770 1388 799 tatis
1402 777 1449 799 aut
1465 767 1558 798 Status
1571 767 1728 804 extiterint)
1750 767 1795 797 seu
1816 775 1932 802 eorum,
1950 774 1997 796 aut
2015 766 2188 805 singulorum
2206 769 2376 799 eorumdem

1327 807 1463 846 legittime
1479 806 1645 844 Deputatis,
1662 806 1698 837 de
1720 807 1754 837 &
1776 805 1855 843 super
1874 803 2099 844 quibuscumque
2116 805 2214 844 Ligis,
2231 792 2396 846 Amicitiis}

1330 847 1436 876 mutuis
1449 845 1707 882 Subventionibus,
1726 844 1759 875 &
1773 843 1891 874 Auxiliis
1905 841 2006 872 nostris
2015 865 2025 880 ,
2108 863 2118 869 2

1368 888 1446 914 Inter
1461 884 1539 921 Nos,
1555 883 1588 913 ὅ(
1602 882 1782 914 Succeffores
1803 881 1914 912 nostros
1926 904 1936 918 ,
1954 880 2051 918 Reges
2069 880 2184 918 Angliae
2201 883 2237 914 &
2254 882 2398 923 Franciae,

1331 922 1364 952 &
1382 922 1528 952 Dominos
1544 921 1692 951 Hiberniae
1707 944 1717 958 ,
1736 921 1844 958 Ligeos
1887 919 2020 950 Subditos
2039 942 2048 958 ,
2065 920 2098 950 ὅ(
2121 919 2255 951 Vassallos
2269 921 2380 953 nostros

1330 959 1453 1004 Regna,
1468 959 1572 990 Terras
1605 960 1638 991 &
1652 959 1791 1003 Dominia
1808 942 1900 989 nostra
1915 967 2160 997 quaecumque,ex
2177 960 2288 998 una,&
2306 945 2401 992 dicto}

1332 998 1496 1043 Principes,
1513 983 1722 1042 Ecciesiasticos
1740 999 1773 1029 ὃ(
1793 997 1952 1035 Seculares,
1970 996 2069 1028 Duces
2103 996 2398 1036 Marchiones,etiam

1331 1036 1410 1068 Sacri
1432 1036 1558 1066 Romani
1578 1034 1693 1072 Impern
1710 1035 1853 1066 Hectores
1865 1058 1876 1074 ,
1894 1035 2026 1066 Comites
2042 1058 2052 1074 ,
2094 1045 2188 1067 arone<
2201 1058 2212 1079 2
2229 1038 2262 1068 δε
2281 1044 2400 1068 caeteros

1333 1075 1453 1113 superius
1474 1076 1637 1105 nominatos
1653 1097 1663 1112 ,
1681 1073 1858 1105 Successores
1873 1096 1884 1112 ,
1907 1073 2042 1104 Subditos
2055 1095 2066 1111 ‚
2083 1075 2117 1106 &
2135 1074 2270 1105 Vaflallos
2289 1075 2349 1106 suos
2366 1077 2400 1108 δε

1335 1113 1494 1153 quemlibet
1514 1112 1682 1144 eorumdem
1696 1137 1706 1151 ,
1725 1123 1758 1143 ac
1777 1111 1906 1143 Ducatus
1920 1133 1930 1148 ,
1947 1110 2106 1143 Comitatus
2120 1135 2130 1150 ,
2147 1113 2265 1152 Terras,
2282 1114 2316 1145 &
2335 1113 2402 1146 Do-

1335 1154 1423 1196 minia
1446 1152 1491 1182 sua
1518 1161 1706 1190 quaecumque
1720 1173 1729 1188 ,
1748 1159 1826 1189 parte
1849 1159 1883 1181 ex
1899 1151 1982 1181 altera
2001 1172 2011 1188 ,
2038 1149 2073 1180 ad
2095 1150 2194 1181 Vitam
2220 1152 2348 1183 nostram
2366 1153 2400 1185 δε

1335 1191 1478 1222 dictorum
1502 1190 1670 1228 Principum
1688 1213 1698 1227 ,
1717 1189 1981 1220 Ecclesiasticorum
2001 1189 2033 1219 &
2051 1187 2225 1220 Secularium
2241 1213 2252 1229 ,
2278 1191 2400 1222 Ducum

1334 1231 1366 1262 ὅ(
1388 1229 1596 1259 Marchionum
1609 1252 1619 1267 ,
1635 1229 1719 1259 etiam
1745 1227 1824 1259 Sacri
1848 1227 1978 1258 Romani
1997 1225 2111 1265 Imperii
2127 1226 2292 1260 Electomm
2307 1253 2317 1266 ,
2337 1229 2401 1261 Co·

1336 1269 1442 1299 mitum
1459 1290 1469 1305 ,
1487 1267 1630 1298 Baronum
1644 1290 1653 1305 ,
1671 1267 1704 1298 &
1720 1275 1890 1298 caeterorum
1912 1265 2034 1304 superius
2050 1266 2281 1306 nominatorum,
2298 1268 2331 1299 &
2349 1278 2400 1300 cu—

1332 1306 1444 1346 jussibet
1457 1305 1642 1344 eorumdem,
1660 1305 1789 1337 ineundis
1804 1305 1836 1336 &
1850 1304 2029 1343 praestandis,

1372 1345 1408 1375 Et
1429 1344 1578 1382 specialiter
1600 1344 1633 1374 ad
1655 1343 1853 1375 Tractandum
1868 1366 1877 1382 ,
1895 1342 2117 1380 Paciscendum,
2133 1342 2167 1374 &
2185 1341 2301 1374 finaliter
2316 1343 2401 1376 Con-

1336 1383 1513 1427 cordandum
1526 1393 1596 1413 cum
1614 1383 1715 1413 eisdem
1736 1382 1928 1422 Principibus,
1949 1380 2146 1412 Ecclesiasticis
2161 1382 2194 1412 &
2209 1381 2401 1422 Secularibus,

1337 1422 1468 1453 Ducibus
1512 1421 1731 1452 Marchionibus
1743 1444 1753 1459 ,
1769 1421 1855 1451 etiam
1869 1443 1879 1459 ,
1897 1429 1928 1451 ut
1947 1420 2128 1458 praemittitur
2139 1442 2149 1458 ,
2174 1419 2253 1451 Sacri
2275 1420 2402 1452 Romani

1336 1460 1453 1505 Imperii
1469 1444 1651 1505 ’Siceioribus
1663 1482 1673 1498 ,
1691 1459 1856 1491 Comitibus
1869 1459 2052 1497 „Baronibus
2067 1482 2077 1496 ,
2094 1459 2128 1489 &
2148 1459 2257 1490 caeteris
2278 1460 2402 1498 superius

1339 1508 1505 1536 nominatis,
1522 1507 1567 1529 aut
1584 1509 1650 1529 cum
1664 1508 1764 1529 eorum
1775 1520 1785 1536 ,
1801 1497 1847 1528 seu
1864 1498 2012 1535 cujussibet
2025 1497 2194 1528 eorumdem
2208 1519 2217 1535 ,
2233 1497 2402 1530 sufficienter

1336 1539 1371 1570 &
1385 1537 1513 1574 legitime
1530 1537 1677 1575 Deputatis
1691 1560 1702 1576 ,
1718 1537 1755 1567 de
1770 1538 1802 1568 &
1818 1536 1897 1574 super
1911 1535 2061 1575 Homagio
2074 1558 2084 1575 ,
2103 1546 2136 1567 ac
2151 1535 2302 1568 Fidelitatis
2321 1539 2352 1568 in
2371 1547 2403 1569 ea

1338 1585 1415 1615 parte
1430 1576 1627 1612 Sacramento,

1377 1615 1431 1645 Per
1456 1615 1584 1652 praefatos
1608 1614 1752 1652 Principes

1450 1654 1454 1658 Α
1803 1612 2008 1645 Ecclesiasticos
2031 1613 2065 1644 δε
2092 1612 2385 1651 3εευ1ειῐεε,’ἶ)υεεε

1339 1652 1540 1690 Marchiones,
1558 1653 1644 1683 etiam
1665 1653 1742 1683 Sacri

1368 1693 1372 1697 .
1420 1693 1424 1697 ,
1679 1692 1684 1696 ι
1766 1638 1893 1683 Romani
1913 1652 2030 1690 imperii
2052 1651 2209 1690 Electores,
2229 1651 2315 1682 alium
2330 1675 2340 1690 ,
2357 1637 2403 1684 vel

1339 1692 1406 1722 alios
1418 1692 1559 1731 ipsorum,
1579 1691 1624 1721 vel
1640 1691 1786 1728 cujussibet
1801 1701 1902 1721 eorum
1917 1692 2052 1727 nornine,
2069 1690 2103 1720 ad
2118 1692 2175 1720 hoc
2189 1690 2401 1722 sufficienter&

1339 1730 1470 1772 legitime
1488 1731 1659 1768 Deputatoe,
1676 1729 1773 1760 Nobis
1785 1729 1920 1759 faciendis
1932 1731 1965 1760 &
1980 1728 2155 1766 praestandis,

1377 1768 1491 1807 lpiaque
1514 1769 1697 1805 l-lomagium
1739 1777 1773 1798 ac
1799 1767 1949 1798 Fidelitatis
1971 1768 1999 1796 in
2021 1777 2053 1797 ea
2076 1775 2153 1804 parte
2173 1766 2405 1807 Sacramentum,

1342 1817 1390 1847 per
1405 1808 1501 1839 dictos
1514 1807 1677 1845 Principes,
1723 1806 1905 1837 eclesiasticos
1917 1807 1951 1838 &
1964 1805 2120 1842 Seculares,
2138 1804 2248 1844 Duces,
2256 1805 2405 1836 Marchio-

1341 1857 1406 1885 ηας,
1424 1848 1510 1877 etiam
1533 1846 1612 1876 Sacri
1636 1845 1765 1876 Romani
1782 1845 1898 1885 Imperii
1919 1844 2083 1882 Eiectores,
2101 1843 2249 1882 Comites,
2267 1843 2408 1883 Berones,

1342 1886 1376 1917 &
1391 1895 1509 1916 caeteros
1519 1885 1643 1923 superius
1657 1885 1831 1922 nominatos,
1848 1883 1933 1914 alium
1943 1906 1953 1922 ,
1971 1883 2015 1912 vel
2030 1883 2097 1912 alios
2110 1881 2409 1920 iplbrum,&cujussi-

1341 1925 1390 1968 bet
1403 1924 1525 1962 ipsorum
1540 1924 1677 1961 nomine,
1696 1932 1725 1953 ut
1741 1923 1934 1960 praemittitur,
1951 1922 2036 1951 nobis
2052 1920 2180 1952 facienda
2194 1921 2226 1951 ὃ(
2239 1921 2411 1960 proestanda,

1341 1973 1406 1995 Vice
1419 1964 1451 1994 &
1467 1963 1584 1994 nomine
1598 1961 1696 1993 nostro
1712 1960 1930 1991 Admittendum
1939 1981 1948 1997 ,
1970 1958 2238 1998 Recipiendum‚&
2249 1960 2408 1997 Acceptan-

1344 2001 1435 2040 dum,
1453 2011 1521 2032 cum
1546 2001 1680 2031 omnibus
1704 1999 1838 2037 Capitulis
1854 1999 1887 2029 &
1903 1997 2038 2029 Clausulis
2052 2021 2062 2037 ,
2085 1998 2119 2029 ad
2139 1997 2302 2036 hujusmodi
2313 1997 2411 2029 Sacra-

1345 2048 1476 2071 mentum
1488 2039 1608 2076 debitis,
1625 2049 1658 2069 ac
1674 2038 1798 2068 exhiberi
1815 2037 1896 2067 solitis
1912 2037 1945 2068 δε
1962 2037 2118 2074 consuetis,

1381 2079 1427 2109 Ac
1444 2101 1454 2117 ,
1477 2088 1529 2116 pro
1553 2077 1706 2111 Homagio
1731 2078 1763 2108 &
1790 2075 1919 2106 fidelitate
1947 2074 2135 2114 hujusmodi,
2153 2075 2239 2106 nobis
2263 2073 2360 2105 fiendis
2376 2076 2411 2107 δι’

1342 2117 1520 2162 praestandis,
1539 2126 1644 2148 certam
1663 2114 1862 2146 Proviiionem
1881 2114 1938 2145 sive
1954 2113 2122 2146 Pensionern
2129 2113 2266 2145 Annuam
2278 2115 2413 2152 pecunia·-

1345 2166 1436 2193 riam,

1380 2194 1457 2233 Quae
1472 2193 1742 2231 Ambaffiatoribus,
1752 2192 2002 2229 procuratoribus,
2021 2189 2247 2230 Commiffariis,
2263 2190 2298 2222 &
2313 2189 2414 2229 Depu-

1342 2235 1404 2264 tatis
1420 2232 1520 2263 nostris
1538 2233 1556 2252 ²*
1575 2231 1758 2270 suprascriptis
1778 2231 1832 2262 Sex
1851 2254 1860 2269 ,
1880 2231 2015 2271 Quinque
2031 2253 2041 2269 ,
2060 2230 2193 2269 Quatuor
2209 2252 2220 2268 ,
2237 2239 2284 2260 aut
2305 2228 2414 2261 Tribus

1342 2281 1458 2310 eorum,
1477 2272 1647 2302 rationabilis
1658 2272 1690 2301 ἃ
1709 2280 1836 2306 congrua
1851 2269 2011 2306 videbitur,

1380 2310 1476 2341 Dictis
1492 2310 1684 2348 Principibus,
1704 2308 1904 2340 Ecclesiasticis
1918 2309 1950 2339 ὃς
1963 2306 2161 2344 Secularibus,
2170 2305 2301 2337 Ducibus
2310 2305 2412 2345 ,Mar-

1342 2349 1494 2380 chionibus
1508 2371 1518 2387 ,
1537 2349 1622 2380 etiam
1637 2348 1715 2378 Sacri
1730 2346 1845 2385 Imperii
1860 2346 2038 2378 Electoribus
2052 2367 2062 2383 ,
2082 2344 2250 2376 Comitibus
2264 2368 2274 2384 ,
2292 2344 2410 2376 Batoni-

1343 2389 1395 2419 bus
1410 2411 1419 2426 ,
1437 2389 1471 2420 ὃ(
1492 2389 1600 2418 caeteris
1623 2386 1741 2425 superius
1761 2386 1914 2416 nominatis
1926 2409 1936 2424 ,
1954 2393 2000 2416 aut
2020 2383 2137 2415 cuilibet
2156 2384 2324 2414 eorumdem
2338 2406 2349 2422 ,
2365 2383 2412 2415 seu

1342 2436 1442 2457 eorum
1458 2434 1503 2457 aut
1519 2426 1666 2464 cujussibet
1683 2425 1853 2455 eorumdem
1868 2423 2036 2464 Deputatis,
2055 2424 2085 2452 in
2099 2421 2247 2459 Feudum,
2265 2421 2313 2452 seu
2327 2422 2356 2452 in
2369 2422 2413 2453 lo-

1344 2464 1504 2534 codFegdi,
1523 2474 1575 2503 pro
1591 2464 1686 2495 Nobis
1701 2465 1734 2496 &
1751 2463 1885 2494 Nomine
1900 2461 2014 2500 nostro,
2034 2458 2413 2491 Constituendum&Con-

1344 2514 1378 2535 ce
1399 2514 1433 2534 en
1456 2514 1503 2534 um

1382 2541 1477 2572 Certis
1501 2525 1587 2572 [oco
1607 2542 1641 2572 &
1661 2540 1809 2571 Terminis
1830 2549 1880 2577 per
1903 2538 1972 2569 Nos
1986 2560 1996 2576 ,
2018 2545 2064 2568 aut
2086 2537 2094 2565 i
2125 2546 2157 2567 os
2177 2535 2412 2577 Ambaffiatores,

1344 2579 1560 2618 Procuratores,
1576 2578 1810 2616 Commiffarios,
1827 2579 1860 2608 &
1876 2576 2032 2615 Deputatos
2043 2585 2082 2605 no
2109 2585 2155 2606 ros
2167 2574 2324 2612 hujusmodi
2337 2575 2413 2616 Sex,

1346 2619 1500 2657 Qiinque,
1519 2618 1650 2656 Qatuor
1666 2639 1676 2654 ,
1691 2627 1736 2648 aut
1749 2617 1825 2646 Tres
1841 2626 1942 2646 eorum
1956 2614 2128 2652 limitandis,
2146 2613 2263 2644 durante
2277 2613 2341 2644 Vita
2356 2625 2412 2646 no-

1346 2657 1401 2687 stra
1426 2657 1460 2687 &
1482 2657 1626 2687 dictorum
1651 2654 1817 2692 Principum
1834 2676 1843 2691 ,
1872 2652 2134 2684 Ecclesiasticorum
2157 2652 2190 2682 &
2210 2651 2386 2683 secularium
2400 2676 2413 2692 ,

1347 2694 1486 2733 Ducum,
1503 2694 1726 2732 Marchionum,
1744 2694 1828 2723 etiam
1851 2692 1927 2722 Sacri
1950 2691 2079 2721 Romani
2100 2689 2216 2728 Imperii
2230 2689 2413 2731 ΕΙεᾶοωιυ,

1346 2732 1499 2763 Comitum
1514 2756 1524 2768 ‚
1542 2732 1683 2763 Baronum
1698 2755 1708 2770 ,
1727 2732 1759 2762 ὃ(
1774 2731 1895 2761 aliorum
1907 2729 2222 2768 supranominatorum,
2238 2737 2285 2760 aut
2298 2729 2413 2768 cujussi-

1344 2772 1391 2802 bet
1406 2771 1575 2801 eorumdem
1593 2770 1772 2808 solvendam,

1383 2810 1514 2840 Necnon
1529 2809 1608 2846 super
1624 2808 1849 2847 quibuscumque
1865 2806 2013 2844 Articulis,
2032 2813 2295 2845 quantumcumque
2305 2805 2413 2843 specia—

1345 2849 1416 2879 libus
1433 2870 1443 2886 ,
1471 2849 1519 2886 qui
1542 2848 1629 2884 Ligas
1640 2869 1650 2884 ,
1672 2847 1820 2877 Amicitias
1834 2870 1843 2883 ,
1861 2846 2067 2876 Subi-cntiones
2081 2867 2091 2883 ,
2109 2845 2142 2874 &
2164 2850 2260 2874 mutua
2283 2843 2414 2883 Auxilia,

1345 2888 1540 2926 Homagium,
1558 2887 1591 2916 ὃς
1608 2885 1757 2916 Fidelitatis
1770 2884 1985 2916 Sacramentum
1995 2883 2043 2922 ,δι
2059 2881 2256 2912 provisionem
2270 2881 2328 2913 five
2335 2882 2413 2914 Pen-

1344 2926 1451 2956 sionem
1466 2924 1620 2962 supradicta
1642 2934 1814 2955 concernere
1837 2931 1970 2960 poterunt
1992 2919 2181 2959 quovismodo
2193 2942 2203 2958 ,
2222 2929 2289 2950 cum
2306 2930 2410 2953 eorum

1346 2964 1536 2995 incidentibus
1549 2986 1560 3001 ,
1578 2963 1803 3000 emergentibus,
1821 2960 2060 3000 dependentibus,
2079 2960 2113 2990 &
2128 2959 2284 2998 connexis,

1383 3003 1476 3043 Atque
1491 3002 1529 3032 sic
1544 3001 1694 3039 Tractata,
1712 3000 1880 3036 Conventa,
1897 3000 1931 3030 &
1944 2996 2128 3028 Concordata
2142 3007 2212 3028 cum
2227 2998 2310 3028 omni
2325 2997 2414 3031 Secu-

1347 3042 1433 3109 ritatei
1441 3041 1551 3078 debita,
1568 3040 1734 3079 requisita&
1746 3036 1878 3076 honesta,
1896 3038 1924 3067 in
1940 3036 1998 3067 hoc
2015 3035 2097 3075 casu,
2114 3036 2234 3066 nomine
2244 3035 2346 3068 nostro
2353 3037 2414 3068 Fir-

1348 3090 1414 3111 man
1436 3090 1485 3110 um

1386 3102 1628 3154 Confiniilemque
1649 3115 1835 3146 securitatem
1858 3114 1874 3143 -i
1895 3111 1979 3142 dietis
2000 3112 2196 3150 Principibus,
2213 3111 2413 3146 Ecclesiasticis

1350 3157 1383 3188 ὃς
1399 3156 1590 3192 Secularibus,
1610 3153 1758 3190 Ducibus,
1777 3154 1809 3184 ὅ(
1825 3151 2039 3182 Marchionibus
2053 3173 2063 3188 ,
2083 3152 2169 3182 etiam
2184 3158 2214 3181 ut
2228 3151 2301 3189 saepe
2312 3151 2416 3191 fertur,

1352 3195 1428 3225 Sacri
1442 3193 1556 3231 imperii
1571 3191 1748 3223 Eledtoribus
1762 3214 1772 3227 ,
1791 3189 1958 3220 Comitibus
1971 3212 1981 3228 ,
2000 3189 2153 3220 Batonibus
2169 3212 2179 3227 ,
2198 3189 2232 3220 &
2247 3194 2355 3222 caeter'is
2369 3191 2412 3222 su-

1351 3233 1441 3270 perius
1452 3231 1620 3268 nominatis,
1638 3229 1683 3260 seu
1691 3230 1727 3260 ab
1740 3228 1882 3266 ipsorum,
1899 3228 1943 3258 seu
1959 3228 2123 3266 cujussibet,
2141 3228 2264 3265 ipsorum
2278 3228 2409 3266 legitime

1351 3271 1401 3340 ge
1421 3271 1517 3313 utatis,
1536 3278 1587 3336 piro
1601 3268 1698 3299 Nobis
1707 3268 1740 3299 &
1757 3267 1888 3298 Nomine
1903 3265 2002 3297 nostro
2017 3266 2193 3303 Petendum,
2207 3265 2415 3306 stipulandum,

1432 3318 1477 3338 eci
1499 3317 1542 3337 ien
1565 3317 1614 3337 um
2382 3309 2386 3312 '

1390 3346 1426 3377 Et
1448 3318 1607 3385 gegeraliter
1623 3328 1661 3375 ³ad
1678 3345 1778 3375 omnia
1800 3343 1851 3375 alia
1868 3345 1901 3375 ὅ(
1919 3342 2023 3382 singula
2046 3341 2238 3379 Faciendum,
2255 3341 2416 3374 Excercen-

1352 3385 1439 3422 dum,
1459 3384 1491 3414 &
1508 3383 1742 3427 Expediendum,
1759 3392 1822 3421 quae
1838 3383 1866 3412 in
1883 3380 2049 3419 Praemiffis,
2066 3380 2110 3410 vel
2125 3380 2306 3416 circaea,1eu
2321 3381 2416 3420 aliquo

1353 3420 1566 3453 Praernissorum
1580 3444 1590 3459 ,
1607 3421 1757 3452 necessaria
1778 3420 1883 3452 fuerint
1899 3420 1945 3450 seu
1966 3417 2183 3457 quomodolibet
2202 3425 2341 3454 oportuna
2353 3441 2364 3458 ,
2383 3422 2417 3452 ὃς

1352 3471 1417 3501 quae
1433 3461 1546 3499 qualitas
1566 3461 1600 3491 &
1623 3467 1719 3490 natura
1731 3458 1891 3496 hujusmodi
1906 3458 2011 3496 negotii
2031 3456 2147 3493 exigunt
2160 3456 2194 3486 &
2207 3456 2366 3496 requirunt,
2382 3459 2418 3489 &

1355 3510 1419 3538 quae
1431 3498 1605 3535 Nosmetipii
1619 3497 1710 3528 facere
1726 3496 1893 3534 poffiemussi
1902 3494 2077 3534 personaliter
2090 3491 2295 3530 interessemus,
2310 3497 2418 3528 etiamsi

1358 3538 1419 3569 talia
1434 3538 1526 3567 forent
1540 3546 1602 3574 quae
1616 3535 1786 3566 Mandatum
1801 3535 1910 3574 exigant
1923 3540 2181 3571 quantumcumque
2198 3530 2216 3560 s
2230 3532 2315 3563 eciale
2323 3556 2333 3571 ,

1396 3574 1471 3613 Ipsos
1488 3573 1666 3605 Venerabiles
1681 3573 1792 3612 Patres,
1812 3570 1989 3607 Nicholaum,
2004 3569 2166 3606 Robertum,
2182 3539 2358 3611 Jiihannem,
2375 3574 2418 3602 Ε-

1353 3614 1467 3653 pisc'opos
1482 3635 1492 3651 ,
1517 3612 1663 3650 prudentes
1682 3612 1766 3642 Viros
1779 3633 1789 3649 ,
1815 3610 1960 3640 Dominos
1975 3630 1986 3645 ,
2007 3607 2167 3645 Johannem
2182 3628 2191 3643 ,
2214 3609 2248 3638 &
2269 3610 2398 3641 Hertonk

1360 3652 1482 3688 Milites,
1499 3652 1533 3682 &
1550 3650 1700 3688 Philippum
1714 3673 1723 3688 ,
1742 3650 1815 3687 ipsos
1829 3649 1882 3678 Sex
1895 3671 1906 3684 ,
1926 3646 2063 3684 Quinque
2078 3666 2087 3682 ,
2106 3644 2256 3684 Quatuor,
2272 3656 2318 3678 aut
2341 3636 2418 3682 Tre}

1357 3690 1544 3726 eorumdum,
1560 3688 1671 3718 nostros
1682 3688 1850 3724 Solempnes
1864 3708 1874 3723 ,
1890 3685 2043 3724 legitimos,
2060 3683 2094 3714 δε
2109 3682 2420 3720 indubitatosAmbas-

1359 3728 1485 3765 fiatores,
1503 3726 1717 3764 Procuratores,
1736 3725 1931 3761 Negotiorum
1940 3720 2094 3758 Gestores,
2113 3719 2419 3763 Commiffarios,De-

1359 3774 1484 3804 putatos,
1501 3765 1534 3796 &
1558 3763 1696 3795 Nuncios
1717 3762 1843 3801 speciales
1857 3785 1867 3800 ,
1885 3760 2034 3796 Fecimus,
2050 3757 2230 3799 Creavimus,
2247 3763 2281 3793 &
2297 3763 2418 3796 Consti.

1358 3805 1479 3840 ruimus,
1497 3802 1642 3840 Facimus,
1657 3801 1808 3838 Croemus,
1826 3800 1859 3830 &
1874 3797 2084 3829 Censtituimus
2092 3807 2142 3835 per
2156 3800 2302 3836 praesentes

1395 3841 1612 3878 Promittentes,
1630 3841 1704 3870 bonfi
1720 3839 1774 3869 fide
1789 3840 1822 3870 &
1844 3839 1874 3867 in
1889 3837 1979 3866 verbo
1992 3835 2091 3873 regio,
2112 3845 2147 3866 ac
2159 3836 2209 3867 sub
2222 3824 2372 3876 Ypotiieca
2385 3841 2420 3873 &

1359 3878 1545 3916 Obligatione
1559 3880 1692 3909 omnium
1706 3877 1853 3908 Bonorum
1868 3873 2030 3905 nostrorum
2045 3895 2055 3911 ,
2074 3874 2251 3910 praesentium
2264 3879 2298 3910 &
2312 3880 2422 3911 futuro-

1358 3927 1440 3955 rum,
1458 3916 1523 3947 Nos
1545 3916 1655 3947 Rarum
1677 3916 1710 3947 δε
1735 3914 1860 3945 Gratum
1917 3913 2017 3949 rpetuo
2031 3911 2173 3943 habituros
2188 3922 2280 3946 totum
2294 3917 2328 3948 &
2341 3919 2424 3955 quic-

1360 3955 1431 3994 quid
1445 3964 1496 3993 per
1509 3954 1602 3987 dictos
1617 3952 1854 3989 Ambaffiatores,
1896 3958 2088 3989 rocuratores,
2105 3950 2302 3992 Negotiorum
2317 3954 2425 3986 Gesto-

2355 4002 2400 4024 res
2407 4016 2420 4033 ,

2451 2223 2471 2243 ¹·
2493 2226 2549 2262 nrt

2449 2273 2517 2301 4¹3·
2540 2286 2544 2298 2
