2562 4274
791 174 903 215 ET
987 173 1247 214 ACTA
1328 153 1798 215 PUBLICA.

2271 175 2321 214 *21

17 272 95 306 Ann.
112 270 155 302 D.
208 265 327 298 Proviso
346 262 470 301 semper,
495 260 577 299 quod
598 257 648 298 ipsi
668 258 843 299 quicquain,
867 258 928 296 &a
949 264 980 289 ut
1001 262 1029 289 ln
1050 258 1185 290 Similibus
1202 259 1234 289 de
1267 258 1326 296 jam
1346 268 1464 290 vacante
1477 283 1487 297 ,
1521 259 1675 289 dinoscitur
1698 262 1810 291 notorie
1831 261 1984 299 pertinere)
2009 259 2133 292 Salutem
2160 260 2189 290 in
2216 269 2252 290 eo
2278 268 2330 296 per
2344 256 2422 288 Ann.
2436 257 2479 289 D.

41 318 124 350 1417.
167 306 305 337 Conduclu
318 305 431 333 Literis.

19 355 81 380 Hen-
99 359 128 386 5.
204 345 238 377 In
253 345 348 382 cujus,
368 342 428 372 &c.
818 378 822 383 ⁵
1086 376 1092 382 ⁶

199 383 289 414 Teste
302 382 385 417 Rege
394 400 403 417 ,
420 383 450 409 iu
468 381 601 408 Exercitu
608 377 673 416 fico,
688 384 770 415 prope
783 379 812 408 V
812 374 891 406 illam
903 375 1072 416 d'Alenson,
1084 384 1115 407 in
1129 374 1229 407 Duca-

164 432 195 456 tu
208 422 297 459 Regis
308 418 461 459 praedicto,
481 427 526 449 xx.
543 417 591 448 die
605 416 754 448 Octobris.

799 497 853 525 Per
868 493 949 535 ipfitm
965 496 1068 532 Regem.

17 653 95 686 Arm.
109 651 151 683 D·
482 625 541 655 Pro
561 624 675 655 Comite
692 620 901 668 Wndosmcffl.

33 693 126 733 4417.

17 736 70 762 An.
86 741 113 766 5·
171 709 304 767 REX,
321 718 370 747 per
389 708 496 739 Literas
517 708 574 739 suas
596 708 742 746 Patenres,
761 717 812 746 per
830 716 920 738 unum
941 707 1074 737 Mensem
1092 707 1226 744 proximo

247 748 374 778 futurum
394 747 554 785 duraturas,
576 746 693 785 suscepit
720 748 748 776 in
770 747 878 778 salvum
899 747 933 777 ὃς
952 745 1080 775 securum
1103 744 1226 774 Condu-

15 775 105 836 {272⁵}
167 787 248 817 (stum
269 788 365 823 suum,
387 796 420 815 ac
442 787 471 816 in
491 785 707 817 Protetffionem
751 786 941 821 Tuitionem,
964 785 997 814 &
1019 783 1226 826 Defensionem

15 849 50 873 Η·
65 827 105 880 ς’·
113 816 152 874 ἑ·
164 825 222 855 suas
236 823 395 864 Johannem
409 824 440 854 de
452 827 526 855 crois
537 824 573 855 de
587 824 704 855 Francia
715 807 861 860 Militem,
879 832 964 860 penes
978 821 1157 851 Praesentiam
1167 821 1228 850 Re-

16 891 45 921 5·
161 864 204 900 gis
215 864 253 908 ad
268 863 361 893 Partes
374 863 449 907 sutaS,
462 873 497 893 ex
512 871 587 908 parte
601 865 712 907 Camiris
724 862 756 892 de
768 860 1014 927 Wndosrne,}{um
1028 859 1153 928 lsQuq-bus,
1167 858 1228 903 Va-

160 899 912 979 ξᾶῗὲἅωῗυξςὶἓῗέῑεῖἒῗὲῗἈεῗῗιῗῗίῑῖῗὲἑὲιῗη
935 907 1027 975 κῐῖξῖξ
1040 908 1229 974 Ἰίηὲιέἒὲἲὲἰ

161 978 319 1049 (1ρὶῗὲἳίῗο
335 1016 460 1054 semper,
477 1014 538 1050 &a
557 1022 589 1044 ut
600 1013 729 1053 fimilibus
742 1015 774 1044 de
789 1014 926 1044 Conduc‘t'u
938 1016 1055 1043 Literis.

202 1056 294 1086 Teste
314 1054 448 1094 Johanne
468 1058 544 1084 Duce
560 1053 715 1097 Beffordiae
732 1052 863 1084 Custode
878 1052 993 1090 Angliae
1007 1051 1082 1090 apud
1100 1052 1230 1092 Wstmo-

162 1094 308 1135 musterium
320 1093 456 1127 vicefimo
468 1092 515 1124 die
529 1091 679 1124 OCtobris.

849 1170 903 1198 Per
918 1166 1070 1198 Concilium.

12 1313 29 1332 a
44 1314 98 1343 Ιχ,
414 1299 436 1323 *
459 1301 519 1332 Pro
539 1295 813 1340 Ambaffiatoribns
834 1299 976 1332 Franciae.

10 1361 146 1422 2255.st
166 1383 306 1440 Rex,
322 1384 454 1415 univerfis
471 1385 505 1416 sc
527 1382 639 1428 fingatis
657 1382 836 1420 Admiratus,
856 1382 1032 1420 Gauianus,
1051 1382 1232 1427 caticum,

30 1437 121 1467 1417,
246 1422 280 1453 &
293 1432 395 1453 eorum
410 1423 669 1460 Locatenentibus,
686 1421 748 1452 &c.
767 1420 802 1451 ad
817 1430 889 1460 quos
902 1420 1047 1459 praesentes
1062 1421 1165 1453 nostrae
1179 1421 1230 1452 Li-

10 1471 64 1497 An,
83 1476 113 1501 5·
167 1466 235 1491 terae
249 1462 446 1500 pervenerint,
463 1461 600 1492 Salutem.

12 1510 50 1534 Η.
64 1513 93 1540 5.
204 1500 303 1531 Sciatis
320 1500 400 1538 qued
416 1501 504 1539 Nos,
884 1539 886 1541 ‚

10 1547 68 1573 rat.
203 1538 298 1570 Certis
308 1539 346 1569 de
358 1539 461 1577 causis,
479 1539 514 1569 ad
527 1538 584 1570 hoc
599 1538 669 1569 Nos
687 1538 887 1577 moventibus,

12 1585 138 1612 Norman.
199 1576 447 1615 Tranquillitatem
459 1589 493 1609 ac
507 1578 657 1618 publicum
673 1577 707 1607 &
720 1576 873 1607 universale
887 1575 1001 1607 Bonum
1015 1576 1123 1607 nedum
1144 1576 1231 1607 Fran-

13 1629 41 1657 5.
57 1625 89 1649 Η,
98 1630 128 1658 5,
159 1614 215 1646 ciae
229 1616 265 1685 δὲ
280 1616 392 1655 Angliae
406 1616 703 1656 Regnorum,verum
716 1615 801 1647 etiam
816 1616 902 1647 totius
910 1615 1101 1646 Cristianitatis
1112 1626 1232 1646 concer—

42 1680 50 1689 ,
68 1670 114 1691 22,
163 1663 242 1685 nenti
266 1665 296 1685 ΗΞ

14 1669 39 1690 m
201 1678 378 1724 Reverendo
398 1694 427 1724 in
447 1692 566 1724 Christo
585 1693 677 1731 Patri,
703 1692 851 1731 Reginaldo
872 1690 1074 1731 Archiepifiopo
1093 1693 1229 1733 Remenfi,

163 1731 309 1772 Nlagistro
329 1731 458 1771 Johanni
476 1733 589 1763 Tuderti
608 1732 732 1762 Decano
747 1732 880 1762 Ecclesiae
894 1731 1065 1770 Parifiensis,
1084 1731 1229 1769 Magistro

161 1770 294 1811 Johanni
307 1772 339 1801 de
355 1771 437 1801 Vailli
452 1773 481 1801 in
494 1771 584 1802 Curia
595 1770 774 1801 Parliamenti
789 1770 946 1801 Parisiensis
960 1769 1228 1809 Praesidenti,Guil-

162 1810 250 1841 lielmo
265 1811 297 1840 de
308 1809 438 1840 Meulhon
452 1809 541 1840 Militi
554 1809 720 1840 Camerario
733 1808 926 1847 Consanguinei
942 1808 981 1844 ό·
995 1807 1167 1848 Adversarii
1181 1821 1229 1839 no-

162 1848 212 1889 stri
233 1849 378 1886 Franciae,
395 1847 516 1878 Gilberto
537 1848 568 1877 de
592 1851 729 1878 Montiers
748 1847 883 1878 Domino
905 1848 941 1878 de
962 1848 986 1877 la
1008 1848 1099 1878 Faieta
1121 1848 1230 1886 Militi,

164 1887 308 1927 Magistro
323 1887 438 1917 Roberto
452 1887 484 1916 de
498 1886 618 1925 Tuleris,
636 1888 670 1917 &
685 1886 827 1925 Magistro
840 1890 958 1916 Goutero
978 1885 1047 1916 Colli
1068 1886 1232 1926 Confizngui-

164 1929 208 1996 ῗει·
222 1926 263 1994 &i
272 1925 443 1965 Adverfiarii
453 1925 536 1963 nostri
545 1925 677 1963 praedieti
692 1925 946 1956 Ambaffiatoribus
959 1926 993 1956 &
1007 1926 1090 1956 certis
1103 1925 1138 1956 N
1141 1927 1230 1957 unciis

196 1965 253 1995 ecia
265 1966 328 1996 ibus

174 1974 194 2003 p
203 2003 288 2043 Qios
301 1988 376 2042 apiid
391 2003 461 2034 Nos
473 2003 548 2034 idem
562 2002 796 2039 Consanguineus
812 2003 844 2033 &
861 2001 1041 2033 Adversarius
1055 2003 1229 2042 noster,pro

163 2043 381 2082 Tranquillitate
403 2043 436 2073 &
457 2042 609 2073 communi
632 2040 716 2072 Bono
739 2042 826 2072 totius
847 2040 1058 2080 Cristianitatis,
1076 2050 1107 2073 ut
1122 2043 1230 2083 afferit,

163 2082 351 2115 transmittere
365 2080 504 2119 disponit,

202 2120 349 2150 Nostrum
368 2119 475 2151 salvum
495 2120 529 2151 &
540 2119 669 2151 securum
684 2119 876 2150 Conductum
891 2119 1033 2151 Dedimus
1048 2120 1082 2151 δε
1099 2119 1229 2153 Conces-

164 2159 265 2198 fimus,
284 2157 450 2197 Damusque
463 2159 497 2190 &
513 2157 710 2190 Concedimus
724 2169 774 2198 per
788 2158 959 2197 Praesentes,

203 2198 249 2230 Ac
271 2198 343 2237 ipsos
362 2198 395 2229 &
416 2208 518 2229 eorum
538 2198 695 2236 quemlibet
718 2199 748 2227 in
761 2197 886 2229 nostram
900 2197 1136 2238 Proteffionem,
1154 2199 1230 2230 Tui·

163 2238 277 2268 tionem
292 2260 302 2275 ,
325 2236 427 2268 salvam
449 2237 483 2267 &
501 2236 647 2275 specialem
668 2236 804 2267 Gardiam
824 2236 993 2275 suscepimus
1016 2238 1050 2268 &
1070 2238 1229 2277 posuimus,

163 2275 325 2314 suscipimus
338 2276 371 2307 &
386 2276 536 2313 ponimus,
554 2286 604 2314 per
615 2275 780 2315 praesentes,

204 2314 264 2345 Pro
278 2315 433 2352 veniendo,
452 2314 577 2352 insimul,
595 2324 642 2346 aut
656 2315 786 2353 divisim,
803 2315 849 2346 seu
862 2324 912 2353 per
925 2324 1033 2354 partes,
1047 2325 1116 2346 cum
1125 2315 1230 2354 Armis,

165 2353 212 2386 vel
229 2353 286 2384 fine
299 2353 410 2391 Armis,
428 2361 486 2383 tam
501 2362 551 2392 per
562 2352 703 2392 Terram,
722 2354 810 2392 quam
825 2364 875 2392 per
890 2353 976 2384 Mare
990 2355 1024 2385 &
1046 2355 1158 2393 Aquam
1168 2378 1178 2393 ,
1196 2355 1229 2385 li-

165 2394 254 2431 bere,
272 2393 349 2430 tute,
368 2392 401 2424 &
415 2391 511 2422 secure
527 2391 612 2430 usque
627 2391 734 2422 Villam
746 2392 783 2423 de
795 2392 964 2423 Honnefleu
986 2393 1016 2422 in
1037 2392 1154 2424 Ducatu
1174 2404 1231 2424 no-

166 2431 226 2462 stro
249 2430 440 2461 Normanniae
452 2455 462 2469 ,
481 2431 515 2461 &
533 2431 619 2461 alium
641 2430 757 2462 Locum
777 2441 1008 2470 quemcumque,
1031 2432 1104 2462 inter
1123 2442 1172 2462 eos
1195 2433 1229 2463 δε

166 2478 263 2500 certos
287 2468 506 2500 Commissarios
526 2468 639 2500 nostros
653 2494 664 2507 ,
697 2469 870 2508 deputandos
890 2469 926 2500 ad
943 2470 1140 2501 Trmfiandum
1162 2481 1231 2501 cum

165 2508 293 2546 eisdem,
318 2507 511 2547 affignandum
533 2509 566 2539 &
589 2508 835 2540 Concordandum
853 2533 862 2545 ,
886 2510 919 2540 &
941 2508 1045 2538 abinde
1066 2509 1230 2548 redeundo,

165 2546 437 2585 quotienscumque,
457 2547 599 2584 (praesenti
621 2547 706 2578 Salvo
727 2547 885 2578 Condustu
908 2546 1008 2577 nostro
1029 2548 1157 2585 durante)
1177 2558 1230 2586 pro

166 2586 283 2615 utilitate
300 2584 453 2616 Tractatfis
473 2585 634 2622 hujusmodi
656 2587 693 2616 eis
716 2586 858 2617 videbitur
878 2585 1008 2623 expedire
1023 2609 1033 2624 ,
1058 2596 1108 2623 per
1129 2596 1231 2617 omnes

168 2623 323 2662 Civitates,
342 2623 570 2662 Villas,Castra,
580 2626 613 2655 ὃς
628 2624 677 2654 alia
693 2625 773 2655 Loca
785 2634 992 2662 quaecumque,
1011 2632 1069 2654 tam
1086 2625 1230 2656 dictorum

167 2661 342 2701 Regnorum
357 2663 482 2693 Franciae
496 2664 529 2694 &
544 2663 656 2700 Angliae
668 2664 701 2694 &
717 2662 848 2693 Ducatfis
870 2662 959 2693 nostri
979 2663 1124 2702 praedicti,
1144 2665 1231 2702 quam

167 2700 234 2732 alibi
247 2700 361 2731 Ditioni
374 2701 480 2732 nostrae
491 2702 630 2739 subjed‘ta,
649 2711 716 2732 cum
731 2701 858 2732 Centum
873 2702 907 2731 &
930 2701 1143 2740 Quinquaginta
1163 2702 1232 2733 Per-

168 2740 258 2777 sonis,
276 2739 322 2769 vel
338 2740 409 2770 infra
420 2741 449 2770 in
466 2749 567 2770 eorum
583 2740 747 2779 Comitiva,
766 2739 950 2778 Equestribus
966 2739 1011 2771 vel
1035 2740 1232 2780 Pedestribus,

168 2777 295 2808 Armatis
309 2778 353 2807 vel
367 2788 427 2808 non
443 2778 581 2816 Armatis,
598 2788 667 2808 cum
683 2789 783 2809 eorum
798 2779 892 2809 Armis
907 2777 1040 2809 Invasivis
1053 2780 1086 2810 &
1101 2779 1233 2810 Defensi-

168 2817 226 2854 vis,
250 2826 283 2847 ac
303 2815 406 2854 Equis,
433 2815 577 2854 Careffls,
604 2816 755 2857 Cariagiis,
781 2818 876 2855 Auro,
895 2817 1023 2856 Argento
1040 2840 1049 2855 ,
1069 2818 1232 2856 jocalibus,

167 2855 282 2924 Libgiss,
302 2854 420 2894 Literis,
438 2854 568 2893 Catallis,
585 2856 619 2887 &
639 2855 695 2885 aliis
710 2856 825 2895 Rebus,
838 2856 998 2895 Hernesiis,
1023 2858 1055 2888 ὃς
1076 2857 1162 2888 Bonis
1182 2857 1234 2888 suis

191 2904 218 2923 ui
239 2905 257 2925 u
269 2903 338 2924 cum
359 2904 406 2924 ue·
600 2912 604 2915 ·

168 2902 190 2932 q
212 2931 250 2963 Et
267 2904 434 2963 ideoqvossis
449 2955 458 2970 ,
483 2932 517 2963 δε
536 2931 651 2962 cuilibet
668 2930 799 2962 vestrfim
814 2954 824 2970 ,
850 2941 935 2970 prout
951 2932 985 2963 ad
1004 2943 1070 2964 eum
1090 2935 1232 2972 pertinue-

170 2969 224 3007 rit,
249 2969 436 3008 Praecipimus
458 2970 492 3001 δεῖ
515 2969 704 3008 Mandamus,
723 2970 874 3001 distriCtius
894 2972 1085 3011 injungentes,
1103 2975 1232 3011 quatinus

171 3009 391 3046 praenominatos
405 3008 624 3039 Ambaffiatores
633 3010 667 3040 &
682 3017 775 3039 certos
789 3009 859 3039 dieti
871 3011 1040 3049 Adverfiirii
1054 3010 1138 3050 nostri
1143 3012 1178 3042 N
1181 3023 1233 3042 un-

171 3047 234 3092 cios
248 3045 392 3085 speciales,
408 3047 468 3082 &a
482 3055 564 3086 prout
570 3047 657 3087 siaepra
671 3048 702 3077 de
716 3050 789 3077 Dat.
807 3056 856 3087 24.
873 3051 946 3086 Sept.
962 3048 1040 3089 usque
1054 3049 1110 3079 haec
1123 3051 1230 3088 verba,

171 3096 235 3115 vlz.

207 3123 265 3154 Seu
278 3122 381 3154 faciant
396 3123 616 3161 quomodolibet
627 3125 804 3163 attemptari,
821 3124 882 3160 &a
899 3132 963 3155 tunc
968 3125 1023 3166 fic,

208 3161 248 3192 Et
263 3161 344 3200 quod
357 3162 502 3199 praesentes
515 3161 620 3192 Literae
634 3164 739 3193 nostrae
752 3165 873 3202 praefato
899 3164 1036 3203 Gilberto,
1055 3172 1101 3194 aut
1122 3165 1233 3196 Homi-

174 3201 275 3238 nibus,
292 3200 338 3230 seu
357 3200 548 3231 Servientibus
567 3201 635 3239 suis,
656 3202 810 3233 nullatenus
833 3202 941 3233 valeant
964 3212 1010 3234 aut
1032 3203 1233 3244 suffragentur,

174 3238 195 3269 si
218 3238 309 3276 ipsum
328 3240 357 3268 in
380 3238 453 3268 Villa
467 3237 614 3276 Phalesiae,
631 3240 660 3268 in
676 3239 792 3271 Ducatu
805 3241 904 3271 nostro
918 3242 1072 3280 praedicto,
1090 3243 1154 3281 post
1169 3244 1233 3273 ulti-

172 3287 256 3347 r'x’tmm
267 3277 344 3307 diem
356 3276 480 3307 instantis
495 3275 602 3307 Mensis
616 3276 770 3317 Octobris,
789 3289 902 3310 manere
917 3282 1067 3320 contigerit
1082 3282 1126 3311 vel
1150 3291 1234 3320 expe-

171 3325 187 3346 ς
203 3325 266 3355 are,

212 3356 248 3386 Et
267 3354 345 3391 quod
365 3354 461 3392 aliquis
481 3352 666 3384 Personarum
687 3354 885 3391 praedietarum
907 3356 1041 3388 Proditor
1062 3357 1158 3389 noster
1187 3368 1235 3391 aut

171 3402 250 3462 {xtra
266 3393 406 3433 Regnum
417 3392 548 3423 nostrum
561 3392 672 3432 Angliae
686 3393 818 3424 Bannitus
832 3394 877 3425 seu
901 3395 1076 3433 abjudicatus
1096 3406 1157 3427 non
1178 3400 1235 3428 exi-

197 3441 234 3462 at.

172 3509 192 3539 d
208 3470 243 3500 In
266 3471 361 3509 cujus,
379 3471 440 3501 ἃς.
461 3469 546 3508 usque
568 3468 683 3500 Festum
705 3470 937 3502 SanetiAndreae
949 3474 1083 3510 proximo
1106 3474 1233 3505 futurum

195 3517 323 3540 uraturas.

209 3547 300 3577 Teste
320 3546 403 3585 Rege
425 3547 453 3576 in
477 3548 609 3576 Exercitu
618 3544 668 3585 βω
676 3556 756 3586 prope
771 3548 876 3578 Villam
890 3549 1060 3589 d'Alenfim,
1076 3551 1104 3580 in
1118 3550 1235 3582 Ducatti

177 3584 265 3624 Regis
279 3584 417 3624 praedicto
425 3608 435 3624 ‚
452 3584 597 3617 Vicefimo
609 3587 742 3617 Secundo
757 3587 803 3618 die
818 3587 964 3618 octobris.

835 3666 890 3694 Per
902 3664 985 3704 iincm
998 3668 1102 3702 Regem.

411 3810 518 3843 Litera
534 3809 754 3857 Archiepiftopi
773 3810 999 3853 Cantnariensis.

32 3905 159 3939 Ann.D.
181 3895 468 3957 EXcellentiinmo
482 3903 642 3948 innChristo
656 3903 779 3941 Principi
794 3904 827 3949 ὃς
843 3903 979 3935 Domino
992 3906 1108 3945 nostro,
1127 3905 1235 3949 Domi-

50 3955 136 3985 1417·
257 3946 296 3980 no
311 3940 443 3981 Ηςηνιεο,
462 3940 521 3970 Dei
535 3943 640 3981 gratia,
658 3946 722 3980 Regi
736 3942 848 3979 Angltae
862 3940 900 3976 ὠ·
913 3945 1052 3982 Franciae,
1071 3946 1104 3976 &
1127 3943 1236 3973 Domi-

27 3988 80 4013 An.
98 3995 126 4020 5.
179 3983 219 4005 no
232 3973 394 4013 Hiberum,
413 3979 560 4018 Henricus,
576 3981 756 4018 permissione
771 3980 885 4018 divinfi,
900 3983 1100 4023 Cantuarienfis
1116 3981 1237 4012 Archin-

28 4027 64 4051 Η,
84 4032 113 4058 5,
175 4013 305 4052 piscopus,
319 4015 404 4058 totius
425 4015 536 4055 Angliae
556 4018 681 4058 Prii-nas,
697 4022 731 4051 ὃς
757 4018 933 4060 Apostolicae
953 4020 1030 4051 Sedis
1048 4022 1168 4059 Legatus
1191 4020 1237 4057 (ad

28 4060 98 4098 infra
175 4062 261 4090 quem
282 4062 377 4098 omnis
400 4054 433 4084 ὃς
451 4057 618 4087 omnimoda
628 4058 804 4096 Jurisdie'tio,
823 4058 964 4096 spiritualis
977 4059 1010 4090 δε
1027 4058 1238 4096 Ecclesiastica,

26 4100 140 4139 :rum-m²
174 4101 238 4131 quae
257 4091 293 4126 ad
309 4090 463 4133 Episcopum
479 4093 660 4136 Cicqstrensem
680 4098 812 4136 pertinuit
827 4120 838 4136 ,
862 4096 934 4130 Sede
954 4097 1038 4137 plena
1052 4121 1063 4138 ,
1084 4096 1142 4139 ipsa
1164 4097 1239 4129 Sede

1269 307 1357 335 quem
1372 297 1469 335 Reges
1483 299 1644 337 regnant&
1659 298 1804 337 Principes
1815 300 2005 330 dominantur.
2210 336 2215 341 θ
2374 305 2459 335 1417·

1308 335 1492 367 Excellentiae
1513 335 1614 367 vestrae
1635 339 1718 376 regia:
1733 360 1742 374 ,
1777 337 1896 369 Tenore
1923 338 2106 369 Praesentium
2122 359 2132 374 ,
2164 337 2328 367 intimamus
2344 339 2406 362 Hen.
2427 345 2453 369 5-

1270 374 1350 411 quod
1372 374 1458 413 Nos,
1476 376 1495 395 *Ε
1516 374 1654 405 dilectum
1675 376 1705 405 in
1726 375 1843 407 Christo
1864 376 1985 415 Filium,
2003 375 2162 415 Johannem
2183 376 2250 405 Cook
2270 375 2328 405 Ca·
2343 374 2358 390 '¹²
2376 373 2428 403 IX.

1270 412 1411 450 pellanum
1430 413 1465 444 ad
1488 413 1675 443 Praebendam
1694 414 1730 445 de
1751 414 1924 454 Briglitling,
1940 418 1970 446 in
1994 416 2096 445 Libera
2110 413 2225 453 Capella
2240 412 2330 444 vestra
2344 412 2412 449 506·

1270 451 1304 479 de
1319 451 1490 491 Hastynges,
1510 451 1692 482 Cicestrensis
1705 452 1864 492 Dioecesis,
1884 466 1934 492 per
1948 454 2082 485 Liberam
2098 453 2331 493 Resignationem

1270 491 1374 519 David
1388 493 1488 529 Pryce,
1507 491 1598 521 ultimi
1614 490 1805 522 Praebendarii
1821 494 1958 532 ejusdem,
1975 502 2142 531 vacantem,

1308 528 1354 558 Ad
1368 539 1452 567 quam
1470 540 1518 567 per
1533 528 1612 567 Vos,
1632 529 1860 560 excellentissime
1876 531 2028 570 Princeps,
2044 541 2144 561 verum
2158 531 2238 569 ipsius
2251 529 2330 560 Prae-

1268 567 1371 634 fiendae
1393 567 1549 598 Patronum
1558 591 1567 606 ,
1583 578 1631 605 per
1656 568 1762 599 Literas
1777 569 1880 600 vestras
1894 571 2038 607 Parentes,
2054 570 2137 600 nobis
2149 571 2238 602 extitit
2252 569 2330 600 Prae-

1280 614 1401 642 entatus,

1307 643 1498 681 Admisimus,
1516 654 1549 675 ac
1565 645 1653 681 ipsum
1668 645 1849 683 Praebendae,
1861 647 1939 684 juxta
1958 647 2085 678 formam
2108 646 2334 680 Praesentationis

1268 681 1367 712 vestrae
1380 683 1544 721 praedietae,
1562 683 1750 721 instituimus,
1769 686 1802 716 ὃς
1826 686 1933 723 ipsum,
1949 696 1998 723 per
2016 685 2114 717 Birreti
2136 685 2225 715 nostri
2245 688 2329 718 tradi-

1268 720 1377 750 tionem
1393 745 1402 756 ,
1426 720 1626 751 investivimus
1645 724 1785 753 canonice
1806 723 1842 754 de
1862 724 1978 762 eadem,
2001 734 2070 755 cum
2091 726 2141 756 suis
2157 724 2272 762 Juribus
2295 726 2330 758 ὃς

1267 760 1440 796 pertinentiis
1454 760 1595 791 universis.

1305 834 1372 865 Dat.
1390 836 1421 865 in
1435 838 1563 866 Manerio
1580 835 1666 876 nostro
1681 838 1712 867 de
1728 838 1881 868 Lambethe
1894 841 1960 870 xxii.
1978 840 2024 872 die
2049 840 2157 872 Mensis
2175 840 2330 881 Octobrisg

1268 872 1357 903 Anno
1372 873 1498 905 Domini
1512 874 1686 919 Millefimo,
1706 876 2009 918 Qadringentesimo,
2023 879 2140 912 decimo
2150 879 2330 920 septim0,&

1268 911 1374 943 nostrae
1388 913 1591 945 Transsationis
1606 915 1693 945 Anno
1708 915 1831 954 Qarto.

1623 1051 1682 1081 Pro
1704 1050 1791 1082 Duce
1809 1051 1978 1084 Britanniae.

1273 1129 1604 1200 ΚΕὶδίέἰὲξιὸἱνῗὲἒὸε
1619 1132 1729 1172 singulis
1741 1133 1868 1174 Alligatis
1882 1134 2000 1175 nostris,
2015 1137 2075 1168 &c.
2094 1137 2228 1170 Salutem
2353 1148 2430 1179 Am,
2442 1145 2485 1177 D·

1309 1205 1406 1245 Cum,
1426 1180 1655 1247 Coissangu’ineus
1677 1209 1789 1249 noster,
1812 1211 1956 1250 Johannes
1978 1217 2047 1244 Dux
2067 1218 2245 1257 Britannice,
2269 1217 2329 1253 &c-
2350 1194 2466 1260 ΑΣιΙ-,Ι-γ.

1270 1251 1303 1274 ut
1312 1244 1396 1283 fiaepra
1411 1249 1483 1276 Dat.
1503 1247 1529 1276 8.
1546 1248 1608 1276 063.
1627 1247 1706 1292 usque
1717 1249 1772 1287 ibi,
1788 1250 1895 1281 nostras
1907 1252 2051 1290 speciales,
2069 1253 2106 1288 ἐν
2121 1261 2187 1284 tunc
2193 1256 2248 1296 fic,
2350 1271 2378 1293 H
2407 1274 2434 1299 5,

1309 1282 1367 1328 Et,
1383 1284 1504 1315 Tenore
1525 1284 1727 1324 Praesentium,
1743 1287 1821 1317 bona
1843 1288 1897 1319 fide
1916 1292 1949 1321 δε
1969 1293 2059 1322 verbo
2080 1292 2194 1331 Regio,
2218 1295 2330 1327 fidelem
2353 1289 2403 1333 pat

1271 1320 1455 1353 Securitatem
1478 1323 1607 1362 Damus,
1626 1324 1767 1355 Volumus
1785 1327 1887 1365 etiam,
1904 1329 1938 1358 &
1961 1329 2157 1362 Concedimus
2172 1334 2253 1371 quod
2265 1334 2330 1365 Du-
2352 1325 2431 1371 NorJn
2450 1342 2481 1375 5:

1272 1369 1349 1391 catus
1361 1361 1406 1391 seu
1418 1361 1510 1393 Patria
1521 1361 1688 1400 Britannice,
1707 1364 1741 1394 &
1754 1363 1864 1394 Subditi
1879 1366 1959 1402 ipsius
1973 1368 2063 1399 Ducis
2077 1371 2104 1399 in
2119 1370 2202 1402 dietis
2215 1372 2333 1405 Ducatu
2352 1386 2381 1409 H
2436 1364 2487 1408 ‘ma

1271 1399 1305 1429 &
1319 1398 1411 1431 Patria
1426 1410 1653 1440 commorantes,
1671 1402 1788 1433 durante
1801 1402 1880 1433 dieto
1894 1403 1997 1444 Viagio
2011 1408 2044 1437 &
2064 1408 2138 1439 salvo
2159 1410 2316 1443 Conduetu
2361 1391 2431 1448 2⁹15·
2478 1409 2486 1412 ⁴

1271 1439 1288 1467 a
1309 1437 1424 1482 Nobis,
1443 1439 1601 1478 Gentibus,
1619 1440 1761 1479 Subditis,
1786 1442 1820 1472 ὃς
1842 1441 1967 1481 Alligatis
1986 1446 2087 1475 nostris
2107 1436 2334 1489 quibuscumque}
2398 1440 2406 1448 ⁵

1270 1475 1377 1521 securi,
1393 1477 1496 1516 absque
1517 1478 1574 1509 ulla
1595 1478 1800 1510 Molestatione
1825 1479 1963 1520 Guerrae,
1982 1493 2177 1524 permaneant,
2197 1488 2216 1517 fi
2237 1488 2335 1521 Guer-

1271 1525 1333 1545 ram
1346 1518 1458 1547 interim
1474 1528 1573 1549 contra
1586 1518 1654 1548 Nos
1669 1527 1716 1548 aut
1730 1518 1843 1549 nostros
1857 1530 1917 1550 non
1933 1522 2051 1553 fecerint
2064 1523 2110 1554 seu
2125 1525 2237 1557 inierint

1308 1553 1347 1584 Et
1364 1554 1435 1600 ideo.
1451 1567 1503 1587 vos
1521 1556 1660 1593 Alligatos
1676 1556 1788 1588 nostros
1806 1558 1960 1595 praedietos
1976 1560 2160 1599 Requirimus
2178 1564 2211 1594 &
2234 1552 2335 1606 Roga:

1270 1601 1334 1623 mus
1341 1594 1504 1638 ,uvobisque
1522 1595 1682 1632 Capitaneis
1694 1619 1704 1634 ,
1723 1595 1902 1635 castellanis,
1919 1598 2071 1639 vestrisque
2084 1601 2338 1636 Locatenentibus'

1270 1640 1304 1661 ac
1322 1634 1378 1662 ains
1396 1632 1548 1664 Officiariis
1566 1634 1720 1671 Minima,
1741 1635 1850 1674 Ligeis‚
1869 1636 2024 1676 Fideiibus,
2043 1639 2077 1669 δε
2093 1639 2218 1671 Subditis
2229 1630 2335 1674 nostris’

1292 1670 1412 1702 raedietis
1430 1672 1616 1710 Praecipimus
1635 1675 1668 1705 &
1687 1673 1862 1705 Mandamus
1879 1698 1888 1712 ,
1921 1677 2002 1713 quod
2020 1678 2110 1714 ipsum
2129 1682 2232 1709 Ducem
2250 1681 2336 1720 usque

1295 1710 1449 1742 raesentiam
1465 1711 1592 1743 nostram
1611 1712 1794 1752 praeduram,
1812 1723 1879 1743 cum
1899 1713 2043 1747 Gentibus
2060 1716 2128 1756 suis,
2149 1718 2200 1748 sub
2215 1718 2251 1749 N
2253 1729 2336 1751 ume-

1268 1757 1302 1777 ro
1322 1748 1601 1790 Quadringentarum
1619 1751 1798 1789 personarum
1824 1753 1854 1782 in
1879 1751 2028 1784 Comitiva
2052 1754 2119 1794 sua,
2152 1756 2335 1796 Equestrium

1269 1786 1315 1816 vel
1334 1787 1526 1832 Pedestrium,
1551 1800 1620 1820 cum
1637 1800 1737 1820 eorum
1756 1789 1861 1829 Equis,
1886 1791 2043 1832 Hernesiis,
2069 1794 2169 1834 Auro,
2186 1796 2334 1837 Argenro,

1265 1824 1428 1866 jocalibus,
1446 1828 1554 1867 Libris,
1574 1828 1690 1866 Literis,
1710 1827 1839 1868 Catallis,
1856 1831 1889 1861 ὅτ.
1907 1831 1964 1862 aliis
1979 1831 2064 1862 Bonis
2081 1833 2133 1863 suis
2148 1835 2334 1873 quibuscum-

1269 1873 1342 1903 que,
1368 1867 1530 1905 veniendo,
1556 1867 1663 1898 ibidem
1684 1868 1824 1898 morando
1843 1870 1877 1900 &
1895 1870 2128 1907 perhendinando
2143 1897 2153 1910 ,
2179 1874 2213 1905 δε
2231 1874 2334 1906 abinde

1270 1902 1365 1942 salvo,
1384 1914 1415 1936 ut
1433 1906 1630 1944 praemittitur,
1649 1906 1812 1944 redeundo,
1827 1908 1929 1947 absque
1948 1908 2104 1949 Dampno,
2122 1912 2161 1942 eis
2180 1922 2230 1950 per
2247 1912 2336 1952 Nos,

1271 1940 1406 1982 Gentes,
1432 1945 1476 1976 vel
1498 1945 1635 1984 Alligatos
1660 1945 1771 1976 nostros
1798 1946 1927 1977 faciendo
1942 1970 1952 1986 ,
1977 1948 2022 1979 vel
2040 1948 2099 1978 fieri
2118 1950 2251 1988 patiendo
2264 1975 2274 1989 ,
2299 1954 2335 1985 ὃς

1270 1981 1373 2020 absque
1389 1984 1582 2022 impetitione,
1603 1983 1691 2014 danda
1707 1985 1736 2014 in
1754 1983 1933 2022 Corporibus
1952 1985 2007 2017 sive
2024 1986 2129 2026 Bonis,
2154 1998 2335 2029 quacumque

1271 2018 1307 2050 de
1327 2021 1405 2052 causa
1421 2022 1468 2053 vel
1486 2024 1634 2054 occasione
1650 2024 1788 2060 temporis
1807 2026 1936 2061 praeteriti
1951 2049 1960 2062 ,
1985 2026 2134 2057 occasione
2151 2027 2334 2069 Treugarum

1271 2058 1318 2103 vel
1337 2059 1560 2092 Promiffionum
1582 2071 1649 2100 quas
1667 2062 1773 2092 Homo
1789 2062 1882 2093 dicere
1899 2062 1982 2095 vellet
2001 2064 2101 2096 stadtas
2119 2066 2217 2106 fuisse,
2237 2067 2283 2098 vel
2305 2077 2336 2098 τιᾗ

1270 2098 1333 2128 liter
1352 2099 1596 2139 qualitercumque
1614 2101 1713 2140 fuerit,
1731 2101 1775 2131 seu
1789 2111 1842 2139 pro
1858 2111 2038 2140 quacumque
2052 2103 2099 2134 Re
2121 2115 2186 2143 quae
2204 2107 2335 2137 accidere

1270 2137 1365 2175 potest
1384 2138 1500 2170 durante
1522 2139 1625 2179 Viagio
1646 2150 1697 2179 per
1705 2139 1858 2179 praefatum
1871 2143 1974 2172 Ducem
1989 2141 2137 2183 faciendo,
2154 2154 2336 2176 manutenea-

1270 2177 1322 2214 tis,
1342 2179 1509 2217 protegatis,
1527 2180 1561 2210 &
1575 2178 1748 2217 defendatis,

1307 2215 1385 2260 Non
1405 2217 1555 2248 inferentes
1576 2219 1632 2257 eis,
1648 2218 1710 2256 seu,
1729 2226 1866 2257 quantum
1887 2220 1916 2249 in
1940 2220 2024 2250 vobis
2040 2220 2098 2258 est,
2116 2222 2152 2251 ab
2164 2221 2221 2252 aliis
2240 2223 2336 2253 inferri

1270 2263 1482 2295 permittentes,
1497 2256 1651 2295 Injuriam,
1672 2257 1859 2296 Molestiam,
1877 2258 2066 2298 Dampnum,
2078 2259 2335 2300 Violentiam,1m—

1270 2293 1468 2331 pedimentum
1480 2295 1611 2333 aliquod,
1630 2297 1675 2326 seu
1691 2295 1873 2333 Gravamen,

1307 2332 1362 2372 Et,
1380 2333 1400 2363 si
1420 2333 1488 2371 quid
1511 2336 1549 2364 eis
1572 2334 1759 2364 ForisfaCtum
1780 2335 1837 2366 five
1857 2335 2019 2374 lnjuriatum
2041 2337 2147 2376 fuerit,
2173 2337 2202 2369 id
2218 2339 2257 2370 eis
2277 2338 2336 2370 fine

1270 2371 1404 2402 dilatione
1421 2373 1525 2403 faciatis
1539 2373 1644 2412 corrigi
1660 2373 1693 2403 &
1708 2373 1804 2403 debite
1819 2374 1979 2413 reformari,

1308 2410 1426 2442 Proviso
1445 2411 1552 2450 semper
1574 2411 1654 2449 quod
1675 2411 1786 2442 Gentes
1797 2420 1843 2442 aut
1857 2412 1989 2443 Personae
2002 2415 2146 2452 prsedirstae
2160 2416 2335 2456 quicquam,

1271 2449 1350 2486 quod
1372 2451 1400 2480 in
1421 2449 1509 2481 nostri
1529 2458 1728 2489 contemptum
1748 2450 1794 2481 vel
1813 2452 2025 2490 praejudicium,
2049 2462 2096 2484 aut
2118 2453 2222 2491 Populi
2243 2454 2333 2485 nostri

1271 2488 1458 2527 Dampnum,
1477 2489 1627 2527 aliqualiter
1648 2489 1748 2520 cedere
1768 2488 1872 2529 valeat,
1890 2500 1950 2521 non
1971 2500 2156 2531 attemptent,
2170 2493 2218 2523 seu
2233 2493 2336 2525 faciant

1270 2527 1422 2564 aliqualiter
1435 2529 1608 2566 attemptari,

1315 2565 1357 2595 Ita
1379 2575 1474 2596 tamen
1495 2566 1573 2604 quod
1589 2589 1599 2604 ,
1627 2566 1647 2597 fi
1667 2567 1812 2603 contingat
1835 2566 1955 2604 aliquam
1977 2567 2161 2599 Personarum
2183 2570 2336 2607 praedieta-

1271 2613 1334 2634 rum
1353 2603 1477 2643 aliquid,
1496 2604 1575 2642 quod
1595 2606 1623 2634 in
1641 2605 1730 2635 nostri
1752 2604 1962 2643 Contemptum
1985 2607 2028 2637 vel
2047 2606 2266 2647 praejudicium,
2283 2619 2331 2641 aut

1272 2642 1376 2680 Populi
1399 2642 1487 2674 nostri
1506 2643 1677 2682 Dampnum
1689 2668 1698 2681 ,
1723 2643 1877 2681 aliqualiter
1897 2645 1996 2675 cedere
2016 2645 2122 2683 valeat,
2148 2655 2332 2686 attemptare,

1272 2682 1317 2712 vel
1336 2682 1428 2712 facere
1438 2685 1612 2720 attemptari,
1631 2682 1701 2721 ipse,
1718 2682 1755 2712 sic
1767 2690 1949 2721 attemptanS‚
1966 2684 2012 2713 seu
2026 2686 2184 2722 attemptari
2206 2686 2331 2726 faciens,

1273 2730 1321 2758 per
1341 2722 1390 2751 has
1413 2721 1517 2751 Literas
1537 2720 1642 2752 nostras
1661 2720 1697 2751 de
1715 2721 1790 2752 salvo
1810 2720 1987 2760 Conduecu,
2006 2732 2021 2752 a
2044 2721 2134 2752 Poena
2148 2733 2207 2754 non
2222 2727 2335 2756 excuse-

1273 2759 1394 2828 guas&
1415 2760 1551 2798 subjaceat
1572 2760 1605 2791 δε
1625 2768 1752 2791 teneatur
1774 2757 1874 2790 Poenis
1897 2761 1924 2789 in
1946 2771 1978 2792 ea
1992 2769 2068 2799 parte
2088 2761 2188 2793 debitis
2204 2764 2238 2794 ὃς
2261 2774 2334 2795 con-

1293 2808 1302 2827 i
1323 2807 1364 2828 nis

1303 2807 1378 2874 gipsis’
1391 2846 1484 2868 tamen
1500 2837 1600 2868 Literis
1614 2836 1717 2867 nostris
1728 2836 1765 2867 de
1779 2837 1854 2868 salvo
1869 2836 2029 2868 Condurstu
2042 2838 2177 2869 omnibus
2192 2840 2250 2870 aliis
2265 2841 2334 2871 Per-

1273 2876 1346 2906 sonis
1365 2876 1525 2914 supradietis
1543 2886 1603 2906 non
1624 2877 1869 2913 attemptantibus,
1898 2886 1951 2906 nec
1970 2879 2129 2914 attemptari
2152 2877 2334 2918 facientibus,

1272 2915 1394 2948 valituris
1416 2916 1450 2946 &
1471 2915 1639 2952 profuturis,
1654 2924 1687 2944 ac
1709 2915 1738 2943 in
1760 2914 1811 2944 suis
1827 2915 1928 2944 robore
1941 2915 1974 2944 ὃς
1997 2913 2127 2945 firmitate
2146 2915 2278 2948 duraturis
2300 2920 2334 2949 ἅτ

1273 2953 1474 2991 permansuris,
1494 2953 1674 2990 Attemptato
1688 2952 1733 2983 seu
1749 2952 1930 2990 Attemptatis
1949 2953 2109 2991 hujusmodi
2123 2964 2184 2984 non
2197 2956 2334 2987 obstanti-

1272 2994 1333 3023 bus.

1272 3069 1291 3100 d
1310 3031 1343 3061 In
1357 3031 1453 3069 cujus,
1467 3031 1527 3061 ὅτε.
1543 3029 1628 3068 usque
1643 3029 1768 3067 primum
1781 3030 1858 3059 diem
1875 3029 2049 3060 Decembris
2060 3032 2194 3068 proximo
2207 3032 2332 3064 futurum

1294 3079 1422 3100 uraturas.

1310 3108 1399 3138 Teste
1420 3107 1506 3144 Rege
1527 3105 1601 3143 apud
1622 3104 1744 3145 Castrum
1765 3108 1842 3142 Regis
1862 3106 2027 3145 d’Alenson,
2058 3108 2087 3137 in
2105 3107 2221 3139 Ducatu
2242 3108 2333 3147 Regis

1273 3147 1465 3178 Normanniae
1474 3168 1483 3184 ,
1498 3144 1635 3177 vicesimo
1648 3146 1766 3182 septimo
1779 3144 1825 3174 die
1837 3144 1985 3176 Odiobris.

1917 3224 1971 3252 Per
1985 3221 2066 3261 ipsitm
2086 3225 2190 3260 Regem.

1600 3347 1628 3373 *ς
1654 3349 1702 3381 De
1725 3345 2007 3391 Praeftntcztionibns.
2352 3356 2367 3374 ⁸
2386 3357 2438 3386 IX,

1278 3432 1395 3489 REX
1411 3434 1573 3472 Omnibus,
1590 3432 1625 3463 ad
1640 3443 1725 3471 quOS,
1743 3433 1806 3463 &c.
1827 3432 1960 3463 Salutem.
2347 3404 2424 3462 suomi.
2440 3431 2483 3462 D.

1364 3473 1461 3503 Sciatis
1474 3472 1570 3510 quod,
1590 3472 1732 3501 Dedimus
1745 3472 1778 3501 δε
1791 3471 1992 3501 Conceffimus
2004 3471 2134 3510 Johanm‘
2148 3472 2257 3507 Bofsbue
2273 3472 2331 3502 Ca·
2368 3479 2455 3510 1417.

1274 3509 1385 3546 pellano
1395 3533 1404 3548 ,
1413 3511 1507 3547 Ligeo
1520 3510 1620 3541 nostro
1633 3510 1716 3539 Villae
1729 3509 1833 3548 Dessay
1847 3511 1875 3539 iri
1888 3510 2003 3541 Ducatu
2017 3511 2116 3541 nostro
2129 3511 2329 3547 Normanniae,
2347 3513 2398 3536 Aa.
2415 3519 2445 3544 5·

1274 3547 1465 3586 Capellaniam
1485 3549 1598 3579 Sanctae
1617 3547 1789 3584 Margaretae
1809 3548 1930 3586 Dessay,
1955 3559 2105 3579 vacantem
2129 3560 2177 3586 per
2198 3549 2327 3579 Mortem
2346 3552 2380 3574 H·
2402 3557 2428 3582 5·-

1275 3588 1317 3615 W
1318 3586 1420 3616 illielmi
1434 3587 1554 3616 Letelier
1569 3587 1659 3617 ultimi
1675 3586 1820 3624 Capellani
1832 3586 1953 3624 ejusdem
1962 3586 2143 3625 Capellae,&
2158 3587 2191 3616 ad
2204 3586 2329 3616 nostram
2347 3586 2450 3614 Ibidem.

1274 3625 1471 3655 Donationem
1488 3625 1678 3663 spenstantem,
1695 3634 1726 3655 ut
1740 3625 1857 3662 dicitur,
1876 3625 2055 3664 Habendam,
2072 3636 2138 3656 cum
2151 3625 2202 3655 suis
2218 3624 2332 3663 Juribus

1274 3666 1307 3695 δε
1324 3663 1499 3694 l’ertinentiis
1513 3662 1748 3701 quibuscumque.

1310 3700 1344 3731 In
1358 3703 1452 3740 cujus,
1471 3703 1531 3733 &c.

1268 3766 1270 3769 .
1310 3740 1401 3770 Teste
1423 3740 1505 3777 Rege
1524 3739 1597 3778 apud
1620 3738 1743 3779 Castrum
1763 3741 1841 3777 Regis
1861 3739 1968 3770 d'Alen
1980 3751 2027 3777 on,
2056 3741 2084 3769 in
2107 3738 2222 3770 Ducatu
2242 3739 2332 3780 Regis

1274 3778 1431 3817 praeditto,
1450 3779 1593 3810 tricesimo
1607 3778 1652 3809 die
1668 3778 1815 3809 Oetobris.

1905 3855 1959 3882 Per
1971 3852 2053 3892 ipfiem
2067 3855 2170 3890 Regem.

1305 3942 1434 3973 Ohannes
1448 3942 1531 3972 Piteli
1544 3941 1729 3980 Capellanus,
1746 3939 1830 3970 habet
1845 3938 1952 3980 Literas
1967 3938 2053 3977 Regis
2065 3937 2101 3967 de
2118 3936 2332 3970 praesentatione

1322 3981 1357 4011 ad
1370 3980 1525 4012 Ecclesiam
1537 3981 1633 4012 Sancti
1650 3980 1791 4014 Lotharii‚
1805 3977 1940 4020 Sagieniis
1954 3975 2111 4014 Dioecesis,
2125 3979 2333 4016 vacantem,&

1277 4019 1311 4052 ad
1324 4019 1371 4049 Re
1392 4021 1412 4049 is
1425 4020 1622 4050 Donationem
1635 4018 1803 4056 speetantem
1814 4038 1823 4053 ,
1842 4024 1872 4045 ut
1883 4015 1999 4052 dicitur3
2159 4054 2164 4059 ι
2249 4055 2254 4059 ”
2305 4054 2311 4059 .

1316 4058 1353 4089 Et
1388 4059 1529 4096 iriguntur
1545 4058 1650 4091 Literae
1662 4057 1716 4088 illae
1729 4054 1765 4095 J.
1783 4052 1906 4093 Epzfiopo
1924 4051 2058 4094 Sagienfi,
2074 4052 2120 4085 seu
2140 4063 2197 4093 ejus
2218 4053 2334 4087 Vicaiio

1278 4097 1428 4135 Generali,
1444 4098 1505 4131 διε.
1771 4129 1802 4162 C
1821 4139 1837 4169 Ξ
2301 4127 2337 4159 In
