2562 4274
49 3153 68 3173 ⁸
88 3154 142 3181 IX.

44 3202 109 3229 ²47·

731 179 840 221 ET
926 179 1206 221 ACTA

11 268 86 302 Ann.
103 267 143 302 D,
201 260 288 294 Teste
309 263 415 309 meipso
433 265 510 302 apud
530 264 784 306 westmonasterium
802 275 882 296 nono
895 265 940 295 die
956 264 1046 303 Maii,
1065 264 1153 295 Anno
1169 265 1230 295 Re-

32 312 116 348 1415.

12 352 74 376 Hm.
96 355 122 379 ς.

164 303 213 342 gni
225 301 314 332 nostri
331 303 475 333 Secundo.

201 378 245 408 ΙΝ
256 388 267 408 ς
276 387 294 408 1³
304 386 320 407 Ε
329 386 346 407 x
356 387 367 407 1
377 387 403 408 M
413 387 435 408 υ
445 388 457 410 s
477 380 561 409 etiam
582 379 713 418 quasdam
737 379 800 410 alias
816 376 921 411 Literas
940 380 1084 417 Patentes,
1102 377 1224 418 ejusdem

166 419 260 448 Patris
272 415 370 454 nostri,
388 417 512 449 similiter
527 418 611 448 saetas
628 419 656 447 in
671 418 733 448 haec
749 419 852 455 verba,

200 490 362 531 Henricus,
386 492 443 524 Dei
463 495 563 534 gratia,
591 497 650 523 Rex
677 492 788 530 Angliae
810 493 847 529 &⁴
872 497 1010 532 Franciae,
1029 491 1067 528 ὠν
1093 495 1226 523 Dominus

167 531 328 569 Hiberniae,
346 531 506 571 Omnibus,
523 533 557 563 ad
581 541 651 572 quos
666 532 809 569 praesentes
824 533 925 563 Literae
941 533 1131 573 pervenerint,
1149 532 1227 561 Salu-

169 579 238 601 tem.

206 608 305 638 Sciatis
347 608 407 639 uod

209 646 255 677 De
279 618 377 677 Gigtia
397 633 491 676 nbstra
514 644 639 685 speciali,
666 646 701 676 de
722 647 827 677 assensu
848 646 973 678 Concilii
994 645 1097 685 nostri,
1121 649 1155 686 86
1176 657 1227 684 pro

166 686 250 716 bono
271 685 393 716 Se'rvitio
413 685 507 724 quod,
524 685 694 725 dilec‘hisd&
710 685 795 716 fidelis
810 686 922 723 noster,
940 687 1095 715 Bernardas
1111 686 1143 715 de
1160 684 1228 724 Les-

164 732 262 792 piane,
282 723 427 754 Dominus
447 723 482 753 de
496 724 518 754 la
537 722 624 755 Barde
640 724 788 763 Chivaler,
808 723 907 754 Nobis
920 725 1056 761 impendit
1070 724 1103 754 &
1118 726 1230 761 impen-

194 770 221 794 et

210 784 410 830 Ooncesfimus
428 799 521 830 eidem
541 800 684 833 Bernardo
699 800 900 832 Senescalciam
913 799 1073 839 d’Agetioys
1087 800 1116 829 in
1135 799 1233 829 Duca-

172 846 202 869 tu
219 838 316 867 nostro
335 838 531 876 Aquitanniae,

211 875 404 914 Habendum,
422 887 474 914 pro
497 878 639 907 Termino
663 877 737 907 Vitae
764 877 836 913 suae,
856 885 924 905 curn
941 874 1093 916 Proficuis,
1113 874 1233 904 Emolu-

174 916 294 953 mentis,
314 914 427 952 Vadiis,
447 916 480 945 &
495 915 517 945 F
519 917 596 946 codis
610 915 701 945 eidem
718 915 899 944 Senescalciae
914 913 1060 942 consuetis.

209 952 243 984 In
259 954 337 992 cujus
350 954 389 985 rei
408 953 600 984 testimouium
619 954 665 983 has
680 953 785 983 Literas
801 952 904 981 nostras
920 951 979 981 fieri
997 952 1115 981 fecimus
1131 951 1234 981 Paten-

175 999 223 1023 tes.

213 1029 303 1061 Teste
321 1029 426 1067 meipso
440 1029 512 1066 apud
530 1028 802 1068 Wstmonasterium,
821 1027 959 1059 vicesimo
974 1028 1056 1059 tertio
1071 1027 1115 1058 die
1130 1027 1236 1066 Aprilis

175 1069 266 1099 Anno
280 1068 377 1106 Regni
393 1067 480 1098 nostri
494 1067 626 1098 secundo.

212 1143 257 1176 IN
268 1155 280 1175 s
290 1153 308 1174 P
319 1137 381 1175 ss‘xi
391 1152 418 1174 M
427 1154 449 1174 U
461 1153 472 1174 ς
498 1145 581 1174 etiam
608 1143 737 1181 quasdam
756 1142 818 1173 alias
838 1143 942 1173 Literas
961 1142 1087 1173 Patentes
1106 1142 1235 1181 praedidi‘i

175 1187 270 1215 Patris
283 1183 364 1223 nqsbri
374 1183 410 1212 de
425 1182 670 1220 Confirmatione‚
689 1183 811 1213 similiter
826 1182 911 1212 saetas
926 1183 953 1211 in
970 1182 1032 1212 haec
1050 1183 1150 1218 verba,

212 1261 359 1297 Henricus,
379 1258 437 1289 Dei
449 1259 552 1299 gratia,
570 1262 631 1289 Rex
646 1258 756 1296 Angliae
771 1258 808 1293 &
824 1261 963 1296 Franciae,
982 1257 1018 1292 ὠ
1034 1259 1166 1287 Dominus
1181 1258 1235 1285 Hi-

174 1297 291 1337 berniae,
318 1298 477 1336 Omnibus,
501 1299 535 1329 ad
555 1308 625 1336 quos
647 1298 788 1335 praesentes
810 1297 914 1327 Literae
936 1297 1131 1335 pervenerint,
1157 1295 1235 1325 Salu-

177 1345 258 1405 tean
269 1382 308 1404 51>
319 1383 337 1404 Ε
348 1383 471 1406 xiMus
494 1376 597 1405 Literas
615 1374 742 1405 patentes
759 1396 768 1410 ,
794 1371 933 1403 Cariffimi
956 1369 1165 1411 Consanguinei
1186 1380 1237 1413 no-

178 1413 243 1450 stri,
259 1413 397 1443 Edwardi
419 1414 547 1449 de.York,
566 1411 876 1449 Comitis-Rutelana'iae,
895 1420 982 1449 nuper
1000 1411 1236 1440 Locuintenentis

177 1451 266 1482 nostri
283 1450 482 1490 Aquitannix,
500 1452 584 1482 fastis
596 1453 625 1481 in
644 1451 706 1481 haec
721 1451 820 1488 verba,

217 1527 347 1559 Edward
363 1529 396 1558 de
416 1529 593 1569 Deverwyk,
610 1531 694 1558 Cous-it
708 1528 739 1557 de
754 1526 837 1556 Rutel
851 1524 889 1561 &
904 1526 935 1555 de
953 1526 1041 1563 Cork,
1061 1524 1231 1555 Lieutenant

183 1567 220 1599 de
239 1567 395 1605 Guyenne,
415 1580 431 1599 a
454 1577 534 1599 toutz
552 1568 649 1605 ceulx,
669 1568 717 1604 qui
739 1576 783 1596 ces
806 1568 944 1603 presentes
960 1565 1068 1595 Lettres
1083 1570 1181 1593 orront
1195 1572 1235 1592 ou

179 1614 294 1638 verront
303 1629 312 1643 ,
327 1605 432 1636 Salutz.

215 1644 315 1674 Savoir
330 1654 401 1674 vous
415 1645 537 1676 faiceons
551 1654 621 1683 que,
1146 1677 1152 1684 .

216 1681 276 1712 Pur
298 1682 336 1712 les
359 1683 448 1712 bones
469 1684 502 1713 &
521 1682 660 1719 agreabiffi
674 1681 816 1719 services,
839 1691 913 1719 que,
928 1677 1022 1711 nostre
1034 1677 1183 1710 Treschier
1201 1678 1234 1708 ἃ

179 1721 246 1751 bien
267 1730 349 1758 ame,
364 1720 500 1751 Meffieur
519 1722 649 1751 Bernard
668 1721 699 1750 de
722 1721 870 1759 Lesparre,
887 1723 1010 1756 Seigneur
1034 1719 1064 1748 de
1082 1719 1110 1746 la
1126 1717 1235 1754 Barde,

179 1759 215 1790 ad
235 1759 284 1789 fait
305 1768 389 1790 avant
403 1766 448 1790 ces
465 1759 562 1790 heures
578 1771 593 1790 a
610 1760 686 1789 Mon
704 1759 840 1797 Seigneur
858 1758 883 1788 le
899 1757 983 1798 Roy,
1001 1757 1034 1787 ὅ(
1045 1768 1059 1787 3
1077 1758 1102 1787 13
1117 1755 1237 1799 Corone

179 1797 387 1836 d'Engleterte,
405 1799 438 1828 &
455 1797 505 1828 fait
524 1798 767 1835 continuelment,
787 1798 819 1827 Sc
837 1797 906 1826 ferra
923 1804 970 1834 pai·
984 1805 1075 1834 temps
1088 1802 1199 1832 avenir,

219 1838 246 1867 A
261 1837 342 1874 icelly
356 1840 479 1874 Seigneur
494 1837 526 1866 de
539 1836 568 1866 la
582 1836 692 1874 Barde,
709 1836 744 1865 de
761 1835 852 1865 nostre
872 1835 992 1865 certaine
1005 1834 1112 1864 science
1128 1835 1159 1864 &
1175 1841 1238 1871 gra-

179 1884 215 1905 ce
237 1875 386 1912 especiale,
404 1876 437 1905 &
460 1874 498 1904 du
514 1875 555 1905 dit
568 1875 675 1905 Povoir
693 1875 725 1904 &
739 1874 887 1904 Auctorite
904 1873 1008 1909 Roial,
1025 1872 1095 1902 dont
1110 1871 1192 1901 Nous
1207 1881 1240 1900 u-

181 1914 261 1950 fens,
279 1914 311 1943 &
336 1923 384 1950 par
404 1914 462 1943 avis
485 1914 518 1943 &
532 1913 720 1943 deliberacion
736 1912 783 1942 des
801 1911 909 1942 Gentes
924 1912 960 1941 de
973 1910 1098 1940 Conseill
1113 1909 1148 1939 de
1163 1908 1240 1938 Mori

181 1951 223 1982 dit
243 1954 366 1988 Seigneur
385 1951 408 1980 le
429 1955 484 1985 Roy
507 1950 629 1982 esteantz
644 1962 659 1982 a
674 1950 839 1988 Bourdeux,
856 1960 942 1981 avons
956 1949 1045 1979 Done
1058 1949 1089 1979 &
1109 1946 1241 1984 Ottroie,

182 1991 235 2024 ἃ,
253 1999 301 2027 par
315 1999 361 2020 ces
376 1989 527 2028 Presentes,
542 1989 667 2020 Donons
682 1990 715 2020 ὃς
732 1989 894 2027 Ottroions,
913 1987 988 2019 Cent
1004 1989 1036 2019 ὃ(
1050 1987 1120 2017 Vint
1135 1986 1241 2016 Escutz

182 2027 273 2065 d’Or,
291 2038 306 2058 a
332 2028 368 2057 les
390 2027 513 2058 prendre
536 2029 569 2058 &
586 2028 692 2064 Avoir‚
711 2028 829 2058 chascun
847 2028 911 2065 An,
930 2027 1028 2057 durant
1045 2025 1069 2056 le
1082 2026 1192 2055 Terme
1204 2024 1240 2054 de

181 2067 208 2096 sa
223 2066 293 2105 Vie,
311 2066 346 2096 de
359 2067 392 2096 &
408 2067 451 2097 sur
465 2067 490 2097 le
505 2065 607 2096 Disine
622 2067 658 2097 les
673 2066 795 2096 Primers
810 2065 880 2096 Vins
895 2073 986 2103 queux
999 2065 1017 2094 il
1034 2063 1103 2094 ferra
1115 2063 1242 2099 deualer,

182 2105 234 2135 soit
254 2104 271 2134 il
294 2115 329 2135 en
346 2104 396 2134 son
408 2113 509 2145 propre
523 2104 652 2144 Nonne,
670 2115 708 2135 ou
723 2115 757 2134 en
772 2105 809 2135 les
822 2103 855 2134 N
858 2113 931 2134 onns
946 2103 1068 2133 d'ascuns
1081 2109 1186 2139 autres,
1198 2101 1242 2145 'de

182 2143 208 2174 13
231 2143 297 2174 haut
320 2142 406 2180 Paiis,
424 2153 471 2180 par
489 2143 516 2173 le
531 2142 645 2181 Ryvere
659 2142 694 2173 de
710 2142 906 2180 Dordondha,
924 2149 1073 2172 entrauntz
1089 2151 1124 2171 en
1140 2140 1164 2170 la
1177 2139 1240 2170 ville

183 2182 220 2212 de
235 2181 418 2221 Leybourne,
441 2192 474 2212 en
490 2182 613 2220 paffautz
626 2192 673 2221 par
688 2181 798 2212 d'avant
811 2180 908 2218 icelle,
922 2191 957 2211 en
975 2178 1239 2222 Recompensacion

184 2220 222 2250 de
236 2219 352 2250 l'Office
369 2219 406 2250 du
422 2219 572 2251 Prevostee
587 2220 622 2250 de
639 2220 796 2251 Lombrere
810 2220 846 2250 de
860 2219 1002 2255 Romam
1023 2227 1076 2255 que
1092 2219 1116 2248 le
1131 2216 1173 2260 dit
1185 2219 1242 2246 Sei-

181 2268 266 2296 gneur
293 2259 324 2288 de
347 2258 375 2287 la
400 2259 491 2288 Barde
513 2261 589 2288 avoit
612 2259 648 2288 de
660 2258 773 2288 Graunt
787 2259 840 2295 de,
856 2266 915 2287 noz
930 2255 1073 2287 trescliicrs
1089 2256 1121 2286 &
1135 2256 1199 2284 bien
1213 2265 1242 2285 a·

183 2305 269 2334 meZ,
296 2296 444 2327 Monsieur
463 2296 547 2334 Hugh
574 2296 598 2325 le
622 2296 787 2336 Despenfi’r,
814 2298 846 2327 ὃς
872 2295 987 2326 Maistre
1014 2297 1105 2324 Henri
1126 2296 1243 2331 Bowet,

183 2345 218 2365 au
245 2344 333 2374 temps
358 2335 416 2373 q’ils
428 2335 546 2365 estoient
561 2334 757 2366 Commiffairs
770 2336 805 2365 de
822 2344 891 2365 mon
905 2335 944 2364 dit
961 2337 1085 2371 seigneur
1103 2331 1127 2361 le
1140 2335 1195 2372 Roy
1206 2341 1242 2361 en

182 2374 208 2404 sa
224 2372 339 2404 Duchie
354 2374 389 2404 de
405 2373 565 2412 Guyenne,

222 2411 265 2442 Le
287 2412 360 2450 quell
382 2411 481 2442 Office
505 2412 602 2451 depuis
623 2421 693 2443 mon
713 2412 755 2443 dit
779 2415 903 2450 Seigneur
921 2410 946 2440 le
968 2413 1022 2449 Roy
1041 2409 1075 2440 ad
1088 2408 1194 2440 Donne
1210 2409 1243 2440 ὅτ.

188 2450 304 2480 Ottroie
319 2461 333 2480 a
347 2449 446 2489 James
460 2448 606 2488 d⁷Artaffo
615 2473 624 2488 ‚

226 2489 281 2519 Les
303 2499 395 2526 queux
415 2489 490 2519 Cent
511 2490 543 2519 &
561 2489 629 2519 Vint
645 2487 743 2519 Escuts
756 2488 829 2518 d'Or
842 2488 962 2518 suisdites
977 2487 1004 2516 le
1017 2486 1057 2517 dit
1073 2490 1197 2524 Seigneur
1211 2485 1243 2515 de

185 2526 215 2556 la
230 2527 321 2556 Barde
339 2528 364 2557 se
379 2528 467 2564 puisse
481 2527 613 2567 prendre,
628 2537 674 2565 par
689 2528 714 2557 sa
731 2537 830 2565 propre
846 2526 1011 2563 Auc‘torite,
1029 2535 1080 2563 pur
1097 2525 1146 2554 son
1166 2524 1244 2554 Paie-

187 2575 286 2603 ment,
303 2576 342 2596 ou
357 2566 396 2595 ses
410 2565 598 2596 Procureours
609 2575 648 2596 ou
665 2566 819 2604 Attornez,
835 2575 882 2603 par
897 2564 1009 2599 Nonne
1023 2565 1058 2594 de
1075 2564 1134 2602 Luy
1150 2563 1241 2601 appel-

187 2603 213 2635 le
234 2603 403 2634 Colled‘tour
425 2614 464 2634 ou
486 2603 659 2634 Resceivour
678 2604 713 2634 de
738 2605 762 2634 la
778 2606 820 2635 dit
840 2603 956 2641 Disme‚
974 2613 1009 2633 en
1026 2602 1136 2632 Nonne
1150 2602 1185 2631 de
1202 2600 1244 2630 dit

189 2646 315 2680 Seigneur
330 2643 362 2672 de
377 2642 405 2672 la
424 2644 534 2679 Barde,
551 2653 590 2673 ou
607 2651 781 2681 aurrement,

226 2682 256 2711 Si
280 2680 422 2711 Mandons
445 2681 477 2711 &
501 2680 686 2711 Comandons
705 2691 719 2710 a
742 2680 910 2711 Colletstour
928 2689 967 2710 ou
988 2675 1159 2709 Resceivour
1171 2678 1205 2708 de
1220 2676 1246 2707 la

192 2719 233 2750 dit
250 2719 366 2756 Disme,
385 2720 461 2757 q'ore
477 2719 534 2757 est,
553 2729 591 2749 ou
604 2720 652 2759 qui
669 2728 719 2758 pur
733 2720 757 2750 le
769 2729 860 2757 temps
873 2729 889 2749 a
903 2719 982 2748 venir
997 2717 1122 2755 serra,&
1138 2728 1152 2747 3
1167 2725 1248 2747 toutz

190 2766 280 2788 autres
298 2757 420 2787 Officers
431 2781 440 2795 ,
455 2757 601 2788 Ministres
611 2782 620 2795 ‚
638 2759 671 2789 &
686 2758 793 2797 Subgiz
807 2758 842 2787 de
858 2766 928 2786 mon
943 2755 983 2785 dit
1001 2758 1124 2793 Seigneur
1138 2756 1160 2785 le
1176 2758 1248 2794 Roy,

192 2797 227 2827 <Sc
252 2807 266 2826 a
291 2796 410 2826 chescun
435 2796 540 2834 (fenix,
556 2806 610 2835 que
630 2807 665 2826 au
687 2796 726 2826 dit
750 2800 873 2834 Seigneur
893 2794 925 2824 de
945 2794 972 2823 la
992 2795 1100 2831 Barde,
1118 2804 1158 2824 ou
1172 2804 1185 2823 a
1197 2794 1246 2823 sori

193 2835 300 2867 certein
323 2834 501 2864 Procureour
524 2844 563 2865 ou
585 2835 741 2872 Attourne,
761 2845 797 2865 ne
821 2835 912 2864 facerit
930 2833 980 2870 ils,
998 2842 1033 2862 ne
1048 2832 1161 2862 suffrent
1177 2831 1248 2862 estre

191 2874 240 2905 fait
250 2895 260 2911 ³
278 2875 361 2903 ascun
377 2871 615 2911 Empeschemeut
630 2883 665 2902 ne
682 2872 911 2903 Partourbement
927 2881 962 2902 en
979 2871 1045 2901 cella
1060 2871 1194 2906 faiceant,

228 2910 274 2941 En
288 2911 497 2950 tesmoiguance
512 2910 546 2940 de
561 2911 642 2949 quelx
658 2910 756 2941 choses
771 2923 786 2941 a
802 2909 907 2949 ycestes
920 2909 1062 2939 Presentes
1070 2909 1156 2939 Nous
1164 2918 1250 2938 avons

191 2950 240 2980 fait
255 2959 354 2981 mettre
365 2949 459 2979 nostre
474 2948 544 2980 Seel.

231 2987 339 3018 Donne
358 2999 374 3018 a
393 2988 538 3017 Bourdeux
558 2986 582 3016 le
602 2986 678 3026 Vynt
699 2987 731 3016 &
752 2986 886 3024 oeptisme
903 2987 963 3023 jour
976 2984 1116 3023 d'Augst,
1134 2985 1200 3015 l'An
1215 2984 1251 3015 de

194 3025 289 3056 Grace
305 3026 387 3057 Mille
404 3027 513 3066 Qatre
528 3024 606 3056 Ceus
621 3028 653 3057 ἅ
667 3024 750 3055 deux-

235 3100 304 3132 Nos
321 3110 414 3133 autem

234 3125 432 3171 Donationen'i
446 3142 478 3172 &
495 3140 718 3172 Conceffionem
732 3139 813 3178 ipsius
828 3141 838 3155 ³
861 3137 1094 3170 Locumtenentis
1108 3137 1192 3168 Ratas
1205 3136 1252 3167 ha-

198 3179 296 3210 bentes
310 3180 343 3210 &
358 3178 474 3216 Gratas,
1162 3215 1166 3219 Ι

234 3217 303 3255 Eas,
320 3227 373 3256 pro
397 3217 496 3247 Nobis
506 3238 515 3253 ‚
532 3216 564 3246 &
579 3217 748 3248 Haeredibus
763 3216 863 3247 nostris
875 3238 885 3252 .‚
901 3224 1037 3253 quantum
1054 3215 1082 3244 in
1100 3214 1180 3244 nobis
1195 3212 1254 3250 est,

199 3255 405 3294 Acceptarnus,
429 3254 645 3292 Approbamus,
670 3256 703 3286 ὃ(
719 3255 836 3294 praefato
861 3254 1019 3292 Bernardo,
1038 3253 1155 3283 Tenore
1179 3252 1254 3296 ΡΥΧ-

196 3296 335 3333 sentium,
355 3294 390 3324 de
413 3293 502 3331 gratia
522 3292 618 3323 nostra
641 3294 766 3331 speciali,
793 3292 1019 3329 Confirmamus,
1043 3299 1126 3329 prout
1150 3291 1254 3320 Literae

196 3333 319 3372 ejusdem
337 3331 566 3363 Locumtenentis
581 3332 779 3361 rationabiliter
794 3330 936 3361 testantur.
1033 3368 1037 3373 ι
1112 3368 1116 3372 .

226 3371 269 3402 -In
288 3372 366 3410 cujus
384 3372 422 3401 rei
440 3370 654 3401 Testimonium
673 3370 720 3399 has
740 3368 845 3399 Literas
862 3369 966 3398 nostras
983 3367 1039 3397 fieri
1064 3367 1182 3397 fecimus
1201 3365 1254 3396 Pa-

228 3421 246 3440 n
279 3421 299 3440 s.

198 3419 226 3442 te
235 3419 325 3480 'Ir'eeste
340 3447 446 3483 meipso
459 3446 531 3484 apud
547 3444 819 3490 westmonasterium,
836 3443 1050 3482 quartodecimo
1066 3443 1111 3474 die
1128 3442 1257 3473 Decem·-

198 3489 273 3527 bris,
291 3488 379 3519 Anno
396 3486 491 3524 Regni
506 3484 595 3516 nostri
610 3485 735 3521 septimo.

235 3563 250 3594 I
261 3572 283 3594 N
294 3573 306 3595 s
317 3573 335 3594 P
345 3573 362 3594 E
372 3573 388 3592 x
397 3571 442 3593 IM
452 3570 473 3592 υ
484 3571 496 3591 s
518 3560 626 3599 insuper
648 3559 778 3597 quasdam
800 3557 862 3589 alias
879 3558 984 3589 Literas
997 3556 1126 3588 Patentes
1143 3555 1259 3595 Praefati

203 3605 297 3633 Patris
311 3602 408 3643 nifiri,
429 3600 552 3631 similiter
565 3599 649 3629 tacitas
665 3601 694 3629 in
710 3598 772 3628 haec
787 3598 889 3635 verba,

239 3680 389 3714 Henricm,
415 3677 472 3707 Dei
502 3675 621 3714 Gratia,
647 3677 707 3704 Rex
726 3672 837 3711 Angliae
853 3671 890 3706 ό
909 3675 1047 3708 Francia,
1070 3671 1108 3707 ὠ,
1131 3673 1261 3701 Dominus

1291 182 1764 232 PUBLICA.
2243 211 2313 240 121

1292 267 1349 309 'Ac
1374 270 1448 299 idem
1470 273 1627 316 Bemardtfr
1642 273 1767 305 Centum
1783 275 1877 307 Libras
1891 276 2093 317 sterlingorum
2109 279 2240 313 Monerae
2256 283 2317 314 An—
2334 276 2408 308 Αῃῐῑ
2426 275 2468 308 D⁶

1261 303 1376 345 glrcanae
1390 317 1442 346 pro
1458 307 1560 356 Feodis
1575 310 1643 347 suis,
1662 314 1769 343 ratione
1786 314 2008 347 Gubernationis
2029 319 2202 351 Senescalciae
2218 324 2317 358 praedi-
2357 323 2441 354 14Ῑῖ-

1261 346 1316 372 ctae
1326 365 1335 381 ,
1353 355 1400 387 per
1421 356 1517 389 man-us
1531 346 1737 380 Constabularii
1752 352 1837 382 nostri
1852 353 2039 395 Burdegaliae,
2058 359 2103 388 vel
2118 361 2173 397 eius
2188 359 2318 391 Locum·
2335 359 2402 382 Heu,
2418 364 2447 390 5·

1262 388 1376 411 tenentis
1386 406 1394 420 ,
1414 394 1555 427 percipere
1570 386 1603 414 δε
1617 386 1716 418 habere
1729 389 1825 420 debeat
1838 413 1846 427 ,
1863 401 1891 422 ut
1907 391 2012 431 asserit,

1302 418 1351 463 De
1373 422 1471 458 quibus
1493 424 1608 460 quidem
1632 424 1757 456 Centum
1782 427 1886 467 Libris,
1907 440 1960 467 pro
1982 432 2082 463 Feodis
2095 433 2147 465 suis
2162 435 2301 472 praedietis

1262 455 1449 501 Solutioiiem,
1469 471 1626 505 quanquam
1643 472 1694 499 pro
1709 464 1811 494 eisdem
1826 467 1980 504 sumptibus
1998 471 2049 500 suis
2063 481 2122 502 non
2136 474 2255 505 modicis
2269 458 2318 505 sa:³

1263 501 1497 562 pitssproiecutus
1514 499 1615 537 fuerit,
1634 501 1734 531 habere
1751 513 1809 533 non
1826 507 1936 543 potuit,
1956 516 1984 537 ut
1998 509 2085 547 dicit,

1333 544 1381 571 os,

1305 570 1353 617 De
1370 571 1468 603 Gratia
1484 575 1576 605 nostra
1592 575 1718 614 speciali,
1737 579 1768 608 &
1784 587 1814 609 ut
1828 578 1902 609 idem
1917 583 2072 613 Bernardus
2086 585 2207 618 Servitiis
2221 589 2319 620 nostris

1265 610 1364 652 melius
1380 621 1493 655 vacare,
1515 616 1545 644 ὅ(
1563 614 1762 645 senescalciam
1781 618 1945 653 praedistam
1962 623 2114 658 gubernare
2130 626 2218 657 valeat

1303 647 1507 694 Affiguavirrius
1527 652 1619 682 eidem
1641 655 1782 683 Bernardo
1805 655 1881 686 dieta
1904 657 1996 688 Feoda
2019 661 2061 691 sua
2074 661 2201 694 Centum
2218 649 2318 696 [Libra.

1265 694 1343 724 rum,
1365 686 1546 726 Pereipienda
1569 690 1641 727 apud
1666 692 1814 730 Agulhon,
1833 693 1868 723 de
1889 693 2024 726 Custuma
2040 700 2072 728 &
2090 700 2210 732 Decima
2224 703 2317 734 Vino-

1266 732 1330 765 rum
1343 724 1379 754 de
1393 725 1444 768 alta
1457 727 1568 769 Patria«,
1586 739 1666 767 quae,
1682 739 1743 761 ante
1757 731 1876 761 eundem
1894 733 2006 764 Locum
2020 735 2055 765 de
2067 738 2196 775 Agulhon
2234 743 2318 782 usque

1266 760 1372 807 dictam
1396 762 1548 808 Civitatem
1563 766 1731 805 Burdegaliae
1746 770 1854 799 transire
1867 771 1910 801 seu
1927 771 2093 804 descendere
2107 763 2252 815 contigerit
2284 782 2319 810 &

1266 800 1344 842 quod
1362 802 1416 838 ipie
1430 802 1478 831 libi
1495 803 1559 833 inde
1569 804 1679 847 'ibidem
1693 806 1761 836 solvi
1775 808 1867 837 facere
1880 810 1976 847 poffit,
1986 820 2021 840 eo
2033 821 2089 841 non
2103 804 2318 849 obstanteouth

1267 837 1358 868 dietus
1379 837 1625 882 Constabulanus,
1643 843 1686 873 vel
1707 845 1763 882 ejus
1788 846 2017 887 Locumtenens,
2042 850 2129 881 dietas
2149 844 2320 886 Custui’nam

1268 875 1301 905 &
1318 873 1470 907 Decimam
1487 880 1559 916 apud
1571 880 1700 912 Burdeux
1713 885 1855 921 percipere
1868 886 2028 924 consuevit,

1309 913 1440 958 Volentes
1454 917 1485 946 ὃ(
1501 917 1699 950 Concedentes
1716 923 1794 958 quod
1809 923 1897 952 dietus
1913 924 2142 956 Constabularius
2153 928 2246 958 noster
2253 929 2322 960 Bur-

1269 952 1398 991 degaliae,
1417 965 1464 992 qui
1484 966 1562 986 nunc
1583 958 1640 995 est,
1660 960 1703 989 vel
1722 962 1768 997 qui
1791 971 1842 997 pro
1863 969 1992 1000 tempore
2014 965 2114 1002 fuerit,
2132 966 2176 995 vel
2192 968 2246 1004 ejus
2263 969 2322 998 Lo-

1270 1000 1451 1038 cumtenens,
1470 994 1505 1024 de
1528 1004 1564 1039 eo
1589 996 1682 1034 quod,
1709 1007 1761 1035 pro
1782 1000 1814 1029 &
1835 1000 1864 1028 in
1888 1004 2004 1031 nomine
2024 1003 2092 1032 (11611
2115 1006 2269 1042 Bernarali7
2288 1007 2324 1036 de

1271 1029 1409 1060 custuma
1431 1033 1464 1062 &
1486 1032 1605 1064 Decima
1619 1036 1774 1074 praedietis,
1793 1037 1877 1075 usque
1891 1039 1924 1068 ad
1940 1040 2080 1070 summam
2094 1041 2237 1073 dictorum
2252 1045 2326 1074 Feo-

1270 1067 1373 1112 dorum
1396 1068 1525 1108 suorum,
1543 1074 1614 1116 apud
1642 1073 1772 1117 Agulhon
1782 1097 1791 1112 ,
1810 1077 1932 1115 percipi,
1949 1079 2060 1117 colligi,
2077 1080 2111 1111 &
2135 1080 2216 1111 levari
2233 1084 2326 1113 conti-

1271 1114 1357 1144 gerit,
1368 1109 1505 1152 teueat-&
1521 1119 1606 1140 teneri
1623 1112 1705 1142 faciat
1723 1113 1844 1151 Qiietos
1860 1115 2034 1147 Mercatores
2049 1118 2081 1148 ὃς
2096 1118 2163 1149 alios
2175 1121 2326 1158 quoscum-

1292 1155 1340 1188 ue,
1359 1145 1394 1175 de
1417 1147 1518 1189 quibus
1532 1149 1623 1192 eid-em
1639 1150 1874 1190 Constabulario,
1892 1154 1935 1184 vel
1950 1156 2006 1192 ejus
2020 1155 2258 1196 Locumtenenti,
2275 1169 2324 1196 per

1301 1191 1379 1212 iteras
1400 1183 1604 1227 Aequietantiae
1627 1188 1670 1216 vel
1691 1189 1904 1221 Testimoniales
1928 1194 2007 1230 ipsius
2031 1196 2181 1234 Bernardi,
2200 1197 2244 1226 vel
2267 1200 2324 1236 ejus

1274 1219 1470 1265 Procuratoris*
1487 1233 1514 1265 in
1539 1224 1600 1268 hac*
1615 1235 1709 1268 parte,
1727 1227 1847 1265 legitime
1868 1231 1995 1261 constare
2016 1234 2117 1269 poterit
2132 1235 2277 1265 Summam
2293 1236 2325 1265 il-

1270 1259 1327 1336 11363
1343 1262 1379 1326 {ic
1395 1269 1516 1298 percipi,
1535 1263 1647 1300 colligi,
1665 1264 1698 1293 &
1713 1265 1813 1304 levari,
1831 1267 1902 1306 ipsos
1916 1270 1979 1300 inde
1995 1279 2054 1300 non
2070 1271 2219 1303 molestans
2232 1274 2261 1303 in
2279 1274 2326 1304 ali-

1291 1308 1307 1326 u
1354 1308 1397 1327 ive
1413 1308 1536 1335 gravans.

1310 1335 1408 1373 Qam
1431 1337 1545 1380 quidem
1568 1337 1732 1383 Summam,
1749 1350 1797 1377 per
1811 1343 1955 1379 praefatum
1969 1346 2140 1377 Bernardum
2153 1348 2189 1379 sic
2208 1351 2327 1389 percipi-

1272 1373 1390 1442 fndam,
1409 1374 1614 1444 (1611111ὶε1ἿιῗζιΠ
1630 1376 1778 1417 Compoto
1792 1379 1997 1413 Constabularii
2010 1385 2135 1421 praedidii
2148 1387 2260 1419 allocari
2273 1399 2325 1419 vo-

1285 1421 1466 1456 umus,'ute
1497 1423 1527 1451 ju
1556 1425 1621 1452 urn,
2296 1446 2303 1453 .

1312 1450 1429 1494 Pi'omso
1450 1454 1557 1499 semper
1579 1453 1657 1491 quod
1684 1454 1841 1492 hujusmodi
1856 1456 1949 1488 Feoda
1964 1459 2090 1491 Centum
2106 1462 2253 1494 Librarum
2270 1474 2325 1502 pro

1274 1487 1486 1536 Gubernatione
1503 1492 1683 1522 Senescalciae
1699 1495 1841 1531 praedict-ae
1858 1498 2005 1535 antiquitus
2020 1500 2088 1528 solvi
2105 1502 2326 1541 consueverunt,

1274 1528 1307 1556 &
1330 1528 1408 1565 quod
1431 1528 1523 1559 dietus
1534 1532 1692 1560 Bernartius
1702 1532 1849 1563 Summam
1864 1536 2023 1571 praedffiam
2033 1559 2042 1574 ,
2061 1547 2115 1574 pro
2128 1546 2254 1579 tempore
2268 1551 2327 1578 quo

1274 1565 1552 1635 Senescallusdnoster
1565 1570 1670 1600 ibidem
1686 1572 1819 1610 exuterit,
1836 1574 1945 1603 tantum
1959 1575 1992 1605 &
2006 1584 2064 1606 non
2078 1577 2179 1606 diutius
2196 1580 2328 1618 percipiat

1273 1614 1374 1643 quoius
1389 1614 1438 1634 mo
1458 1615 1493 1636 o.-

1272 1690 1282 1713 t
1310 1642 1342 1712 Itn
1361 1645 1439 1682 cujus
1457 1646 1494 1676 rei
1514 1644 1726 1677 Testimonium
1744 1647 1792 1678 has
1816 1648 1922 1680 Literas
1941 1650 2047 1683 nostras
2065 1651 2258 1685 fieri-fecimus
2276 1653 2330 1686 Pa»

1284 1692 1318 1712 611
1332 1692 1367 1712 es.

1309 1719 1398 1765 Teste
1423 1722 1529 1761 meipso
1551 1723 1623 1767 apud
1648 1723 1919 1770 WbstqnonasterIum,
1938 1727 2054 1759 decimo
2077 1737 2178 1770 quarto
2198 1730 2244 1762 die
2266 1731 2329 1762 De-

1274 1760 1408 1798 cembris,
1426 1760 1514 1791 Anno
1529 1760 1624 1802 Regni
1640 1765 1726 1794 nostri
1743 1764 1864 1803 anto.

1311 1836 1379 1867 Nos
1393 1845 1488 1869 autem
1497 1863 1506 1877 ,
1785 1852 1788 1854 ’

1310 1874 1358 1906 De
1372 1876 1468 1907 Gratia
1483 1876 1576 1922 nostra
1592 1876 1709 1918 speciali,
1726 1882 1760 1912 &
1774 1890 1825 1919 pro
1840 1881 1920 1914 bono
1936 1882 2067 1922 servitio,
2082 1883 2180 1915 Nobis
2193 1893 2243 1924 per
2258 1892 2329 1922 prae-

1275 1913 1363 1944 fatum
1380 1917 1551 1946 Bernara'um
1564 1919 1691 1954 impenso
1705 1921 1739 1950 ὃς
1753 1921 1948 1960 impediendo,

1304 1953 1484 1999 ⁴Cer-zcesstoner
1503 1956 1536 1986 &
1554 1955 1772 1997 confirmationes
1784 1960 1939 1998 praedic‘las,
1955 1970 1987 1990 ac
2005 1961 2099 1990 omnia
2118 1961 2151 1991 &
2169 1960 2281 2000 singula,
2300 1961 2330 1990 in

1276 1989 1375 2022 Literis
1393 1993 1531 2031 praedictis
1549 2003 1699 2033 contenta,
1720 1997 1790 2027 Rata
1808 1999 1937 2029 habentes
1955 2000 1987 2029 ὃ(
2004 1999 2103 2036 Grata,

1313 2028 1368 2066 Ea,
1395 2040 1447 2067 pro
1464 2031 1576 2069 Nobis,
1594 2034 1628 2064 &
1644 2034 1810 2066 Haeredi'bus
1827 2036 1941 2075 nostris,
1966 2045 2099 2076 quantum
2118 2037 2148 2065 in
2168 2037 2248 2066 nobis
2267 2035 2326 2073 est,

1277 2064 1483 2111 AcceptamuS,
1507 2071 1722 2111 Approbamus,
1747 2075 1780 2106 &
1800 2075 1914 2112 praefato
1931 2076 2091 2113 Bernardo‚
2115 2076 2231 2105 Tenore
2254 2073 2332 2104 Prae-

1276 2105 1395 2172 {pntium
1408 2130 1417 2146 ,
1435 2106 1667 2149 confirmamus,
1693 2121 1775 2149 prout
1792 2113 1895 2144 Literae
1911 2114 2056 2152 praedieitae
2074 2114 2269 2144 rationabiliier
2287 2121 2330 2142 te-

1302 2153 1399 2183 antur,

1302 2182 1354 2226 ‘Ita
1373 2193 1465 2229 tamen
1480 2187 1558 2224 quod
1574 2186 1648 2217 idem
1665 2187 1838 2227 Bernardus,
1857 2199 1909 2228 pro
1921 2189 2065 2220 Termino
2079 2189 2156 2221 Vitae
2171 2190 2241 2228 suae,
2260 2198 2330 2220 cum

1274 2221 1367 2258 aliquo
1388 2224 1410 2266 *ι
1423 2223 1493 2261 alio,
1511 2235 1697 2264 praeterquam
1715 2229 1879 2266 nobiscum,
1897 2236 1956 2258 non
1974 2230 2130 2260 retineatur-

1313 2259 1347 2289 ln
1365 2269 1460 2298 cujus,
1477 2263 1535 2293 &c.
2348 2267 2366 2286 ‘³‘
2386 2266 2439 2295 ῙΧᾸ

1333 2297 1423 2329 Teste
1438 2299 1519 2340 Rege
1534 2301 1607 2341 apud
1626 2301 1881 2343 Wstmonasterium
1899 2303 2028 2335 Decimo
2041 2305 2141 2335 Tertio
2156 2303 2215 2335 Die
2230 2303 2311 2335 Maii.
2352 2305 2417 2342 248.

1452 2379 1506 2406 Pro
1522 2378 1720 2417 ‘Quadraginta
1738 2378 1835 2409 Solidis
1846 2379 1947 2420 filulis
1965 2384 1994 2412 in
2012 2383 2178 2420 Hanaperio.

1335 2507 1382 2538 De
1406 2504 1592 2550 Restitutione
1616 2508 1837 2556 Temporalium
1866 2512 2024 2543 Covenrriae
2047 2515 2082 2549 (ῤ’
2101 2509 2279 2555 Lichft‘ldiae.

1285 2590 1426 2643 REX,
1445 2591 1583 2622 Escaetori
1602 2594 1650 2623 suo
1666 2594 1693 2624 iri
1713 2593 1862 2626 Comitatu
1880 2594 2078 2633 Warriwicae‚
2095 2595 2227 2626 Salutem.

1398 2630 1480 2661 Cum
1506 2630 1650 2662 Dominus
1674 2636 1793 2664 Summus
1817 2632 1966 2673 Pontifex,
1994 2635 2187 2665 Venerabilem
2205 2633 2335 2670 Patrem,
2357 2631 2430 2662 Arm.
2445 2629 2487 2660 D.

1282 2662 1311 2701 J
1310 2663 1440 2698 ohannem
1447 2692 1456 2707 2
1482 2678 1561 2708 nuper
1583 2669 1736 2709 Eptfiopum
1755 2671 1964 2711 Menevenfi’m,
1990 2674 2004 2703 a
2022 2673 2154 2710 vinculo,
2172 2682 2229 2710 quo
2246 2671 2336 2701 eidem
2385 2677 2470 2708 1415.

1284 2702 1419 2736 Eccleslae
1435 2708 1596 2746 tenebatur,
1623 2710 1785 2748 absolverit,
1804 2712 1931 2748 &ipsum
1945 2711 1977 2742 ad
1988 2711 2123 2742 Ecclesias
2138 2710 2341 2748 Coventrensem
2358 2713 2408 2737 An.
2427 2719 2453 2745 3.

1284 2742 1321 2778 ό
1338 2743 1551 2786 Lifhfi'ldenfi’m
1569 2747 1751 2787 transtulerit,
1768 2749 1911 2788 ipsumque
1927 2750 1956 2779 in
1976 2749 2146 2787 Episcopum
2160 2748 2293 2778 locorum
2309 2748 2340 2777 il-
2359 2752 2393 2775 H.
2413 2756 2439 2783 5.

1286 2782 1376 2812 lorum
1395 2785 1547 2821 praefecerit
1565 2787 1597 2816 ὃς
1617 2786 1763 2818 Pastorem
1779 2811 1788 2826 ,
1813 2789 1882 2818 sicut
1897 2810 1906 2826 ‚
1932 2797 1979 2825 per
2007 2788 2112 2818 Literas
2130 2787 2241 2817 builaias
2261 2786 2340 2824 ipsius
2360 2791 2452 2823 Pat.3.

1285 2820 1407 2891 ἓοῐίηὶήἒί
1424 2823 1536 2853 Summi
1553 2823 1718 2864 Pontificis,
1735 2827 1764 2857 in
1784 2825 1956 2858 Cancellaria
1973 2825 2067 2857 nostra
2086 2825 2223 2864 ostensas,
2242 2825 2339 2855 Nobis
2359 2830 2394 2854 H.
2409 2835 2436 2862 5.

1325 2871 1341 2889 n
1370 2871 1382 2890 a
1404 2884 1414 2899 ,
2360 2871 2471 2901 p.1.m·

1324 2898 1409 2937 Nos,
2366 2903 2407 2931 13.

1325 2936 1538 2969 Considerantes
1558 2938 1671 2978 qualiter
1696 2939 1771 2970 idem
1796 2940 1935 2980 Epifiopur
1961 2940 2148 2981 Coventrenfit
2166 2939 2203 2975 ὠ
2219 2939 2289 2970 Lich
2303 2935 2340 2967 el-

1287 2974 1370 3016 denfis
1385 2999 1393 3013 ‚
1419 2986 1452 3006 ex
1478 2977 1663 3009 Ordinatione
1682 2979 1713 3009 ὅ(
1735 2978 1872 3010 Mandato
1891 2979 1990 3010 nostris
2003 3002 2013 3018 ,
2037 2981 2066 3009 in
2086 2980 2209 3011 Servitio
2228 2981 2278 3008 noi
2294 2987 2341 3015 ro,

1288 3015 1361 3050 apud
1378 3013 1600 3054 Constanciam,
1619 3027 1666 3054 per
1683 3016 1823 3055 Magnum
1842 3027 1951 3055 tempus
1970 3018 2061 3055 stetit,
2077 3019 2109 3049 ὅ(
2127 3017 2231 3048 ibidem
2246 3025 2341 3054 graves

1289 3051 1393 3082 (justus
1410 3053 1442 3083 ὃ(
1461 3053 1613 3092 Expensas,
1631 3055 1778 3085 occaiione
1793 3056 1944 3094 praedista,
1963 3056 2152 3096 multipliciter
2168 3054 2283 3092 effudit,
2299 3054 2342 3090 ip-

1289 3090 1372 3127 seque
1389 3088 1496 3129 adhuc,
1517 3093 1589 3130 apud
1609 3092 1712 3123 dietam
1731 3093 1833 3124 Villam
1852 3093 2050 3132 Constanciae,
2076 3095 2104 3124 in
2121 3094 2199 3124 dieto
2218 3093 2340 3123 Servitio

1290 3128 1404 3165 nostrO,
1421 3138 1468 3167 per
1486 3140 1595 3160 certum
1612 3140 1721 3170 tempus
1736 3133 1795 3170 jam
1815 3132 1940 3163 futurum
1960 3133 2097 3171 attendet,

1327 3167 1375 3198 De
1395 3167 1493 3198 Gratia
1508 3169 1598 3198 nostra
1613 3169 1736 3208 speciali,
1754 3179 1811 3200 tarn
1828 3170 2085 3202 Renunciationem
2098 3171 2229 3200 omnium
2244 3169 2276 3198 ὃ(
2291 3168 2344 3197 sin-

1290 3206 1419 3244 gulorum
1438 3208 1607 3245 verborum,
1626 3209 1654 3237 in
1673 3208 1754 3238 dietis
1772 3209 1872 3240 Literis
1890 3218 2106 3246 contentorum,
2132 3208 2213 3237 nobis
2231 3208 2263 3237 ὃ(
2282 3206 2344 3236 Co-

1290 3254 1368 3275 ronae
1392 3244 1496 3275 nostrae
1524 3246 1750 3282 praejudicialium
1765 3270 1775 3285 ,
1800 3249 1884 3284 quam
1904 3247 2077 3277 Fidelititern
2097 3246 2176 3283 ipfius
2194 3245 2344 3284 Episcopi,

1291 3282 1386 3313 Nobis
1410 3284 1439 3312 in
1462 3283 1514 3313 hac
1537 3293 1613 3320 parte
1635 3284 1756 3315 debitam
1770 3308 1779 3323 ,
1803 3285 1885 3324 usque
1904 3286 2042 3315 Reditum
2066 3285 2145 3314 suum
2167 3285 2195 3313 in
2213 3284 2343 3322 Angliam

1289 3321 1551 3359 Respetstuavimus,
1566 3322 1598 3352 Sc
1614 3323 1794 3360 Temporalia
1812 3324 1881 3354 611611
1901 3322 2084 3362 Episcopatus
2100 3322 2298 3353 Covenn-enfis
2311 3322 2344 3352 &

1292 3360 1494 3392 Lichfeldenlis
1512 3360 1678 3391 restituimus
1703 3361 1811 3398 eidem,

1329 3399 1364 3428 Et
1391 3398 1455 3428 ideo
1478 3399 1549 3428 Tibi
1574 3398 1757 3437 Praecipimus
1779 3399 1857 3437 quod
1882 3399 1975 3430 eidem
1999 3398 2141 3437 Episcopo
2165 3397 2344 3437 Temporalia

1293 3437 1441 3476 praedifiia,
1457 3446 1523 3466 cum
1543 3438 1728 3476 pertinentiis,
1754 3439 1784 3468 in
1802 3438 1903 3469 Balliva
1919 3447 1981 3476 tua,
1999 3438 2097 3468 liberes
2116 3438 2145 3466 in
2161 3435 2255 3466 forma
2273 3445 2345 3475 prae-

1293 3476 1386 3512 ditia,
1404 3474 1478 3504 salvo
1492 3475 1559 3513 jure
1578 3476 1732 3513 cujussibet.

1331 3513 1421 3544 Teste
1434 3513 1515 3552 Rege
1530 3514 1603 3554 apud
1620 3513 1877 3555 Wstmonasterium
1886 3536 1897 3552 ,
1911 3513 2027 3544 decimo
2044 3513 2144 3553 quinto
2158 3512 2203 3542 die
2218 3510 2296 3542 Maii.

1918 3591 1972 3620 Per
1990 3589 2071 3629 ipfitm
2088 3592 2191 3627 Regem.

1287 3664 1459 3698 *Confimilia
1477 3664 1573 3696 Brevia
1591 3665 1745 3704 diriguntur
1762 3665 1957 3697 Escaetoribus
1972 3665 2129 3702 subscriptis
2143 3687 2151 3701 ,
2175 3665 2203 3693 in
2221 3661 2349 3693 Comita-

197 3717 361 3754 Hiberniae,
378 3715 540 3753 Omnibus,
558 3714 593 3744 ad
613 3723 683 3753 quos
697 3713 841 3753 praesentes
857 3711 961 3742 Literae
976 3711 1167 3749 pervenerint,
1185 3709 1263 3739 Salu-
1457 3705 1528 3735 tibus
1545 3704 1723 3743 subscriptis,
1741 3705 1790 3735 sub
1808 3705 1904 3736 eadem
1925 3705 1998 3735 Data
2011 3727 2021 3742 ,
2047 3703 2193 3738 videlicet,

205 3763 342 3823 texgeiatis
359 3792 440 3830 quod
1337 3779 1476 3818 Efiaetori
1493 3783 1571 3818 Regis
1590 3785 1618 3810 in
1636 3784 1705 3810 Com.
1725 3781 1814 3811 Midd.

247 3828 343 3867 Cum,
370 3839 400 3860 ut
422 3816 600 3867 ac’cepimus,
617 3827 790 3858 Venerabilis
811 3825 910 3863 Pater,
930 3824 1069 3864 Epzfiopus
1088 3821 1265 3865 Bathon3&
1337 3818 1478 3858 Efiaetori
1495 3822 1571 3865 Regis
1589 3823 1618 3849 in
1641 3823 1711 3850 Com.
1731 3820 1817 3858 Salop,
1833 3830 1865 3849 ac
1883 3817 2016 3848 Mar-chin·
2035 3814 2142 3846 Walltae
2159 3814 2243 3844 eidem
2263 3818 2350 3846 Comi-

209 3867 322 3898 Wllen.
337 3869 369 3897 δε
379 3870 456 3906 Hugo
472 3867 496 3897 le
512 3867 660 3907 Despenfir
673 3866 803 3896 Chivaler
819 3863 984 3900 defunctus,
1002 3871 1130 3901 tempore
1146 3872 1203 3899 quo
1218 3860 1266 3904 ipsi
1301 3863 1374 3891 tatui
1389 3858 1578 3904 adjacentibus.

209 3904 427 3936 Ambaffiatores
447 3907 480 3936 &
498 3905 692 3935 Commiffarii
709 3904 794 3934 nostri
812 3904 841 3932 in
858 3902 984 3932 Partibus
1001 3900 1158 3938 Aquitaniae
1171 3909 1268 3931 extite-
1338 3896 1476 3936 Escaetorz
1493 3899 1569 3934 Regu
1584 3900 1614 3926 in
1631 3899 1702 3926 Com.
1718 3895 1799 3934 Staff

211 3951 292 3981 runt,
306 3943 510 3980 ordinaverint,
531 3944 666 3974 diletfmm
693 3944 725 3973 ὃ(
749 3942 858 3973 fidelem
878 3939 1025 3976 nostrum,
1045 3939 1215 3968 Bernardum
1237 3938 1269 3966 de
1341 3934 1479 3976 Escaetori
1495 3937 1573 3973 Regis
1591 3938 1621 3965 in
1638 3937 1709 3965 Com.
1729 3932 1864 3975 Notyngh.
1884 3930 1922 3967 όν
1937 3928 2022 3960 Derh.

211 3981 345 4021 Lesparre
367 3980 518 4018 Chivaler,
536 3981 701 4012 Dominum
715 3981 750 4011 de
765 3981 788 4010 la
806 3979 908 4017 Bai-de,
926 3976 1111 4008 Senescallum
1130 3976 1271 4008 Senescal-

213 4023 266 4052 ciae
284 4018 387 4049 nostrae
402 4019 558 4057 d'Agenes,
1074 4054 1078 4059 .
1101 4054 1107 4059 ι

251 4058 349 4096 Quam
367 4056 482 4125 (11111ῗῦ111
492 4056 715 4125 IOrdinationem
734 4055 991 4093 Confirmavimus,
1008 4062 1039 4086 ut
1052 4053 1170 4092 dicitur,

272 4099 346 4127 Tom.
363 4098 415 4126 IV.
459 4118 466 4126 .
510 4098 534 4125 Ι.

1985 4006 2037 4035 Per
2055 4004 2137 4044 ipsiaem
2148 4005 2254 4043 Regem.

1752 4084 1791 4123 Q
2327 4077 2368 4111 Et
