2546 4279
213 133 234 172 8
665 122 1924 176 CONVENTIONE83L1TERAE,

68 216 144 249 Ann.
156 213 200 245 D.

95 262 184 292 ¹401·

68 296 133 321 ΗΝ).
152 303 182 327 4-
487 308 547 338 Pro
573 306 684 337 Comite
707 302 858 337 Marchiae
879 306 988 337 Scotiae.

69 388 147 420 Arm.
162 387 204 419 D.
224 390 309 445 RE
319 391 350 422 X
364 391 527 427 Omnibus,
544 389 578 420 ad
591 391 744 428 quos,&c.
754 388 887 420 Salutem.

92 424 179 466 1401.
321 430 420 460 Sciatis
443 429 540 467 quod,
557 428 592 458 de
613 427 712 459 Gratia
732 427 828 458 nostra
847 428 975 465 speciali,
990 425 1133 457 Dedimus
1147 425 1180 455 δε
1195 424 1280 454 Con-

71 468 168 494 A⁷1·'2·
221 467 368 503 ceffimus,
385 467 491 496 dileetio
507 467 540 497 &
555 465 631 498 fideli
648 466 868 505 Consanguineo
886 467 1001 504 nostro,
1028 468 1137 502 Georgia
1152 464 1281 507 Δι’-Βανι-

69 509 160 569 ῗίάιψῑ
223 507 321 545 barre,
341 505 452 536 Comiti
468 504 609 535 Marchiae
625 505 752 543 Scotiae,
771 505 937 535 Maiierium
953 505 989 535 de
1008 502 1217 540 Clippestonin
1227 501 1284 531 Fo-

123 565 130 572 .
166 565 172 571 ·
222 544 291 575 resta
306 545 342 574 de
357 543 508 588 Shirwode
523 553 593 574 curn
608 545 799 584 pertinentiis,
819 544 980 574 habendum
1003 551 1056 579 pro
1071 541 1215 571 Termino
1233 540 1284 571 Vi-

214 592 257 621 tae
275 583 355 625 ipsius
371 581 504 615 Comitis.

76 665 104 684 ²·
173 640 179 646 .
243 620 483 698 Ἃὲἒίῗῖὶᾷἔὲὲ
498 659 574 698 apud
590 657 867 700 Wstmonasterium,
886 657 970 696 xxviij
986 656 1032 687 die
1043 656 1133 695 Junii.

967 736 1022 764 Per
1039 734 1122 774 ipfiern
1139 735 1248 770 Regem.

220 881 422 929 Obligationes
437 881 528 927 fitper
553 879 700 913 Dotalitio
725 874 869 910 Blanchiae
899 876 980 909 Filiae
1004 877 1092 921 Regis
1110 876 1285 908 Annuatim

671 925 826 972 filvendO.

72 1019 150 1049 Ann.
166 1017 207 1048 D.
295 1016 332 1047 M
342 1026 365 1048 N
376 1025 388 1047 1
397 1025 416 1047 Β
425 1024 448 1046 u
459 1023 471 1045 s
489 1024 508 1046 E
518 1024 542 1046 T
561 1013 581 1045 S
590 1023 602 1044 1
612 1023 636 1044 N
647 1022 669 1044 G
680 1021 702 1043 u
711 1021 733 1043 L
744 1022 757 1042 1
768 1022 780 1043 s
792 1035 801 1051 ,
815 1011 850 1042 ad
858 1019 928 1049 quos
941 1008 1083 1048 praesentia
1090 1008 1267 1046 pervenerint
1275 1029 1286 1046 ,

98 1066 185 1090 1401.
309 1057 343 1087 &
360 1055 511 1093 praesertim
527 1062 651 1091 quorum
664 1050 791 1088 interest,
809 1050 896 1086 Nos,
939 1086 944 1091 ¹
1080 1085 1084 1090 η

71 1100 126 1123 An.
152 1107 179 1126 2.
262 1094 411 1132 Stephanus
430 1096 498 1122 Dux
513 1094 668 1126 Bavariae,
683 1091 716 1120 ὃς
733 1088 843 1118 Comes
859 1085 998 1117 Palatinus
1011 1084 1105 1123 Rem,

72 1139 106 1161 Η.
124 1145 152 1170 4.
264 1133 415 1162 Fredericus
430 1133 617 1168 Burggravt‘us
634 1128 668 1158 N
671 1126 895 1163 Llressbergensis,

71 1176 113 1199 Ex
130 1176 188 1201 Au-
260 1170 382 1209 Adolfus
398 1173 486 1198 Comes
501 1169 531 1198 de
548 1167 635 1197 clivis
650 1166 684 1196 &
699 1165 735 1195 de
750 1165 872 1202 Marke,

71 1216 135 1247 togr.
263 1208 439 1238 Eberhardus
455 1211 545 1236 Comes
560 1206 592 1235 de
606 1200 851 1241 Kfitzenlubogen,

257 1247 394 1285 Phil-‘ppus
410 1250 498 1275 Comes
514 1245 546 1274 de
558 1241 706 1283 Naffizwee
722 1243 755 1274 &
771 1242 940 1280 Saraponte,

256 1286 407 1315 Fredericus
420 1287 510 1313 Comes
522 1284 553 1313 de
562 1286 727 1322 Lymergen,

258 1323 372 1354 Euncho
390 1327 478 1353 comes
495 1323 526 1352 de
541 1324 675 1359 Hungen,

257 1364 390 1392 Henricus
407 1365 497 1391 Comes
512 1361 543 1391 de
561 1363 588 1390 V
590 1360 726 1397 eldeinze,

257 1401 416 1430 Guntherus
429 1403 517 1430 eomes
532 1400 562 1429 de
580 1396 807 1437 Stroavesenburg
817 1419 827 1435 ,

263 1439 406 1476 'Johannes
420 1442 510 1468 comes
527 1439 558 1468 de
577 1440 619 1467 W
618 1437 748 1473 erchenn,
996 1472 1001 1477 ι

255 1477 392 1517 Philippus
407 1477 440 1507 de
455 1475 623 1516 Falkenstein
640 1475 785 1505 Dominus
799 1475 828 1504 in
844 1471 1040 1513 Kyngestein,

254 1515 298 1585 ἔτι
315 1515 506 1554 Engelhardiis
520 1518 652 1546 Dominus
667 1518 695 1544 in
712 1511 849 1551 Romsperg
858 1535 867 1549 ‚

276 1565 289 1585 a
301 1564 388 1586 utem.

254 1593 290 1623 N
301 1604 321 1624 ο
332 1605 351 1623 ν
362 1603 379 1624 E
392 1602 414 1624 R
424 1602 435 1623 1
446 1601 469 1623 'r
479 1602 490 1622 r
499 1601 513 1623 s
539 1590 618 1630 quod
633 1590 701 1621 Nos
710 1613 720 1628 ,
738 1589 880 1620 intelle¹5lo
895 1587 975 1626 quod
994 1584 1197 1617 lnviCtiffimus
1215 1585 1282 1615 Do-

74 1626 92 1646 *
111 1628 195 1656 VIII·
222 1633 316 1662 minus
331 1635 463 1671 Rupertus
478 1633 538 1660 Rex
555 1633 752 1667 Romanorum,
771 1628 876 1668 semper
899 1625 1040 1665 Augustus
1051 1649 1060 1663 ,
1078 1625 1246 1668 Dominum
1265 1628 1281 1639 ⁶

105 1669 169 1695 206.
222 1671 399 1701 Lua'owicum
411 1671 468 1708 ejus
483 1669 586 1699 Filium
602 1668 765 1705 Seniorem,
783 1666 956 1702 naturalem,
974 1666 1006 1695 δε
1022 1662 1282 1706 Ιεμίῑιιῃιπηλίῐο-

222 1711 322 1740 mitem
343 1709 498 1740 Palatinum
514 1708 610 1744 Reni,
628 1707 661 1737 &
676 1706 794 1737 Ducem
810 1704 931 1735 Bavariae
947 1703 1099 1747 Inclitum,
1126 1701 1283 1744 Matrimo-

222 1749 273 1778 nio
287 1748 443 1779 decreverit
459 1746 614 1784 Copulari,
637 1744 856 1775 Praeclariilimae
878 1743 1036 1779 Dominae,
1057 1741 1217 1777 Blanchiae,
1236 1740 1281 1769 Fi-

221 1786 266 1816 liae
280 1786 407 1824 Seniori,
426 1785 542 1816 naturali
557 1785 590 1816 &
608 1785 760 1821 legitimae,
786 1781 960 1812 Sereniffimi
983 1781 1123 1823 Principis
1137 1804 1147 1817 ,
1169 1781 1283 1807 Henrici

221 1827 299 1862 Regis
317 1826 429 1863 Angliae
442 1823 480 1859 (ἐν
495 1826 634 1861 Franciae,
652 1832 686 1853 ac
711 1821 836 1852 Domini
852 1819 1020 1855 Hiberniae,
1034 1828 1096 1857 jam
1111 1818 1203 1862 eidem
1219 1820 1281 1847 Lu-

219 1864 336 1902 dewico‚
355 1865 384 1894 in
399 1865 461 1894 vim
477 1862 673 1898 Matrimonii,
691 1860 726 1891 de
741 1861 891 1899 proximo,
911 1867 940 1889 ut
962 1857 1081 1895 speratur
1095 1881 1105 1896 ,
1131 1865 1203 1887 inter
1220 1856 1282 1887 eos-

223 1903 291 1933 dem
306 1901 492 1940 subsecuturi,
512 1899 715 1939 Desponsatae,
1050 1936 1054 1940 ι
1228 1935 1233 1940 ⁸

258 1940 372 1981 Ipseque
389 1940 532 1971 Dominus
552 1941 702 1977 Rupertus,
724 1940 904 1967 Romanorum
920 1937 980 1964 Rex
996 1957 1006 1973 ,
1031 1933 1281 1978 eidem‘Dominae

220 1979 379 2017 Blanchiae,
399 1980 480 2010 causa
496 1978 669 2008 Donationis
693 1985 806 2014 propter
831 1974 955 2012 Nuptias
972 1997 981 2012 ,
1003 1974 1146 2012 deputaVit
1169 1975 1202 2005 &
1219 1983 1283 2011 pro-

220 2018 326 2049 miserit
338 2018 418 2055 dare,
435 2019 468 2048 &
483 2016 516 2047 ad
536 2015 633 2047 Vitam
650 2015 728 2053 ipsius
741 2014 833 2045 eidem
849 2012 1002 2050 assignare,
1020 2021 1062 2042 tot
1086 2011 1166 2042 Bona
1182 2012 1283 2042 Inmo—

220 2056 286 2086 bilia
302 2058 332 2086 iri
356 2055 477 2094 Castris,
494 2056 606 2094 Terris,
624 2054 789 2091 Dominiis,
808 2049 1152 2090 Villisffloffeffionibus,
1169 2050 1279 2088 Curiis,

219 2096 254 2126 δε
269 2094 402 2133 Praediis,
419 2095 494 2132 juxta
510 2094 648 2132 Renum,
667 2093 711 2122 vel
727 2093 757 2122 in
775 2092 889 2122 Ducatu
905 2089 1028 2133 Bavariae
1044 2112 1054 2127 ,
1079 2089 1115 2120 de
1135 2091 1234 2127 quibus
1247 2089 1283 2120 ad

221 2134 315 2164 minus
334 2133 407 2171 ipsa,
424 2144 472 2171 per
490 2141 580 2163 totam
597 2131 694 2163 Vitam
708 2130 802 2167 suam,
822 2138 975 2160 communi
990 2127 1175 2158 aestimatione
1194 2129 1284 2159 &ex-

220 2173 358 2209 perientia
371 2172 503 2203 ha&enus
519 2170 699 2208 continuati,
717 2169 873 2200 Annuatim
892 2169 1034 2210 percipere
1051 2167 1227 2205 gaudereque
1235 2177 1284 2198 va-

220 2210 274 2241 leat
293 2211 377 2249 usque
395 2210 430 2241 ad
444 2211 597 2241 Summam
621 2210 653 2240 &
674 2208 802 2239 valorem
828 2207 959 2244 Qatuor
979 2205 1099 2235 Milium
1124 2206 1282 2236 Nobilium

223 2248 319 2280 Cunei
336 2250 470 2288 Angliae,
488 2257 570 2286 prout
587 2249 650 2278 haec
666 2249 700 2279 ὃ(
714 2247 766 2277 alia
787 2247 817 2276 in
840 2245 939 2288 Literis
964 2243 1089 2288 Domini
1112 2243 1204 2282 Regis
1219 2244 1284 2275 Ro-

222 2297 375 2319 manorum
391 2288 551 2319 Patentibus
566 2288 744 2318 continentur
758 2308 768 2324 ,
793 2293 857 2323 quas
872 2283 920 2314 hic
940 2283 1035 2314 haberi
1057 2293 1109 2321 pro
1126 2283 1285 2321 expressatis

222 2327 355 2358 volumus
368 2328 401 2359 ὃς
419 2327 556 2364 repetitis,

260 2365 315 2395 Ne
329 2367 413 2403 igitur
423 2388 432 2404 ,
452 2373 566 2403 propter
583 2362 811 2395 incertitudinem
825 2361 859 2391 &
873 2359 1035 2398 neglectam
1049 2360 1208 2399 hujusmodi
1223 2360 1284 2391 De-

221 2405 374 2442 putationis
392 2405 424 2434 &
440 2403 656 2442 Affignationis,
674 2401 893 2431 Matrimonium
907 2399 943 2429 de
951 2409 1025 2439 quo,
1045 2400 1095 2437 &,
1114 2407 1142 2429 ut
1157 2401 1285 2438 praemit-

224 2445 308 2481 titur,
328 2442 455 2480 quolibet
471 2441 660 2479 suspendatur,
674 2440 719 2470 vel
734 2438 949 2480 promulgetur,

260 2482 342 2519 Nos,
359 2491 460 2511 omnes
475 2481 509 2510 &
524 2479 624 2516 singuli
646 2476 764 2515 superius
785 2477 926 2506 nominati
939 2498 948 2512 ‚
974 2475 1135 2513 Requesta,
1154 2477 1285 2513 precibus

223 2520 258 2551 ὃς
271 2520 341 2550 serio
356 2519 425 2550 dicti
441 2519 567 2549 Domini
582 2516 670 2547 nostri
684 2519 762 2552 Regis
783 2518 948 2543 Francorum
972 2516 1044 2544 moti
1054 2537 1062 2551 ,
1081 2515 1180 2544 animo
1195 2515 1285 2544 liben-

222 2560 264 2597 ti,
282 2558 399 2598 sponte,
416 2556 524 2588 matura
546 2555 619 2593 apud
642 2565 693 2585 nos
716 2553 916 2584 deliberatione
938 2552 1113 2590 praehabita,
1139 2551 1286 2582 Promitti-

225 2608 306 2634 mUS,
324 2597 356 2627 &
371 2596 486 2636 quilibet
502 2594 634 2625 nostrum
651 2593 810 2631 promittit,
828 2590 911 2628 Nos,
929 2591 1127 2628 &quemlibet
1136 2589 1266 2620 nostrum
1276 2613 1286 2628 ,

221 2637 256 2667 &
270 2635 406 2666 Haeredes
420 2634 548 2671 nostros,
565 2634 598 2665 &
613 2631 759 2669 cujussibet
775 2629 906 2660 nostrum
916 2652 925 2667 ,
944 2639 977 2659 ac
992 2629 1101 2659 causam
1117 2639 1132 2659 a
1151 2629 1285 2659 nobisseu

221 2675 317 2713 aliquo
335 2673 466 2704 nostrum
482 2673 630 2708 habentes,
647 2671 769 2702 Acturos
784 2669 817 2699 δε
835 2667 989 2698 Curaturos
1012 2667 1091 2705 quod
1116 2667 1208 2698 dictus
1232 2670 1286 2697 Ro-

222 2723 361 2742 manorum
386 2715 446 2741 Rex
464 2710 687 2750 Asfignationem
714 2709 748 2739 &
775 2706 1000 2744 Deputationem
1020 2707 1166 2736 di&orum
1190 2706 1287 2737 Bono-

221 2761 287 2783 rum
304 2751 506 2787 Inmobilium,
524 2748 711 2786 Castrorum,
727 2746 880 2777 Terrarum
896 2767 905 2782 ‚
932 2744 1140 2774 Dominiorum
1155 2745 1187 2775 ὃς
1202 2753 1287 2775 caete-

224 2800 323 2820 rorum
337 2789 458 2827 superius
472 2789 683 2818 nominatorum
694 2809 702 2824 ,
719 2795 768 2823 per
782 2793 848 2815 eum
859 2782 989 2821 &ipsuis
1003 2783 1105 2824 Filium
1119 2783 1287 2822 praedieium

224 2828 312 2859 dieiae
334 2827 474 2858 Dominae
501 2825 641 2856 Blanchiae
659 2824 901 2864 (praenominato,
920 2830 949 2852 ut
972 2825 1133 2864 praerertur,
1151 2821 1287 2852 Domino

228 2866 384 2897 Ludewico
404 2865 469 2896 Des
503 2864 602 2900 nsatae)
621 2873 654 2894 ex
671 2862 750 2895 causa
769 2861 920 2899 praedieta,
940 2868 969 2903 ut
989 2860 1151 2897 praedicitur
1172 2862 1206 2892 ὃ(
1223 2871 1286 2891 nar-

226 2915 317 2943 ratur,
337 2876 500 2935 Ρτοτηίΰξεο
525 2903 640 2934 fideliter
653 2902 737 2933 faciet
753 2902 786 2932 &
802 2898 978 2936 complebit,
997 2908 1030 2928 ac
1045 2898 1162 2940 eandem
1180 2899 1288 2929 Domi-

226 2954 293 2975 nam
306 2943 468 2973 Blanchiam
483 2927 519 2972 <se
533 2941 636 2972 eisdem
654 2941 739 2971 Bonis
753 2938 938 2969 inmobilibus
956 2945 1064 2980 certam
1082 2939 1163 2968 faciet
1179 2938 1288 2968 &asse-

227 2983 338 3013 curabit
352 2981 454 3012 Literis
471 2980 632 3011 Patentibus
650 2979 786 3016 congruis
800 2978 832 3008 &
845 2984 1028 3013 opportunis,
1046 2975 1201 3006 secundum
1221 2987 1288 3006 orn-

229 3030 297 3051 nem
308 3022 385 3058 vim,
403 3019 544 3057 formam,
562 3020 595 3050 &
608 3017 765 3055 effectum,
784 3015 1008 3051 continentiam,
1027 3014 1060 3044 ὃ(
1074 3016 1287 3053 tenorem,tam

229 3058 427 3089 Promiffionis
447 3058 503 3088 suae
518 3056 740 3095 cujuscumque,
756 3056 840 3095 quam
863 3055 947 3083 etiam
969 3052 1038 3095 dicti
1058 3052 1206 3095 Ludowici
1227 3054 1290 3084 Filii

227 3097 285 3136 sui,
299 3106 346 3128 aut
362 3097 581 3127 procuratorum
599 3095 731 3132 suorum,
750 3092 931 3130 conjunffim
951 3091 996 3121 vel
1011 3090 1122 3120 divuim
1144 3091 1292 3129 deputato.

228 3146 293 3167 rum
308 3144 574 3174 quorumcumque,
597 3134 678 3164 saetae
700 3132 748 3162 sub
772 3131 862 3161 Poena
885 3129 1094 3169 Qadringinta
1114 3129 1290 3170 Nobilium,

228 3173 483 3212 Cunei,ponderis
499 3173 532 3203 &
547 3171 646 3202 valoris
656 3171 871 3209 praeditSlorum,

271 3212 407 3243 Domino
422 3214 538 3241 Henrico
554 3213 619 3248 Regi
633 3209 804 3246 Angliae,&
819 3208 900 3245 ipsius
914 3206 993 3236 Filiae
1000 3208 1291 3247 praenominatae,ssib

234 3251 343 3289 modo,
362 3250 456 3281 forma
471 3273 482 3288 ,
504 3250 536 3281 &
559 3248 768 3280 conditionibus
783 3269 794 3285 ,
818 3256 882 3284 quae
900 3245 1012 3276 inferius
1035 3245 1246 3285 describuntur,
1263 3249 1293 3278 in

233 3291 370 3321 omnibus
381 3289 414 3319 &
430 3299 479 3325 per
496 3289 612 3325 omnia,
996 3323 1000 3327 ι

273 3328 304 3358 Si
318 3327 458 3365 praemiffa
474 3328 572 3357 omnia
593 3327 626 3356 &
645 3324 750 3361 singula
766 3347 775 3362 ,
797 3333 850 3361 pro
874 3331 951 3360 parte
972 3321 1042 3351 dieti
1058 3322 1183 3353 Domini
1207 3323 1293 3355 nostri

234 3369 315 3404 Regis
329 3369 523 3402 Romanorum,
540 3373 586 3395 aut
601 3363 664 3394 Filii
679 3363 719 3393 sui
732 3362 943 3400 praenominati,
961 3360 1236 3392 velProcuratorum
1245 3373 1294 3393 eo-

236 3404 385 3442 rumdem,
403 3412 432 3434 ut
449 3404 626 3441 praedicitur,
645 3399 783 3439 praemiffii
796 3400 870 3430 faita
891 3410 949 3429 non
970 3398 1080 3429 fuerunt
1097 3422 1107 3437 ,
1134 3400 1178 3431 vel
1193 3401 1295 3439 imple-

233 3453 280 3482 ta,
298 3443 342 3474 vel
356 3444 385 3471 in
400 3442 494 3479 aliquo
513 3442 572 3478 plus
585 3441 683 3471 debito
699 3439 781 3470 dilata
795 3439 839 3469 vel
853 3438 985 3469 retardata
999 3436 1100 3468 fuerint
1109 3460 1118 3475 ,

271 3480 476 3513 Solvendorum
492 3481 525 3511 &
540 3478 778 3517 applicandorum.

274 3520 301 3551 P
310 3529 335 3551 R
344 3529 364 3549 0
375 3527 402 3549 M
411 3527 422 3548 1
431 3525 455 3547 'r
464 3526 487 3547 τ·
497 3527 508 3547 1
518 3526 545 3548 M
554 3527 577 3548 u
589 3527 601 3548 s
628 3526 740 3556 quoque
756 3515 863 3555 insuper
877 3514 962 3553 Nos,
981 3524 1082 3544 omnes
1097 3515 1129 3545 &
1140 3513 1240 3549 singuli
1254 3513 1297 3544 su-

237 3560 329 3599 perius
341 3557 496 3594 nominati,
515 3556 592 3586 bona
609 3556 680 3594 fide,
700 3555 764 3586 Nos
780 3555 863 3584 etiam
879 3554 1001 3583 Aecuros
1016 3555 1048 3584 &
1058 3552 1210 3583 Curaturos
1217 3553 1296 3590 quod

237 3597 493 3640 quandocumque,
512 3593 575 3631 post
590 3593 702 3624 Festum
726 3592 931 3628 Affumptionis
955 3591 1080 3628 Virginis
1103 3591 1213 3628 Almae,
1231 3601 1299 3628 pro-

238 3638 323 3668 ximo
338 3643 448 3665 exnunc
459 3631 584 3662 futurum
593 3656 603 3671 ,
619 3632 693 3662 idem
711 3631 860 3661 Dominus
874 3629 967 3659 noster
981 3629 1043 3670 Rex
1057 3629 1298 3661 Romanorum&

241 3675 325 3707 Filius
339 3674 396 3711 ejus
428 3670 556 3701 nedictus
573 3693 582 3708 ,
604 3671 675 3700 cum
691 3680 738 3707 per
761 3668 871 3698 Patrem
892 3669 960 3698 dieti
983 3668 1074 3705 Regis
1097 3667 1227 3706 Angliae,
1252 3668 1298 3698 vel

242 3713 385 3744 Dominae
431 3709 549 3740 lanchioe
572 3708 650 3739 Filiae
675 3708 730 3738 suae
757 3708 970 3744 praenominatae
986 3729 996 3744 ,
1021 3708 1151 3742 congrue
1178 3707 1299 3743 requisiti

243 3752 364 3789 fuerint,
383 3751 427 3781 vel
443 3757 542 3778 eorum
556 3747 621 3777 alter
635 3746 774 3784 requisitus
796 3744 878 3775 fuerit
891 3767 901 3782 ,
928 3744 961 3774 ad
975 3744 1140 3786 ponendum
1154 3745 1199 3774 vel
1215 3745 1298 3774 indu-

241 3789 366 3820 cendum
382 3788 489 3818 didiam
505 3785 666 3816 Dominam
688 3783 850 3814 Blanchiam
873 3783 903 3813 in
924 3782 1127 3812 Posseffionem
1150 3782 1298 3813 Bonorum

243 3827 444 3864 immobilium,
462 3823 644 3862 Castrorum,
662 3822 815 3859 Villarum,
840 3821 1061 3859 praedidiorum,
1079 3821 1111 3850 &
1132 3830 1298 3852 caeterorum

246 3866 493 3904 praescriptorum,
517 3862 561 3893 vel
575 3861 671 3900 Ipsum
687 3861 730 3892 vel
759 3859 960 3890 Procuratores
991 3867 1038 3889 aut
1061 3859 1223 3889 Attornatos
1237 3859 1298 3890 suos

245 3907 277 3935 in
310 3904 412 3933 eisdem
436 3900 614 3932 feoffandum
629 3923 639 3938 ‚
681 3897 757 3937 quod
793 3898 849 3935 ipse
882 3897 1026 3928 Dominus
1061 3896 1125 3927 Rex
1147 3897 1299 3928 Romano-

244 3951 311 3973 rum
326 3964 336 3979 ,
370 3941 403 3971 &
430 3940 514 3970 Filius
539 3940 597 3969 suus
624 3938 870 3977 praenominatus,
904 3936 1010 3966 dietam
1034 3935 1195 3965 Dominam
1218 3935 1300 3966 Blan-

243 3982 357 4017 chiam,
375 3978 420 4008 vel
434 3978 514 4015 ipsius
527 3978 561 4008 ad
579 3978 636 4008 hoc
651 3978 812 4008 Attornatos
833 3974 877 4004 vel
893 3973 1106 4011 Procuratores,
1122 3976 1152 4003 in
1166 3984 1301 4012 corpora-

240 4018 318 4058 lem,
335 4026 445 4055 veram,
462 4016 597 4054 liberam,
613 4017 647 4048 ὅ(
667 4014 826 4055 expeditam
847 4011 1071 4051 Poffeffionem,
1087 4013 1220 4045 omnium
1241 4012 1298 4046 Ca-

1314 209 1455 250 strorum,
1473 211 1649 251 Terrarum,
1669 211 1897 249 Dominiorum,
1915 208 2054 240 Villarum
2064 206 2379 248 ,Posseffionum,Cu-
2399 200 2476 232 Ann-
2490 199 2538 234 D:

1313 250 1435 288 riarum,
1451 251 1485 280 ὃς
1509 250 1689 281 Praediorum
1706 274 1715 290 ,
1741 250 1792 280 fibi
1808 249 2019 286 Affignatorum
2045 248 2090 278 vel
2113 247 2242 285 assignari
2267 247 2378 277 debito-
2420 246 2505 278 14·οῙ-

1314 297 1396 325 rum,
1409 289 1486 326 juxta
1500 299 1621 319 omnem
1633 291 1711 328 vim,
1729 288 1870 324 formam,
1889 288 1923 319 &
1938 287 2074 318 effectum
2089 289 2219 317 omnium
2235 285 2376 317 Conven-
2402 284 2466 307 Hw-
2484 287 2513 313 4·

1316 334 1410 355 torum
1426 327 1459 356 &
1476 326 1688 358 Praemifforum
1705 350 1715 366 ,
1741 337 1790 365 per
1805 326 1919 357 eosdem
1943 325 2110 355 Dominum
2131 326 2246 362 Regem
2264 324 2377 354 Roma-

1317 374 1439 402 norum,
1458 374 1504 395 aut
1518 365 1598 402 ipsius
1615 365 1716 396 Filium
1733 366 1992 403 praenominatum,
2010 363 2173 401 Ipsorumve
2195 363 2376 401 conjunffim

1317 402 1362 431 vel
1375 402 1486 432 divisim
1505 402 1715 442 Procuratores,
1735 405 1763 433 in
1777 405 1831 433 hac
1847 411 1923 441 parte
1944 403 2087 432 fadfflrum
2103 424 2112 439 ,
2138 402 2244 433 realiter
2260 404 2293 434 &
2309 410 2378 432 curri

1319 437 1426 470 effeciu
1441 440 1578 479 Mittent,
1598 441 1753 480 Inducent,
1771 442 1805 473 &
1820 441 2009 471 Infeoffabunt
2024 463 2033 478 ,
2061 438 2216 478 Mittique,
2235 440 2282 471 seu
2296 439 2379 469 indu-

1319 479 1365 516 ci,
1383 479 1416 509 ὃ(
1429 479 1541 510 feoffari
1555 480 1659 511 facient
1673 482 1706 512 &
1723 479 1912 518 mandabunt,
1930 489 1997 510 cum
2018 476 2138 515 effestu,
2164 478 2213 508 sub
2228 478 2381 508 Testimo-

1320 518 1369 546 nio
1385 517 1543 548 Literarum
1560 518 1720 549 Patentium
1737 527 1945 557 congruarum,
1958 516 2170 548 necessariarum
2185 518 2214 546 in
2235 517 2287 547 hac
2305 525 2380 554 parte

1321 556 1354 586 δε
1367 565 1588 594 oportunarum,
1607 556 1693 588 dieite
1709 557 1849 588 Dominae
1869 556 2008 587 Blanchiae
2029 564 2073 586 aut
2089 555 2320 586 procuratoribus
2334 554 2382 586 vel

1321 594 1475 625 Attornatis
1496 595 1545 625 suis
1565 603 1634 625 tunc
1654 595 1860 626 liberandarum
1875 617 1885 633 ,
1912 597 1945 626 ὃς
1959 595 2034 632 apud
2049 593 2163 624 eosdem
2179 594 2380 630 remanebunt,

1320 632 1370 662 sub
1385 633 1476 663 Poena
1498 633 1692 672 Quadraginta
1715 633 1844 664 Millium
1864 633 2019 664 Nobilium
2037 633 2242 671 praedidlorum
2259 655 2269 670 ,

1357 670 1392 701 ln
1409 682 1510 710 quani,
1531 673 1563 702 ἃ
1579 673 1691 710 casum,
1708 672 1742 702 δε
1756 680 1909 710 eventum,

1359 710 1388 740 Si
1407 711 1416 748 (
1429 711 1504 748 quod
1520 711 1606 748 absit)
1628 709 1774 740 Praemiss‘a
1791 712 1891 740 omnia
1905 710 1938 741 &
1954 710 2055 749 singula
2071 710 2127 746 sic,
2154 718 2183 741 ut
2199 708 2381 747 praedicitur,

1323 757 1372 790 per
1385 748 1496 780 Parieti
1512 751 1530 768 ³*
1549 749 1695 779 dietorum
1710 747 1802 786 Regis
1824 748 2027 779 Romanorum
2048 749 2080 779 ὃ(
2105 748 2169 779 Filii
2182 747 2383 786 i'ui‘praedieti,

1322 787 1395 817 racia
1411 787 1443 818 ὃς
1460 788 1623 826 perimpleta
1637 798 1697 818 non
1713 786 1840 824 fuerunt,
1858 786 1902 816 seu
1915 789 1946 817 in
1963 787 2056 826 aliquo
2072 787 2132 825 plus
2146 787 2244 818 debito
2259 796 2315 824 ¹per
2333 796 2383 817 eo-

1324 835 1388 855 rum
1401 825 1521 866 aliquem
1534 826 1634 863 dilata,
1652 827 1698 856 vel
1711 825 1845 856 retardata
1864 824 1983 862 fuerint,

1362 863 1473 894 Eittunc
1492 865 1564 895 infra
1588 864 1767 904 Qiindecim
1789 863 1861 893 Dies
1876 886 1885 900 ,
1910 863 2130 902 Requifitionem
2151 863 2312 902 hujusmodi
2329 864 2384 894 im·-

1324 902 1445 933 mediate
1459 903 1617 943 sequentes,
1634 904 1734 940 abs-que
1749 903 1909 932 monitione
1927 902 2052 939 aliquali,
2070 904 2188 933 nomine
2202 902 2321 940 Poenae,
2341 904 2385 933 in-

1323 940 1418 971 cidere
1436 940 1572 973 Volumus
1591 944 1625 974 &
1646 942 1761 982 quilibet
1785 939 1916 971 nostrum
1935 940 2060 971 incidere
2077 940 2168 972 voluit
2190 950 2240 978 per
2263 940 2386 978 praesen-

1322 987 1381 1016 tes,

1361 1017 1461 1060 Qam
1479 1018 1594 1057 quidem
1608 1018 1750 1056 Poenam,
1767 1017 1880 1056 fiipsam
1898 1018 2105 1056 quovismodo,
2123 1018 2152 1048 in
2159 1017 2254 1056 aliquo
2261 1016 2386 1048 Casuum

1322 1056 1545 1097 praedidiorum,
1564 1058 1710 1088 committi
1731 1057 1902 1095 contigerit,
1920 1057 1975 1087 fine
1991 1056 2167 1087 Remissione
2189 1064 2389 1095 quacumque,

1322 1094 1475 1131 iaepedi&o
1491 1093 1568 1132 Regi
1584 1095 1713 1135 Angliae,
1732 1103 1777 1125 aut
1794 1103 1961 1126 memoratae
1976 1095 2055 1126 Filiae
2068 1096 2123 1126 suae
2141 1095 2278 1126 Dominae
2300 1093 2385 1126 Blan-

1323 1132 1414 1171 chiae,
1439 1132 1484 1163 seu
1506 1143 1607 1164 eorum
1630 1135 1713 1164 etiarn
1739 1133 1849 1164 divisim
1871 1133 2044 1164 Haeredibus
2067 1143 2114 1165 aut
2135 1133 2389 1171 Procuratoribus,

1324 1171 1431 1202 realiter
1449 1172 1481 1202 &
1496 1172 1523 1202 in
1537 1181 1601 1203 toto
1616 1171 1719 1204 solvere
1733 1170 1802 1202 Nos
1817 1171 1851 1202 &
1864 1171 2016 1209 quemlibet
2035 1171 2184 1211 nostrum,
2203 1182 2236 1202 ac
2250 1171 2388 1202 Haeredes

1324 1209 1437 1240 nostros
1451 1211 1482 1241 ὃ(
1497 1211 1641 1250 cujussibet
1651 1209 1784 1242 nostriim
1793 1210 1845 1248 ,&
1861 1209 1953 1240 causas
1968 1211 2074 1240 anobis
2081 1219 2126 1242 aut
2134 1211 2243 1250 singulis
2249 1209 2384 1241 nostrfim

1325 1248 1476 1286 habentes,
1494 1249 1662 1289 Obligamus
1683 1248 1838 1281 efficaciter
1857 1257 1906 1286 per
1930 1247 2074 1286 praesentes
2089 1271 2099 1287 ‚
2121 1257 2254 1287 tanquam
2267 1259 2386 1287 coram,

1325 1287 1359 1317 &
1374 1288 1404 1329 in
1424 1288 1627 1326 cujuscumque
1644 1287 1776 1319 nostrum
1791 1286 1979 1324 competentis
1989 1286 2117 1326 Judicis,
2130 1286 2265 1326 judicio,
2291 1286 2386 1325 fieret,

1325 1334 1358 1355 ac
1372 1325 1522 1364 solempnis
1534 1326 1681 1365 Stipulatio
1695 1327 1885 1358 interveniret.

1363 1363 1390 1394 V
1401 1373 1420 1393 o
1430 1373 1451 1395 L
1463 1373 1485 1394 υ
1495 1373 1523 1396 Μ
1531 1374 1554 1396 υ
1566 1374 1577 1396 s
1588 1373 1640 1403 (ψ
1651 1373 1669 1395 Ε
1694 1365 1824 1403 praeterea
1847 1363 1916 1394 Nos
1924 1386 1934 1402 ,
1951 1363 2129 1402 conjunffim
2151 1364 2184 1395 &
2199 1364 2312 1395 divisim
2321 1386 2331 1403 ,
2350 1374 2387 1395 ac

1323 1401 1433 1433 nostros
1449 1403 1583 1435 Haeredes
1598 1405 1631 1435 &
1646 1403 1793 1441 cujussibet
1804 1401 1937 1433 nostrum
1952 1424 1962 1441 ,
1986 1403 2020 1434 &
2035 1403 2127 1434 causas
2141 1413 2157 1433 a
2172 1404 2254 1434 nobis
2273 1402 2318 1433 vel
2337 1403 2387 1434 ali-

1323 1449 1380 1479 quo
1397 1440 1528 1472 nosti-sim
1545 1442 1696 1481 habentes,
1714 1451 1763 1480 per
1771 1441 2135 1480 quemcumqueJudicem,
2152 1440 2386 1473 Ecclesia-sticum

1323 1479 1372 1523 vel
1384 1480 1564 1520 Secularem,
1581 1480 1616 1511 ad
1629 1479 1788 1519 hujusmodi
1799 1479 1919 1518 Poenae,
1940 1480 2130 1516 quovismodo
2138 1479 2385 1518 commiffae‚so-

1322 1516 1462 1548 lutionem
1483 1519 1634 1550 summarie
1649 1542 1659 1557 ,
1685 1520 1719 1551 &
1742 1519 1779 1549 de
1804 1518 1890 1556 plano
1905 1540 1915 1556 ,
1944 1516 2001 1548 sola
2018 1517 2087 1549 faeti
2106 1519 2220 1550 veritate
2245 1519 2390 1550 dumtaxat

1322 1556 1464 1595 insweffli,
1483 1557 1564 1596 Cogi
1580 1559 1681 1596 pariter
1695 1559 1728 1590 &
1744 1556 1891 1594 Compelli
1906 1567 1939 1587 ac
1952 1555 2070 1594 Judicio
2085 1555 2160 1587 Sisti.

1361 1567 1419 1626 ὃΒ
1430 1605 1470 1626 Li
1481 1606 1503 1627 G
1515 1604 1621 1627 Ainus
1652 1596 1760 1634 insuper
1776 1618 1787 1634 ,
1814 1603 1930 1633 propter
1948 1596 2005 1624 hoc
2020 1618 2028 1633 ,
2058 1595 2138 1626 dicto
2162 1594 2238 1634 Regi
2256 1595 2390 1635 Angliae,

1321 1633 1414 1664 eidem
1433 1634 1575 1665 Dominae
1595 1635 1755 1672 Blanchiae,
1775 1635 1820 1664 vel
1840 1632 1948 1665 causam
1972 1633 2008 1663 ab
2026 1634 2065 1664 eis
2089 1634 2272 1672 habentibus,
2287 1636 2388 1664 omnia

1322 1671 1398 1703 Bona
1417 1673 1510 1704 nostra
1524 1674 1557 1704 &
1572 1673 1720 1713 cujussibet
1728 1671 1859 1703 nostrum
1875 1671 2074 1702 &Haeredum
2084 1672 2247 1703 nostrorum
2257 1673 2388 1711 divisim,

1321 1711 1355 1741 &
1371 1711 1482 1742 causam
1499 1712 1535 1742 ab
1555 1712 1651 1751 aliquo
1672 1710 1802 1742 nostrsim
1824 1711 1988 1741 habentium
2004 1733 2014 1748 ,
2036 1711 2095 1742 tam
2115 1712 2257 1752 praesentia
2269 1734 2279 1750 ,
2297 1712 2387 1749 quam

1322 1749 1430 1787 futura,
1448 1751 1622 1789 ubicumque
1636 1750 1731 1781 situata
1749 1749 1855 1780 fuerint
1869 1749 1914 1779 vel
1925 1751 2055 1788 inventa,

1360 1789 1514 1827 Quinymo
1528 1789 1685 1820 addicimus
1696 1790 1730 1820 &
1743 1789 1908 1820 arbitramur
1919 1786 1999 1828 quod
2013 1810 2023 1825 ,
2049 1787 2068 1818 si
2084 1788 2112 1817 in
2132 1786 2276 1826 praemiffis
2293 1787 2386 1825 negli-

1322 1836 1421 1863 gentes
1440 1828 1484 1858 seu
1503 1827 1608 1858 remissi
1634 1829 1735 1865 reperti
1759 1827 1893 1858 fuerimus
1910 1836 1956 1857 aut
1981 1826 2165 1863 impedientes
2179 1849 2189 1864 ,
2214 1827 2259 1856 vel
2274 1835 2389 1857 contra-

1321 1866 1446 1897 dicentes
1461 1889 1471 1905 ,
1496 1866 1577 1904 quod
1595 1866 1631 1897 de
1650 1867 1736 1896 bonae
1755 1865 1820 1896 fidei
1837 1863 2048 1902 transgressione
2063 1887 2074 1903 ,
2098 1866 2226 1903 vitioque
2244 1864 2389 1895 malorum

1324 1904 1546 1943 Fidejussorum,
1564 1906 1671 1943 nomn,
1689 1904 1803 1942 famati,
1821 1913 1855 1934 ac
1870 1904 1995 1943 redargui
2008 1903 2184 1934 volumus&
2201 1903 2323 1942 culpari,
2339 1912 2390 1934 ex-

1321 1944 1497 1981 ceptionibus
1515 1944 1761 1983 quibuscumque,
1780 1952 1829 1980 pet
1836 1950 1902 1980 quas
1917 1941 2062 1974 Praemiffa
2071 1941 2290 1979 quomodolibet
2302 1941 2386 1980 elidi,

1322 1983 1454 2013 retardari
1471 1990 1604 2020 poterunt
1619 1982 1665 2013 vel
1677 1980 1801 2019 differri,
1819 1989 1853 2010 ex
1860 1990 1936 2012 certa
1943 1979 2036 2011 nostra
2050 1980 2084 2010 &
2093 1980 2239 2018 quussibet
2252 1979 2389 2011 nostrum

1321 2020 1452 2060 scientia,
1469 2020 1503 2050 ad
1517 2021 1634 2058 plenum
1648 2019 1686 2051 de
1700 2019 1808 2050 eisdem
1822 2020 1983 2057 certiorati,
1997 2018 2116 2056 Jurique
2139 2018 2247 2049 dicenti
2267 2028 2388 2056 genera-

1323 2059 1380 2090 lem
1395 2059 1658 2091 Renunciationem
1676 2068 1736 2090 non
1755 2058 1845 2090 valere
1862 2057 1914 2089 nisi
1931 2056 2099 2097 praecefferit
2116 2056 2240 2095 specialis
2253 2079 2264 2096 ,
2286 2058 2318 2088 in
2334 2057 2390 2090 hiis

1323 2098 1448 2136 scriptis,
1466 2097 1694 2137 Renunciantes,

1359 2136 1395 2167 Et
1413 2139 1450 2167 ne
1466 2137 1552 2175 Nos,
1568 2136 1709 2175 superius,
1727 2144 1757 2168 ut
1769 2136 1968 2174 praemittitur,
1986 2134 2136 2174 Obligati,
2150 2135 2219 2167 ultra
2226 2135 2272 2166 vel
2305 2136 2389 2166 raetet‘

1319 2175 1429 2214 justum
1446 2176 1491 2206 vel
1509 2185 1624 2214 aequum
1635 2175 1741 2206 astriffi
1759 2177 1862 2213 simus,
1878 2175 1924 2206 vel
1938 2174 2055 2212 obligati
2062 2173 2272 2213 quovismodo,
2304 2182 2387 2205 nten-

1323 2215 1407 2245 tionis
1421 2213 1553 2245 nostrum
1566 2216 1699 2245 omniurn
1713 2214 1834 2251 superius
1849 2213 1921 2244 Obli
1940 2222 2052 2244 atorum
2072 2213 2125 2244 fuit
2139 2236 2149 2252 ,
2174 2215 2209 2245 &
2227 2213 2267 2243 est
2283 2214 2313 2243 in
2330 2213 2386 2243 hac

1324 2262 1398 2291 parte
1408 2275 1418 2291 ,
1435 2253 1532 2291 quod,
1549 2252 1623 2283 facta
1636 2252 1723 2283 dictae
1739 2252 1879 2283 Dominae
1892 2255 1918 2281 Β
1931 2251 2053 2291 anchiae,
2078 2252 2124 2283 vel
2145 2252 2227 2290 ipsius
2247 2251 2390 2283 Procurae

1323 2293 1432 2322 toribus
1444 2293 1472 2321 in
1491 2292 1544 2322 hac
1563 2300 1652 2330 parte,
1671 2291 1869 2329 Affignatione
1884 2290 2052 2321 Castrorum
2067 2313 2077 2328 ,
2105 2289 2264 2328 Villarum,
2280 2290 2386 2320 Terra-

1324 2341 1406 2368 rum,
1425 2329 1651 2368 Dominiorum,
1668 2331 1702 2362 &
1718 2339 1890 2360 caeterorum
1905 2329 2051 2360 Bonorum
2069 2329 2391 2366 praescriptorum,nec·

1323 2379 1383 2399 non
1399 2369 1523 2407 ipsorum
1539 2369 1624 2400 etiam
1640 2367 1818 2399 Certitudine
1832 2369 1866 2400 &
1882 2368 2035 2399 Securitate
2050 2367 2085 2397 de
2093 2366 2214 2405 eisdem,
2232 2365 2389 2397 secundum

1323 2417 1441 2438 omnem
1456 2407 1575 2438 modum
1590 2408 1623 2438 &
1637 2407 1762 2438 formam
1776 2407 1951 2444 Literarum,
1972 2415 2022 2443 per
2035 2405 2147 2436 dietum
2162 2405 2325 2435 Dominum
2333 2414 2390 2434 no-

1324 2446 1413 2475 strum
1427 2448 1522 2484 Regem
1535 2448 1714 2475 Romanorum
1727 2447 1758 2475 in
1772 2445 1826 2475 hac
1840 2454 1915 2482 parte
1936 2444 2131 2475 confectarum
2140 2464 2155 2485 ,ἰ
2173 2441 2389 2481 ContraCtoque

1325 2484 1435 2521 insuper
1450 2487 1483 2516 &
1504 2484 1708 2522 solempnlzato
1723 2483 1914 2514 Matrimonio
1929 2484 2001 2523 inter
2018 2488 2236 2517 praenominatos
2251 2481 2387 2510 Ludowi-

1324 2534 1381 2551 cum
1399 2524 1433 2553 ὃς
1447 2522 1627 2559 Blanchiam,
1645 2531 1728 2559 prout
1744 2524 1773 2550 in
1790 2521 1860 2550 dieti
1876 2519 2000 2548 Domini
2015 2517 2101 2547 nostri
2123 2517 2213 2555 Regis
2234 2518 2387 2549 Romano-

1325 2570 1389 2590 rum
1406 2561 1505 2591 Litetis
1519 2561 1628 2597 plenius
1640 2561 1724 2589 etiam
1739 2559 1915 2595 continetur,
1934 2555 2014 2594 quod
2033 2565 2099 2586 tunc
2118 2555 2227 2588 fiant&
2243 2557 2388 2588 tradantur

1325 2598 1438 2636 Nobis,
1459 2598 1600 2635 Obligatis
1616 2597 1776 2634 praedietis,
1791 2597 1862 2626 cum
1877 2605 1922 2625 eas
1937 2596 2065 2631 congrue
2087 2595 2265 2632 petierimus,
2285 2595 2391 2626 Literae

1325 2636 1427 2666 validae
1443 2637 1476 2667 &
1491 2643 1687 2673 competentes
1706 2635 1897 2666 Liberationis
1911 2634 1943 2664 &
1953 2632 2390 2671 AbsolutioniS,Obligationum

1325 2677 1358 2706 ὅ(
1379 2674 1606 2705 Promiilionum
1621 2673 1797 2711 nostrarum,
1812 2672 1934 2710 superius
1949 2671 2132 2702 Praesentibus
2139 2672 2384 2710 conscriptarum:

1326 2715 1464 2751 quoniam
1479 2722 1581 2743 extunc
1608 2711 1644 2742 de
1665 2720 1773 2743 caetero
1787 2734 1797 2749 ,
1822 2710 1991 2748 completis,
2010 2709 2172 2748 praemiffis,
2189 2709 2321 2741 nolumus
2335 2720 2390 2748 pro

1325 2752 1432 2820 eisdem
1448 2751 1595 2790 Obligati,
1611 2750 1647 2781 de
1659 2761 1717 2790 quo
1732 2749 1911 2788 solempniter
1930 2749 1965 2779 &
1980 2749 2102 2787 expresse
2123 2747 2306 2780 Praesentibus
2319 2758 2389 2789 pro-

1327 2794 1366 2821 tei
1382 2800 1474 2821 amur.

1363 2828 1397 2859 In
1417 2837 1535 2867 quorum
1552 2829 1687 2859 omnium
1701 2825 1919 2858 Testimonium
1935 2824 1987 2856 hiis
2000 2825 2102 2855 Literis
2123 2824 2224 2855 nostris
2238 2824 2305 2855 Nos
2320 2834 2388 2854 om-

1325 2878 1374 2897 nes
1392 2868 1425 2899 &
1441 2867 1558 2905 linguli,
1578 2866 1702 2905 superius
1716 2866 1873 2903 nominati,
1890 2864 2015 2903 recitati,
2035 2863 2211 2901 &obligati,
2229 2862 2322 2902 Sigilla
2330 2872 2386 2892 no-

1326 2906 1378 2976 igtra
1394 2905 1581 2974 P{aesentibus
1595 2905 1774 2944 apposuimus
1786 2927 1797 2942 ,
1822 2904 1851 2933 in
1868 2902 1995 2941 ipsorum
2015 2902 2149 2932 omnium
2166 2901 2280 2939 plenam
2298 2899 2387 2931 fidem

1349 2954 1360 2962 ⁷
1380 2948 1419 2975 tel
1435 2945 1587 2974 imonium.

1365 2982 1473 3013 Datum
1500 2985 1649 3020 Moguntiae
1663 3005 1674 3021 ,
1696 2979 1820 3012 secundo
1844 2978 1890 3010 die
1913 2977 2019 3010 Mensis
2039 2977 2107 3018 Julii
2119 3001 2130 3016 ,
2155 2978 2243 3010 Anno
2260 2976 2387 3010 Domini

1328 3021 1491 3060 Milesimo,
1512 3020 1806 3060 Quadringentefimo
1820 3016 1928 3048 Primo.

2404 741 2423 762 ¹³
2450 743 2536 771 v111.

2427 789 2491 816 207.
2544 821 2546 824 Ι

1384 3101 1453 3128 Dux
1471 3097 1639 3137 Stephanus,

1384 3139 1576 3175 Burgruv1us,

1386 3179 1475 3205 Comes
1494 3175 1599 3213 clivis,

1385 3213 1575 3243 Eberchardus
1592 3213 1624 3243 de
1641 3210 1879 3248 Katzenelubogen
1888 3230 1899 3248 ,

1386 3251 1460 3281 Phili
1472 3260 1524 3290 pus
1540 3251 1572 3281 de
1591 3249 1766 3289 Naffawve,

1385 3261 1536 3320 Fredfricus
1554 3289 1586 3319 de
1604 3291 1770 3330 Lymergen‚

1387 3328 1517 3367 Eumho,

1387 3366 1528 3397 Veldeinze
1537 3389 1547 3405 ,

1388 3404 1545 3435 Guntherus
1571 3405 1602 3435 de
1627 3399 1864 3438 Stroavezenburg
1879 3422 1889 3436 ,

1387 3443 1439 3482 Jo.
1458 3444 1490 3473 de
1510 3443 1681 3482 Wercheim‚

1389 3480 1576 3522 falkenstein,

1389 3518 1539 3559 Romsperg.

1594 3644 1616 3665 ‘¹‘
1642 3646 1700 3677 Pro
1720 3639 1944 3688 Archiepiftopo
1962 3634 2122 3671 Dubliniae.
2414 3645 2431 3663 ¹*
2447 3645 2533 3674 vm:

2434 3682 2498 3712 208.

1338 3743 1475 3803 REX,
1493 3742 1610 3774 Dileeio
1627 3745 1661 3775 &
1678 3741 1768 3774 Fideli
1784 3740 1833 3770 suo
1844 3762 1854 3778 ,
1882 3738 1996 3770 Locum
2016 3736 2146 3768 nostrum
2168 3737 2275 3768 tenenti
2288 3737 2389 3770 Terrae
2412 3747 2489 3780 Am,
2502 3746 2546 3780 DJ

1414 3783 1519 3814 nostrae
1536 3781 1705 3820 Hiberniae,
1723 3780 1767 3812 vel
1780 3778 1838 3816 ejus
1852 3777 1968 3808 Locum
1982 3777 2108 3814 tenenti,
2123 3775 2179 3806 five
2197 3774 2343 3813 Deputato
2358 3778 2388 3808 in
2440 3795 2531 3825 1401.

1335 3822 1432 3853 eadem
1447 3820 1554 3852 Terra,
1575 3820 1708 3851 Salutem.
2413 3827 2546 3854 An.2.11.

1371 3860 1453 3891 Cum
1491 3858 1668 3889 Venerabiles
1687 3858 1799 3894 Patres,
1817 3852 1930 3884 :thomas
1939 3850 2153 3890 Archiepiftopus
2161 3851 2318 3892 Dubliniae,
2334 3853 2390 3885 Hi·
2436 3884 2442 3890 ,

1334 3900 1440 3967 iffi-*niae
1454 3882 1583 3935 s’rimas,
1600 3897 1634 3928 &
1649 3896 1794 3936 Johunnes
1807 3889 2025 3930 Archiepzfcopur
2038 3891 2233 3921 Ardmacanus
2239 3890 2389 3923 Hiberniae
2414 3874 2502 3940 glans.
2519 3903 2546 3930 23

1361 3946 1444 3967 rimas
2445 3960 2451 3967 ⁸
2483 3960 2489 3966 ,
2515 3959 2522 3966 ,

1374 3974 1423 4005 De
1439 3960 1543 4005 a’sstnsu
1562 3973 1596 4003 &
1615 3972 1788 4004 avisamento
1810 3967 1995 3999 Praelatorutn
2007 3989 2018 4005 ,
2046 3965 2127 3998 Cleri
2142 3990 2152 4006 ,
2176 3966 2391 4007 Dominorum,
2416 3944 2532 4014 {1224

1336 4013 1524 4055 Magnaum,
1540 4011 1575 4045 ὃς
1590 4010 1845 4042 Communitatum
1859 4006 1961 4040 Terrae
1975 4005 2078 4037 nostrae
2095 4005 2256 4046 praedidtae,
2272 4007 2304 4037 i'n
2329 4006 2393 4038 ulti-

2345 4053 2397 4076 tuo
