2562 4274
86 217 162 252 Ann.
177 212 221 246 D.

108 262 198 294 1415.

86 301 189 330 Heu-5·

89 357 225 393 ΑΒΜ).

110 406 199 436 1415.

90 441 145 466 An.
162 446 187 473 3.

92 480 128 504 H.
147 485 174 510 5.

91 518 181 543 Franc.
203 521 215 548 3
223 534 228 538 .

95 556 133 580 H.
150 560 178 585 5.

94 598 134 620 111.
156 600 197 617 10.

121 955 141 976 ¹*
158 956 213 988 ix.

119 1004 185 1030 ²94·

122 3720 196 3751 Arm.
214 3719 253 3751 D.

145 3768 230 3797 1415.

122 3801 175 3824 Aa.
195 3807 220 3832 3·

123 3840 158 3862 H.
182 3844 208 3868 5.

162 3873 225 3899 thid.

142 3910 163 3929 *
190 3911 241 3939 IX.

155 3958 219 3984 ²95·

720 93 1290 144 CONVENTIO

225 119 304 159 140

280 291 329 324 De
344 285 534 330 Trairando,
550 287 642 332 fhper
661 285 860 332 Allr'gantir's,
883 295 952 317 cum
969 287 1049 330 Rege
1065 282 1236 329 Aragoniae.

330 351 368 405 X·
377 372 542 411 Omnibus,
560 371 595 402 ad
609 380 698 410 quos,
716 370 778 401 &c.
796 369 932 401 Salutem.

238 373 322 431 RE
334 412 416 443 Cum
430 422 534 449 nuper,
551 409 744 441 Sereniffimus
764 409 899 447 Princeps
911 431 920 445 ,
947 407 1043 438 Frater
1065 404 1179 442 noster,
1200 404 1295 447 Ferdia

238 451 343 483 nundus
353 474 362 489 ,
382 450 440 480 Dei
454 450 561 488 gratia,
582 453 642 480 Rex
658 451 808 486 Aragom'ae
824 470 834 484 ,
865 446 960 477 Siciliae
971 468 981 482 ,
1011 443 1161 480 Valentiae,
1175 445 1296 480 Majori-

241 500 294 529 cae,
309 489 460 527 Sardiniae,
479 489 514 520 δε
527 487 654 529 Corficae,
681 486 789 517 Comes
812 485 1010 521 Barshinonae,
1030 485 1099 512 Dux
1120 480 1298 512 Athenarum

243 530 276 560 &
291 530 468 566 Neopatriae,
487 537 520 558 ac
532 528 617 558 etiarn
635 526 746 556 Comes
763 523 889 563 Roffilion
908 522 946 558 ό·
967 524 1079 565 Ceritajt
1096 543 1106 558 ,
1127 528 1218 550 certos
1238 519 1300 549 suos

244 567 400 604 solempnes
417 565 648 603 Ambaffiatores,
665 563 901 600 Commissarios,
911 563 945 593 ὃς
961 558 1155 597 Nuncios,ad
1163 557 1301 597 Regnum

248 603 378 636 nostrum
395 605 511 642 Angliae
527 604 719 641 transmiserit,
988 637 993 643 .
1106 639 1107 642 Ἰ
1191 636 1196 641 .

282 643 327 673 Ad
342 642 584 674 Conveniendum
599 643 632 673 ὃς
646 640 844 672 Trastandum
857 640 913 670 una
924 637 1074 669 nobiscum
1083 659 1094 675 ,
1107 636 1154 666 seu
1163 635 1217 666 alio
1226 657 1235 673 ,
1256 633 1302 677 vel

245 682 321 752 affls,
337 691 387 725 per
400 682 467 713 Nos
482 680 671 720 Deputando,
686 680 730 711 vel
745 677 938 717 Deputandis,
958 676 993 708 de
1007 677 1042 708 ὃς
1061 675 1140 713 super
1160 672 1303 705 nonnullis

294 730 381 750 ateriis

283 743 426 790 Amore’m
448 767 580 789 mutuum
597 780 607 796 ,
626 757 772 787 Amicitias
786 779 795 795 ‚
813 753 1080 786 Confoedcrationes
1092 775 1103 791 ,
1131 750 1305 795 &Alligan-

247 798 317 834 tias,
330 795 421 829 firmas
438 799 471 829 ὃς
486 796 727 836 perpetuas,inter
745 795 892 833 praefatum
908 791 1121 823 Serenissimum
1131 791 1306 827 Principem,

249 840 376 867 Fratrem
391 836 527 876 nostrum,
545 836 577 866 ὅ(
601 836 675 872 Nos,
699 834 732 864 ὃ(
749 834 850 873 Regna
870 832 963 863 nostra
974 830 1123 867 ineundas,
1139 827 1306 865 firmandas,

248 876 284 907 &
286 874 489 943 1{ifibiliendaffi
503 873 755 910 concernentibus,

323 922 354 943 os

282 952 302 970 '⁴‘
324 935 539 981 Consideranres
558 949 637 986 quod
653 972 662 985 ,
683 949 752 979 intei·
771 955 889 984 caetera,
909 955 972 983 quae
993 944 1071 987 Fidei
1091 942 1253 974 Catholicae
1273 941 1307 972 &

250 989 383 1021 Ecclesiae
397 988 604 1018 Exaltatioiiem
629 987 777 1024 respiciunt
792 1009 801 1024 ,
825 984 1055 1026 Cliril‘tianolque
1069 983 1215 1021 Principes
1236 989 1309 1011 con-

250 1028 404 1064 decorant,
421 1026 487 1056 illud
503 1025 610 1055 videtur
625 1025 805 1061 Praecipuum
822 1047 832 1062 ,
856 1022 937 1061 quod
959 1023 1009 1059 ipsi
1030 1030 1186 1064 eorumque
1203 1019 1307 1063 Regna

251 1067 286 1097 &
301 1065 413 1096 Subditi
434 1065 486 1094 sub
500 1064 582 1094 Pacis
602 1063 799 1100 tranquillitate
818 1063 949 1099 vigeant,
975 1059 1161 1090 indissolubili
1182 1057 1312 1089 Unionis

250 1106 285 1135 &
302 1103 453 1134 Amicitiae
471 1102 591 1133 Foedere
610 1102 724 1132 feliciter
738 1100 962 1138 comedantur,
1162 1136 1166 1141 .

290 1142 337 1173 Ac
353 1142 388 1172 de
402 1141 565 1178 Fidelitate,
584 1139 735 1171 Prudentia
750 1163 760 1178 ,
783 1141 816 1172 &
831 1137 1095 1174 Circumspefflone
1107 1161 1117 1176 ,
1140 1136 1310 1166 dilectorum

252 1181 286 1213 &
300 1181 426 1212 fidelium
440 1179 604 1210 nostrorum
614 1202 623 1216 ,
642 1179 782 1218 Johanm's
798 1180 943 1208 Waterton
953 1176 1108 1207 Domicelli
1119 1199 1128 1214 ,
1147 1177 1179 1206 ὃ(
1196 1173 1312 1211 Johan-

252 1223 295 1250 niu
312 1221 397 1258 Kemp
413 1217 526 1257 Legum
542 1217 700 1255 Do&oris,
713 1216 945 1248 Conliliariorum
961 1214 1141 1253 nostrorum,
1160 1214 1192 1244 &
1210 1221 1310 1242 eorum

251 1258 392 1295 utriusque
400 1280 410 1296 ,
426 1256 552 1295 plenarie
568 1256 758 1294 confidentes,

291 1296 338 1327 Ad
355 1295 568 1332 manandum,
588 1290 1142 1332 Conveniendum,&Concludendum
1160 1299 1229 1321 cum
1238 1298 1312 1332 pree·

253 1334 331 1374 fat-0,
349 1334 530 1366 Sereniffirno
546 1333 698 1371 Principe,
718 1336 787 1370 Rege
802 1335 952 1370 Aragoniae
965 1354 975 1370 ⁷
998 1331 1092 1361 Fratre
1106 1328 1204 1373 nostro
1217 1327 1313 1358 Caris-

252 1374 342 1411 fimo,
360 1374 415 1403 five
429 1383 480 1411 per
496 1381 563 1402 eum
583 1372 617 1403 ad
640 1373 702 1403 hoc
724 1371 899 1410 Deputandis
914 1392 924 1408 ,
952 1368 1124 1411 Mandatum
1145 1377 1174 1397 in
1189 1377 1221 1398 ea
1236 1374 1313 1404 parte

254 1411 395 1443 fiifficiens
408 1412 593 1449 habentibus,
609 1410 645 1442 de
659 1411 691 1440 δε
706 1409 786 1448 super
797 1408 1022 1451 quibusaimque
1039 1407 1133 1450 Ligis,
1151 1404 1314 1435 Confoede-

254 1451 424 1488 rationibus,
443 1452 476 1482 &
493 1450 657 1488 AmicitiiS,
673 1448 847 1487 generalibus
863 1447 917 1477 sive
940 1445 1164 1484 particularibus,
1183 1444 1313 1482 persona-

256 1489 329 1520 libus
345 1488 390 1519 seu
405 1489 522 1518 realibus
535 1510 545 1526 ,

294 1527 370 1557 [nter
386 1527 495 1558 dicium
533 1525 744 1558 Serenissimum
760 1524 926 1564 Principem
937 1546 949 1570 ζ
962 1526 1057 1561 Regem
1079 1524 1232 1561 Aragoniae
1249 1520 1314 1551 Fra-

256 1574 333 1597 trem
349 1565 477 1596 nostrum
493 1549 694 1602 Carissimum,
712 1563 865 1600 Haeredes,
882 1563 914 1605 ὃς
930 1561 1110 1593 bucceffores
1124 1561 1201 1598 suos,
1220 1558 1316 1598 Reges

258 1605 429 1641 Aragoniae,
448 1604 572 1642 Ligeos,
594 1603 728 1634 Subditos
743 1625 754 1640 ,
778 1603 811 1635 δε
837 1601 988 1638 Vassallos,
1006 1600 1124 1640 Regna,
1141 1599 1262 1635 Terras,
1281 1600 1314 1629 &

258 1642 399 1673 Dominia
413 1643 458 1672 sua
473 1651 659 1681 quaecumque
675 1651 709 1672 ex
725 1641 800 1679 una,
819 1642 852 1672 &
870 1641 946 1678 Nos,
965 1639 1101 1670 Haeredes
1116 1661 1125 1675 ,
1149 1639 1183 1669 &
1198 1638 1316 1667 Succes-

258 1682 329 1711 sores
342 1680 450 1711 nostros
465 1680 560 1719 Reges
575 1681 691 1717 Angli-„e
706 1680 739 1711 &
766 1679 893 1710 Francius
908 1702 918 1718 ,
945 1678 1048 1717 Ligeos
1063 1701 1073 1717 ,
1097 1676 1231 1708 Subditos
1244 1698 1255 1714 ,
1281 1675 1315 1706 &

259 1719 408 1758 Vaflallos,
428 1719 527 1758 Regna
542 1741 552 1754 ,
577 1718 680 1749 Patrias
697 1741 706 1757 ,
732 1718 766 1749 δε
788 1717 933 1748 Dominia
955 1716 1054 1747 nostra
1075 1724 1264 1755 quaecutnque
1282 1723 1316 1743 ex

259 1767 336 1827 pgrte
352 1759 450 1798 altera,
465 1757 679 1796 contrahendis,
697 1756 933 1796 ineundis,atque
947 1754 1090 1786 firmandis
1105 1756 1243 1793 perpetuo
1253 1751 1316 1791 ,vel

260 1808 275 1828 a
312 1805 424 1827 teni-us

261 1875 281 1905 b
296 1808 478 1904 ῢξρςιξοιιιξε
491 1835 524 1867 &
541 1835 618 1874 super
631 1834 766 1866 omnibus
780 1834 814 1866 &
837 1832 949 1872 fingulis
964 1831 1095 1864 Articulis
1108 1854 1120 1871 ,
1143 1829 1316 1871 quantumli-

283 1882 309 1904 et
353 1884 411 1904 ecia
424 1885 431 1904 i
455 1885 486 1905 us

294 1884 357 1952 Qlii
378 1913 458 1952 Ligas
474 1935 482 1950 ,
496 1897 776 1943 ’Confoederationes
791 1934 801 1949 ,
821 1909 866 1942 seu
890 1910 1059 1949 Amicitias,
1077 1910 1151 1939 inter
1172 1917 1316 1939 memora-

255 1959 336 1990 tum,
355 1950 565 1981 Sereniilimum
580 1951 762 1989 Principem,
779 1950 901 1980 Fratrem
917 1949 1047 1979 nostrum
1062 1945 1264 1983 Carissimum,
1279 1947 1313 1977 &

256 1999 324 2027 nos,
343 1990 491 2028 ineundas,
507 1989 682 2028 firmandas,
704 1991 738 2021 &
761 1987 934 2019 stabiliendis
949 2010 959 2026 ,
988 1995 1162 2018 concernere
1185 1993 1316 2022 poterunt

260 2029 362 2067 quovis
379 2030 485 2066 modo,
532 2063 539 2066 ,

295 2065 716 2110 (Συηῑόεοωπῐηείἀοηῑὼυε,
734 2065 959 2106 emergentibu5‚
976 2062 1217 2103 dependentibus,
1234 2069 1318 2102 atque

265 2114 401 2135 connexis

294 2143 340 2173 Ac
357 2128 452 2174 omnia
468 2144 500 2174 &
516 2143 635 2182 singula,
654 2152 717 2180 quie
733 2142 770 2173 sic
784 2140 1156 2183 Trastata,·Concordata,
1174 2140 1208 2170 &
1232 2137 1317 2183 Con-

256 2190 339 2248 ven?
355 2183 472 2220 fuerint,
491 2192 558 2212 cum
582 2183 669 2212 omni
690 2181 843 2212 Securitate
865 2180 956 2210 debita
973 2180 1005 2210 &
1022 2178 1141 2210 honesta
1153 2200 1164 2216 ,
1180 2177 1316 2209 Nomine

260 2225 311 2251 nol
329 2230 361 2249 ro
376 2219 506 2250 firmandi

294 2259 423 2289 Necnon
443 2243 554 2289 Omnes
581 2259 614 2289 ὃς
637 2257 829 2288 Omnimodas
852 2256 1017 2287 Securitates
1038 2256 1071 2287 &
1094 2254 1313 2294 obligationes,

255 2296 409 2328 Cautiones
424 2297 506 2328 reales
513 2297 544 2328 &
556 2296 704 2334 personales
713 2319 722 2335 ,
729 2306 782 2335 pro
788 2295 923 2326 Nobis&
932 2296 1049 2325 nomine
1057 2294 1156 2324 nostro
1163 2316 1173 2332 ,
1181 2293 1294 2332 petendi
1304 2316 1314 2332 ,

256 2335 290 2366 sti
313 2336 419 2373 ulandi,
437 2338 469 2367 ὃς
492 2335 662 2373 recipiendi,

318 2374 481 2404 romittendi
496 2376 523 2404 in
541 2375 632 2404 verbo
646 2374 723 2413 regio
733 2395 743 2411 ,
758 2371 917 2411 acjurandi
928 2395 936 2409 ,
954 2372 982 2401 in
1008 2371 1149 2402 Animam
1171 2369 1313 2408 nostram,

255 2413 332 2451 quod
347 2414 477 2443 Tractata
488 2435 497 2451 ,
517 2412 668 2443 Conventa
678 2435 688 2450 ,
704 2414 735 2442 ὅ(
751 2410 934 2441 Concordata
951 2409 1110 2447 hujusmodi
1131 2409 1205 2440 Rata
1229 2409 1308 2438 habe-

258 2452 351 2481 bimus
366 2452 397 2482 &
415 2450 521 2489 Grata,
541 2461 593 2481 nec
611 2450 713 2489 aliquid
731 2449 963 2485 Procurabimus,
984 2449 1027 2478 vel
1036 2447 1172 2479 faciemus
1182 2447 1313 2486 perquod

258 2489 394 2519 Traeiata
409 2490 442 2520 ὅ(
459 2488 642 2520 Concordata
659 2488 823 2526 hujusmodi
838 2486 942 2518 effeeiu
965 2487 1062 2517 debito
1086 2486 1208 2517 frustrari
1231 2495 1314 2527 pote-

258 2536 320 2557 mut
336 2527 381 2557 seu
397 2527 610 2565 quomodolibet
623 2527 773 2565 impediri,

297 2566 340 2595 Ac
354 2565 570 2596 Promiilionem
585 2566 819 2605 &juramentum
836 2563 991 2594 consimilia
1004 2573 1020 2594 a
1035 2561 1313 2602 dietQSereniffimo

260 2603 412 2642 Principe,
428 2603 524 2633 Fratre
537 2605 635 2634 nostro
650 2603 821 2640 Carissimo,
836 2603 880 2632 scu
905 2602 1004 2640 ipsius,
1029 2602 1059 2631 in
1083 2602 1117 2632 eii
1133 2611 1209 2639 parte
1225 2603 1313 2639 depu-

263 2642 371 2680 tandis,
390 2642 518 2679 petendi,
534 2642 684 2681 exigendi,
702 2644 735 2673 &
753 2640 925 2678 recipiendi,

299 2676 464 2718 Caeteraque
479 2682 576 2710 onmia
588 2682 621 2711 ὃς
638 2682 670 2711 &
687 2680 792 2717 singula
809 2679 961 2716 Faciendi,
980 2676 1158 2716 Exemendi‚
1175 2679 1209 2710 &
1223 2677 1318 2715 Expe-

264 2719 377 2755 diendi',
395 2729 457 2758 qux
472 2720 500 2748 iii
515 2718 664 2749 Praeniissis
678 2719 710 2748 &
725 2719 799 2748 circa
822 2727 852 2747 ea
868 2717 1015 2747 neceliaria
1038 2717 1156 2754 fuerint,
1174 2716 1219 2746 seu
1245 2726 1318 2754 quo-

263 2758 420 2787 modolibet
435 2766 591 2795 oportuna,
609 2766 642 2787 ac
655 2765 719 2795 quae
736 2755 848 2794 qualitas
862 2757 895 2786 &
921 2765 1017 2785 natura
1035 2755 1195 2792 hujusmodi
1210 2754 1318 2789 Nego-

266 2797 298 2826 tii
313 2797 431 2833 exigunt
446 2796 479 2827 δε
500 2797 645 2833 requirunt
660 2817 670 2834 ,
695 2795 728 2825 &
752 2802 815 2832 'quie
840 2793 999 2830 nosmetipsi
1020 2793 1112 2823 facere
1136 2793 1276 2830 poisemus
1301 2793 1318 2823 ii

266 2834 441 2872 personaliter
452 2835 643 2864 interess'emus
679 2834 712 2864 &
727 2833 746 2863 fi
766 2833 827 2863 talia
841 2833 933 2862 forent
957 2841 1020 2870 quae
1043 2831 1212 2862 Mandatum
1228 2833 1319 2872 exige-

264 2881 328 2903 rent
342 2872 544 2911 quantumlibet
559 2856 691 2910 speciale,

300 2910 394 2950 Ipsos,
410 2910 568 2949 Johannem
590 2912 623 2942 ὃ(
643 2909 806 2950 Johannem
821 2932 831 2948 ,
857 2908 966 2939 nostros
992 2908 1133 2946 legitimos
1148 2907 1318 2950 Procurato-

262 2959 321 2988 re5,
341 2949 532 2989 Negotiorum
549 2948 698 2987 Gestores,
716 2948 950 2984 Commiffirios,
970 2947 1142 2987 Deputatos,
1160 2947 1319 2977 Ambasiia-

263 2996 354 3026 tores,
371 2990 406 3020 &
419 2988 553 3018 Nuncios
568 2988 714 3025 speciales,
730 2987 875 3024 Fecimus,
895 2985 1080 3023 Creavimus,
1098 2985 1319 3022 Ordinavirnus,

264 3027 298 3057 &
312 3025 540 3064 Censtituimus,
559 3026 688 3057 Facimus
699 3048 709 3065 ,
728 3025 880 3063 Crcamus,
898 3023 1087 3062 ordinamus,
1106 3024 1140 3055 ὅτ.
1159 3022 1319 3054 Constitui·

262 3073 326 3095 mus
341 3075 390 3102 per
405 3064 569 3103 praesentes,

300 3102 516 3141 promittentes,
534 3102 612 3133 bona
624 3101 696 3142 fide,
712 3102 746 3133 &
768 3102 796 3132 in
819 3101 909 3132 verbo
931 3101 1029 3139 regio,
1052 3110 1086 3132 ac
1102 3100 1152 3131 sub
1166 3098 1320 3138 Ypotheca

264 3141 298 3172 δε
315 3142 500 3179 Obligatione
527 3142 660 3171 omniurn
690 3140 837 3171 Bonorum
859 3138 1020 3169 nostrorum
1034 3163 1044 3176 ,
1070 3139 1267 3177 praesentium,
1286 3138 1319 3168 ὅ(

263 3180 440 3219 futurorum,
458 3180 526 3210 Nos
542 3179 669 3217 Ratum,
689 3178 832 3216 Gratum,
857 3180 890 3209 ὃ(
906 3178 1035 3207 Firmum
1058 3186 1192 3215 perpetuo
1208 3178 1320 3207 habitu—

262 3227 307 3247 ros
320 3227 412 3249 totum
428 3221 460 3249 ὃς
469 3217 604 3256 quicquid
619 3227 668 3255 per
675 3216 767 3247 dictos
781 3214 1220 3252 Procuratores,Commissarios
1229 3238 1238 3252 ,
1247 3216 1319 3245 Am-

263 3255 418 3286 baffi-atores
451 3259 483 3288 &
500 3256 637 3287 Nuncios
651 3254 762 3286 nostros
771 3255 880 3284 Actum
891 3276 899 3291 ,
915 3254 1055 3292 Gestum,
1074 3253 1119 3284 seu
1128 3254 1316 3285 Procuratum

264 3292 348 3323 fuerit
365 3295 393 3323 in
418 3279 587 3331 Fraernissis,
606 3295 639 3325 &
662 3293 769 3332 singulis
786 3292 1004 3322 Proemissorum.

304 3330 337 3361 In
353 3333 432 3368 cuius
446 3334 486 3362 rei
498 3333 711 3363 Testimonium
727 3332 773 3361 has
796 3331 898 3360 Literas
923 3330 1028 3359 nostras
1046 3329 1172 3360 Patentes
1194 3329 1271 3369 fieri,
1287 3331 1320 3361 δε

265 3368 373 3405 Magni
389 3370 481 3407 Sigilli
499 3371 586 3400 nostri
603 3371 757 3399 munimine
770 3369 892 3399 fecimus
905 3369 1040 3398 roborari.

303 3407 493 3486 TgsteJRlege
508 3408 582 3446 apud
601 3407 709 3438 Villam
722 3407 838 3446 nostram
853 3406 1067 3445 Suthamptoniae
1091 3406 1226 3438 vicesimo
1239 3406 1321 3445 septi-

266 3455 318 3476 mo
354 3456 380 3477 ie
408 3457 427 3477 u
438 3457 466 3477 ii.

597 2043 621 2053 ⁴-

1010 3495 1064 3524 Per
1083 3493 1165 3533 ipsiaem
1180 3496 1285 3532 Regem.

394 3633 443 3664 De
463 3628 628 3664 Traflando
647 3640 714 3661 cum
733 3628 850 3671 eodem,
866 3630 958 3676 fhper
977 3628 1173 3676 Sponstzlibus.

272 3725 353 3779 RE
364 3725 395 3757 X
414 3725 576 3763 Omnibus,
593 3724 626 3755 ad
642 3733 713 3762 quos
727 3723 873 3762 praesentes
889 3723 992 3753 Litene
1001 3723 1245 3761 pervenerint,seu
1253 3732 1323 3762 quos

346 3765 462 3803 praesens
476 3764 636 3802 Negotium
652 3763 755 3801 tangit,
779 3771 825 3792 aut
844 3762 1063 3799 quomodolibet
1085 3770 1200 3799 tangere
1220 3763 1323 3800 poterit

268 3802 296 3831 in
312 3802 455 3840 futurum,
473 3802 613 3839 Salutem,
632 3811 665 3832 ac
683 3801 767 3831 fidem
782 3799 926 3830 indubiam
949 3800 1123 3836 praesentibus
1145 3801 1285 3831 adhibere.

311 3839 408 3870 Sciatis
425 3841 503 3878 quod
520 3840 606 3877 Nos,

308 3876 354 3907 De
374 3879 516 3910 Fidelitate
532 3880 565 3911 ὃς
583 3877 704 3916 provida
720 3875 991 3914 circumspectione,
1015 3876 1035 3895 ¹¹¹
1054 3875 1222 3908 dilectorum
1238 3877 1272 3909 &
1289 3875 1322 3905 fi-

269 3913 373 3944 delium
390 3916 549 3947 nostrorum
567 3940 576 3954 ,
603 3917 745 3955 Johannis
764 3917 914 3945 Waterton
929 3913 1087 3945 Domicelli
1101 3937 1112 3953 ,
1137 3915 1170 3945 &
1185 3914 1323 3952 Johannis

266 3955 352 3996 Kpmp
368 3954 479 3991 Legum
496 3955 647 3996 Doctoris,
664 3953 894 3986 Coniiliariotutn
908 3950 1086 3992 nostrorum,
1112 3953 1145 3985 &
1165 3962 1265 3985 eorum
1289 3963 1321 3984 u·

266 3991 402 4030 tritisque,
419 3993 541 4030 plenarie
557 3992 746 4031 conlidentes,
784 4032 787 4036 Ι

1318 93 1524 151 NES,
1580 84 2000 149 LITERAE,

1336 218 1338 220 v
1370 182 1466 223 Ipsos,
1484 192 1518 214 ex
1533 183 1611 215 certffa
1624 181 1738 215 scienta
1753 182 1865 222 nostra,
1883 185 1917 216 δὲ.
1938 177 2043 215 ailensu
2066 188 2100 215 ae
2125 177 2298 226 avisamento
2313 175 2403 212 nostri
2427 175 2502 211 Ami.
2515 171 2558 213 D.

1332 221 1456 253 Sanioris
1469 232 1502 253 ac
1519 221 1622 260 digesti
1637 221 1774 261 Consilii,
1792 222 1903 257 nostros
1925 231 2007 253 veros
2021 244 2032 261 ‚
2049 229 2140 253 certos
2154 242 2164 260 ,
2182 221 2328 258 legitimos
2339 242 2350 258 ‚
2366 220 2405 251 ³&
2446 221 2532 259 3415.

1333 260 1506 291 indubitatos
1521 260 1739 299 Procuratores,
1757 261 1895 299 Aftores,
1912 260 2063 300 Fac‘ssffires,
2082 260 2284 304 Negotiorum
2298 257 2408 290 Gesto-
2425 261 2491 288 Hen.
2510 266 2539 294 5.

1333 308 1375 330 res
1390 320 1401 338 ,
1420 298 1637 330 Ambaffiatores
1650 321 1660 337 ,
1676 301 1710 332 &
1729 300 1866 331 Nuncios
1887 299 2018 338 speciales
2030 320 2041 337 ,
2068 299 2199 330 Fecimus
2214 320 2225 337 ,
2251 296 2408 328 Ordinavi-

1337 347 1418 374 muS,
1436 337 1470 369 sc
1483 336 1703 385 *Censtituimus
1719 359 1730 375 ,
1747 338 1876 369 Facimus
1891 360 1902 376 ,
1920 337 2112 382 OrdinamuS,
2129 338 2163 370 δι
2178 335 2409 374 Censtituimus,

1336 375 1670 457 ²⁶·il0‘2r‘13a1222555120?
1670 375 1954 458 uggffggffgfflfflgg
1956 385 2255 445 “effamunicandum
2270 436 2281 452 ‚
2299 412 2384 444 Loco
2399 416 2411 452 3

1336 450 1429 490 Vice,
1446 452 1480 482 ὃς
1494 451 1628 482 Nomine
1644 451 1744 482 nostris
1753 475 1763 491 ,
1779 453 1813 484 &
1825 463 1878 491 pro
1892 452 2010 491 Nobis,

1373 489 1475 528 Cum,
1490 489 1674 534 Sereniffinio
1691 489 1825 530 Principe
1840 514 1851 530 ,
1869 501 1903 523 ac
1918 490 2073 522 Cariffimo
2087 489 2185 521 Fratre
2199 489 2302 522 nostro
2315 513 2327 529 ,
2344 493 2410 520 Fer-

1339 529 1473 566 dinando,
1492 527 1548 559 Dei
1563 528 1650 568 gratia
1665 552 1676 568 ,
1693 532 1762 567 Rege
1776 532 1929 568 Aragom'ae
1947 553 1957 568 ,
1972 529 2067 560 Sicilie
2080 551 2091 568 ,
2115 527 2247 560 Valenciae
2261 551 2273 567 ,
2290 529 2411 567 Maiori-¹

1339 578 1375 597 cce
1390 589 1400 606 ,
1419 567 1554 597 Sardiniae
1569 589 1580 605 ,
1596 568 1630 599 &
1647 567 1752 606 Corficae
1766 577 1775 596 .·
1794 571 1896 598 Comite
1919 568 2122 602 Barchinonae:
2141 570 2217 598 Duce
2231 566 2411 597 Athenarum

1339 605 1378 641 ὠ·
1394 608 1616 649 Neopatriae:ac
1629 605 1715 636 etiam
1730 608 1831 636 comite
1845 605 1978 646 Roffilion.
1996 608 2031 639 &
2044 609 2166 637 Ceritan.
2188 605 2222 637 ὃς
2236 614 2411 674 curn,1prae-

1340 643 1490 675 clariffima
1505 643 1640 675 Domina
1651 666 1662 682 ,
1679 643 1801 675 Domini}
1815 643 1917 674 Mane
1931 667 1944 682 ,
1961 645 2035 675 Filii
2056 644 2126 676 dieti
2141 643 2313 676 Sereniffimi
2354 645 2410 675 rin-

1341 684 1412 721 cipis
1426 682 1557 713 Naturali
1573 683 1606 714 ἃ
1619 682 1768 719 legitima,
1783 682 1829 712 seu
1843 691 1962 720 eorum,
1974 691 2020 714 aut
2035 684 2150 723 alicujus
2163 682 2333 714 eorumdem
2342 681 2413 714 Pro-

1342 722 1514 790 etgratoribus
1522 723 1568 761 ‚in
1582 722 1636 752 hac
1651 729 1727 760 parte
1741 722 1855 759 plenam
1869 722 1903 753 &
1917 720 2106 753 sufficientem
2121 721 2292 754 Potestatem
2305 722 2412 753 baben-

1342 768 1364 792 ti
1387 771 1415 790 us

1381 783 1432 829 De²
1444 799 1477 829 δε
1493 798 1573 839 super
1588 796 1787 836 sponsalibus,
1806 796 2020 835 Matrimonio,
2036 806 2070 828 ac
2086 798 2191 836 copula
2199 798 2355 838 Conjugali
2368 801 2413 830 in-

1344 845 1386 868 ter
1399 839 1477 876 Nos,
1495 839 1528 870 &
1543 848 1594 876 pro
1608 836 1726 875 Nobis,
1745 845 1780 867 eit
1794 845 1870 874 parte
1886 835 1961 873 una,
1979 836 2029 874 &‚
2047 835 2154 866 dietam
2168 835 2413 869 Praeclaiziffitnam

1346 875 1509 944 Dominam
1524 879 1670 907 Dominam
1683 878 1824 915 Mariam,
1844 875 1954 913 praefati
1969 873 2144 905 Sereniffimi
2159 873 2298 914 Principis
2304 877 2415 915 Filiam,

1346 923 1380 944 ex
1394 925 1410 944 a
1422 923 1479 945 tera
2118 917 2124 924 '
2352 944 2355 948 .

1383 937 1513 982 Necno'n
1528 951 1563 983 de
1572 946 1610 984 '&
1625 951 1705 989 super
1721 951 1816 991 Dote,
1832 951 1866 983 &
1881 949 2083 990 Dotalitiis,&
2098 950 2304 983 Dotationibus
2311 951 2416 992 ,piop-

1347 997 1388 1020 ter
1408 990 1533 1031 Nuptias
1546 1012 1557 1029 ,
1589 992 1696 1022 ratione
1716 991 1749 1022 ὃ(
1771 999 1907 1029 praetextu
1929 990 2130 1028 praedictorum
2152 989 2364 1027 sponsaliorum
2383 993 2416 1024 &

1348 1027 1780 1097 lgflatrinioniis,lperdutramque
1794 1028 1908 1060 Partem
1923 1029 2058 1061 hincinde
2072 1028 2267 1060 concedendis
2278 1052 2290 1069 ,
2307 1030 2417 1062 donan-

1370 1077 1391 1098 is
1426 1077 1452 1098 at
1474 1077 1509 1099 ue
1532 1077 1618 1098 oven
1639 1077 1660 1097 is

1386 1091 1432 1137 Ac
1447 1078 1544 1136 §mnia
1559 1106 1592 1136 δε
1609 1089 1712 1145 fingiila
1727 1102 1871 1144 faciendi,
1890 1105 2036 1137 exercendi
2078 1106 2111 1137 &
2126 1106 2292 1145 expediendi
2305 1117 2370 1146 quae
2387 1107 2421 1139 in

1350 1143 1506 1175 Praemissis
1520 1145 1551 1175 &
1570 1145 1644 1174 circa
1657 1155 1688 1176 ea
1704 1143 1872 1182 Necess'aria
1889 1143 1992 1175 fuerint
2003 1167 2014 1182 ,
2035 1129 2081 1174 &eu
2099 1145 2317 1183 quomodolibet
2330 1156 2420 1185 opor-

1357 1191 1441 1226 tuna,
1460 1184 1492 1214 &
1509 1193 1571 1222 quae
1588 1183 1703 1221 qualitas
1716 1183 1749 1214 ὅ(
1763 1191 1859 1213 natura
1879 1181 2040 1222 hujusmodi
2062 1181 2186 1222 Negotii
2202 1185 2316 1228 exigunt
2330 1185 2364 1216 &
2377 1195 2422 1216 re-

1355 1231 1484 1260 quzrunt,
1504 1223 1534 1252 &
1553 1231 1615 1259 quae
1631 1220 1806 1260 Nosmetjpfi
1822 1220 1914 1252 facere
1929 1220 2071 1258 poffemus
2085 1221 2105 1251 si
2119 1221 2295 1260 personaliter
2308 1224 2424 1255 interes—

1350 1260 1464 1328 }eniusl,
1487 1261 1519 1291 ὃ(
1540 1261 1559 1291 ii
1577 1260 1639 1291 talia
1655 1259 1748 1291 forent
1768 1270 1823 1299 que
1850 1259 2023 1291 Mandatum
2047 1260 2192 1298 exigerent
2216 1263 2422 1299 quantumlibet

1383 1308 1440 1329 eClss
1453 1309 1468 1328 C

1362 1308 1646 1375 plpsos⁷Johannem
1666 1337 1699 1368 &
1720 1335 1878 1376 Johannem
1900 1335 2012 1368 nostros
2031 1335 2176 1374 legitimos
2201 1335 2398 1369 Procuratores
2412 1361 2423 1375 ,

1353 1375 1550 1412 Negotiorum
1567 1376 1721 1413 Gestores,
1739 1374 1974 1414 Commiffarios,
1993 1374 2167 1414 Deputatos,
2185 1375 2422 1415 Ambaffiatores,

1351 1415 1385 1445 &
1400 1414 1433 1444 N
1437 1415 1536 1444 uncios
1551 1414 1680 1452 speciales
1695 1413 1841 1452 Fecimus,
1859 1412 2044 1454 Creavimus,
2062 1414 2279 1452 ordinavimus,
2296 1413 2423 1447 &Con-

1351 1452 1489 1521 gituimus
1504 1463 1510 1482 ι
1530 1453 1663 1484 Facimus
1675 1475 1686 1491 ,
1705 1452 1845 1483 Crfflmus
1859 1475 1870 1491 ,
1889 1451 2085 1492 ordinamus,
2102 1453 2136 1485 &
2150 1452 2361 1486 Censtituimus
2373 1463 2423 1493 per

1378 1496 1503 1522 facientes

1390 1514 1612 1568 Promitt’entes,
1630 1529 1707 1560 bonfi
1731 1528 1803 1567 fide,
1820 1529 1854 1560 &
1876 1530 1906 1560 in
1926 1531 2014 1561 verbo
2029 1531 2109 1568 regio
2122 1554 2132 1569 ‚
2150 1540 2186 1562 ac
2201 1529 2252 1562 sub
2264 1529 2420 1569 Ypotheca

1353 1567 1386 1598 &
1403 1568 1592 1605 obligatione
1608 1568 1752 1600 Omnium
1775 1567 1919 1599 Bonorum
1935 1568 2096 1600 nostrorum
2112 1591 2123 1607 ,
2140 1569 2318 1607 praesentium
2332 1569 2366 1600 &
2380 1569 2426 1600 fu-

1354 1614 1480 1637 turorum
1490 1629 1499 1644 ,
1518 1606 1584 1637 Nos
1602 1606 1710 1638 Ratum
1729 1630 1739 1645 ,
1756 1605 1880 1637 Gratum
1895 1621 1906 1645 ,
1923 1607 1956 1637 &
1979 1607 2110 1638 Firmum
2125 1611 2263 1646 perpetuo
2278 1607 2427 1639 habituros

1354 1653 1447 1675 totum
1464 1647 1496 1677 ὃ(
1513 1646 1650 1683 quicquid
1667 1655 1716 1683 per
1730 1645 1824 1676 dictos
1844 1644 2046 1677 Procuratores
2063 1668 2074 1685 ,
2089 1644 2311 1678 Commiffarios
2322 1669 2335 1685 ,
2351 1646 2428 1678 Am-

1353 1683 1527 1721 baffiatores,
1543 1684 1576 1714 δε
1593 1683 1627 1713 N
1630 1684 1731 1714 uncios
1745 1682 1855 1713 nostros
1870 1683 1980 1715 Actum
2018 1683 2162 1724 Gestum,
2175 1684 2223 1716 seu
2235 1684 2425 1717 Procuratum

1354 1721 1439 1752 fuerit
1453 1723 1483 1752 in
1501 1721 1668 1760 Praemiffis,
1686 1723 1719 1754 &
1736 1722 1848 1759 singulis
1862 1707 2085 1755 Praeniifforum.

1390 1797 1424 1829 [n
1441 1799 1520 1837 cujus
1534 1800 1574 1830 rei
1589 1797 1806 1829 Testimonium
1824 1798 1872 1830 lias
1886 1797 1991 1830 Literas
2012 1798 2119 1830 nostras
2134 1799 2264 1831 Patentes
2286 1799 2346 1831 fieri
2362 1822 2374 1839 ,
2389 1800 2424 1832 &

1353 1836 1460 1874 Magni
1475 1837 1565 1880 sigilli
1581 1838 1669 1869 nostri
1685 1838 1844 1868 munimine
1857 1837 1979 1868 fecimus
1995 1838 2131 1870 roborari.

1391 1876 1461 1908 Dat.
1477 1886 1507 1907 ut
1521 1879 1602 1915 iupra

2125 1916 2177 1945 Per
2190 1912 2273 1955 tspsum
2285 1916 2390 1953 Regem.

1678 2043 1772 2086 Super
1796 2039 1944 2072 Traffasu
1956 2036 2117 2085 praelibam.

1356 2124 1536 2161 InstruGtio
1553 2130 1641 2161 Data
1659 2124 1812 2174 Magistro
1826 2123 1966 2175 Johanni
1984 2126 2088 2172 Kemp
2107 2127 2222 2174 Legum
2238 2127 2424 2168 Dostori,&

1399 2173 1539 2222 Johanni
1567 2178 1737 2210 iva-erton
1772 2175 1958 2217 Domicello,
1987 2173 2257 2218 Ambaffiatoribus
2273 2178 2309 2214 (ῥ’
2332 2176 2426 2207 Nun-

1400 2228 1473 2266 ciis,
1501 2223 1690 2267 Illustriffimi
1707 2221 1853 2270 Principis
1866 2248 1876 2264 ,
1901 2225 2030 2257 Domini
2050 2223 2272 2266 Henrici,Dei
2289 2221 2402 2256 Gratid
2412 2249 2425 2266 ‚

1403 2273 1500 2319 Regis
1527 2274 1654 2320 Angiiae
1681 2276 1713 2306 δι
1748 2272 1884 2306 Franciae
1901 2294 1911 2309 ,
1936 2275 1968 2305 &
1993 2271 2129 2305 Domini
2145 2270 2310 2307 Hiberniae
2328 2298 2339 2314 ,
2363 2269 2424 2314 ad,

1397 2320 1614 2365 Sereniffimum
1636 2323 1803 2369 Principem
1824 2347 1835 2364 ,
1874 2321 2043 2354 Dominum
2089 2321 2212 2368 Regem
2253 2321 2424 2368 Aragoniae

1398 2369 1595 2416 ‘Transmffs-

1353 2458 1382 2518 I

1402 2494 1560 2526 bassiaiores
1574 2494 1722 2525 Serenitati
1738 2494 1846 2532 praefati
1862 2496 1939 2530 Regis
1954 2489 2104 2530 ArJgoniae
2120 2492 2212 2531 Qrod
2221 2514 2231 2530 ,

1391 2456 1426 2488 N
1446 2455 1522 2487 ΡΜ
1533 2464 1581 2486 Mi
1592 2465 1622 2494 s,
1640 2454 1706 2494 post
1720 2454 1924 2486 Salutationem
1944 2455 2086 2493 debitam,
2104 2461 2245 2492 exponant
2257 2453 2329 2486 dieti
2342 2452 2419 2485 Am-
2436 2460 2513 2492 Am,
2526 2462 2561 2494 D

2458 2510 2545 2540 1415.

1391 2533 1548 2572 Receptis,
1565 2543 1598 2564 ac
1615 2533 1714 2564 auditis
1727 2531 1977 2564 Ambassiatoribus
1990 2532 2060 2569 sun,
2079 2529 2267 2562 Coniiderans
2275 2529 2419 2561 Dominus
2436 2543 2489 2568 An.
2511 2550 2538 2578 3,

1354 2572 1448 2602 noster
1464 2572 1527 2603 Rex
1548 2571 1684 2602 finceram
1712 2570 1928 2608 Affertiionem,
1946 2580 2029 2607 quarn
2053 2568 2113 2607 ipse
2131 2568 2196 2599 Rex
2216 2569 2368 2609 Aragoniae
2385 2569 2421 2600 ad
2440 2582 2475 2606 H.
2492 2586 2520 2614 5,

1357 2609 1521 2640 Dominum
1537 2609 1665 2640 nostrum
1679 2609 1795 2647 Regem
1811 2631 1820 2647 ,
1838 2609 1871 2639 &
1892 2609 2039 2638 Amicitias
2055 2631 2065 2646 ,
2083 2607 2245 2644 Alligantias
2256 2631 2266 2646 ,
2285 2608 2319 2638 &
2339 2607 2423 2638 Con-
2442 2622 2482 2645 Ex
2504 2616 2561 2646 3551

1355 2649 1553 2679 foederationes
1566 2671 1576 2685 ,
1595 2658 1663 2678 cum
1684 2647 1817 2678 Domino
1839 2645 1938 2676 nostro
1962 2647 2046 2685 Rege
2065 2646 2199 2677 ineundas
2212 2668 2222 2685 ,
2240 2645 2425 2687 copulandas,
2442 2659 2501 2684 ρος,

1354 2696 1437 2724 atque
1452 2685 1615 2724 firmandas,
1632 2686 1729 2716 habuit
1742 2694 1825 2723 atque
1840 2683 1937 2724 geffit,

2444 2693 2534 2731 Vespas.

1393 2726 1547 2762 Deputavit
1561 2734 1650 2754 certos
1664 2724 1700 2754 de
1711 2723 1849 2754 Concilio
1862 2723 1910 2753 suo
1926 2722 1959 2753 ad
1974 2722 2188 2762 Tractandum,
2206 2733 2276 2754 cum
2290 2723 2423 2767 diCtiRe-
2442 2736 2474 2760 c,
2492 2741 2535 2760 η,

1355 2774 1399 2801 ges
1416 2767 1568 2800 Aragoniae
1583 2761 1834 2792 Ambaffiatoribus
1851 2784 1861 2799 ,
1880 2761 1915 2791 de
1927 2763 1960 2793 δε
1974 2761 2054 2799 super
2068 2763 2229 2801 Amicitiis,
2247 2761 2424 2802 Alligantiis,

1356 2804 1387 2833 ὃ(
1407 2801 1714 2831 Coum-derationibus
1730 2799 1906 2839 hujusmodi,

1392 2839 1425 2869 Iii
1442 2850 1500 2878 quo
1515 2840 1655 2870 Tractatu
1679 2839 1757 2870 Exce
1778 2841 1798 2870 it
1814 2839 1958 2869 Dominus
1972 2837 2081 2870 Noster
2104 2837 2185 2876 Rex,
2200 2837 2344 2881 pro'patte'
2358 2838 2422 2878 sui,

1355 2881 1502 2908 Dominum
1518 2882 1651 2908 Summum
1668 2850 1841 2918 Pontiffcem,
1859 2877 2003 2917 Erclcfiam
2017 2880 2167 2907 Romanam
2181 2881 2193 2914 ,
2208 2877 2355 2908 Dominos
2369 2880 2423 2907 Re-

1351 2928 1396 2954 ges
1411 2920 1608 2954 Romanorum,
1628 2915 1750 2985 CasseHae
1766 2918 1799 2948 &
1813 2919 1957 2954 Legionis,
1975 2918 2007 2947 δε
2017 2914 2200 2953 Portugaliae,
2218 2915 2288 2947 Nec
2303 2925 2364 2947 non
2378 2917 2422 2954 ip-

1356 2956 1407 2985 iius
1419 2955 1542 2986 Domini
1558 2955 1646 2985 nostri
1694 2956 1753 2991 egis
1774 2955 1887 2985 Liberos
1909 2955 1956 2992 qui
1974 2963 2029 2991 pro
2043 2954 2193 2992 Tempore
2207 2963 2289 2985 erunt
2303 2955 2337 2986 &
2351 2957 2424 2985 Fra-

1355 3001 1411 3023 tres
1430 3000 1444 3011 ⁰
1463 2995 1511 3034 qui
1531 2994 1602 3024 dieti
1626 2993 1752 3024 Domini
1773 2993 1861 3024 nostri
1882 2992 1911 3021 R
1930 2994 1970 3022 vis
1989 2991 2193 3023 Dominationi
2214 2991 2345 3032 Subjec‘ci
2361 3003 2423 3024 non

1355 3032 1472 3101 sinerint:
1489 3032 1621 3063 Necnon
1635 3042 1685 3063 eos
1700 3033 1750 3071 qui
1760 3031 1909 3063 Sororibus
1957 3031 2051 3060 omini
2066 3030 2154 3061 nostri
2167 3029 2258 3072 Regis
2269 3031 2424 3070 desponsati

1367 3079 1416 3101 unt
1432 3079 1479 3102 aut
1495 3080 1576 3101 erunt

1396 3108 1533 3148 Diuique
1547 3094 1762 3139 Ar'nbaffiatores
1773 3109 1850 3144 Regis
1865 3109 2035 3145 Aragoniae,
2052 3116 2105 3145 pro
2122 3107 2205 3139 Parte
2224 3107 2288 3147 sua,
2305 3116 2424 3146 excepe-

1357 3156 1438 3185 runt,
1455 3151 1601 3176 Dcmmum
1622 3149 1756 3175 Summum
1776 3145 1932 3184 Pontificem
1948 3146 1995 3183 qui
2010 3156 2064 3184 pro
2077 3146 2155 3177 Tem
2197 3157 2226 3178 re
2238 3147 2294 3178 erit
2307 3169 2318 3185 ,
2331 3145 2423 3176 Eccle-

1353 3185 1420 3224 fiam
1438 3188 1587 3215 Romanam
1601 3206 1612 3222 ,
1630 3187 1724 3221 Regem
1745 3183 1865 3223 Castellae
1886 3182 1924 3218 ὠ·
1946 3187 2072 3222 Legionis
2086 3207 2097 3224 ,
2158 3195 2253 3217 ecnon
2275 3184 2356 3214 Filios
2376 3185 2421 3222 ip-

1357 3224 1407 3267 iius
1431 3223 1524 3261 Regis
1550 3223 1703 3261 Aragoniae
1719 3245 1728 3261 ,
1753 3223 1802 3261 qui
1826 3221 2028 3253 Dominaticni
2056 3223 2111 3254 suae
2128 3223 2246 3262 subjecti
2277 3233 2339 3254 non
2355 3221 2416 3253 fue-

1356 3271 1555 3343 rln{ferumque
1576 3298 1646 3343 ᾀὶᾇὶί
1669 3299 1761 3343 Regis
1782 3298 1934 3343 Aragoniae
1953 3298 2192 3337 Ambaffiatores,
2215 3298 2341 3337 praefatae
2362 3296 2422 3328 Ex-

1356 3348 1480 3376 ceptioni
1499 3337 1619 3367 Domini
1641 3337 1727 3368 nostri
1749 3337 1835 3377 Regis
1850 3360 1860 3375 ,
1879 3347 2066 3376 praeterquam
2088 3339 2118 3368 in
2138 3339 2226 3368 unico
2244 3337 2304 3368 solo
2316 3336 2420 3374 Rege,

1360 3387 1409 3415 per
1433 3376 1546 3407 Partem
1567 3376 1647 3413 ipiius
1671 3375 1791 3406 Domini
1813 3375 1902 3406 nostri
1925 3376 2016 3414 Regis
2030 3375 2198 3413 excipiendo
2234 3373 2420 3413 quemadmo-

1359 3415 1428 3445 dum
1448 3424 1500 3454 pro
1522 3413 1602 3444 Parte
1624 3414 1694 3444 dieti
1715 3416 1793 3451 Regis
1813 3417 1965 3452 Aragoniae
1987 3415 2087 3444 unicus
2111 3413 2182 3443 solus
2207 3397 2273 3443 Rex
2297 3413 2422 3450 excipie-

1359 3454 1455 3491 batur,
1470 3451 1643 3483 concordare
1663 3453 1826 3491 noluerant,
1840 3453 1987 3484 asserentes
2005 3453 2032 3482 se
2050 3451 2221 3483 Potestatem
2238 3450 2273 3481 ad
2289 3450 2347 3481 hoc
2360 3460 2421 3481 non

1360 3492 1559 3572 balbertgdebant
1582 3537 1702 3572 tamen,
1727 3538 1757 3559 ut
1780 3528 1932 3567 dixerunt,
1948 3536 2048 3559 eorum
2073 3525 2184 3567 Regem
2204 3525 2396 3571 supradisturn
2412 3549 2425 3566 ‚

1360 3567 1437 3636 stipler
1460 3567 1542 3635 <ligiis
1564 3565 1788 3605 Exceptionibus
1812 3567 1994 3605 consultum,
2024 3564 2128 3597 eisdem
2154 3565 2218 3597 fore
2240 3565 2424 3597 verisimiliter

1359 3615 1407 3636 inc
1420 3616 1482 3636 inan
1504 3614 1553 3635 um

1398 3643 1510 3674 Idcirco
1525 3627 1671 3675 Dominus
1690 3643 1786 3675 noster
1799 3642 1864 3673 Rex
1877 3664 1886 3679 ,
1901 3641 1999 3672 volens
2013 3663 2024 3680 ,
2038 3648 2175 3678 quantum
2197 3641 2231 3674 ad
2256 3640 2425 3680 Amicitias,

1361 3682 1643 3720 confoederationes,
1661 3683 1694 3714 &
1712 3683 1872 3719 Alligantias
1904 3680 2031 3710 medietas
2052 3679 2196 3718 iniundas,
2214 3680 2332 3711 fimilem
2347 3690 2423 3718 prae-

1361 3723 1419 3751 fato
1431 3723 1494 3756 Regi
1509 3723 1658 3756 Aragoniae
1673 3720 1821 3751 ostendere
1836 3719 1862 3749 A
1921 3719 2029 3748 tionem
2039 3717 2144 3755 ‚qualis
2155 3728 2189 3749 ex
2205 3728 2283 3757 parte
2296 3719 2424 3756 ejusdem

1362 3758 1450 3795 Regis
1471 3760 1625 3795 Aragoniae
1647 3760 1741 3789 eidem
1764 3758 1898 3788 Domino
1919 3755 2018 3787 nostro
2033 3756 2112 3793 Regi
2128 3759 2219 3789 extitit
2233 3756 2398 3796 praeostensa
2411 3778 2424 3795 ‚

1360 3797 1421 3827 suos
1435 3795 1650 3828 Ambaffiatores
1664 3795 1833 3834 supradictos
1848 3795 1936 3825 mittit
1949 3793 1986 3824 de
2000 3794 2133 3831 praesenti.

1397 3834 1462 3865 Vult
1480 3835 1564 3872 igitur
1588 3833 1734 3866 Dominus
1755 3833 1849 3864 noster
1871 3832 1934 3863 Rex
1954 3831 2034 3870 quod
2056 3832 2126 3863 dieti
2147 3832 2187 3864 sui
2206 3833 2426 3865 Ambaffiatores

1360 3872 1480 3903 tractent
1498 3882 1567 3902 cum
1579 3873 1698 3911 praefato
1712 3875 1781 3909 Rege
1793 3874 1956 3909 Aragoniae,
1975 3879 2022 3901 aut
2036 3869 2182 3909 Deputatis
2196 3872 2265 3912 suis,
2283 3873 2425 3904 sufficien-

1361 3919 1420 3941 tem
1436 3910 1470 3940 ad
1485 3911 1514 3940 id
1531 3910 1704 3942 potestatem
1718 3910 1902 3946 habentibus,
1917 3909 1954 3940 de
1971 3909 2005 3940 δε
2019 3909 2100 3949 super
2119 3911 2259 3942 Amicitiis
2272 3935 2283 3948 ,
2300 3910 2426 3941 (knfoe-

1361 3949 1551 3979 derationibus
1565 3971 1576 3987 ,
1593 3948 1626 3980 &
1643 3949 1797 3989 Alligantiis
1817 3947 1975 3986 hujusmodi
1989 3959 2000 3985 3
2018 3947 2132 3986 &ipsas
2144 3950 2230 3980 iniant
2242 3971 2252 3988 ,
2271 3950 2405 3987 copulent
2415 3967 2426 3983 ‚

1359 3995 1443 4026 atque
1454 3985 1583 4025 firment,
1601 3986 1700 4025 mles,
1716 3987 1749 4019 &
1765 3985 1924 4025 generales,
1934 3994 2013 4025 atque
2027 3987 2145 4027 jurata,
2160 3987 2212 4020 sub
2224 3987 2258 4021 ὃς
2269 3987 2349 4020 salvis
2360 3987 2418 4018 Ex-

2344 4035 2413 4065 Gepff

2459 2996 2479 3018 *¹
2495 3000 2549 3029 IX.

2468 3039 2534 3072 296.
