2562 4274
59 248 137 280 Anii.
148 247 190 277 D.

80 295 166 325 1414.

62 330 124 354 Hen.
143 334 171 361 5.

66 785 196 822 *IX.89.

56 2824 133 2856 Ann.
147 2824 192 2860 D.

87 2872 173 2903 1414.

57 2907 111 2930 An.
132 2913 154 2930 1.

57 2946 92 2969 H.
110 2950 137 2975 ς’.

59 2979 149 3015 Claus.
168 2989 191 3006 r.

59 3022 94 3045 H.
110 3027 137 3053 5.

61 3066 98 3084 m.
118 3056 194 3084 io.d.

66 3840 201 3876 ‘1x.90.

796 167 898 208 ET
982 168 1248 211 ACTA
1303 170 1773 220 PUBLICA.

209 247 352 280 Canonici
374 248 508 281 Ecclefiae
531 248 738 289 Laudavenfis,
762 251 996 283 consiliariorum
1019 254 1196 293 nostrorum,
1215 255 1274 292 ple-

212 288 275 319 nius
289 287 478 325 confidentes,

252 328 328 366 Ipsos
347 327 436 364 Tres,
454 327 488 357 ὅ(
510 325 594 357 Duos
615 337 734 364 eorum,
753 326 864 357 nostros
887 327 1033 368 Fecimus,
1055 330 1276 368 Ordiriavimus,

214 370 248 401 &
270 364 497 403 Deputavimus,
513 374 562 403 ac,
589 374 639 403 per
658 364 824 405 Praesentes,
850 365 998 406 Facimus,
1025 367 1219 409 DeputamuS,
1242 371 1276 401 ὃς

213 405 388 437 Ordinamus
401 401 514 433 nostros
530 411 622 435 certos
636 403 670 434 &
684 404 813 434 indubios
828 403 1063 446 Comniiffarios,

253 443 362 473 Dantes
375 441 479 472 eisdem
490 441 616 480 Tribus,
633 450 680 473 aut
693 441 817 472 Duobus
830 453 930 474 eorum
939 467 949 482 ,
966 444 1076 481 plenam
1092 445 1276 485 Potestatem‚

214 481 440 518 Auctoritatem,
457 481 490 512 &
511 480 680 512 Mandatum
696 481 828 520 speciale,
848 491 900 521 pro
916 483 1014 513 Nobis
1027 485 1059 515 ὃς
1074 484 1209 515 Nomine
1224 495 1278 515 no-

214 519 290 556 stro,
308 520 363 549 unii
375 518 444 548 cum
459 519 601 556 praedistis
616 519 884 559 Ambalsiatoribus,
904 520 1076 553 Reverendo
1093 522 1191 560 Patre,
1208 521 1278 552 Wil—

214 558 320 596 lielmo,
336 557 445 587 Karolo-
453 560 571 588 Domino
587 559 620 588 de
633 557 663 587 Ia
678 560 719 586 Br
736 565 767 597 t,
785 560 817 589 ὅ(
834 561 968 598 Goutero,
988 560 1204 599 Conveniendi,
1214 560 1277 591 Co-

216 597 379 627 muni'candi
390 620 399 635 ,
413 596 570 627 Tractandi
580 619 589 634 ,
607 597 641 627 &
656 595 710 627 fina
723 598 771 627 iter
785 596 986 628 Concludendi
997 622 1005 636 ,
1022 599 1056 629 de
1071 601 1104 630 &
1118 600 1198 637 super
1211 610 1276 629 om-

217 636 300 665 nibus
321 636 354 666 &
372 635 481 675 singulis
496 635 641 673 Materiis,
658 634 693 665 de
708 637 808 673 quibus
820 637 869 675 ipii
886 636 1115 675 Ambaffiarorez,
1133 648 1186 677 pro
1202 646 1278 675 parte

217 674 344 706 Domini
358 673 399 704 sui
410 673 557 712 praediffl,
575 683 643 704 cum
659 673 762 705 eisdem
779 673 987 706 Commiffariis
998 675 1099 706 nostris
1111 677 1278 706 comunica-

217 723 246 744 re
266 714 312 745 seu
328 713 441 744 tra&are
457 712 614 750 voluerint,
633 713 662 743 in
680 714 815 744 omnibus
829 714 862 744 &
880 714 989 753 lingulis
1004 714 1109 752 Locis,
1127 724 1159 745 ac
1174 715 1278 745 totiens

218 752 252 783 &
269 752 398 790 quotiens
410 751 447 782 eis
460 751 600 782 videbitur
612 752 761 791 expedire3

256 793 270 808 ᾗ
280 791 318 821 Et
340 789 493 828 specialiter
504 790 538 820 ad
555 789 752 829 Capiendum,
771 789 930 820 Ineundum
941 813 950 827 ,
967 790 1000 821 &
1015 789 1278 827 Concordandum,

215 830 273 859 una
286 839 353 860 cum
369 829 451 860 dietis
465 828 731 867 Ambaffiatoribus,
750 828 976 866 Commiffariis,
994 829 1049 858 sive
1064 828 1207 866 Nunciis,
1224 829 1276 858 bo-

215 877 280 905 naS,
295 868 404 906 firmas,
430 868 464 898 &
491 867 599 898 stabiles
617 867 764 905 Treugas,
788 867 925 905 generales
949 866 993 897 vel
1014 867 1209 905 particulares,
1227 876 1277 903 per

215 905 318 945 Mare,
332 907 365 937 &
382 916 430 944 per
446 905 626 944 Terram,ac
642 915 720 936 tanto
735 915 866 942 tempore
878 905 1015 934 duraturas
1029 904 1183 935 secundum
1198 905 1275 944 quod

215 945 288 975 inter
307 955 355 976 eos
368 946 535 976 concordari
548 945 669 984 poterit,
688 953 738 981 pro
753 943 869 981 Nobis,
889 943 1013 990 RegniS,
1031 943 1144 982 Terris,
1163 943 1275 982 Patriis,

215 982 382 1023 Dominiis,
401 984 541 1022 Subditis,
558 983 686 1019 Amicis,
704 981 844 1020 Alligatis,
867 982 900 1012 &
924 981 1136 1013 Lonfoederatis
1157 982 1275 1021 nostris,

215 1023 286 1052 citra
309 1024 342 1053 &
365 1023 434 1054 ultra
458 1022 558 1060 Mare,
575 1030 690 1051 necnon
705 1019 832 1058 Regius,
852 1020 966 1058 Terris,
984 1020 1094 1058 Patriis,
1113 1021 1276 1060 Dominus,

214 1059 357 1100 Subditis,
374 1061 500 1098 Amicis,
520 1060 661 1099 Alligatis,
678 1060 712 1090 &
729 1057 940 1089 Confoederati's
956 1059 1024 1089 dieti
1040 1060 1210 1099 Adversarii
1227 1070 1274 1089 no-

211 1098 282 1139 stri,
296 1101 430 1129 omnibus
449 1098 572 1129 honestis
594 1097 702 1136 modo,
721 1098 781 1135 via,
800 1098 832 1128 &
847 1097 943 1128 forma
959 1099 1059 1135 quibus
1072 1099 1145 1129 inter
1161 1099 1188 1129 se
1203 1109 1274 1129 con-

210 1138 322 1168 cordari
337 1146 485 1175 poterunt,

251 1175 289 1206 Et
309 1177 376 1214 ipsas
395 1175 541 1213 Treugas‚
566 1175 640 1206 inter
658 1174 729 1212 ipsos
749 1174 896 1214 capiendas
917 1176 949 1205 δε
971 1175 1200 1212 concordandas,
1226 1185 1274 1212 per

213 1215 312 1245 omnia
326 1214 445 1254 Regna,
463 1215 582 1251 TerraS,
599 1214 632 1244 ὃ(
650 1213 790 1243 Dominia
799 1213 893 1243 nostra
908 1213 1077 1244 Proclamari
1092 1215 1125 1243 ὃ(
1140 1213 1274 1244 Publica-

213 1253 237 1283 ri
247 1252 411 1283 faciendum
424 1252 600 1291 ubicumque
613 1261 685 1289 opus
700 1251 753 1281 erit
767 1274 777 1289 ,

249 1291 296 1322 Ac
319 1292 405 1322 eiiam
434 1299 465 1322 ut
485 1300 521 1322 eo
543 1290 649 1320 firmius
670 1298 753 1329 atque
775 1289 962 1319 inviolabilius
983 1289 1107 1329 Treugae
1131 1289 1275 1327 praediffitae

212 1330 429 1368 conserventur,
446 1338 505 1360 tam
520 1338 568 1367 per
587 1329 727 1366 Terram,
745 1328 833 1366 quam
849 1337 897 1364 per
912 1326 1015 1366 Mare,
1033 1329 1067 1358 ad
1084 1328 1274 1366 Faciendum,

214 1367 433 1407 Ordinandurn,
451 1370 484 1401 &
501 1367 705 1406 Deputandum
721 1375 763 1396 tot
780 1367 813 1397 &
828 1366 894 1395 tales
909 1365 1128 1397 Conservatores
1145 1367 1176 1397 δί
1193 1366 1274 1404 Judi-

212 1416 260 1437 ces
280 1406 418 1438 dictarum
439 1407 619 1445 Treugarum
643 1405 781 1444 generales
796 1405 840 1434 vel
856 1403 1002 1445 speciales,
1020 1405 1052 1435 &
1068 1405 1096 1435 in
1112 1413 1190 1435 tanto
1206 1404 1275 1435 Nu·

212 1454 311 1484 mero,
329 1452 413 1485 prout
437 1445 471 1476 ὃ(
492 1445 561 1475 sicut
581 1445 619 1474 eis
638 1444 736 1474 melius
750 1443 890 1473 videbitur
908 1444 1055 1481 expedire,
1072 1443 1105 1473 ad
1119 1443 1275 1483 Corrigen-

211 1484 282 1514 dum
300 1486 334 1516 &
358 1483 592 1514 Reformandum
615 1491 709 1513 totum
730 1483 763 1514 &
778 1482 913 1522 quicquid
929 1492 1030 1513 contra
1046 1482 1132 1513 dietas
1146 1482 1274 1522 Treugas

207 1530 405 1560 attemptatum
423 1522 523 1560 fuerit,

249 1561 287 1591 Et
301 1560 512 1598 Promittimus,
530 1561 558 1589 in
574 1558 652 1590 boni
665 1558 736 1594 fide,
751 1559 783 1589 &
799 1559 829 1588 in
843 1559 933 1589 verbo
948 1557 1044 1597 Regio
1054 1581 1062 1596 ,
1081 1558 1117 1588 de
1129 1558 1274 1588 Tenendo

211 1599 246 1629 &
265 1599 372 1629 Teneri
392 1598 523 1630 faciendo
544 1598 695 1634 Firmum,
711 1596 836 1635 Ratum,
853 1598 887 1628 &
909 1596 1012 1628 Stabile
1036 1606 1131 1627 toturn
1144 1598 1178 1627 &
1192 1598 1273 1633 quic-

209 1637 277 1677 quid
301 1647 350 1676 per
370 1637 462 1668 dictos
476 1635 691 1667 Commiffarios
705 1635 837 1674 nostros,
853 1643 900 1666 aut
913 1635 998 1667 Duos
1012 1645 1132 1673 eorum,
1147 1636 1177 1665 in
1193 1635 1271 1665 Prae-

209 1675 315 1715 miffis,
332 1675 377 1707 seu
389 1676 482 1714 aliquo
497 1684 615 1713 eorum,
633 1673 742 1704 fastum
755 1672 853 1712 fuerit,

245 1714 285 1745 Et
298 1715 378 1754 quod
393 1714 465 1745 Nos
479 1713 664 1745 concedimus
678 1713 711 1743 &
724 1711 877 1751 faciemus,
892 1711 936 1744 seu
950 1711 1008 1743 fieri
1023 1712 1172 1750 faciemus,
1192 1712 1270 1742 Lite-

207 1764 250 1785 ras
264 1752 497 1784 Confirmatorias
511 1752 562 1782 sub
575 1750 673 1781 nostro
691 1750 802 1791 Magno
818 1751 916 1790 Sigillo
925 1773 934 1789 ,
951 1751 986 1781 de
1000 1751 1033 1782 &
1048 1752 1127 1789 super
1139 1752 1273 1781 omnibus

206 1792 243 1823 δε
262 1792 371 1832 fingulis
391 1790 524 1822 Articulis
539 1791 573 1821 &
587 1790 723 1829 Punctis,
740 1791 775 1821 de
789 1790 889 1829 quibus
902 1789 974 1819 inter
988 1799 1037 1819 eos
1052 1790 1135 1819 fuerit
1148 1799 1272 1820 concor-

206 1831 324 1870 datum,
344 1831 377 1862 &
391 1831 426 1861 de
440 1829 608 1868 exequendo
621 1829 720 1859 eadem
737 1838 807 1860 cum
824 1827 919 1858 debiti
931 1827 1093 1867 diligentia,
1112 1828 1268 1859 secundum

206 1869 359 1939 ’ᾖεηοτεῐη
374 1870 407 1900 ὃς
421 1869 545 1899 formam
558 1867 728 1898 eorumdem
738 1890 749 1906 ,
764 1868 794 1896 in
807 1875 943 1907 quantum
958 1867 989 1897 in
1003 1866 1103 1897 Nobis
1119 1866 1174 1906 est,
1188 1868 1222 1899 &
1236 1867 1271 1898 ad

245 1919 277 1939 os
327 1916 409 1940 rtinet

244 1946 283 1977 Et
291 1919 354 1978 {loc
365 1930 558 1986 pro’mittimus
571 1946 657 1976 etiam
670 1944 720 1975 sub
735 1943 880 1975 Cautione
893 1944 928 1975 &
940 1943 1127 1988 Obligatione
1138 1945 1270 1975 omnium

204 1984 355 2016 Bonorum
380 1985 560 2022 nostrorum,
579 1983 732 2015 mobilium
751 1983 784 2014 &
802 1982 1017 2020 immobilium,
1040 1983 1217 2020 praesentium
1237 1984 1272 2014 δι’

204 2023 387 2061 futurorum,
403 2024 440 2054 ita
456 2023 536 2061 quod
558 2030 703 2061 nunquam
724 2031 774 2060 per
796 2020 882 2059 Nos,
899 2021 945 2052 vel
959 2021 1063 2059 aliurn,
1082 2022 1200 2052 nomine
1216 2031 1271 2051 no-

207 2060 282 2100 str0,
299 2062 439 2099 dicemus,
458 2061 611 2105 faciemus,
628 2068 675 2092 aut
693 2069 908 2100 proponemus,
927 2058 1099 2099 injudicio,
1119 2059 1164 2091 vel
1177 2067 1273 2098 extra,

204 2102 358 2142 quicquam
374 2102 403 2130 in
422 2108 614 2138 contrarium,

243 2139 413 2171 Mandantes
432 2138 568 2169 omnibus
575 2136 740 2176 Justiciariis
751 2139 786 2170 &
799 2136 922 2168 Subditis
934 2136 1037 2168 nostris
1049 2138 1177 2177 quatinus
1191 2136 1272 2169 dietis

205 2177 309 2210 nostris
324 2177 534 2208 Commiffiiriis
544 2178 578 2208 &
595 2176 760 2216 Deputatis,
777 2185 810 2208 ac
826 2185 929 2207 eorum
944 2175 1047 2208 Literis
1062 2177 1096 2208 ὃς
1112 2175 1271 2216 Mandatis,

206 2216 389 2248 obedient&
405 2215 550 2248 intendant
565 2215 718 2254 diligenter.
926 2215 932 2222 ⁴

204 2286 206 2288 ,
242 2255 277 2286 In
297 2256 378 2294 cujus
395 2256 436 2285 rei
455 2254 673 2285 Testimonium
693 2254 739 2285 has
763 2254 868 2285 Literas
880 2253 986 2285 nostras
1000 2253 1150 2292 Parentes,
1170 2253 1272 2294 Magni

205 2293 236 2326 Si
255 2293 295 2324 illi
309 2293 398 2324 nostri
409 2293 594 2332 appensione,
611 2293 730 2324 fecimus
745 2293 932 2323 communiri.

236 2302 315 2364 zat.
331 2332 405 2370 apud
423 2331 564 2361 Palatium
583 2331 700 2372 nostrum
719 2331 825 2371 Wstm.
843 2340 870 2361 x.
884 2331 930 2362 die
940 2330 1081 2371 Januarii,
1099 2331 1188 2362 Anno
1204 2329 1272 2362 Do-

207 2371 464 2441 miRi.M'¹.¹¹es¹m0
478 2393 489 2409 ,
516 2370 804 2409 Qiadringentesimo
818 2392 828 2410 ,
851 2370 1073 2402 Tertiodecimo
1087 2392 1097 2409 ,
1122 2371 1156 2402 &
1174 2369 1273 2410 Regni

206 2419 248 2441 no
275 2420 300 2440 ri
318 2419 422 2450 primo.

366 2490 409 2517 Stc
426 2490 586 2526 Signatum,
709 2532 763 2562 Per
780 2529 862 2572 ipfi‘m
879 2533 985 2571 Regem.

954 2607 1144 2650 Honyngham.

256 2739 306 2771 De
323 2736 560 2769 Proclamatione
573 2732 718 2778 facienda
734 2743 838 2766 contra
861 2730 1038 2779 Johannem
1056 2731 1230 2777 Oldcastell.

300 2822 332 2853 X
353 2820 527 2851 Vicecomiti
546 2818 681 2858 Kantiae,
699 2818 835 2850 Salutem.

210 2823 266 2879 R
320 2859 402 2891 Cum
424 2869 476 2890 nos
494 2859 603 2898 plenius
625 2859 828 2895 informemur,
845 2857 878 2887 &
893 2857 1005 2887 notorie
1020 2857 1053 2888 δι’
1071 2856 1219 2889 manifeste
1233 2857 1276 2888 di-

211 2900 358 2939 noscatur,
375 2898 454 2937 quod
477 2896 654 2935 quamplures
674 2895 788 2926 Subditi
802 2895 907 2934 nostri,
927 2895 1024 2935 Regni
1039 2895 1126 2926 nostri
1143 2896 1272 2936 Angliae,

212 2938 340 2968 Lollardi
360 2936 511 2976 vulgariter
530 2935 700 2972 nuncupati,
718 2945 767 2971 per
788 2935 1034 2971 procurationem,
1056 2934 1276 2974 excitationem,

211 2976 451 3007 confortationem
460 2997 471 3014 ,
480 2975 716 3005 Abettamentum
725 2973 775 3012 ,δε
790 2972 1037 3003 Manutenentiam
1049 2971 1191 3011 Johanm's
1205 2973 1275 3003 Old-

210 3013 302 3055 castell
318 3013 467 3052 Chivaler,
795 3028 798 3036 ·

248 3052 311 3091 Qui
326 3054 386 3090 jam
409 3053 487 3083 tarde
502 3053 531 3082 in
546 3049 676 3081 Haerefin
690 3050 884 3089 Dampnatus‚
902 3049 936 3080 &
952 3058 1004 3087 pro
1019 3048 1170 3080 Haeretico
1185 3052 1275 3081 mani-

211 3090 283 3122 festo
297 3090 504 3121 Pronunciatus
519 3091 552 3121 &
567 3089 734 3120 Declaratus
747 3089 856 3126 extitit,
874 3089 949 3125 juxta
964 3086 1127 3119 Canonicas
1142 3088 1274 3119 Sanctio-

212 3139 279 3166 neS,
299 3129 382 3159 editas
395 3129 424 3157 in
439 3129 494 3159 hac
508 3134 585 3166 parte

247 3167 382 3198 Diversas
393 3166 570 3202 opiniones,
587 3151 665 3196 {videi
678 3165 840 3196 Catholicae
855 3163 1002 3196 manifeste
1018 3165 1186 3203 contrarias,
1201 3175 1272 3203 prae-

212 3207 392 3243 dicaverunt,
410 3205 444 3235 &
457 3204 602 3244 praedicari
612 3204 755 3243 fecerunt,

250 3245 296 3276 Ac
309 3245 439 3275 Mortem
452 3241 597 3280 nostram,
610 3252 663 3281 pro
676 3253 712 3273 eo
725 3243 805 3282 quod
822 3241 892 3273 Nos
907 3250 1004 3272 contra
1017 3252 1080 3279 eos,
1098 3243 1131 3274 ὃς
1147 3241 1272 3280 Opinio-

212 3294 262 3315 nes
277 3284 334 3315 suas
348 3281 509 3320 hujusmodi
541 3288 651 3323 partem
669 3280 737 3311 Nos
748 3281 923 3317 fecimus,ut
938 3290 1020 3310 verus
1035 3280 1170 3318 Princeps
1186 3280 1272 3311 Chri-

210 3323 331 3361 stianus,
348 3323 381 3353 ὃς
400 3327 488 3366 prout
509 3302 636 3349 <linculo
646 3317 804 3357 juramenti
819 3318 1015 3356 astringimur,
1034 3327 1134 3350 contra
1150 3319 1273 3358 Ligean-

210 3363 258 3394 tiae
272 3361 328 3392 suae
342 3360 470 3390 debitum
479 3381 488 3396 ,
503 3356 574 3387 falso
588 3357 622 3387 &
635 3357 791 3394 proditorie
805 3358 1045 3394 imaginaverunt,

251 3400 296 3430 Ac
317 3398 481 3438 quamplura
500 3396 570 3434 alia,
587 3403 645 3426 tam
659 3397 688 3425 in
705 3395 784 3426 Fidei
798 3394 977 3433 Catholicae,
994 3396 1081 3433 quam
1096 3395 1190 3426 Status
1206 3396 1272 3427 Do-

212 3441 361 3470 minorum
389 3438 422 3468 &
444 3435 614 3474 Magnarum
635 3432 704 3463 diffi
726 3433 822 3470 Regni
842 3432 931 3462 nostri
948 3456 957 3470 ,
982 3435 1041 3464 tam
1062 3434 1273 3474 Spirituali'um,

211 3479 298 3518 quam
310 3475 545 3516 Temporalium,
564 3471 815 3509 Destruffitionem,
833 3471 1070 3510 imaginavernm,

251 3516 298 3548 Ac
315 3515 433 3547 diverfiis
451 3511 694 3551 Congregationes
706 3532 716 3549 ,
737 3511 772 3542 ὃς
787 3510 837 3540 alia
855 3509 1064 3542 Conventicula
1084 3511 1193 3550 illicita,
1219 3523 1272 3551 pro

213 3555 364 3595 nephando
381 3551 532 3593 Proposito
549 3549 598 3580 suo
613 3550 642 3579 in
659 3549 712 3578 hac
728 3556 804 3588 parte
822 3548 1033 3587 perimplendo,
1049 3549 1144 3580 feciss'e
1166 3560 1272 3590 propo-

214 3596 343 3634 suerunt,
362 3595 395 3625 ὃς
416 3602 469 3630 pro
488 3588 571 3621 Posse
586 3588 636 3618 suo
649 3587 735 3617 indies
748 3587 839 3617 facere
853 3597 913 3617 non
927 3587 1079 3626 desistunt,
1094 3590 1124 3618 in
1141 3587 1272 3620 Personae

214 3633 320 3664 nostrae
337 3632 475 3672 propriae,
492 3639 526 3659 ac
547 3626 640 3658 Status
660 3626 860 3656 Dominorurn
879 3625 912 3656 &
929 3624 1099 3665 Magnatum
1114 3627 1269 3665 praedicto-

212 3681 277 3704 rum
287 3695 296 3709 ,
313 3670 493 3702 verisimilem
505 3666 739 3698 Destruetionem
747 3687 758 3703 ,

248 3709 439 3780 Ῑιξῑῖἓῖιάεηῐεε
451 3745 568 3784 qualiter
582 3742 696 3781 quidam
708 3739 867 3777 huiusmodi
877 3738 1071 3770 Lollardorum
1088 3742 1122 3772 &
1141 3742 1270 3782 aliorum,

213 3788 264 3826 qui
277 3787 410 3817 Mortem
425 3783 570 3822 nostram,
585 3792 618 3813 ac
632 3782 684 3812 alia
698 3777 776 3811 Mala
790 3779 822 3809 &
838 3777 973 3809 Facinora
987 3779 1138 3818 praedicta,
1157 3789 1188 3811 ut
1200 3791 1271 3820 prae-

219 3826 362 3863 mittitur,
384 3825 606 3863 imaginaverunt
629 3823 644 3837 ⁴⁶
665 3820 698 3850 &
719 3817 940 3859 proposuerunt,
965 3818 1113 3861 occasione
1132 3819 1271 3858 praemissa

220 3861 325 3900 Capti,
338 3872 371 3893 ac
389 3872 443 3899 pro
461 3859 614 3899 nephando
636 3858 726 3888 Fadio
749 3858 782 3889 ὃς
807 3855 958 3895 Propoiito
975 3855 1045 3894 suis,
1059 3857 1089 3886 in
1109 3856 1162 3888 hac
1175 3866 1271 3896 parte,

215 3900 307 3932 Morti
320 3900 466 3935 adiudicati
475 3898 616 3936 existunt,
840 3933 846 3939 ἢ
878 3933 884 3939 .
924 3933 929 3939 ι
1252 3934 1258 3940 .

257 3938 444 3975 volentesque
461 3936 598 3975 proinde,
613 3935 725 3966 meliori
743 3934 776 3965 &
799 3940 932 3976 quietiori
953 3932 1062 3971 modo,
1082 3942 1142 3970 quo
1169 3942 1274 3971 poteri-

215 3988 296 4015 muS,
312 3986 366 4013 pro
390 3975 527 4006 effusione
549 3975 694 4012 Sanguinis
714 3971 867 4003 Christiani
888 3970 1036 4009 evrtanda,
1063 3971 1096 4001 &
1118 3973 1272 4010 praesertim

215 4017 370 4056 Ligeorum
385 4013 549 4044 nostrorum
559 4035 568 4050 ,
582 4022 669 4050 quos,
687 4020 800 4050 propter
816 4019 940 4041 teneram
956 4010 989 4040 &
1003 4009 1150 4047 specialem
1164 4009 1275 4040 affeeti-

214 4064 320 4093 onem,
338 4062 423 4093 quam
443 4051 479 4083 ad
498 4060 548 4082 eos
565 4051 685 4090 gerimus
706 4051 741 4083 &
755 4049 908 4087 habemus,
923 4048 960 4080 ab
973 4047 1119 4088 Sanguinis
1134 4047 1274 4081 effusione

2327 191 2376 228 61

1314 256 1346 300 ξε
1369 256 1525 301 huiusmodi
1550 258 1699 298 Corporali
1722 263 1876 307 Punitione
1899 264 2062 303 prreservare
2082 269 2144 300 tota
2158 270 2260 301 mentis
2272 271 2376 303 nostrae
2396 270 2471 302 Ann.
2487 270 2529 304 ὓς

1318 303 1476 341 interitione
1488 296 1688 340 desideramus,
1704 303 1832 333 ordinare
1845 307 1877 334 &t
1892 306 2056 345 providere,
2414 319 2500 350 1414·
2530 333 2532 336 -

1356 334 1426 379 Ἰὼ)
1438 343 1634 381 praecipimus²
1651 338 1766 384 firmiter
1778 342 1963 385 injungentes,
1981 347 2058 384 quOd
2072 345 2101 375 in
2116 343 2226 384 singulis
2240 344 2309 378 locis
2320 371 2329 386 ,
2348 350 2377 379 in
2396 354 2459 378 Hen.
2472 361 2503 386 5.

1321 370 1424 401 Balliva
1445 381 1511 416 tua,
1530 374 1577 416 ubi
1601 376 1698 406 melius
1717 379 1843 417 expedire
1864 382 1979 421 videris,
1997 393 2030 414 ex
2054 392 2129 424 parte
2151 385 2243 415 nostra
2264 387 2378 423 publice

1320 410 1485 448 proclamari
1503 412 1600 451 saciaS,

1358 448 1450 487 Quod
1463 450 1520 493 ¹¹¹¹.⁷
1540 460 1588 488 per
1603 453 1682 490 cujus
1697 452 1949 497 Procurationem,
1964 458 2191 501 Excitationem,
2207 461 2381 503 Consilium,

1321 485 1608 530 fiveNarrationem,
1627 491 1775 534 praediQus
1786 492 1930 530 Johannes
1950 507 2044 533 captus
2059 499 2159 537 fuerit,
2176 502 2220 531 leu
2234 502 2380 540 arestatu3‚

1323 524 1499 568 Quingentas
1520 527 1647 570 Marcas,
1664 540 1697 559 ac
1716 530 1778 568 ille,
1797 533 1844 568 qui
1860 533 2121 601 ipliimgohannem
2140 541 2230 577 capiet
2261 542 2305 572 seu
2319 552 2379 571 are-

1321 562 1384 592 stari
1403 563 1502 602 faeiet,
1523 565 1607 596 Mille
1627 566 1739 598 Marcas
1755 570 1791 599 de
1806 568 1896 600 Dono
1912 581 1950 601 iio
1978 583 2027 611 ro,
2043 585 2094 613 pro
2107 576 2202 609 labore
2216 564 2266 610 stio
2279 581 2309 611 in
2325 582 2379 611 hac

1320 608 1411 640 parte,
1428 602 1589 643 habebunt,

1362 639 1509 677 Quodque
1530 641 1617 687 Cives
1632 666 1642 679 ,
1672 644 1705 674 ὃς
1727 644 1876 688 Burgenses
1889 669 1899 684 ,
1924 657 1956 677 ac
1980 648 2182 683 Communitas
2202 653 2360 688 Civitatum

1321 676 1499 718 Burgorum,
1518 681 1551 711 &
1573 681 1688 711 aliarum
1705 682 1857 721 Villarum,
1875 686 1922 722 qui
1938 686 2025 723 ipsum
2039 689 2198 726 Johamzem
2217 697 2328 733 capient
2344 680 2378 726 δέ

1319 715 1475 759 arestabunt
1490 740 1499 755 ,
1524 720 1556 748 &
1582 729 1647 749 eum
1670 731 1768 751 coram
1790 722 1889 752 Nobis
1914 723 1979 753 duci
2001 726 2125 765 facient,
2149 730 2183 760 de
2204 734 2379 763 omnimodis

1321 752 1425 792 Taxrs,
1442 755 1590 794 Tallagiis,
1609 757 1753 801 Decimis,
1777 760 2022 801 Qiintisdecimis,
2049 774 2094 794 aut
2115 768 2170 797 aliis
2192 770 2296 807 Qiotis
2315 775 2377 811 qui-

1321 791 1513 831 buscumque,
1532 795 1631 839 Nobis
1645 797 1689 826 vel
1706 797 1876 829 Haeredibus
1890 800 1990 830 nostris
2004 802 2039 832 de
2053 812 2158 834 caetero
2172 809 2361 840 concedendis

1319 838 1382 868 erga
1399 830 1471 875 ,Nos
1495 834 1529 862 &
1548 833 1639 879 dictos
1654 834 1790 867 Haeredes
1804 838 1914 868 nostros
1927 841 2012 878 quieti
2026 850 2125 880 erunt,
2141 844 2174 873 &
2190 847 2298 882 penitus
2311 835 2379 879 exo:

1319 877 1405 898 nerati
1423 880 1652 911 imperpetuum,

1358 908 1506 948 Qiodque
1527 910 1594 939 Nos
1620 911 1734 942 Litteras
1757 913 1864 944 nostras
1884 914 2011 946 Parentes
2024 940 2033 956 ,

1318 945 1436 984 nostro,
1455 949 1491 978 eis
1507 949 1571 992 inde
1586 948 1643 980 fieri
1658 950 1809 991 faciemus,

1357 984 1403 1016 Ac
1415 987 1502 1033 .‘³.⁰‘?d
1525 989 1591 1027 ipli,
1609 990 1637 1018 in
1659 990 1772 1035 agendis
1795 992 1862 1030 suis,
1876 993 1948 1023 &in
1962 994 2163 1028 prosecutione
2177 998 2223 1029 sua
2240 1001 2377 1037 quicum-

1317 1031 1387 1061 que,
1402 1023 1532 1069 11]ειῐ9..ὅζ
1554 1026 1690 1066 honesta,
1709 1039 1776 1066 erga
1796 1030 1863 1060 Nos
1884 1032 1919 1062 de
1941 1042 2044 1064 caetero
2067 1035 2210 1075 facienda,
2229 1040 2380 1075 gracioi‘iua

1318 1060 1387 1091 Nos
1401 1073 1545 1095 invenient
1559 1067 1592 1097 ὅ(
1607 1066 1749 1098 habebunt

1354 1101 1442 1132 Teste
1462 1102 1546 1140 Rege
1563 1106 1636 1144 apud
1652 1106 1924 1147 Wstnzonasterimn,
1942 1111 2098 1142 undecimo
2111 1112 2156 1144 die
2165 1113 2297 1151 Januarii.

2063 918 2112 948 sub
2141 919 2253 960 Magno
2279 924 2378 962 Sigillo

1975 1191 2028 1219 Per
2042 1191 2126 1231 ipfiam
2144 1197 2248 1232 Regem.

1395 1319 1444 1349 De
1461 1319 1562 1364 fhlvis
1590 1320 1787 1356 Condnfflbns
1802 1336 1855 1370 pro
1880 1327 2150 1372 Ambaffiasoribns
2174 1337 2311 1371 Franciae.

1386 1401 1471 1442 EX,
1489 1414 1541 1448 per
1567 1405 1671 1449 Literas
1694 1408 1750 1438 suas
1777 1409 1922 1449 patentes,
1942 1413 2026 1452 usque
2055 1418 2182 1449 ultanus-i

1404 1442 1505 1473 bruarii
1530 1448 1664 1482 proximo
1685 1446 1810 1477 futurum
1837 1448 1977 1481 duraturas
1993 1476 2001 1489 ,
2029 1455 2082 1485 susc
2097 1468 2141 1495 -μῑ
2170 1471 2192 1487 :u
2226 1463 2266 1489 ‘lt

1317 1478 1448 1521 securum
1476 1481 1664 1514 Conductum
1686 1487 1781 1524 suurn,
1797 1497 1829 1517 ac
1848 1488 1877 1517 in
1892 1488 2123 1532 protectionem,
2142 1497 2189 1526 Tu
2217 1509 2278 1523 ων

1318 1516 1522 1564 Defensionem
1537 1520 1591 1552 suas
1608 1521 1748 1563 speciales,
1769 1525 1963 1557 Venerabilcm
1985 1530 2012 1559 in
2033 1531 2149 1563 Christo
2169 1524 2275 1567 Patissm
2315 1543 2377 1568 Ar-
2401 1548 2425 1569 H
2445 1529 2449 1532 ⁴
2490 1527 2496 1532 ⁵

1318 1555 1500 1604 chlepifiopum
1515 1561 1739 1605 Bitturicenftm,
1755 1573 1844 1601 nuper
1858 1575 1940 1601 penes
1958 1566 2096 1601 Personan
2125 1571 2204 1608 Regi.
2234 1563 2243 1567 ”
2259 1562 2296 1605 ies
2311 1579 2377 1607 Aa'-
2397 1554 2482 1609 fimi—c·
2505 1593 2515 1610 i
2529 1587 2530 1590 ’

1317 1594 1469 1640 ‘igerfhrmnq
1486 1600 1563 1634 Regis
1582 1603 1718 1643 Eraqzciae,
1736 1603 1777 1632 ob
1794 1611 1883 1633 certas
1898 1603 1996 1636 Causas
2015 1609 2047 1637 &
2065 1609 2116 1640 Ma
2131 1613 2195 1642 eiias
2206 1598 2269 1649 ,³Ri
2282 1626 2376 1645 veien-
2400 1625 2425 1646 H
2452 1631 2468 1654 5
2483 1605 2486 1609 Α
2521 1605 2529 1612 ὸ

1316 1641 1383 1663 tiam
1408 1634 1467 1665 Der
1489 1636 1522 1666 ὃς
1542 1636 1733 1683 EV1tationem
1755 1640 1897 1671 effufionis
1920 1644 2065 1683 Sanguinis
2089 1650 2242 1681 Clarium
2266 1657 2377 1684 notorie
2398 1643 2433 1686 m*
2454 1644 2484 1685 ii.

1316 1681 1540 1712 concernentes,
1557 1676 1743 1717 destinatum,
1758 1680 1817 1717 jarn
1838 1681 1906 1711 infra
1926 1682 2063 1722 Regnum
2084 1686 2174 1718 Recvis
2196 1691 2307 1721 Anolioe
2321 1695 2378 1723 exii-
2428 1681 2433 1686 Ι
2490 1678 2497 1686 ”

1317 1709 1457 1755 stentem,
1477 1714 1567 1744 versus
1585 1714 1720 1754 Regnum
1738 1718 1882 1756 Franciae,
1901 1730 1968 1751 cum
1997 1723 2206 1766 Qiinquagi'iit..
2235 1715 2359 1760 ffersonsss

1316 1748 1502 1794 Equestribus
1528 1753 1572 1796 νρΙ
1599 1755 1788 1795 pedestribus,
1806 1758 1835 1786 in
1863 1757 2012 1791 Comitiva
2032 1763 2091 1801 sua,
2112 1767 2232 1797 Armati's
2254 1770 2298 1799 vel
2316 1755 2378 1800 nori

1315 1787 1498 1833 Armatus-,se
1520 1790 1706 1832 divertendo,
1722 1795 1756 1825 &
1776 1795 1922 1827 redeundo
1939 1808 2006 1829 cum
2026 1812 2124 1833 eorum
2144 1803 2229 1843 Equis
2263 1806 2378 1838 Hcrne-

1315 1826 1375 1894 siis13
1393 1826 1496 1872 Bonis,
1516 1829 1548 1859 &
1569 1829 1682 1862 Carallis
1700 1834 1943 1874 quibuscumque,
2236 1829 2245 1844 ³

1378 1867 1470 1896 roviso
1496 1867 1600 1907 semper
1626 1872 1707 1908 quod
1729 1872 1804 1902 idern
1826 1873 2058 1913 Arcliiepiscopus
2079 1880 2111 1909 ὃς
2129 1880 2260 1912 Persona·
2279 1884 2379 1921 praedi-

1312 1903 1454 1973 gagga
1480 1905 1590 1946 Regem
1606 1908 1639 1939 ὃ(
1657 1908 1798 1949 Populum
1815 1911 1901 1951 Regis
1916 1914 1988 1945 bene
2001 1917 2034 1947 ὃ(
2051 1918 2171 1950 honeste
2190 1927 2215 1951 ie
2232 1931 2327 1961 gerant
2345 1925 2380 1954 &

1353 1966 1566 2028 Qod'quejpfi
1585 1985 1619 2015 &
1638 1995 1739 2031 eorum
1756 1989 1872 2026 quilibet
1888 1991 2060 2032 quicquam,
2079 1996 2156 2033 quod
2178 1998 2206 2026 in
2228 1997 2316 2037 Regis
2332 2001 2379 2031 seu

1313 2017 1417 2057 Populi
1438 2021 1526 2065 Regis
1541 2022 1742 2062 Praejudicmm
1758 2029 1857 2059 cedere
1874 2029 1977 2068 valeat,
1995 2042 2055 2063 nou
2073 2043 2238 2073 atteniptent
2273 2038 2318 2068 seu
2337 2047 2378 2069 at-

1311 2065 1374 2089 ·tem
1396 2066 1444 2089 tari
1462 2059 1553 2091 facere
1571 2064 1738 2099 praesamant
1759 2067 1859 2104 quovis
1880 2068 1978 2098 modo.
2245 2059 2254 2075 ³

1382 2096 1438 2131 este
1457 2097 1539 2139 Rege
1558 2102 1630 2140 apud
1651 2103 1908 2147 Wstmonasterium
1927 2108 2060 2141 vicefimo
2077 2113 2160 2144 tertio
2177 2113 2224 2145 die
2240 2112 2374 2152 Januarii.

1842 2185 1895 2213 Per
1911 2184 1993 2224 ipsum
2011 2189 2115 2226 Regem.

1318 2262 1464 2316 REX,
1480 2273 1531 2303 per
1549 2265 1655 2298 Literas
1673 2267 1729 2300 {iias
1744 2268 1892 2311 Parentes,
1911 2272 1971 2308 &a
1997 2281 2028 2303 ut
2041 2274 2128 2314 fiaepra
2150 2288 2167 2306 u

1396 2303 1494 2340 dales,
1522 2302 1560 2339 ό
2181 2289 2229 2317 que
2247 2278 2301 2317 ibi,
2318 2279 2379 2311 sei

1315 2337 1335 2366 b
1396 2342 1401 2346 1
1566 2313 1643 2349 'tunc
1652 2306 1693 2355 fic
1702 2330 1719 2350 ³,
1739 2309 1872 2352 Karolum
1890 2314 2035 2343 Dominum
2052 2314 2084 2343 de
2107 2318 2150 2344 Le
2167 2324 2223 2353 ret,
2252 2317 2319 2347 Con
2349 2329 2377 2349 a-

1338 2337 1452 2384 ularium
1472 2341 1614 2387 Franciae,
1634 2345 1882 2384 Conianguineum
1899 2349 2004 2389 Regis,
2020 2363 2087 2382 cum
2103 2354 2229 2385 Centum
2243 2356 2276 2386 ὃ(
2295 2357 2377 2395 Qa-

1314 2376 1348 2407 dr
1365 2388 1439 2448 σιῐέἱα
1456 2378 1595 2450 Perssoms,
1612 2382 1673 2418 ὠς.
1689 2393 1722 2415 ut
1731 2385 1828 2425 ficpra,
1845 2393 1958 2418 mutatis
1970 2391 2115 2422 mutandis⁴

1384 2428 1400 2448 e
1427 2428 1443 2448 e
1461 2428 1491 2449 ut
1519 2430 1592 2459 upra.

2434 2286 2499 2315 Ihiae

1956 2468 2008 2496 Per
2025 2467 2106 2506 ipsum
2124 2470 2228 2508 Regem.

1318 2542 1458 2598 REX,
1478 2555 1528 2582 per
1547 2545 1653 2590 Literas
1668 2548 1728 2592 suas
1743 2549 1888 2591 Patentes,
1901 2552 1988 2591 usque
2004 2555 2118 2585 Festum
2137 2557 2299 2590 Nativitatis
2311 2560 2379 2591 San-

1390 2582 1429 2612 eti
1442 2582 1578 2620 johannis
1597 2585 1725 2624 Baptistae
1741 2592 1874 2626 proximo
1893 2591 2018 2622 futurum
2040 2595 2197 2634 duraturas,
2216 2597 2330 2635 suscepit
2349 2602 2378 2630 in

1316 2616 1422 2660 salvum
1441 2622 1473 2651 &
1493 2623 1618 2653 securum
1638 2625 1826 2658 Condue'tum
1844 2630 1942 2668 suum,
1960 2633 2032 2661 acin
2050 2633 2265 2666 Proteetionem
2278 2659 2286 2675 ,
2304 2638 2379 2667 Tui-

1319 2664 1428 2704 tionem
1483 2661 1516 2690 &
1542 2660 1747 2705 Defensionem
1770 2667 1826 2697 suas
1844 2669 1972 2706 speciales
1989 2694 1997 2706 ,
2033 2670 2204 2706 Macrinum
2233 2678 2378 2705 Goutf’rum

1319 2695 1387 2726 Coll1
1402 2719 1411 2735 ,
1436 2682 1623 2730 §ecretarium
1649 2704 1819 2743 Advevssarii
1841 2710 1919 2744 Regis
1944 2710 2066 2738 Franciae
2083 2698 2104 2748 ,Β
2120 2721 2187 2741 cum
2213 2713 2379 2745 Duodecim

1318 2734 1447 2765 Personis
1457 2759 1466 2774 ,
1482 2736 1542 2772 &c.
1555 2746 1586 2767 ut
1598 2740 1683 2779 fiaepra
1691 2765 1701 2780 ,
1718 2748 1831 2774 mutatir
1843 2746 1988 2777 mutandis.

1372 2774 1462 2805 Teste
1475 2784 1505 2806 ut
1519 2777 1608 2815 supra.

2431 2561 2495 2590 ibid.

1953 2825 2006 2852 Per
2023 2825 2105 2864 ipfiim
2118 2829 2222 2864 Regem.

1412 2964 1462 2996 De
1483 2967 1577 3010 Equis
1595 2961 1758 3006 arestandis
1767 2976 1823 3011 pro
1841 2965 2111 3010 Ambaffiatoribus
2123 2973 2281 3016 prietaffis.
2403 2983 2531 3021 *1:592*

1321 3047 1404 3104 RE
1416 3047 1446 3077 X
1456 3048 1590 3092 ,1dilec'io
1605 3049 1757 3088 Armigero
1771 3050 1839 3089 su0,
1857 3051 1968 3082 Thomae
1983 3053 2162 3094 Wiffinden,
2183 3056 2314 3091 Salutem.
2398 3059 2474 3091 Ann.
2486 3061 2531 3091 D4

1432 3087 1506 3117 Seias
1521 3087 1602 3131 quod
1615 3087 1816 3127 assignavimus
1827 3099 1855 3119 te
1872 3090 1906 3120 ad
1921 3100 1963 3121 tot
1980 3091 2160 3133 Equos,quot
2175 3096 2207 3125 ad
2222 3097 2376 3129 deservien-
2419 3109 2505 3139 1414.

1315 3122 1384 3153 dum
1401 3124 1654 3170 Ambassiatoribus
1681 3127 1850 3170 Adverfizrii
1871 3129 1953 3168 nostri
1973 3134 2095 3161 Franciae
2109 3156 2118 3170 ,
2144 3135 2215 3165 infra
2242 3136 2376 3176 Regnum
2398 3143 2450 3165 Aa.
2474 3150 2497 3167 i.

1316 3162 1445 3206 nostrum
1460 3164 1570 3208 Angliae
1580 3174 1640 3202 Jam
1654 3164 1850 3204 existentibus,
1868 3177 1901 3197 ac
1920 3168 2112 3201 Servientibus
2131 3173 2164 3202 &
2186 3173 2376 3207 Familiaribus
2399 3181 2431 3203 H.
2451 3187 2479 3212 5.

1315 3200 1385 3240 suis,
1404 3202 1556 3246 aCiwtate
1577 3203 1672 3234 nostra
1694 3204 1855 3235 Londoniae
1869 3228 1879 3244 ,
1906 3209 1991 3245 usque
2014 3208 2133 3239 Portum
2154 3210 2309 3244 Dor-orriae
2332 3214 2376 3245 vel
2396 3219 2455 3243 Par.
2479 3222 2504 3245 r.'

1314 3239 1555 3285 Sutharnptoniae,
1576 3252 1660 3280 quem
1675 3243 1761 3273 iidem
1777 3243 1996 3276 Ambaffiatores
2012 3257 2065 3284 pro
2078 3247 2206 3279 Transito
2230 3252 2263 3281 &
2286 3251 2377 3284 Paffi-
2390 3257 2425 3281 H.
2444 3263 2475 3289 5=

1314 3287 1362 3316 gio
1374 3279 1530 3323 suis-versus
1552 3290 1642 3318 partes
1663 3281 1789 3312 Franciae
1811 3283 1911 3321 eligere
1931 3285 2087 3324 voluerint,
2111 3289 2255 3319 necessarii
2274 3291 2377 3323 fuerint
2394 3299 2417 3329 p.
2438 3302 2466 3328 5-

1317 3325 1375 3347 tam
1389 3320 1458 3348 inira
1472 3318 1643 3362 Libertates,
1662 3321 1747 3358 quarn
1760 3330 1835 3352 extra
1851 3322 1968 3356 (Feodo
1981 3322 2114 3354 Eccleliae
2127 3335 2159 3356 ac
2177 3327 2264 3358 Afftis
2286 3329 2378 3361 Caru—
2397 3342 2433 3360 m.
2449 3330 2527 3367 29.d‚

1316 3365 1413 3386 carum
1432 3359 1574 3400 exceptis)
1602 3367 1654 3397 pro
1676 3358 1807 3389 Denariis
1829 3359 1947 3398 nostris,
1972 3365 2107 3402 prompte
2128 3365 2161 3394 &
2180 3367 2378 3399 rationabiliter

1316 3394 1466 3439 solvendis,
1485 3396 1692 3436 Arestandum,
1710 3396 1907 3437 Capiendum,
1931 3401 1964 3429 &
1985 3399 2218 3442 Providendum3

1354 3432 1391 3463 Et
1404 3434 1470 3478 ideo
1485 3436 1536 3464 tibi
1549 3434 1732 3473 Praecipimus
1747 3436 1826 3474 quod
1841 3439 1916 3468 circa
1933 3437 2077 3470 Praemiffa
2090 3440 2378 3484 diligenterintendas,

1316 3472 1349 3503 &
1364 3482 1396 3502 ea
1410 3473 1491 3503 facias
1502 3474 1535 3504 ὃ(
1547 3475 1689 3512 exequaris
1703 3475 1732 3504 iri
1752 3476 1844 3506 forma
1857 3476 2002 3512 praedicta:

1354 3510 1466 3555 Damus
1480 3521 1575 3542 autem
1591 3513 1720 3542 universis
1735 3514 1769 3544 &
1790 3514 1904 3551 fingulis
1928 3514 2155 3548 Vicecomitibus
2170 3541 2180 3556 ,
2205 3518 2377 3560 Majoribus‚

1314 3548 1434 3588 Ballivis,
1455 3548 1686 3588 Constabulariis,
1705 3551 1878 3590 Praepolitis,
1895 3552 2053 3593 Ministris,
2070 3556 2101 3585 &
2118 3557 2175 3586 aliis
2192 3557 2329 3588 Fidelibus
2343 3560 2377 3591 ὃς

1315 3587 1439 3619 Subditis
1454 3589 1570 3627 nostris,
1589 3589 1660 3619 infra
1675 3590 1844 3629 Libertates,
1864 3593 1897 3621 &
1917 3601 2008 3630 exrra,
2032 3594 2151 3624 Tenore
2179 3595 2379 3636 Praescnt'ium,

1316 3625 1433 3657 firmiter
1447 3628 1476 3657 in
1493 3628 1628 3657 mandatis
1643 3629 1724 3665 quod
1738 3629 1828 3667 Tibi,
1845 3631 1873 3658 in
1889 3629 2068 3661 Executione
2083 3632 2308 3671 Prieniissorum,
2325 3634 2373 3666 In-

1315 3664 1460 3734 terlidentes
1475 3666 1545 3734 sing}
1559 3664 1762 3705 consulentes,
1783 3668 1816 3697 &
1831 3668 2016 3708 Auxiliantes‚
2034 3680 2116 3707 prout
2131 3671 2220 3700 dccet-

1365 3713 1383 3732 n
1402 3714 1437 3734 cu
1448 3714 1478 3735 us
1546 3713 1573 3734 c.

1370 3714 1458 3774 Test'e
1475 3727 1558 3783 l'lege
1571 3743 1643 3782 apud
1661 3743 1917 3784 Westmonasterium
1932 3746 2069 3776 vicefirno
2083 3747 2165 3775 terrio
2179 3745 2226 3776 die
2244 3747 2379 3786 Januarii'.

1950 3823 2003 3850 Per
2020 3820 2102 3859 ipfitm
2118 3823 2224 3859 Regem.

2333 4095 2380 4123 De
