2562 4274
810 177 919 218 ET
1003 178 1262 220 ACTA
1346 177 1812 222 PUBLICA.
2280 199 2358 236 197

1315 300 1320 306 ,
1334 262 1368 292 In
1384 272 1437 302 qua
1473 264 1568 295 uidem
1586 274 1678 296 autern
1694 266 1897 297 conventione
1912 265 2048 304 speramus
2064 268 2097 299 &
2111 267 2251 299 credimus
2274 269 2357 300 infal-
2375 270 2449 301 Ann.
2460 270 2503 303 D.

1301 299 1429 339 libiliter,
1483 303 1548 334 tatia
1564 303 1620 334 Dei
1633 305 1844 343 interveniente,
1857 305 1888 336 ὃ(
1907 306 1947 335 illa
1968 307 2107 337 mediante
2121 307 2260 346 diligentia
2271 319 2355 346 quam
2401 319 2487 350 1433.

1303 338 1419 384 fideliter
1433 341 1465 370 &
1480 341 1631 373 efficaciter
1647 344 1674 372 in
1692 342 1851 381 hujusmodi
1869 343 1999 382 Negotio
2013 344 2225 384 adhibebimus,
2252 347 2354 378 Consi-
2372 353 2435 377 Hen.
2455 354 2484 377 ο,

1302 376 1395 408 derata
1408 379 1516 415 insuper
1538 379 1688 411 affectione
1713 381 1830 420 magna,
1854 392 1938 419 quam
1961 392 2061 420 gerunt
2081 383 2114 413 ad
2138 383 2249 414 Bonum
2269 384 2354 416 dietae

51 266 126 298 Ann.
140 264 182 297 D.
225 263 370 331 1Ετ-(Ῑυὲἐά
384 271 491 331 οωᾶιεᾶ
497 260 694 331 (ἓξουςίυείὶιξ,
711 271 760 306 per
771 262 855 331 ipfiagzc
866 266 993 331 Comitegn
1008 263 1112 332 insthac
1134 271 1209 302 parte
1224 263 1265 295 fa-

53 315 124 374 Hlfii}
131 315 166 374 ἶἒξ.
203 303 484 411 ῗιείὲὶὲιέτίξῖἓῐξῗυὸά
493 310 983 378 ti)regierLilsosCoirictjffgiilici?'nostliacimngn
992 312 1126 372 rissahraiistir
1149 340 1185 372 ab
1201 339 1259 371 aliis

206 390 236 411 in
277 388 361 416 xemp
372 386 430 408 um.

50 1551 178 1589 *ΧΠ-6.

47 1683 128 1717 Ann.
135 1682 178 1716 D,

76 1732 163 1763 1433·

44 1765 99 1790 Aa.
123 1771 164 1790 ix.

47 1804 83 1828 H.
97 1802 125 1828 6.

44 1841 87 1865 ,Ἐκ
101 1841 160 1866 Au-

44 1883 110 1913 togr.

611 452 675 484 Hiis
692 452 841 492 Testibus,

238 528 451 561 Venerabilibus
469 529 615 568 Patribus,

241 569 358 600 Henrico
372 567 562 609 Cantuarienfi
575 568 660 598 totius
672 566 782 606 Angliae
799 566 932 605 Primate,

241 606 279 639 Et
296 607 429 645 Johanne
445 606 564 636 Eborum
581 606 626 636 An
648 607 691 636 liae
705 606 845 644 primate,
863 605 1096 646 Arcliiepiscopis‚

238 647 271 684 J.
291 645 412 676 Bathon.
431 644 470 679 ὠ·
489 643 603 675 Wllen.
642 644 800 676 ‘ancellario
815 643 930 683 nostro,

1302 414 1396 455 Pacis,
1416 418 1535 455 Regina,
1552 420 1682 455 Domini,
1701 420 1732 449 ὃ(
1758 423 1907 456 Magnates
1927 421 2059 451 antedicti
2073 443 2083 459 ,
2108 430 2193 459 prout
2212 423 2296 452 nobis
2312 423 2352 454 fe-

1300 463 1399 484 cerunt
1413 455 1576 493 significari,
1600 456 1726 496 sequetur
1749 457 1868 488 effeetus
1893 457 1974 489 Pacis
1993 468 2163 498 peroptatam
2188 459 2353 492 dummodo

1300 492 1524 561 giffogekllphinz
1535 493 1571 524 de
1583 495 1719 534 aliquibus
1733 495 1830 526 Terris
1843 497 1875 527 ὃς
1892 496 2040 527 Dominiis
2053 497 2181 529 Provisio
2204 497 2250 530 fiat
2273 508 2353 530 nota-

1321 540 1361 559 iis
1445 535 1510 562 onel
1525 542 1548 561 a.

1336 568 1355 586 ²*
1378 568 1422 598 [T
1434 577 1503 607 aivi,
1523 570 1543 599 fi
1550 567 1670 608 praefato
1685 573 1799 601 Domino
1813 581 1868 601 meo
1881 575 1946 610 Regi
1966 574 2171 611 complacitum
2186 577 2237 608 erit
2257 575 2350 615 quod,

1298 615 1348 643 per
1363 606 1495 651 Medium
1510 607 1595 638 dietae
1608 609 1830 648 Conventionis,
1849 611 1881 640 ad
1898 611 2010 641 Bonum
2026 612 2111 643 ‹iictae
2124 613 2203 645 Pacis
2224 615 2350 646 intenda-

1299 652 1362 681 tur,
1382 654 1525 677 mittemus
1540 647 1729 678 incontinenti
1744 648 1861 687 praefatis
1874 651 1996 687 Reginae,
2022 653 2160 691 Dominis,
2175 654 2207 683 &
2227 657 2349 692 Magna-

241 685 286 713 W
306 684 433 723 Ljnsolm
1298 681 1388 720 tibus,
1406 683 1440 713 ad
1459 685 1514 714 hoc
1528 685 1626 723 quod,
1644 684 1704 715 Die
1717 686 1749 716 &
1765 686 1867 724 Loco,
1884 690 1930 725 qui
1945 697 1993 726 per
2013 690 2158 725 praefatum
2183 691 2346 723 Dominum

236 720 277 752 Et
296 724 331 751 Ρ,
341 722 434 753 Elim·
1298 729 1395 751 meum
1411 721 1522 760 Regem
1535 723 1694 761 eligentur,
1710 725 1749 754 fic
1765 733 1794 754 ut
1808 725 1966 763 praefertur,
1986 727 2015 756 iri
2031 725 2155 759 Pcrsonis
2171 729 2222 760 suis
2240 740 2348 761 conve-

239 760 402 800 Episcopi,²
1297 760 1394 795 niant,
1412 758 1493 791 Rece
1515 762 1569 791 turi
1583 763 1618 791 ab
1635 762 1737 792 eisdem
1751 764 1886 801 (excepto
1898 775 1914 794 a
1936 764 2016 794 dieto
2035 768 2134 795 Comite
2157 771 2345 809 Armigniaci)

235 797 361 829 Praefato
376 798 508 835 Regente
523 796 655 836 Johanne
667 795 834 837 Bedfirdiae,

238 835 277 867 Et
289 834 435 875 Humfrido
451 835 618 876 Gloucestriae
626 858 636 873 ,

233 874 392 905 Avunculis
407 874 508 905 nostris
527 873 685 911 cariffimis,

1296 806 1346 834 per
1359 796 1489 836 Triginta
1537 800 1572 842 ies
1589 809 1652 830 ante
1669 799 1776 838 Diem,
1795 811 1846 840 pro
1859 801 2062 833 Conventione
2090 805 2246 844 hujusmodi
2272 810 2350 841 lirni-

1297 843 1406 882 tatum,
1424 836 1651 883 Responsionem¹
1661 838 1740 877 super
1756 838 1914 870 Intentione
1925 850 2026 883 eorum
2039 845 2067 885 in
2083 841 2134 874 hac
2149 853 2226 883 parte
2235 869 2245 884 ,
2261 858 2347 886 quam

1299 873 1412 904 indilate
1446 875 1542 905 raefato
1559 876 1694 906 Domino
1701 887 1756 906 meo
1769 880 1833 914 Regi
1845 878 1889 907 vel
1906 888 1963 916 ejus
1970 878 2107 910 Concilio
2119 882 2349 925 fignificabi'mus,

235 912 385 951 Ducibus²
1296 920 1408 954 necnon
1455 913 1602 952 esponsum
1617 914 1685 944 dieti
1700 918 1808 944 Comitis
1821 918 1994 953 Armigniaci
2012 927 2061 956 per
2084 918 2166 950 0610
2190 921 2262 953 Dies
2283 934 2350 956 ante

237 951 352 981 Ricardo
372 954 546 989 [stay-ravim,
1295 948 1384 979 Diem
1401 949 1606 982 Conventionis
1622 953 1649 982 su
1674 954 1794 983 radiiffae.

238 988 386 1029 Humfrido
399 988 564 1027 Staffiirdiae,
1331 986 1375 1018 ΙΤ
1386 997 1441 1019 ΕΜ
1452 1013 1461 1027 ,
1480 989 1562 1029 licet,
1579 1000 1629 1028 per
1685 991 1817 1029 iligentias
1836 992 2013 1030 Laboresque
2034 993 2163 1033 nostros,
2189 998 2223 1028 &
2244 998 2349 1033 Medio

239 1027 278 1059 Et
293 1031 335 1058 W
334 1027 442 1058 illielmo
456 1026 585 1065 Suffialciae
598 1024 755 1056 Senescallo
767 1024 889 1064 Hospitii
902 1024 988 1056 nostri
998 1048 1008 1065 ,

238 1066 461 1104 Consanguineis
474 1065 577 1096 nostris
592 1063 754 1103 carissimis,

236 1105 400 1136 Comitibus

230 1142 372 1181 Radulpho
390 1128 422 1172 d'e
435 1140 584 1172 Crumwell
595 1141 778 1172 Thesaurario
793 1140 900 1179 nostro,

233 1181 280 1226 Et'
291 1181 412 1226 Waltero
424 1179 603 1219 Hungerford
610 1202 620 1218 ,

232 1220 539 1328 &ialgifiiffsssillielmo
552 1257 725 1299 Lynnewode
740 1255 870 1287 Custode
885 1255 988 1286 Privati
1004 1255 1091 1295 Sigilli
1113 1257 1212 1298 nostri,

264 1306 274 1329 t
288 1308 304 1328 a
315 1306 354 1328 iis.
755 1327 758 1329 Α

234 1372 371 1443 ΙΞᾳτΆρετ
386 1372 510 1443 {ganum
526 1373 650 1405 nostram
662 1372 732 1413 apud
741 1370 1006 1413 westmonasterium,
1016 1370 1146 1404 Decimo
1155 1373 1247 1411 Qiar-

199 1420 232 1444 to
267 1423 292 1444 ie
334 1422 389 1452 ugu
417 1423 435 1443 1.

200 1536 219 1556 ³*
240 1540 335 1583 Super
352 1535 538 1570 Liberatione
556 1538 651 1569 Ducis
666 1537 884 1570 Aurelianems
900 1562 909 1576 ,
936 1540 972 1574 &⁶
997 1538 1144 1570 Trafiatu
1163 1564 1172 1579 ‚
1192 1549 1248 1584 pro

229 1589 307 1620 Pace
327 1590 405 1619 inter
424 1589 524 1632 Regna
534 1586 649 1632 Angliae
669 1589 706 1624 <³7
727 1587 856 1618 Francia
865 1583 1065 1628 Instauranda
1081 1585 1224 1620 habendo.

197 1676 365 1731 I<Arolu5
379 1678 450 1706 Dux
465 1673 669 1715 Aurelianensis
681 1672 719 1707 ὠ
736 1673 847 1715 Valesii,
865 1679 956 1703 Comes
977 1674 1116 1716 Astenfis,
1134 1674 1245 1714 BlesZn.

284 1725 324 1753 ις,
340 1713 378 1749 &
396 1713 581 1752 existimantis,
598 1724 630 1743 ac
643 1714 773 1744 Dominus
789 1716 907 1741 Couciact
919 1736 928 1750 ,
946 1715 1098 1752 omnibus,
1124 1715 1159 1745 ad
1177 1726 1248 1754 quos

196 1761 254 1789 prae
266 1762 342 1783 entes
356 1752 460 1783 nostrae
477 1752 582 1782 Literae
598 1751 790 1787 pervenerint,
808 1750 943 1781 Salutem.

236 1790 317 1821 Cum
329 1789 429 1828 saepiiis
444 1800 493 1829 per
509 1788 577 1823 Nos
590 1788 753 1818 Oblationes
765 1789 894 1827 quaedam
904 1812 913 1827 ,
931 1788 981 1819 sub
997 1798 1071 1821 certa
1089 1790 1249 1823 distinetio-

196 1838 232 1860 ne
249 1829 441 1860 Articulorum
457 1851 467 1866 ,
496 1827 714 1857 Cristianisfimo
727 1827 759 1857 &
774 1827 954 1858 Serenissimo
972 1827 1112 1867 Principi,
1138 1830 1247 1862 Domi-

195 1877 236 1897 no
249 1876 316 1897 meo
329 1869 463 1904 Henrico,
477 1869 642 1895 Francorum
656 1863 695 1900 ῤ’
708 1865 821 1903 Angliae
835 1867 899 1903 Regi
915 1888 925 1904 ,
951 1877 984 1898 ac
1011 1870 1127 1897 Domino
1145 1870 1247 1899 Hiber-

193 1908 264 1944 niae,
279 1906 309 1935 in
322 1905 428 1943 scriptis
440 1904 652 1943 porredmrum,
670 1903 775 1946 nostro⁴
788 1914 866 1935 meio
882 1913 961 1936 motu
976 1928 985 1944 ,
1001 1915 1034 1936 ac
1054 1907 1133 1944 pura,
1159 1908 1246 1939 libera

194 1945 228 1975 &
243 1943 395 1981 spontanea
409 1944 553 1974 voluntate
591 1942 692 1980 absque
703 1942 850 1981 Suasione,
870 1942 1023 1984 petitione,
1042 1946 1084 1975 vel
1100 1945 1247 1978 Inductio-

195 1992 233 2014 ne
249 1982 332 2020 ipfius
350 1981 471 2012 Domini
488 1982 542 2011 mei
587 1982 661 2020 egis,
679 1989 726 2010 aut
740 1981 871 2019 suorum,
889 1981 972 2013 faetae
988 1983 1108 2021 fuissent,

232 2020 269 2050 Et
284 2021 362 2051 dieto
378 2020 511 2051 Domino
528 2029 594 2050 meo
608 2019 683 2059 Regi
699 2028 747 2059 per
762 2018 830 2050 Nos
843 2029 910 2050 curn
924 2022 1007 2052 omni
1031 2022 1161 2055 instantia
1183 2034 1244 2055 cre-

193 2060 304 2091 berime
321 2059 504 2096 supplicatum
523 2066 571 2096 ut,

230 2096 413 2129 Considerata
427 2096 534 2137 prolixa
548 2095 643 2126 nostra
659 2097 837 2136 captivitate,
852 2107 906 2136 qua
920 2098 989 2136 jam,
1007 2108 1022 2129 a
1036 2100 1175 2131 nonnullis
1183 2100 1244 2132 An-

192 2136 250 2173 nis,
268 2136 356 2174 apud,
374 2137 479 2167 inclitae
495 2134 925 2172 recordationis,Invietiffimum
943 2135 1118 2176 Principem,
1131 2137 1244 2171 Patrem

191 2175 262 2205 dieti
280 2174 401 2205 Domini
418 2176 475 2204 mei
490 2173 594 2213 Regis,
612 2174 646 2204 δε
659 2173 780 2203 eundem
805 2173 970 2205 Dominum
992 2186 1090 2207 meum
1113 2176 1244 2218 Regem,

192 2214 359 2245 tenebamur
371 2214 404 2244 &
419 2223 549 2244 tenemur
567 2214 602 2243 de
615 2211 756 2250 praesenti,

228 2251 420 2282 Humanitatis
433 2252 533 2282 intuitu
546 2261 578 2281 ac
594 2249 665 2280 illius
681 2250 852 2281 fincerisfimi
867 2261 900 2282 ac
918 2252 1117 2292 fingulariffimi
1139 2254 1245 2287 defide-

192 2290 245 2328 rii,
262 2300 321 2330 quo
333 2289 368 2321 fla
389 2301 478 2321 ramus
492 2289 527 2320 ad
542 2290 657 2326 diligens
674 2290 707 2320 ὃς
726 2288 806 2319 fidele
822 2289 987 2328 obsequium
1000 2294 1081 2322 omni
1099 2293 1179 2331 posse
1193 2305 1246 2325 no—

194 2327 254 2358 stro
270 2329 349 2359 dieto
398 2330 500 2360 omino
520 2338 587 2359 meo
607 2327 682 2366 Regi
705 2327 946 2367 impendendum,
972 2330 1027 2361 sive
1048 2333 1247 2370 promovendo

193 2367 228 2397 &
241 2367 418 2404 procurando
434 2368 539 2398 Pacem
553 2369 623 2397 inter
640 2375 705 2397 eum
720 2366 754 2397 ὃ(
771 2366 904 2397 Karolum
924 2368 1087 2406 Delphinum
1107 2371 1165 2408 eius
1186 2372 1246 2403 Ad-

192 2405 359 2444 versarium,
376 2406 433 2437 five
445 2405 577 2437 faciendo
591 2414 638 2442 per
655 2403 721 2434 Nos
735 2405 768 2435 δε
786 2405 910 2436 Nostros
920 2407 1012 2437 eidem
1029 2408 1161 2440 Domino
1179 2421 1246 2441 meo

192 2441 271 2512 glegi
282 2444 412 2513 auffquae
426 2445 460 2476 ad
475 2443 605 2475 nostrum
619 2441 774 2473 Honorem
797 2445 897 2483 pariter
919 2447 951 2478 ὃ(
977 2445 1178 2480 Commodum
1199 2459 1246 2481 ce-

213 2492 259 2513 ere
292 2493 311 2513 o
336 2492 384 2513 ent

229 2492 405 2558 Dignaretu'r
418 2521 463 2551 sua
476 2521 611 2552 Serenitas
627 2519 794 2551 Oblationes
812 2521 920 2552 nostras
942 2521 1125 2563 infrascriptas
1147 2526 1246 2566 benig-

191 2559 231 2589 ne
244 2559 302 2589 tarn
319 2561 450 2598 respicere
465 2561 550 2598 quam
567 2558 729 2597 admittere,
747 2559 780 2589 ὃ(
797 2560 899 2590 nostrae
913 2561 1102 2600 Liberationi,
1121 2566 1248 2596 conside-

191 2598 301 2629 ratione
316 2597 548 2636 Praemifforum,
566 2597 717 2636 praesertim
731 2607 779 2636 per
796 2597 928 2629 Medium
943 2599 1130 2632 Oblationum
1147 2604 1249 2640 praedi-

192 2636 322 2682 (Siarum,
341 2646 389 2674 per
401 2646 454 2667 nos
467 2660 476 2676 ,
499 2637 569 2668 Deo
595 2635 687 2675 duce,
709 2635 823 2667 fideliter
843 2637 1048 2675 implendarum
1066 2663 1076 2679 ,
1103 2641 1248 2674 intendere

214 2683 322 2712 ratiose,

193 2682 212 2713 g
231 2712 346 2742 Eodem
361 2712 475 2743 tandem
491 2713 561 2743 dicio
579 2715 694 2743 Domino
708 2724 762 2742 meo
776 2715 857 2750 Rege,
874 2713 910 2744 de
921 2715 1091 2746 avifiimento
1106 2718 1140 2749 &
1158 2719 1247 2750 assen-

193 2750 224 2782 su
239 2750 444 2781 cariffimorum
457 2751 624 2782 Patruorum
640 2751 752 2781 suorum
775 2751 928 2791 Bedftrdiae
951 2754 983 2784 δε
1002 2754 1169 2796 Gloucestriae
1187 2761 1249 2788 Du-

194 2799 267 2826 cum,
284 2798 316 2818 ac
330 2787 565 2820 Reverendiffimi
581 2791 609 2820 in
625 2789 742 2820 Christo
758 2790 845 2820 Patris
867 2792 1021 2821 Cardinalis
1039 2795 1162 2832 Angliae‚
1178 2806 1246 2828 nec-

193 2837 254 2857 non
269 2835 436 2857 caeterorum
454 2826 686 2859 Consiliariorum
706 2829 819 2858 suorum
834 2830 861 2859 in
875 2829 992 2869 Angiia,
1012 2832 1113 2863 nostris
1132 2835 1247 2866 humili-

193 2866 246 2897 bus
259 2863 416 2903 lnstantiis,
435 2864 570 2896 Precibus
581 2889 590 2904 ,
606 2868 639 2897 &
656 2866 804 2905 Requestis
818 2877 957 2899 annuente
981 2871 1015 2901 &
1034 2871 1167 2904 inclinato
1202 2875 1247 2904 in-

193 2913 234 2934 ter
247 2904 370 2934 eundem
379 2904 541 2943 Dominum
556 2914 651 2935 meum
661 2904 774 2943 Regem
788 2906 821 2936 <Se
835 2905 1152 2948 NosAppuntstuatum,
1161 2896 1245 2942 Con-

193 2951 322 2980 ventum,
339 2944 372 2974 &
387 2941 607 2973 Concordatuni
624 2943 676 2973 fuit
689 2944 721 2973 ὃς
738 2942 778 2972 est
796 2945 825 2973 in
840 2954 906 2974 eum
920 2947 968 2983 qui
983 2947 1103 2984 sequitur
1115 2951 1246 2988 modurn,

229 2980 448 3019 INPR1Mls‚
467 2981 485 3011 fi
509 2981 615 3021 placeat
636 2981 753 3020 praefato
775 2981 908 3012 Domino
926 2986 1042 3014 Henrico
1062 2988 1182 3017 Franciae
1207 2988 1245 3022 «ᾗ»

192 3019 306 3057 'Angliae
318 3021 399 3057 Regi,
417 3020 451 3050 &
466 3019 515 3049 sibi
539 3020 687 3058 expediens
708 3020 849 3058 videatur,
873 3023 952 3058 quod
975 3025 1104 3060 primitus
1126 3027 1159 3057 &
1181 3036 1244 3057 ante

194 3059 294 3088 omnia
306 3057 341 3088 ad
356 3058 469 3088 Bonum
484 3057 562 3088 Pacis
718 3058 833 3088 suorum
850 3059 873 3088 F
875 3061 977 3090 ranciae
992 3061 1024 3091 &
1048 3062 1160 3103 Angliae
1182 3064 1243 3095 Re-

193 3105 318 3136 gnorum
325 3106 374 3134 per
386 3095 555 3127 Tractatum
570 3097 734 3134 diligentem
751 3095 901 3127 efficaciter
917 3099 1074 3130 intendatur
1087 3111 1092 3130 z
1112 3103 1144 3131 &
1161 3112 1244 3133 com-

195 3136 307 3165 mittere
320 3134 388 3164 velit
398 3134 506 3172 aliquos
519 3135 665 3166 Dominos
682 3134 720 3164 sui
741 3134 887 3172 Sanguinis
906 3146 938 3166 ac
964 3137 1032 3168 alios
1048 3138 1084 3170 dc
1108 3139 1244 3171 Concilio

193 3174 258 3210 suo,
277 3171 433 3203 Instruc’tos
448 3172 482 3202 de
495 3172 540 3204 sua
561 3174 722 3205 Inter-itione
740 3172 816 3211 super
838 3173 955 3204 Materia
978 3176 1063 3206 didiae
1083 3177 1177 3216 Pacis,
1195 3182 1243 3217 qui

192 3212 262 3241 ultra
278 3210 379 3249 Mare,
398 3212 427 3240 in
445 3209 570 3250 Calesio,
587 3220 634 3243 aut
648 3212 702 3242 alio
719 3211 804 3242 Loco
825 3221 969 3251 congru0,
995 3216 1143 3250 praesertim
1166 3226 1196 3247 ut
1215 3219 1242 3248 in

192 3249 396 3287 Normannia,
414 3249 462 3279 ubi
487 3249 542 3279 suae
563 3250 698 3289 placuerit
721 3250 884 3289 Serenitati,
908 3254 1093 3283 conveniant:
1121 3254 1157 3285 Et
1179 3256 1245 3287 Nos

193 3297 263 3318 cum
276 3288 314 3318 eis
327 3287 376 3317 illo
386 3287 519 3318 vadamus
533 3288 563 3317 in
584 3287 703 3318 Persona
725 3290 799 3319 circa
822 3288 980 3320 Decimum
1004 3292 1133 3327 quintum
1156 3292 1244 3325 Diem

193 3325 302 3356 Mensis
317 3324 455 3356 Ostobris
468 3327 562 3365 primo
576 3327 705 3363 venturi,
721 3326 764 3357 vel
777 3327 831 3357 alio
848 3328 963 3358 fortassis
979 3328 1037 3359 Die
1052 3330 1084 3360 ad
1101 3331 1157 3362 hoc
1172 3343 1244 3370 prse-

192 3364 322 3402 figendo,
342 3363 546 3395 Laborabimus
561 3365 594 3396 &
611 3363 778 3395 Efficiemus
793 3366 890 3403 quod,
904 3366 961 3396 Die
980 3368 1013 3398 ὃς
1036 3367 1122 3400 Loco
1143 3371 1245 3409 praedi-

193 3403 263 3440 ἂίε,
283 3402 321 3433 fic
334 3400 509 3441 aslignand'is,
526 3402 700 3440 personaliter
711 3404 884 3434 convenient
900 3403 1046 3445 Domina,
1067 3406 1244 3447 Domini,&

192 3440 342 3479 Magnates
355 3442 405 3479 qui
418 3441 583 3480 sequuntur,
600 3441 748 3478 videlicet,

229 3480 259 3510 Si
277 3480 339 3510 casu
354 3480 446 3516 aliquo
459 3481 487 3510 in
501 3478 683 3510 Normannia
697 3478 743 3510 fiat
756 3488 909 3511 memorata
931 3480 1114 3523 Conventio,

226 3521 329 3555 Regina
347 3517 449 3547 Ceciliae
458 3541 468 3556 ,

223 3556 342 3587 Karalus
356 3557 414 3595 ejus
424 3556 525 3595 Filius,

225 3597 295 3624 Dux
313 3597 484 3633 Britanniae,

227 3632 374 3663 Arthurus
391 3633 424 3664 ὃς
437 3632 567 3664 Ricardus¹
582 3632 615 3662 de
629 3636 797 3672 Britannia,
814 3634 933 3672 ejusdem
960 3634 1053 3666 Ducis
1074 3636 1190 3676 Fratres,

225 3675 296 3701 Dux
310 3672 441 3710 quondam
453 3671 596 3701 Alenconii
604 3694 613 3709 ,

227 3712 341 3739 Comites
356 3713 544 3748 Armigniaci,
563 3713 652 3748 Fuxi,
670 3710 824 3749 Perdriaci,

226 3747 357 3814 Remeffs
365 3748 414 3788 seu
430 3748 625 3789 Ebredunenfis
641 3748 805 3788 Archiepfi.

229 3787 308 3814 Karo
318 3795 348 3814 us
361 3788 391 3816 de
406 3788 539 3817 Borbom'o
556 3787 636 3819 Duci
653 3786 781 3818 Boi’boni
802 3787 903 3826 Filius,

226 3821 266 3854 Et
275 3822 412 3862 Epifiopus
428 3825 532 3856 Belira.

228 3899 260 3931 Si
274 3901 347 3930 vero
360 3899 390 3929 in
404 3898 512 3933 Calesio
521 3903 578 3941 jam
590 3902 666 3933 dieta
681 3902 847 3934 Conventio
862 3901 925 3940 fiat,
942 3905 1054 3935 venient
1074 3904 1107 3935 &
1127 3903 1242 3936 aderunt

191 3939 297 3970 ibidem
315 3939 344 3967 in
359 3937 498 3978 personis,
516 3951 615 3972 omnes
631 3943 664 3972 ὃ(
680 3941 776 3980 singuli
802 3941 966 3981 supradiffl,
993 3952 1089 3981 praeter
1114 3947 1242 3981 Reginam

184 3977 390 4017 fitpradift‘am‚
407 3986 440 4006 ac
456 3980 555 4009 Ducem
572 3982 745 4017 Britanniae,
771 3980 802 4009 &
829 3984 956 4010 Comitem
976 3985 1147 4018 Armigniaci
1172 3991 1242 4021 prae-

191 4016 302 4054 dictos,
319 4024 390 4054 quos
405 4014 446 4044 ob
461 4017 549 4047 causas
561 4017 693 4057 legitimas
704 4028 760 4047 non
777 4026 904 4056 putamus
919 4020 1001 4059 usque
1014 4020 1048 4050 ad
1060 4020 1170 4052 dictum
1184 4019 1242 4053 Ca-

190 4053 248 4084 lesii
266 4053 382 4085 Locum
396 4052 476 4094 posse
487 4055 663 4094 personaliter
681 4055 836 4097 proficisci:

1294 1026 1393 1057 nostro
1428 1027 1484 1058 Pax
1499 1028 1646 1060 Generalis
1663 1030 1694 1060 ὃ(
1710 1030 1843 1068 Perpetua
1859 1031 2043 1061 concludatur
2058 1033 2092 1063 &
2106 1032 2167 1071 fiat,
2186 1036 2256 1066 inter
2272 1048 2344 1076 prae-

1293 1063 1383 1107 fatum
1400 1049 1564 1097 Dominum
1579 1078 1673 1099 meum
1690 1070 1835 1098 Henricum
1849 1072 1944 1106 Regem
1956 1070 1990 1101 ὃ(
2003 1072 2169 1102 αηῑεᾶἰέῖιυη
2184 1074 2345 1113 Delphinum

1293 1112 1350 1139 ejus
1365 1103 1576 1145 Adversarium,
1593 1116 1625 1136 ac
1641 1106 1766 1137 Franciae
1781 1108 1814 1137 ὃς
1832 1107 1944 1145 Angliae
1957 1108 2236 1147 Regna,Offerimus
2253 1122 2348 1147 tamen

1293 1141 1327 1170 &
1343 1144 1548 1182 promittimus,
1567 1155 1618 1182 pro
1634 1145 1733 1182 majori
1748 1145 1900 1176 Securitate
1916 1147 1948 1176 &
1962 1146 2116 1178 Stabilitate
2137 1150 2222 1180 dicitae
2247 1152 2329 1184 Pacis

1293 1178 1405 1210 favente
1420 1181 1555 1213 Domino
1568 1183 1776 1214 concordandae
1787 1206 1797 1221 ,
1835 1184 1892 1214 uod
1908 1185 1936 1213 in
1950 1183 2059 1222 Regno
2073 1187 2204 1226 Angli'ae,
2222 1199 2272 1226 per
2280 1177 2348 1223 An-'

1293 1226 1363 1262 num
1373 1219 1543 1264 xintegraliter
1556 1222 1733 1258 completum
1744 1244 1753 1259 ,
1771 1231 1809 1260 po
1837 1232 1920 1260 quarn
1935 1221 1993 1253 Pax
2007 1224 2061 1262 ipsa
2083 1224 2166 1256 fuerit
2186 1230 2347 1261 executioni

1292 1256 1388 1286 debite
1401 1257 1580 1297 demandata,
1599 1261 1627 1289 in
1645 1259 1764 1290 Persona
1776 1260 1870 1291 nostra
1885 1262 2021 1292 continue
2037 1261 2170 1295 stabimus
2180 1267 2213 1296 &
2230 1268 2336 1299 erimus

1292 1293 1362 1324 sicut
1377 1295 1410 1325 &
1426 1297 1519 1326 sumus
1533 1297 1568 1328 de
1583 1298 1723 1334 praesenti:
2335 1292 2346 1308 ²

1330 1332 1402 1371 Qio
1417 1335 1534 1372 quidem
1550 1334 1638 1365 Anno
1649 1335 1729 1365 finito
1745 1337 1778 1367 &
1794 1337 1958 1376 completo,
1977 1338 2117 1370 tenebitur
2136 1340 2213 1372 idem
2238 1342 2346 1376 Domi-

1292 1378 1344 1400 nus
1360 1381 1438 1402 meus
1452 1374 1584 1402 Henricus
1595 1376 1655 1402 Rex
1673 1374 1825 1405 Personam
1839 1375 1964 1406 nostram
1979 1377 2036 1407 fine
2059 1378 2108 1408 alia
2130 1377 2344 1421 Redemptione

1290 1410 1418 1446 expedire
1433 1412 1466 1441 ὃς
1479 1411 1595 1442 liberare
1609 1412 1742 1450 Qiittam
1755 1414 1786 1442 ὃς
1804 1413 1938 1453 Qiietam
1947 1436 1957 1452 ,
1974 1415 2105 1446 faciendo
2120 1425 2215 1448 tamen
2228 1420 2260 1451 &
2274 1431 2346 1458 prae-

1291 1446 1391 1478 stando
1407 1449 1498 1480 eidem
1512 1458 1560 1488 per
1577 1450 1645 1480 Nos
1656 1449 1851 1488 Homagium,
1874 1451 2046 1490 Ligeantiam
2059 1477 2069 1492 ,
2087 1455 2119 1485 δε
2140 1456 2316 1490 Fidelitatem

1330 1485 1429 1524 Quem
1444 1497 1549 1518 exrunc
1562 1488 1595 1519 &
1620 1489 1751 1528 deinceps
1770 1487 2024 1526 Recognorcemus
2046 1494 2150 1532 verbe,
2172 1495 2294 1536 scriptis,
2311 1483 2347 1530 ἐξ

1291 1523 1370 1554 facto
1386 1535 1482 1555 verum
1493 1529 1615 1556 Franciae
1628 1525 1666 1561 ῥ’
1687 1525 1802 1565 Angliae
1824 1529 1919 1564 Regem
1940 1551 1950 1565 ,
1974 1529 2008 1559 &
2029 1532 2132 1562 erimus
2152 1534 2210 1571 ejus
2231 1545 2263 1567 ut
2286 1538 2346 1567 veri

1292 1562 1382 1602 Regis
1396 1564 1420 1593 F
1421 1565 1522 1595 ranciae
1537 1565 1623 1595 fidelis
1635 1564 1740 1595 Homo
1754 1566 1786 1595 &
1799 1565 1887 1602 ligeus
1901 1565 2032 1597 Subditus
2046 1570 2077 1599 ὅ(
2092 1570 2251 1603 Haeredum
2280 1575 2343 1605 suo-

1293 1610 1374 1639 rum,
1389 1602 1423 1632 ad
1436 1602 1600 1633 Vivendum
1615 1604 1647 1634 &
1664 1603 1852 1634 Moriendum
1872 1613 1940 1634 cum
1963 1605 2001 1634 eis
2042 1607 2074 1636 ὅ(
2097 1609 2221 1645 quolibet
2241 1622 2346 1644 eorum

1292 1648 1345 1683 pro
1358 1641 1408 1671 suo
1400 1649 1570 1709 &temporffi
1585 1650 1686 1673 contra
1699 1651 1801 1672 ornnes
1813 1642 1846 1673 &
1862 1642 1982 1681 singulos
1999 1627 2143 1677 Homines
2163 1650 2212 1686 qui
2232 1651 2347 1688 poffunt

1291 1687 1388 1708 vivere
1448 1689 1519 1710 mori

1304 1753 1310 1759 ὴ
1328 1715 1367 1747 Et
1381 1717 1461 1755 quod
1474 1703 1619 1758 nuiiquam
1633 1718 1813 1756 habebimus,
1829 1720 2004 1758 tenebimus,
2023 1728 2069 1752 aut
2091 1723 2295 1765 reputabimus,
2313 1738 2343 1760 a·

1292 1753 1398 1792 liquem
1414 1766 1466 1793 pro
1482 1760 1550 1795 Rege
1563 1759 1703 1796 Franciae,
1730 1758 1779 1787 nifi
1799 1757 1946 1797 praefatum
1974 1761 2121 1789 Dominum
2143 1772 2227 1793 meum
2246 1766 2351 1797 Henri..

1292 1802 1366 1831 cum,
1385 1794 1417 1824 &
1431 1794 1568 1827 Haeredes
1581 1797 1661 1834 suos,
1680 1804 1735 1826 nec
1750 1795 1797 1826 ulli
1811 1806 1935 1833 unquam
1949 1797 2126 1837 obediemus,
2144 1807 2281 1837 tanquam
2293 1807 2347 1834 Re-

1287 1834 1452 1899 ‘fi'Framiae
1467 1857 1478 1872 ,
1503 1834 1554 1865 nisi
1573 1834 1667 1867 eidem
1696 1835 1813 1864 Domino
1830 1845 1886 1865 meo
1907 1837 2023 1865 Henrico
2043 1839 2108 1874 Regi
2128 1838 2160 1869 &
2180 1838 2351 1875 Haeredibus

1304 1879 1351 1900 uis.
1746 1890 1747 1893 =

1328 1907 1342 1938 I
1351 1917 1374 1939 T
1386 1918 1404 1940 E
1416 1918 1460 1949 M,
1478 1911 1557 1949 quod
1568 1934 1578 1949 ,
1597 1911 1617 1941 fi
1634 1912 1778 1950 contingat
1794 1920 1842 1949 pei·
1858 1910 1957 1942 Media
1973 1911 2006 1942 &
2024 1911 2149 1945 Labores
2162 1915 2275 1947 nostros
2289 1917 2349 1951 Pax

1290 1948 1430 1979 antedicta
1444 1950 1525 1980 suum
1539 1959 1599 1979 non
1613 1951 1752 1980 sortiretur
1772 1949 1909 1980 effectum
1929 1958 1958 1980 ut
1977 1953 2171 1990 praemittitur,
2197 1953 2344 1988 Oferitnus

1291 1986 1325 2016 ὃ(
1340 1985 1536 2018 Promittimus
1549 1988 1640 2019 facere
1653 1988 1686 2019 &
1701 1989 1853 2026 adimplere
1860 1989 1960 2019 omnia
1980 1990 2012 2020 &
2031 1990 2134 2029 lingula
2159 2002 2292 2024 contenta
2310 1997 2345 2027 &

1290 2024 1413 2061 expressa
1429 2026 1457 2055 in
1475 2026 1608 2057 Articulis
1622 2028 1672 2065 qui
1685 2028 1853 2065 sequuntur,

1326 2063 1373 2094 IN
1383 2072 1401 2093 P
1410 2073 1434 2094 R
1443 2073 1456 2094 1
1467 2073 1495 2095 M
1504 2072 1516 2094 1
1525 2074 1537 2095 s
1551 2065 1630 2104 quod
1639 2088 1649 2103 ,
1666 2065 1716 2096 ubi
1729 2067 1762 2096 &
1776 2064 1888 2104 quando
1896 2088 1906 2103 ,
1920 2073 1974 2104 pro
1990 2065 2071 2096 Parte
2085 2066 2155 2098 dicti
2171 2067 2347 2103 Christianis-

1290 2100 1351 2132 simi
1364 2102 1502 2143 Principis
1515 2105 1629 2134 Henrici
1641 2106 1763 2134 Franciae
1778 2102 1815 2138 ὠ·
1829 2103 1943 2140 Angliae
1956 2107 2034 2141 Regis
2045 2107 2156 2136 Domini
2174 2112 2227 2137 mei
2250 2112 2346 2148 Supre-

1290 2143 1343 2178 mi,
1362 2142 1463 2172 erimus
1480 2143 1614 2181 requisiti,
1633 2142 1827 2182 praestabimus
1838 2143 1870 2172 &
1882 2143 2013 2172 faciemus
2026 2144 2117 2174 eidem
2131 2144 2264 2176 Domino
2278 2158 2346 2180 meo

1289 2180 1406 2209 Henrico
1418 2182 1482 2217 Regi
1498 2180 1601 2219 (quem
1617 2180 1730 2211 Scimus
1743 2181 1776 2211 &
1792 2179 2037 2219 Recognoscimus
2049 2192 2145 2211 verum
2158 2186 2281 2215 Franciae
2303 2187 2343 2221 &⁴

1288 2217 1403 2255 Angliae
1415 2221 1528 2255 Regem)
1539 2218 1743 2257 Homagiumli
1763 2229 1829 2249 eum
1846 2227 1876 2249 ut
1888 2229 1955 2248 vero
1964 2222 2029 2256 Regi
2037 2222 2158 2250 Franciae
2168 2245 2176 2260 ,
2194 2223 2228 2253 &
2241 2226 2343 2257 erimus

1288 2256 1347 2293 ejus
1361 2265 1392 2287 ut
1405 2259 1481 2294 Regis
1491 2258 1613 2287 Franciae
1627 2256 1714 2287 fidelis
1759 2267 1830 2287 omo
1844 2258 1877 2288 &
1896 2258 1982 2296 ligeus
1994 2258 2128 2289 Subditus
2142 2260 2174 2290 &
2184 2260 2345 2295 Haeredurn

1290 2295 1405 2325 suorum
1415 2318 1425 2333 ,
1441 2297 1474 2326 ad
1493 2295 1655 2326 Vivendum
1672 2296 1705 2326 ὃς
1721 2295 1910 2326 Moriendum
1923 2306 1991 2326 cum
2006 2298 2061 2334 eis,
2086 2298 2120 2328 δε
2143 2300 2272 2336 quolibet
2294 2312 2345 2333 eo-

1290 2343 1353 2364 rum
1367 2343 1421 2373 pro
1436 2333 1487 2364 suo
1505 2342 1652 2371 tempore,
1670 2342 1770 2364 contra
1784 2344 1885 2364 omnes
1900 2334 2044 2365 Homines
2057 2337 2105 2374 qui
2128 2338 2244 2374 possunt
2267 2341 2345 2372 vive-

1290 2382 1320 2403 re
1335 2371 1369 2402 &
1388 2373 1481 2410 mori,
1495 2373 1529 2403 &
1544 2373 1623 2411 quod
1638 2382 1784 2411 nunquam
1797 2373 1974 2412 habebimus,
1991 2374 2150 2406 tenebimus
2164 2398 2174 2414 ,
2196 2386 2242 2408 aut
2264 2388 2347 2417 repu-

1293 2410 1413 2440 tabimus
1426 2411 1544 2450 aliquem
1558 2421 1610 2450 pro
1625 2413 1694 2448 Rege
1710 2414 1832 2441 Franciae
1856 2412 1906 2442 nisi
1924 2412 2070 2451 praefatum
2095 2416 2240 2445 Dominum
2262 2428 2349 2448 meum

1291 2451 1439 2479 Henricum
1452 2450 1485 2480 ὃς
1500 2448 1638 2480 Haeredes
1652 2450 1713 2480 suos
1723 2473 1733 2488 ,
1752 2459 1806 2480 nec
1823 2449 1869 2480 ulli
1883 2460 2007 2488 unquam
2020 2451 2258 2491 obediemus‚tan
2281 2466 2347 2487 uam

1290 2490 1356 2556 (Regi
1372 2491 1493 2556 Fsamiae
1508 2510 1518 2526 ,
1534 2489 1584 2519 nifi
1597 2488 1735 2526 praedidio
1747 2490 1863 2518 Domino
1878 2500 1933 2518 meo
1948 2491 2066 2519 Henrico
2081 2492 2164 2530 Regi,
2187 2493 2222 2523 &
2277 2505 2347 2527 aere-

1312 2536 1320 2555 i
1345 2536 1374 2556 us
1400 2537 1448 2556 uis.

1331 2564 1375 2595 ΙΤ
1386 2573 1404 2594 E
1414 2571 1460 2602 M,
1478 2566 1512 2597 &
1524 2564 1669 2596 Faciemus
1683 2565 1763 2603 qnod
1778 2575 1879 2596 omnes
1894 2565 1928 2597 &
1943 2565 2040 2604 singuli
2058 2566 2168 2598 Subditi
2182 2567 2272 2600 nostri
2287 2569 2349 2601 Re-

1292 2603 1464 2642 cognoscent
1485 2603 1633 2641 praefatum
1659 2603 1822 2634 Dominum
1844 2613 1942 2633 meum
1965 2606 2111 2635 Hem-icum
2139 2609 2236 2644 Regem
2253 2619 2349 2639 verum

1291 2644 1413 2671 Franciae
1427 2640 1465 2676 ό
1481 2642 1594 2679 Angliae
1610 2645 1715 2680 Regem,
1735 2643 1768 2673 δε
1783 2642 1953 2681 praestabunt
1968 2644 2002 2674 &
2016 2643 2120 2674 facient
2134 2646 2225 2676 eidem
2240 2646 2349 2678 Domi-

1291 2690 1331 2709 no
1346 2689 1414 2710 meo
1435 2682 1551 2711 Henrico
1567 2684 1631 2717 Regi
1647 2681 1823 2719 Homagium
1839 2681 1963 2718 ligeum,
1982 2681 2015 2712 &
2028 2682 2159 2725 jurabunt
2171 2694 2205 2713 ac
2228 2687 2347 2721 promit-

1291 2727 1350 2750 tent
1366 2719 1446 2755 quod
1462 2728 1543 2749 erunt
1556 2719 1696 2749 Homines
1710 2720 1772 2758 ligei
1789 2720 1820 2750 &
1837 2719 1928 2749 fideles
1945 2719 2056 2749 Subditi
2077 2720 2198 2758 ejusdem
2221 2721 2347 2754 Domini

1292 2758 1349 2795 mei
1364 2759 1476 2787 Henrici
1491 2760 1583 2794 Regis,
1602 2766 1632 2787 ut
1647 2761 1708 2788 veri
1725 2760 1803 2794 Regis
1816 2759 1956 2794 Franciae,
1978 2757 2011 2787 &
2034 2757 2195 2789 Haeredum
2215 2760 2346 2801 suorum,

1289 2795 1323 2825 ad
1339 2794 1505 2825 Vivendum
1521 2797 1553 2826 ὃ(
1573 2795 1761 2826 Moriendum
1775 2805 1844 2825 cum
1860 2796 1915 2832 eis,
1932 2795 1966 2826 &
1981 2796 2107 2833 quolibet
2122 2806 2220 2827 eorum
2235 2808 2287 2837 pro
2297 2800 2346 2831 suo

1290 2843 1435 2871 tempore,
1453 2841 1553 2864 contra
1569 2844 1669 2864 omnes
1686 2833 1828 2864 Homines
1844 2834 1891 2871 qui
1907 2833 2020 2870 possiint
2035 2835 2128 2864 vivere
2142 2835 2174 2865 ὃς
2189 2838 2271 2866 mori.

1329 2872 1365 2902 Et
1380 2872 1458 2910 quod
1476 2882 1621 2910 nunquam
1636 2872 1796 2907 habebunt,
1816 2871 1963 2907 tenebunt,
1980 2878 2026 2901 aut
2041 2873 2206 2910 reputabunt
2221 2874 2344 2912 aliquem

1290 2920 1342 2948 pro
1359 2913 1428 2947 Rege
1440 2913 1579 2948 Franciae,
1597 2911 1645 2941 nisi
1660 2909 1809 2946 praefatum
1826 2908 1992 2938 Dominum
2006 2918 2104 2939 meum
2127 2913 2270 2941 Henricum
2288 2917 2342 2943 Re-

1285 2960 1345 2986 gem
1358 2950 1391 2979 &
1412 2948 1546 2978 Haeredes
1570 2948 1630 2977 suos
1645 2969 1654 2984 ,
1671 2957 1723 2977 nec
1741 2947 1788 2976 ulli
1809 2955 1932 2984 unquam
1953 2947 2087 2978 obedient
2101 2971 2110 2984 ,
2129 2957 2260 2987 tanquam
2276 2955 2342 2990 Regi

1288 2990 1418 3024 Franciae,
1439 2986 1488 3015 nisi
1503 2985 1594 3016 eidem
1606 2985 1738 3015 Domino
1753 2994 1819 3015 meo
1831 2987 1947 3014 Henrico
1965 2988 2030 3022 Regi
2046 2986 2079 3016 &
2092 2985 2261 3018 Haeredibus
2277 2990 2338 3021 suis.

1324 3024 1450 3062 ITEM,
1469 3024 1567 3061 quod,
1585 3023 1604 3053 fi
1623 3024 1671 3062 qui
1685 3023 1868 3053 Subditorum
1885 3022 2046 3053 nostrorum
2062 3024 2203 3056 noluerint
2214 3028 2344 3066 praestare

1290 3063 1323 3093 &
1341 3063 1432 3093 facere
1448 3061 1627 3100 Homagium
1641 3062 1746 3101 ligeum
1761 3061 1877 3099 praefato
1891 3060 2024 3091 Domino
2045 3071 2111 3093 meo
2131 3066 2248 3094 Henrico
2266 3070 2342 3105 Regi,

1290 3102 1323 3131 ὅ(
1337 3110 1404 3131 eum
1422 3100 1460 3131 fic
1475 3109 1507 3131 ut
1521 3100 1666 3138 praefertur
1679 3098 1901 3136 Recognoscere
1916 3108 1968 3136 pro
1990 3109 2056 3130 vero
2075 3103 2144 3137 Rege
2164 3105 2284 3133 Franciae
2303 3105 2342 3140 ὠ

1288 3142 1403 3169 Domino
1419 3150 1506 3168 eorum
1523 3142 1665 3177 Supremo,
1683 3148 1715 3168 ac
1728 3138 1892 3175 promittere
1909 3137 1987 3175 quod
2010 3147 2092 3169 erunt
2110 3139 2255 3171 Homines
2277 3143 2341 3182 ligei

1291 3179 1323 3208 δε
1339 3177 1431 3208 fideles
1443 3177 1555 3207 Subditi
1568 3178 1624 3215 ejus
1639 3186 1670 3207 ut
1687 3179 1749 3206 veri
1765 3179 1841 3212 Regis
1856 3178 1976 3205 Franciae
1992 3176 2025 3206 &
2043 3176 2202 3209 Haeredum
2218 3180 2341 3220 suorum,

1290 3215 1380 3245 modo
1396 3216 1428 3246 &
1441 3215 1536 3245 forma
1549 3215 1667 3252 superius
1683 3213 1828 3252 expressis,
1847 3213 1914 3244 Nos
1936 3214 2054 3243 Karalus
2067 3217 2212 3252 praediffus
2229 3240 2239 3255 ‚
2259 3219 2277 3248 fi
2293 3229 2342 3250 eos

1289 3263 1411 3291 unquam
1426 3254 1519 3292 aliquo
1533 3262 1662 3292 tempore
1679 3254 1708 3282 iri
1723 3252 1815 3282 nostra
1829 3251 1971 3282 Potestate
1985 3254 2046 3283 fore
2059 3256 2341 3293 contigerit,eosdem

1289 3292 1473 3322 detinebimus
1487 3292 1530 3322 seu
1544 3292 1679 3322 faciemus
1694 3291 1811 3321 detineri
1825 3290 1982 3327 puniendos
2000 3300 2030 3320 ut
2045 3290 2175 3323 Rebelles
2188 3295 2341 3331 ipliusDo-

1291 3332 1362 3360 mini
1376 3331 1429 3361 mei
1443 3332 1554 3359 Henrici
1565 3332 1658 3367 Regis:
1675 3328 1731 3367 Et,
1749 3329 1768 3359 fi
1787 3338 1838 3357 nos
1845 3329 1990 3366 praedieius
2003 3331 2073 3358 Dux
2089 3331 2162 3368 ipsos
2182 3333 2339 3371 apprehen-

1289 3369 1356 3398 dere
1371 3369 1594 3406 nequiverimus,
1617 3368 1696 3405 illos,
1718 3375 1749 3397 ut
1770 3366 1900 3397 Rebelles
1917 3366 1986 3396 dieti
2004 3367 2128 3398 Domini
2149 3372 2206 3400 mei
2228 3373 2342 3402 Henrici

1287 3409 1365 3444 Regis
1379 3408 1411 3438 ὅς
1427 3414 1457 3437 υτ
1473 3406 1607 3437 inimicos
1619 3407 1651 3436 &
1668 3405 1774 3435 Hostes
1786 3404 1915 3443 nostros,
1933 3406 2137 3444 reputabimus,
2157 3407 2338 3448 habebimus,

1288 3446 1320 3476 &
1336 3445 1535 3483 prosequemur
1548 3468 1557 3481 ,
1583 3445 1615 3474 δε
1637 3445 1733 3474 omnia
1754 3443 1831 3473 Bona
1850 3453 1950 3473 eorum
1974 3443 2094 3474 Mobilia
2119 3446 2152 3476 &
2175 3445 2338 3480 Immobilia

1287 3483 1444 3513 Confiscari
1456 3485 1489 3514 &
1505 3481 1662 3512 Confiscata
1676 3482 1792 3513 detineri
1807 3481 1941 3511 faciemus
1957 3481 1990 3511 ἃ
2006 3485 2230 3522 procurabimus,
2248 3487 2340 3524 appli-

1286 3522 1375 3552 canda
1389 3523 1414 3553 ei
1433 3525 1447 3538 ’ἓ
1467 3520 1500 3551 ad
1517 3530 1602 3558 quem
1620 3520 1731 3558 deJure
1746 3521 1788 3551 vel
1805 3518 2016 3550 Consuetudine
2028 3519 2126 3559 Regni
2149 3521 2274 3555 Franciae
2289 3535 2338 3564 ap-

1284 3561 1379 3600 plicari
1394 3560 1497 3589 debent
1513 3559 1546 3590 &
1559 3558 1704 3598 pertinere.

1323 3598 1395 3629 [TE
1408 3606 1453 3635 M,
1494 3597 1552 3627 uod
1569 3597 1635 3627 Nos
1653 3594 1775 3626 Karolus
1794 3595 1946 3626 antedio‘lus
1966 3596 2100 3628 faciemus
2127 3597 2206 3635 quod
2222 3598 2336 3637 Johan-

1285 3648 1330 3666 nes
1353 3640 1421 3666 Dux
1442 3639 1476 3665 A
1486 3639 1584 3665 enconii
1597 3658 1606 3672 ‚
1633 3639 1720 3664 Comes
1738 3637 1926 3672 Armigniaci,
1950 3635 1983 3665 &
1997 3634 2089 3674 frater
2109 3637 2165 3673 ejus
2193 3640 2281 3667 Comes
2301 3639 2335 3668 de

1285 3676 1438 3712 Perdriaco,
1457 3683 1570 3704 necnon
1588 3673 1680 3703 Frater
1695 3673 1789 3702 noster
1813 3671 2035 3714 Angelismensts,
2054 3673 2090 3703 Et
2111 3675 2269 3712 generaliter
2284 3677 2333 3707 alii

1287 3713 1384 3744 Amici
1400 3711 1490 3742 nostri
1511 3712 1546 3742 de
1567 3711 1671 3749 Regno
1686 3711 1809 3741 Franciae
1823 3733 1832 3748 ‚
1852 3712 1974 3740 similiter
1995 3711 2214 3750 Recognoscent
2233 3715 2334 3751 praefa-

1284 3761 1346 3782 turn
1363 3751 1526 3781 Dominum
1543 3759 1639 3780 meum
1647 3751 1794 3779 Henricum
1806 3752 1901 3786 Regem
1913 3759 2008 3779 verum
2020 3751 2141 3779 Franciae
2162 3749 2200 3785 ὠ,
2222 3750 2335 3790 Angliae

1284 3795 1379 3827 Regem
1394 3812 1404 3826 ,
1418 3799 1451 3819 ac
1472 3787 1642 3827 praestabunt
1656 3788 1688 3818 ὅ(
1708 3788 1809 3818 facient
1822 3788 1914 3818 eidem
1931 3786 2063 3818 Domino
2076 3797 2142 3818 meo
2155 3790 2271 3819 Hearico
2285 3794 2338 3821 Re*

1280 3833 1309 3867 gi
1322 3828 1496 3866 Homagium
1511 3827 1626 3866 ligeum,

1315 3866 1350 3896 Et
1364 3867 1497 3904 jurabunt
1510 3875 1542 3895 ac
1560 3865 1724 3902 promittent
1740 3863 1817 3902 quod
1839 3870 1918 3893 erunt
1938 3862 2081 3894 Homines
2100 3864 2161 3901 ligei
2184 3866 2217 3896 ὃς
2238 3865 2333 3897 fideles

1285 3904 1394 3936 Subditi
1408 3903 1529 3942 ejusdem
1546 3902 1669 3933 Domini
1685 3903 1740 3932 mei
1755 3904 1868 3931 Henrici
1881 3904 1960 3938 Regis
1978 3911 2007 3931 ut
2032 3905 2094 3930 veri
2115 3905 2191 3939 Regis
2210 3906 2333 3935 Franciae

1285 3945 1318 3974 &
1337 3941 1492 3973 Haeredum
1509 3942 1620 3972 suorum
1634 3964 1643 3978 ,
1661 3940 1696 3970 ad
1713 3940 1877 3971 Vivendum
1895 3940 1927 3969 &
1943 3939 2128 3970 Moriendum
2142 3951 2210 3971 cum
2223 3943 2280 3981 eis,
2296 3945 2330 3974 &

1283 3981 1409 4020 quolibet
1424 3990 1521 4010 eorum
1537 3990 1588 4020 pro
1601 3980 1650 4010 suo
1664 3987 1813 4016 tempore,
1829 3986 1927 4008 contra
1940 3987 2039 4009 omnes
2048 3978 2189 4009 Homines
2202 3982 2251 4021 qui
2268 3982 2331 4020 pos·

1284 4021 1345 4052 sunt
1361 4021 1454 4049 vivere
1466 4020 1497 4050 ὃ(
1515 4019 1598 4056 mori,

1320 4057 1359 4090 Et
1373 4057 1453 4097 quod
1467 4066 1613 4095 nunquam
1627 4055 1788 4093 habebunt,
1802 4052 1953 4122 tgnbebunt,
1969 4062 2015 4087 aut
2029 4056 2196 4095 reputabunt
2207 4057 2331 4095 aliquem

1877 4100 1892 4130 3
2282 4104 2335 4131 1³10

2371 581 2383 596 ·
2395 578 2502 614 X-5572

2354 3517 2484 3557 *xj-58,
