2562 4274
200 143 278 194 158

57 227 135 260 Ann.
151 225 192 257 D.
244 224 374 256 Robertus
389 223 420 253 de
433 224 567 263 Ponynges
580 219 679 258 Miles,
697 219 757 255 &a

79 275 91 296 1

97 273 164 313 4323-

57 309 120 333 Heu.
140 314 167 331 o.

57 424 135 456 Ann.
147 424 189 455 D.

83 472 171 503 1430.

54 505 97 530 Aa

53 543 88 566 Η.
110 541 139 567 6.

312 350 360 381 De
382 343 534 378 Condueru
549 331 603 391 pro
618 338 888 385 Ambaffiatoribus
907 343 994 389 Regis
1018 339 1151 384 Castellae.

276 431 301 463 E
311 430 359 469 X,
377 440 426 469 per
443 430 549 460 Literrs
560 431 616 459 suas
623 427 769 466 patentes,
787 427 872 466 usque
884 425 985 456 festum
999 427 1131 456 omnium
1140 423 1260 455 Sandio-

286 479 350 501 rum
375 470 507 506 proximo
530 468 655 498 futurum
676 466 816 498 duraturas
831 488 841 503 ,
864 465 900 496 de
920 464 1090 494 avisamento
1105 465 1139 494 ὃ(
1154 462 1259 493 affensu

206 509 331 540 Concilii
346 507 402 544 sui,
420 507 534 544 suscepit
549 507 579 536 in
593 506 701 536 salvum
714 505 747 535 &
770 505 897 534 securum
911 502 1100 533 Conductum
1113 501 1211 539 suum,
1226 509 1260 531 ac

204 550 232 578 in
251 546 463 578 Protefflonem
499 545 686 580 Tuitionem,
703 545 737 574 δε
752 542 958 572 Desenlionem
972 541 1027 570 suas
1039 540 1182 577 speciales,
1193 539 1261 570 Fra-

103 506 150 529 .δ’.

52 581 144 605 F'M‘·
159 576 187 603 3-
206 595 277 616 trem
291 583 450 624 Johannem
459 569 492 613 λε
505 582 634 622 Curraly,
650 581 732 611 sacrae
748 582 859 618 paginae
874 579 1123 617 professorem&
1137 580 1260 608 Fernan-

52 617 113 642 H.6

57 662 90 688 ¹5

51 943 89 971 45

53 1690 129 1724 Ann.
143 1692 182 1723 D.

82 1741 93 1762 1

51 1774 93 1798 Aa

53 1814 81 1837 H

52 1890 87 1914 H.

50 1829 140 1876 Fr'anc‘.
159 1848 185 1877 8.

117 626 168 643 ‘'⁷¹-
203 625 265 654 a'um
285 621 411 653 Manueli
431 622 462 651 de
485 621 583 651 Lando
606 620 731 651 Militem
748 641 757 657 ,
777 618 1009 654 Ambaffiatores,
1028 616 1159 647 cariffimi
1175 615 1259 646 Con-

204 663 309 693 sobrini
329 658 417 699 Regis
441 658 571 690 Castellae
585 682 594 697 ,
616 660 645 688 in
667 657 773 697 Regno
794 658 884 695 Regis
899 655 1010 695 Angliae
1026 656 1082 694 jam
1096 655 1259 694 existentes,

204 701 295 733 versus
310 708 399 737 partes
411 699 466 729 suas
480 699 602 736 proprias
617 695 777 734 redeundo,

243 737 390 778 Ipsosque,
407 747 439 767 ac
454 746 542 766 unum
562 735 736 773 Episcopum
751 758 761 772 ,
779 742 868 764 unum
884 731 1052 770 Comitem,
1069 742 1159 764 unum
1173 730 1261 762 Baro-

205 787 272 808 nem
286 799 295 815 ‚
320 777 391 808 duos
413 775 521 806 Milites
534 796 543 811 ‚
567 775 599 805 ὃς
614 774 689 804 duos
703 772 849 803 Dostores
864 770 920 802 five
935 770 1082 809 Clericos,
1099 772 1135 801 de
1152 771 1180 800 R
1219 780 1258 801 no

204 815 335 846 Castellae
353 813 504 851 praedicto,
523 812 755 849 Ambaffiatores,
775 809 880 849 praefati
895 809 1068 840 Consobrini
1083 810 1187 849 Regis,
1229 820 1259 840 e-

178 870 181 874 .
204 856 245 894 gis
261 853 406 891 Castellae,
426 862 492 883 cum
507 850 633 882 Centum
648 850 774 881 Personis
798 850 828 879 in
843 847 993 879 Comitiva
1008 848 1070 887 sua,
1090 849 1151 879 illos
1167 849 1260 894 <vide—

202 893 279 930 licet)
301 892 336 922 de
356 891 426 922 statu
449 890 587 928 praedicto
610 890 643 920 &
666 889 700 918 ad
719 897 869 919 numerum
888 886 1057 925 praediCtum
1080 889 1112 918 ὃς
1135 887 1153 906 ¹¹²
1170 887 1259 924 infra,

204 941 276 970 quos
291 930 406 969 praefato
422 928 641 968 Consanguineo
658 927 748 964 Regis
763 925 883 964 placebit
895 927 923 955 in
938 925 1074 964 Regnum
1092 924 1180 964 Regis
1196 926 1258 956 An-

205 971 269 1009 gliae
289 968 422 999 destinare
436 991 446 1005 ,
472 968 546 1010 &in
562 966 670 996 dicstum
685 965 823 1012 Regnum
832 964 936 1000 Regis,
951 973 1019 994 curn
1032 962 1134 1002 Bonis,
1153 963 1257 1002 Equis,

205 1010 239 1040 &
253 1007 392 1039 Hernefiis
406 1006 455 1036 suis
470 1005 709 1043 quibuscumque,
724 1013 783 1034 tam
797 1012 845 1040 per
862 1001 985 1032 Terram
997 1024 1007 1040 ,
1026 1002 1111 1040 quam
1126 1012 1176 1040 per
1193 1001 1259 1033 Ma-

205 1058 252 1086 re,
269 1045 410 1077 veniendo
423 1068 433 1082 ,
457 1043 562 1073 ibidem
583 1043 722 1072 morando
735 1064 745 1080 ,
767 1040 980 1077 conservando,
1004 1041 1038 1072 ὃς
1051 1041 1151 1071 exinde
1166 1041 1258 1072 versus

205 1087 322 1153 patriadm
336 1084 410 1151 sugm
425 1083 568 1121 propriam
587 1080 688 1120 absque
703 1080 912 1118 perturbatione
927 1077 1020 1117 Regis
1032 1079 1078 1110 seu
1089 1079 1189 1118 populi
1196 1079 1258 1111 Re-

224 1135 242 1154 ις
256 1133 284 1153 re
304 1132 358 1153 eun
378 1131 413 1151 o·

202 1134 221 1164 g
242 1160 358 1191 Proviso
373 1144 479 1197 semper
496 1157 576 1196 quod
589 1156 717 1198 personae
738 1155 882 1195 praedidiae
895 1155 970 1185 bene
986 1156 1019 1187 &
1030 1155 1150 1188 honeste
1169 1155 1196 1187 se
1207 1157 1257 1188 ha-

202 1201 285 1233 beant
299 1200 333 1231 &
347 1207 442 1236 gerant
456 1207 520 1236 erga
537 1197 652 1233 Regem
668 1197 701 1228 ὃς
716 1195 852 1233 populum
869 1193 971 1232 Regis,

242 1238 279 1269 Et
294 1238 462 1276 quicquam,
481 1235 560 1274 quod
580 1236 608 1265 in
627 1234 713 1273 Regis
729 1235 773 1264 seu
789 1233 886 1272 populi
901 1233 987 1271 Regis
1002 1232 1197 1271 praejudicium
1214 1234 1259 1265 vel

203 1274 493 1343 Dampnumdcedere
507 1273 611 1312 valeat,
630 1283 689 1304 non
703 1280 872 1311 attemptent
882 1295 891 1310 ,
918 1272 964 1302 vel
979 1273 1138 1310 attemptari
1153 1273 1258 1306 faciant

226 1325 307 1347 uovis
326 1324 376 1344 mo
396 1323 425 1344 o.

205 1325 225 1355 q
239 1352 328 1385 Teste
343 1352 426 1392 Rege
443 1350 516 1391 apud
531 1349 801 1391 Wstmonasterium,
819 1348 866 1387 viij
885 1347 929 1379 die
944 1347 1051 1379 Martii.

106 897 143 924 X.

94 944 119 972 3.

704 1428 756 1457 Per
771 1428 863 1456 Breve
877 1425 909 1455 de
920 1426 1039 1456 Privato
1054 1424 1153 1465 sigillo.

259 1561 317 1593 Pro
351 1552 621 1598 Ambaffiatoribus
641 1551 773 1599 pradifli
800 1554 886 1598 Regis
902 1578 913 1594 ,
942 1555 979 1590 ώ-
1004 1552 1205 1596 Mercandfis

639 1599 820 1634 eorumdem.

208 1690 341 1750 REX
359 1714 367 1730 ,
396 1688 527 1721 universis
550 1688 583 1719 &
603 1685 713 1726 singulis
734 1684 892 1716 Admirallis
938 1685 1098 1725 Capitaneis
1111 1710 1122 1725 ,
1146 1687 1209 1719 &c-
1227 1686 1261 1717 ad

243 1767 262 1798 S
285 1740 355 1768 quos
372 1729 516 1797 pragsentes
535 1727 636 1758 Literae
651 1726 847 1765 pervenerint,
865 1724 884 1755 S
914 1734 999 1757 utem.

265 1777 339 1798 crans
375 1778 413 1798 uo

243 1807 290 1837 Ad
307 1777 570 1844 susspucat’ionem,
596 1803 738 1834 nobilium
754 1801 912 1841 Virorum,
931 1801 1061 1841 Magistri
1074 1802 1216 1841 Johannis
1230 1803 1262 1833 de

206 1845 300 1875 Curali
315 1846 396 1876 sacrae
416 1844 454 1874 Pa
476 1845 529 1874 inae
546 1842 712 1873 Profefforis
725 1864 735 1880 ,
762 1841 796 1872 &
813 1841 951 1871 Fernandi
970 1842 1097 1871 Manueli
1112 1843 1144 1872 de
1158 1843 1259 1872 Lando

208 1883 325 1922 Militis,
345 1882 436 1914 Amba
460 1891 582 1913 iatorum
596 1904 605 1919 ,
630 1879 800 1911 illustrissimi
823 1879 977 1918 Principis,
1003 1879 1134 1911 cariffimi
1162 1881 1264 1911 conso-

209 1921 283 1967 brini
297 1921 400 1961 nostri,
424 1924 503 1960 Regis
519 1918 656 1961 Castellae,
675 1920 706 1950 in
719 1918 826 1958 Regno
839 1918 936 1949 nostro
951 1919 1064 1958 Angliae
1075 1919 1132 1957 jam
1143 1919 1263 1950 existen-

209 1968 281 1992 tium

243 1984 443 2030 Co'nceffimus
462 2000 496 2030 &
514 1997 671 2028 Licentiam
689 1994 831 2026 Dedimus
854 1995 931 2034 quod
949 1995 1016 2035 ipfi,
1032 1997 1061 2027 in
1080 2006 1263 2036 quocumque

206 2037 295 2070 Portu
313 2038 411 2074 Regni
424 2037 512 2067 nostri
527 2037 575 2066 s1bi
592 2036 741 2074 placuerit,
759 2034 901 2072 quandam
916 2034 1032 2066 Navem
1046 2036 1170 2074 ejusdem
1180 2035 1262 2076 Reg—

206 2078 252 2115 ni,
275 2087 308 2107 ac
331 2075 487 2113 Magistros
503 2098 513 2113 ,
537 2074 704 2105 Mannarios
717 2097 727 2111 ,
746 2072 922 2103 Mercatores
937 2096 946 2111 ,
965 2073 998 2104 &
1015 2073 1191 2111 servientes,
1209 2084 1263 2112 pro

205 2116 303 2148 mdem
320 2115 401 2146 Navi
422 2113 589 2145 sufficientes
605 2136 614 2151 ,
640 2122 693 2150 pro
710 2111 887 2142 traductione
907 2112 940 2142 &
955 2112 1160 2143 transvedtione
1170 2113 1263 2144 dicto·

206 2164 274 2185 rum
291 2152 547 2188 Ambaffiatorum,
567 2161 600 2181 ac
617 2151 807 2181 Familiarium
820 2151 951 2188 suorum,
969 2160 1083 2181 necnon
1097 2151 1262 2189 Bonorum,

207 2192 356 2230 Equorum
373 2215 382 2231 ,
407 2190 534 2229 Rerum,
553 2190 686 2229 Quatuor
708 2188 919 2227 Manticarum,
938 2189 1019 2219 unius
1035 2189 1158 2228 Archae,
1177 2190 1264 2221 Duo-

207 2241 272 2262 rum
297 2230 509 2267 Fardellorum,
536 2230 569 2259 &
596 2227 732 2258 Duorum
755 2236 926 2266 magnorum
947 2226 1191 2259 Candelabrorum
1210 2239 1263 2267 pro

209 2269 296 2302 Altari
311 2269 505 2300 ordinatorum
523 2267 703 2305 conducere,

244 2308 280 2339 Et
294 2307 374 2346 quod
389 2307 454 2345 ipsi,
472 2316 540 2337 cum
556 2305 654 2336 eadem
668 2304 748 2341 navi,
769 2303 910 2342 Magistro
926 2326 936 2342 ,
956 2303 1128 2344 Marinariis,
1148 2305 1264 2337 Merca-

207 2347 314 2378 toribus
323 2369 332 2385 ,
349 2347 381 2378 &
395 2344 586 2377 Servientibus
600 2343 720 2382 ejusdem
729 2365 739 2380 ,
756 2342 847 2373 versus
861 2343 971 2373 dietum
987 2342 1123 2384 Regnum
1132 2344 1265 2376 Castellae

207 2386 295 2417 libere
310 2387 342 2416 &
357 2384 460 2422 absque
474 2382 682 2420 impedimento
693 2382 787 2419 aliquo
800 2381 908 2411 transire
924 2381 1043 2421 possint,

249 2423 392 2454 Nolentes
404 2425 482 2461 quod
501 2421 570 2452 diffi
586 2420 742 2460 Magister,
760 2419 954 2458 Mercatores,
970 2419 1132 2459 Marruuii,
1151 2423 1184 2453 δε
1201 2421 1267 2453 Ser-

210 2463 335 2501 vientes,
353 2463 458 2492 ratione
475 2459 657 2491 traduffionis
671 2460 704 2491 &
720 2458 932 2490 transvefflonis
946 2458 1185 2490 Ambaffiatorum
1194 2471 1267 2498 prae-

212 2501 356 2531 dierorum
376 2499 466 2531 versus
489 2500 522 2530 ὃ(
543 2498 578 2528 ad
591 2497 701 2529 dietum
717 2496 852 2536 Regnum
868 2497 998 2527 Castenae
1012 2499 1042 2528 in
1056 2499 1150 2530 forma
1166 2499 1268 2536 praedi-

214 2540 277 2575 cta,
295 2549 342 2576 per
367 2548 419 2569 nos
434 2561 443 2576 ,
471 2536 515 2567 vel
536 2535 672 2567 Haeredes
692 2535 802 2566 nostros
815 2558 824 2574 ,
849 2536 1019 2573 impetantur
1032 2559 1042 2575 ,
1061 2538 1269 2578 inquietentur,

215 2577 397 2607 molestentur
411 2578 440 2606 in
454 2575 548 2612 aliquo
557 2597 566 2613 ‚
584 2575 628 2605 seu
644 2583 792 2615 graventur
806 2575 908 2611 quovis
921 2574 1028 2612 modo,

254 2615 291 2644 Et
314 2616 378 2644 ideo
399 2613 480 2644 vobis
505 2612 676 2644 Mandamus
696 2612 775 2652 quod
795 2612 868 2650 ipsos
889 2612 1105 2644 Ambaffiatoree
1123 2613 1214 2644 versus
1227 2614 1271 2646 di-

216 2652 299 2683 &um
313 2651 450 2689 Regnum
465 2649 612 2689 Castellae,
630 2661 698 2682 curn
717 2650 796 2681 Navi
812 2649 963 2689 praedicta,
982 2661 1096 2682 necnon
1111 2651 1148 2682 M
1184 2652 1270 2692 istro,

216 2690 429 2722 Mercatoribus
444 2711 453 2726 ‚
480 2687 638 2718 Marinariis
652 2711 662 2727 ,
685 2689 891 2726 Servientibus,
908 2688 1011 2727 Bonis,
1031 2690 1147 2728 Rebus,
1193 2693 1273 2730 quis,

218 2729 368 2765 Manticis,
385 2728 417 2758 &
432 2726 488 2756 aliis
507 2727 666 2764 praedistis,
685 2727 770 2756 libere
784 2728 816 2758 &
833 2727 933 2765 absque
949 2728 1157 2765 impedimento
1176 2729 1272 2767 aliquo

217 2768 328 2800 transire
344 2766 525 2805 permittatis,

254 2805 331 2836 Non
355 2803 503 2835 inferentes
524 2803 562 2832 eis
582 2803 610 2832 in
630 2801 779 2840 personis,
804 2800 889 2832 Bonis
904 2826 913 2839 ,
935 2802 982 2833 vel
1007 2803 1107 2834 Rebus
1127 2804 1194 2844 suis,
1212 2805 1275 2843 vel,

217 2852 356 2882 quantum
372 2845 401 2873 in
419 2843 501 2872 vobis
524 2840 566 2871 est
577 2865 586 2879 ,
601 2841 637 2870 ab
652 2840 708 2870 aliis
722 2839 815 2870 inferri
830 2842 1019 2878 permittentes
1033 2841 1164 2880 injuriam
1175 2866 1185 2881 ,
1205 2843 1276 2874 Mo-

220 2882 327 2952 lce3stiam
343 2903 353 2919 ,
378 2880 547 2918 Dampnum
564 2902 574 2917 ,
599 2878 768 2909 Violentiam
783 2901 794 2917 ‚
820 2878 1063 2917 impedimentum
1083 2881 1215 2920 aliquod,
1230 2882 1275 2912 scu

256 2929 401 2951 ravamen:

259 2958 297 2989 Et
314 2983 324 2997 ,
349 2957 369 2988 fi
392 2955 458 2995 quid
478 2956 518 2986 eis
531 2979 541 2992 .,
567 2956 611 2986 seu
629 2965 730 2986 eorum
743 2955 844 2991 alicui,
864 2955 1040 2987 forisfacium
1058 2957 1102 2987 vel
1117 2958 1276 2996 injuriatum

223 2997 321 3035 fuerit,
338 2995 366 3026 id
380 2997 417 3026 eis
436 2995 468 3025 δε
486 3003 586 3024 eorum
602 2994 717 3025 cuilibet
732 3018 742 3032 ,
767 2994 822 3024 fine
838 2994 969 3026 dilatione
985 3018 994 3034 ,
1013 2995 1110 3027 debite
1125 2998 1229 3036 corrigi
1243 2999 1277 3030 ὃς

225 3036 372 3068 reformari
385 3034 497 3064 faciatis.

264 3074 298 3105 In
312 3074 405 3111 cujus,
420 3072 482 3102 &c.

262 3111 352 3144 Teste
366 3110 450 3148 Rege
463 3108 536 3148 apud
552 3107 806 3149 Wstnmnasterium
817 3133 826 3147 ,
844 3108 879 3147 xij
899 3108 945 3140 die
963 3108 1069 3142 Martii.

123 1741 169 1771 30.

98 1741 138 1798 ᾗ,

108 1812 124 1836 6

97 1888 168 1915 6.m.

954 3189 1007 3217 Per
1022 3187 1175 3219 Concilium.

234 3265 327 3322 RE
337 3263 367 3295 X
377 3288 386 3303 ,
403 3275 451 3304 per
466 3264 572 3295 Literas
586 3263 643 3293 suas
655 3261 782 3292 Patentes
793 3285 802 3300 ‚
819 3261 906 3299 usque
922 3262 1037 3293 Festum
1053 3264 1195 3295 Omnium
1212 3265 1282 3296 San-

314 3304 426 3334 ‹storum
449 3303 581 3341 proximo
601 3301 726 3331 futurum
752 3301 891 3331 duraturas
906 3325 914 3337 ,
936 3301 1050 3340 suscepit
1073 3304 1101 3332 in
1124 3303 1231 3333 salvum
1249 3304 1282 3334 &

235 3339 365 3371 securum
380 3341 566 3372 Conduc'ltum
583 3339 681 3377 suum,
698 3348 732 3368 ac
747 3340 775 3368 in
792 3339 1024 3377 Protec‘tionem,
1042 3340 1232 3379 Tuitionern,
1250 3343 1283 3373 &

234 3377 456 3416 Defenfionem,
474 3379 531 3409 suas
541 3377 669 3414 speciales
679 3401 687 3414 ⁷
707 3377 784 3406 Duas
795 3377 894 3407 Naves
909 3377 944 3407 de
959 3378 1100 3415 Ispannia,

274 3417 354 3454 Quas
377 3416 512 3453 Magister
522 3415 670 3483 I'Johannes
690 3415 723 3444 de
742 3415 835 3444 Curali
853 3415 937 3445 sacrae
952 3418 1059 3454 paginae
1075 3416 1237 3455 Profeflor,
1253 3418 1286 3449 &

238 3455 542 3524 Is-‘ernandusqunuei
562 3455 593 3483 de
612 3454 711 3483 Laudo
725 3453 809 3484 Miles
820 3476 830 3491 ,
847 3454 992 3492 ordinare,
1010 3455 1173 3493 disponere,
1186 3455 1232 3486 seu
1246 3465 1288 3486 as-

253 3506 260 3523 ι
284 3504 347 3524 nare
359 3504 398 3524 vo
410 3502 500 3523 uerint

240 3503 548 3601 sngu‘Y-ugaqhe
568 3529 599 3560 sit
611 3530 731 3569 Portagii
745 3529 946 3560 Ducentorum
960 3530 993 3561 &
1011 3529 1207 3569 Quadraginta
1221 3530 1288 3561 Do-

252 3580 345 3601 iorum
360 3581 395 3600 ve
419 3580 446 3599 in
473 3578 487 3598 a

280 3609 413 3639 Necnon
434 3591 608 3638 Mer’catores
621 3628 630 3643 ,
659 3605 811 3645 Magistros
826 3628 835 3642 ,
862 3605 1049 3644 Marinarios,
1069 3607 1103 3637 &
1116 3607 1291 3646 Servientes,

242 3657 296 3687 pro
311 3648 411 3678 eisdem
424 3646 540 3676 navibus
554 3643 733 3681 sufficientes,
752 3645 780 3673 in
794 3643 929 3680 Regnum
947 3644 1032 3683 Regis
1049 3645 1178 3684 Angliae,

282 3684 360 3715 Curn
381 3684 498 3723 quadam
522 3682 598 3713 Navi
612 3707 621 3720 ,
650 3681 685 3711 de
707 3682 809 3712 eodem
831 3681 936 3720 Regno
956 3683 1044 3722 Regis
1057 3706 1066 3721 ,
1081 3685 1114 3715 &
1129 3693 1181 3723 pro
1192 3683 1292 3715 securo

245 3722 401 3754 ConduCtu
415 3722 534 3759 ejusdem
544 3745 552 3757 ,

286 3762 381 3798 Quam
401 3761 469 3791 diecti
484 3757 699 3790 Ambaffiatores
719 3758 747 3787 in
762 3757 842 3788 disto
855 3757 961 3788 Reeno
975 3757 1079 3797 Regis,
1097 3768 1151 3796 pro
1166 3760 1294 3791 transfre—

246 3801 351 3829 tatione
367 3800 411 3828 sua
422 3809 454 3829 ac
467 3798 489 3827 F
491 3798 657 3828 similiarium
671 3796 783 3826 suorum
797 3796 888 3826 versus
903 3782 1039 3835 Regnum
1052 3796 1180 3828 Castellae
1195 3821 1204 3836 ,
1221 3809 1293 3829 con-

249 3838 351 3867 ducere
366 3838 512 3867 intendunt
526 3837 557 3866 &c
573 3844 749 3872 proponunt,

290 3881 303 3891 ·
322 3876 450 3905 Necnon
475 3873 656 3904 Mes-candui<
670 3896 678 3909 ,
697 3872 814 3908 Rebus,
834 3871 935 3908 Bonis,
952 3872 985 3902 ὃς
1001 3871 1144 3904 Hernefiis
1165 3873 1216 3904 suis
1232 3875 1296 3913 qui-

253 3912 441 3950 buscumque,
459 3914 558 3952 quibus
572 3912 679 3941 eaedern
695 3911 793 3940 Naves
808 3909 931 3939 freciatae
947 3919 1025 3940 erunt
1038 3911 1070 3940 &
1088 3911 1213 3950 onustae,

290 3950 437 3981 Veniendo
451 3975 459 3987 ,
478 3951 584 3980 ibidem
600 3950 754 3986 morando,
772 3948 963 3978 conversando
974 3971 982 3985 ,
998 3949 1242 3988 perhendinando,
1260 3951 1294 3981 &

252 3989 476 4019 mercandisando
491 4013 499 4025 ,
522 3990 553 4018 &
576 3987 670 4017 Nave<
690 3987 834 4024 praedistas
856 3988 883 4015 in
907 3986 986 4016 dieto
1008 3986 1112 4025 Regno
1135 3988 1228 4024 Regis
1241 3988 1298 4020 aliis

252 4027 435 4061 Mercandisis
456 4028 536 4058 licitis
549 4027 734 4065 recarcando,
751 4026 784 4057 &
799 4024 897 4056 exinde
910 4034 978 4056 cum
995 4023 1130 4057 Navibus
1142 4026 1297 4066 praedietis,

106 3883 121 3899 ·
140 3881 178 3910 x.

104 3928 171 3955 454-

658 124 1463 180 ooNvENT1oNES,
1517 123 1906 173 L1TERAE,

1296 212 1492 258 ac'Magistris
1504 234 1515 251 ,
1538 212 1748 244 Mercatoribus
1760 234 1771 251 ,
1797 208 1999 249 Mercandifis‚
2017 209 2134 251 Rebus,
2152 211 2187 244 δε
2200 210 2285 244 Bonis
2299 213 2355 246 suis
2366 209 2441 243 Ann.
2455 211 2498 244 D.

1297 253 1537 290 quibuscumque,
1555 250 1739 290 transeundo,
1755 253 1790 282 &
1805 250 1967 287 redeundo,
2392 248 2487 292 1432*

1337 289 1486 328 Aliquibus
1504 289 1650 328 Marquis,
1667 288 1921 327 Contromarquis‚
1937 287 1970 319 &
1983 286 2353 329 Reprisaliis‚versusquos-
2365 292 2429 318 tlon.
2447 291 2477 319 6.

1297 338 1422 366 cumque
1437 328 1473 358 de
1486 327 1611 368 Ispannia
1624 327 1763 358 concessis
1779 327 1826 358 seu
1847 325 2054 364 concedendis,
2070 327 2220 366 impetratis
2233 327 2279 359 seu
2295 330 2352 360 im-

1296 367 1454 405 petrandis,
1472 375 1518 397 aut
1532 365 1590 396 aliis
1602 365 1689 397 causis
1704 366 1942 404 quibuscumque,
1959 375 2018 396 non
2031 365 2221 406 obstantibus3

1333 404 1452 436 Proviso
1475 403 1583 442 semper
1601 404 1679 443 quod
1700 405 1829 442 praedidti
1844 403 1991 444 Magistri,
2011 402 2204 444 Mercatores,
2223 404 2351 437 Marina-

1295 442 2009 519 mass{suessassignasses&
2073 443 2301 512 :russeus
2312 444 2349 477 δε

1334 520 1372 551 Et
1393 522 1564 558 quicquam,
1583 519 1661 558 quod
1676 519 1710 548 inv
1721 519 1812 556 Regis
1825 519 1870 550 seu
1880 491 1979 558 gopuli
1992 489 2073 549 Rpop
2090 505 2286 558 rpraejudiciuin
2300 522 2347 553 vel

1295 557 1590 627 Dampnumdcedere
1610 557 1697 588 valeat
1711 580 1722 596 ,
1747 567 1807 588 non
1825 566 1991 596 attemptent
2010 567 2047 589 ve
2075 559 2234 597 attemptari
2245 558 2349 592 faciant

1295 607 1396 636 quovis
1413 607 1463 627 mo
1484 607 1512 626 o.

1332 635 1424 667 Teste
1437 635 1520 685 Rege
1532 634 1606 674 apud
1621 633 1876 675 westmonasterium
1884 656 1895 673 ,
1909 634 1946 673 xij
1963 634 2009 667 die
2023 633 2131 667 Martii.

2024 713 2078 742 Per
2094 713 2245 745 ConciIium.

2154 789 2311 822 Duum:

1427 918 1477 950 De
1494 925 1575 949 certa
1594 918 1723 948 Summa
1741 917 1825 949 Duci
1841 911 2019 961 Burgundiae
2033 911 2201 947 Carianda.

1371 1001 1443 1032 Ono
1466 1001 1524 1031 Die
1547 999 1664 1039 Martii,
1689 998 1778 1030 Anno
1797 998 1922 1037 octavo,
1945 999 2018 1036 apud
2037 998 2330 1030 Westmonasterium
2367 1000 2490 1036 Ann.D

1388 1039 1567 1085 Concessum
1592 1039 1643 1070 fuit
1667 1038 1744 1077 quod
1762 1036 1809 1068 fiat
1828 1036 1999 1083 Warantum
2021 1037 2206 1068 Thesaurario
2231 1038 2273 1070 &'
2289 1020 2350 1068 Ca-’
2388 1049 2473 1081 1430,
2491 1028 2498 1035 ⁶

1294 1087 1417 1145 {nei-anis
1433 1101 1443 1118 ,
1470 1078 1506 1109 de
1528 1076 1674 1109 Solvendo
1697 1075 1832 1108 Richardo
1858 1075 2026 1116 Wydevtlle,
2051 1076 2084 1107 &
2106 1075 2239 1106 Richardo
2261 1077 2349 1107 Boke—
2366 1082 2419 1108 An.
2434 1083 2463 1112 8.

1306 1117 1414 1199 αῗὲἷιὶ,
1433 1163 1502 1199 cum
1523 1153 1600 1185 certfi
1621 1153 1757 1198 Summa,
1774 1153 1811 1200 ἀς
1833 1152 1980 1184 Thesauro
2004 1152 2129 1184 Domini
2158 1151 2266 1194 Regis,
2284 1152 2351 1185 Do·
2366 1121 2447 1185 ἕλιξ

1292 1203 1373 1224 mmo
1389 1192 1468 1224 Duc1
1485 1191 1653 1231 Burgundiae
1665 1192 1825 1229 Solvenda,
1844 1191 1913 1223 ultra
1929 1191 2012 1222 Mare
2025 1191 2243 1223 Transfretatun·
2256 1193 2336 1231 sunt,

1334 1231 1392 1262 Pro
1411 1231 1523 1262 Labore
1540 1233 1572 1263 &
1588 1230 1721 1275 Expensis
1735 1231 1895 1269 dictorum,
1915 1229 2050 1269 Ricardi,
2066 1232 2101 1262 &
2119 1230 2254 1269 Ricardi,
2273 1230 2356 1262 Cen—

1297 1278 1357 1301 tum
1378 1269 1438 1300 Mai
1446 1280 1491 1300 cas
1508 1280 1557 1307 per
1573 1269 1655 1300 Viam
1673 1269 1814 1308 Regardi,

1334 1309 1431 1347 Quam
1451 1310 1563 1353 quidem
1575 1308 1742 1352 Summam,
1758 1309 1794 1338 de
1810 1308 1955 1353 Thesauro
1978 1307 2085 1353 Regis,
2101 1306 2156 1346 Ipsi
2181 1317 2229 1346 per
2253 1317 2354 1340 manus

1293 1346 1471 1416 {hesaigaru
1495 1355 1643 1412 ¹59¹P¹f³¹¹ta
1666 1347 1719 1385 &,
1742 1347 1791 1378 sub
1810 1347 1943 1378 Periculo
1966 1346 2057 1385 Regis
2077 1345 2211 1386 ductam,
2235 1347 2355 1385 praefato

1329 1396 1374 1471 :ficti
1390 1385 1820 1470 qiibgiufibffizhfikaiitabwgisanta,
1838 1423 1891 1469 sub
1906 1422 2023 1455 Privato
2043 1422 2159 1468 Sigillo,
2171 1431 2208 1468 'ut
2227 1423 2255 1453 in
2277 1423 2352 1454 For-

1297 1472 1362 1500 ma,
1380 1471 1439 1493 tam
1462 1462 1542 1493 dicto
1563 1462 1745 1494 Thesaurano
1764 1462 1801 1493 de
1819 1462 1894 1493 dieta
1916 1461 2036 1493 Summa
2057 1464 2134 1500 (νη...
2149 1462 2188 1493 xii
2211 1461 2257 1492 M.
2275 1463 2308 1494 ὃς
2329 1472 2350 1494 v

1295 1500 1336 1545 C.¹
1359 1500 1542 1538 Marcarum)
1564 1501 1669 1531 eisdem
1693 1500 1872 1545 deliberandi
1889 1523 1899 1539 ,
1925 1502 2012 1538 quarn
2035 1500 2119 1531 dictis
2143 1500 2289 1531 Richardo
2313 1499 2349 1532 &

1297 1538 1446 1583 Richardo
1475 1540 1511 1569 de
1536 1539 1632 1570 eadem
1651 1550 1666 1570 a
1687 1540 1766 1570 dieto
1785 1539 1970 1570 Thesaurario
1991 1538 2151 1579 recipienda
2168 1562 2179 1578 ,
2208 1540 2242 1571 &
2266 1539 2353 1577 usque

1294 1577 1402 1622 Villam
1423 1577 1544 1617 Bruges,
1564 1579 1607 1610 vel
1630 1579 1715 1609 alium
1737 1578 1871 1615 Locum,
1891 1588 1940 1616 per
1966 1577 2083 1608 Ducem
2108 1577 2276 1616 Burgundiae
2298 1585 2355 1608 no—

1295 1616 1479 1653 minandum,
1498 1616 1625 1659 periculo
1645 1616 1674 1646 R
1712 1617 1733 1646 is
1758 1615 1904 1654 carianda,
1929 1617 1962 1647 &
1983 1616 2074 1647 eidem
2097 1615 2176 1647 Duci
2196 1615 2353 1654 solvenda,

1295 1665 1328 1684 ac
1356 1655 1392 1684 ab
1411 1654 1515 1685 eodem
1540 1655 1577 1686 de
1595 1654 1671 1686 dicta
1716 1655 1814 1685 umma
1838 1654 1944 1685 Literas
1962 1654 2171 1693 Aequietantiae
2196 1653 2353 1692 Recipien-

1294 1692 1343 1723 do.

1298 1771 1337 1801 H.
1355 1770 1510 1810 Gloucestre.
1850 1771 1884 1800 P.
1898 1768 1988 1800 Elien.

1299 1812 1338 1839 H.
1357 1809 1511 1840 Cardmali.
1850 1808 1887 1846 J.
1898 1807 2020 1838 Bathon.

1299 1847 1335 1886 J.
1351 1848 1433 1878 Ebor.
1449 1848 1540 1879 Cane.
1849 1849 1883 1878 R.
1899 1844 2069 1884 Warrewyk.

1336 1923 1448 1956 Eodem
1461 1923 1518 1956 Die
1533 1923 1751 1955 concordatum
1762 1923 1816 1954 fuit
1827 1922 1907 1961 quod
1927 1921 2033 1954 Custos
2052 1920 2159 1952 Privati
2171 1920 2257 1962 Sigilli
2279 1921 2360 1953 faciat

1299 1963 1426 2001 sigillare
1440 1972 1528 1995 certas
1543 1962 1648 1994 Literas
1664 1962 1843 1993 Executorias
1853 1985 1862 1998 ,
1881 1962 1914 1992 &
1928 1961 2062 1992 Waranta
2076 1958 2270 1999 Cancellario,
2283 1961 2358 1991 circa

1299 2001 1580 2040 Transportationem
1593 2000 1759 2032 Comitatus
1772 2003 1928 2039 Campaniae
1937 2003 2008 2030 Duci
2016 2001 2179 2038 Burgundiae
2195 1998 2357 2038 faciendam:

1300 2041 1334 2071 &
1349 2041 1413 2071 alias
1428 2049 1574 2077 tangentes
1588 2039 1740 2070 Materiam
1755 2040 1827 2070 inter
1842 2038 1960 2076 Regem
1976 2039 2009 2070 &
2026 2038 2134 2068 didtum
2162 2037 2279 2068 Ducem
2297 2037 2360 2075 jam

1301 2078 1491 2117 pendentem,
1510 2086 1594 2117 prout
1618 2080 1648 2108 in
1668 2077 1769 2116 Copiis
1794 2077 1915 2115 Earum,
1933 2077 1984 2107 hiis
2006 2076 2211 2115 Annexarum,
2228 2084 2357 2116 apparet:

1300 2117 1519 2187 kllxlecnonRaliss
1540 2116 1645 2148 Literas
1663 2116 1726 2155 ipsls
1749 2115 1784 2146 de
1810 2115 1923 2154 Stedes,
1940 2116 1974 2148 δε
1995 2115 2054 2146 aliis
2074 2124 2127 2154 pro
2144 2114 2303 2146 commodo
2324 2113 2359 2145 &

1322 2165 1414 2186 onore
1461 2165 1526 2196 egis.

1302 2239 1341 2267 H.
1353 2235 1509 2277 Glaucestre.
1850 2234 1887 2274 J.
1900 2234 2019 2265 Bathon.

1302 2278 1342 2306 H.
1356 2274 1506 2307 Cardinali.
1850 2273 1880 2313 J
1900 2276 2082 2312 Huntington.

1301 2315 1339 2354 J.
1353 2315 1437 2345 Ebor.
1451 2311 1576 2345 Cancell.
1849 2316 1949 2351 Ttptot.

1303 2356 1335 2384 P.
1351 2353 1448 2393 Elyen.
1848 2348 2032 2390 Hungerford.

1434 2479 1651 2524 Acqus'etantia
1671 2474 1744 2508 dina·
1763 2477 1859 2509 Ducis
1868 2485 1924 2522 pro
1939 2477 2068 2507 Summa
2078 2471 2230 2520 prediaa.

1384 2565 1507 2613 Overint
1521 2564 1639 2609 universi
1650 2588 1659 2604 ‚
1818 2602 1822 2606 ι
1982 2603 1986 2607 1
2148 2562 2364 2631 ἐυκτηηξιῐιν-
2379 2564 2507 2598 ΑΠΠᾸ),

1311 2600 2314 2683 ,ωτιῗ“’ἰὲἒῖέρῖτί“”ὲέεῗῑεξῖἓῖἲῖ“ζῖἲεΑέἑῖῗέεἰεῇῗξῖἕ“ἒΓέῗώιῑῗω,
2332 2608 2365 2675 ἒξ
2377 2613 2485 2672 Αζῒῧὲ·

1308 2680 1554 2713 Reverendiffimo
1567 2681 1598 2711 in
1612 2678 1729 2711 Christo
1744 2679 1844 2715 Patre,
1860 2676 2012 2707 Avunculo
2028 2676 2127 2707 nostro
2150 2674 2364 2714 praecanffimo‚
2379 2688 2413 2711 H.
2432 2684 2461 2710 6,

1309 2723 1426 2750 Henrico
1436 2742 1445 2757 ,
1463 2719 1536 2750 tituli
1552 2719 1647 2749 Sancti
1660 2717 1770 2747 Eusebii
1785 2716 1942 2746 Presbitero
1956 2714 2093 2746 Cardinali
2103 2739 2112 2751 .,
2130 2714 2167 2745 de
2182 2713 2284 2752 Anglia
2301 2713 2364 2744 vul—
2379 2725 2419 2748 Ex
2429 2720 2512 2748 Runa,

1309 2760 1409 2797 gariter
1425 2765 1606 2795 nuncupato,
1624 2765 1674 2795 per
1692 2764 1790 2785 manus
1813 2753 1943 2797 Richards
1963 2754 2006 2783 W
2009 2752 2127 2791 ‘deville,
2150 2753 2364 2783 Locumtenen-
2379 2768 2406 2795 5,
2424 2769 2450 2786 n,
2464 2767 2494 2794 4,

1309 2798 1363 2833 tis,
1377 2797 1411 2827 &
1433 2794 1561 2824 Richardi
1584 2793 1742 2831 Boi-clanei,
1767 2792 1956 2829 Thesaumrn,
2035 2792 2099 2828 efii,
2122 2792 2221 2831 viginti
2240 2791 2364 2828 quinque
2381 2798 2443 2826 Pen.
2457 2800 2513 2830 Ca,

1312 2833 1394 2864 Milia
1421 2832 1578 2864 Nobilium
1598 2840 1723 2863 monetae
1748 2830 1909 2870 Anglicanae
1923 2854 1933 2869 ,
1961 2840 2014 2869 pro
2035 2830 2145 2862 summa
2166 2830 2365 2869 quinquaginta
2379 2844 2470 2864 merar,

1313 2873 1425 2903 milium
1437 2871 1595 2902 salutiarum
1609 2872 1681 2908 auri,

1350 2912 1369 2929 ’¹‘
1390 2909 1423 2941 In
1438 2910 1538 2948 quibus
1549 2934 1557 2945 ,
1577 2909 1633 2939 five
1646 2910 1674 2939 in
1690 2908 1783 2938 valore
1797 2907 1917 2946 ejusdem
1934 2906 2084 2945 Summae,
2400 2911 2416 2926 ⁶
2436 2910 2475 2940 x,

1347 2948 1406 2980 Pro
1420 2948 1561 2991 stipendiis
1577 2947 1654 2978 mille
1669 2947 1702 2978 &
1719 2947 1943 2984 quingentorum
1965 2945 2115 2989 bominum
2125 2944 2185 2988 ‚ad
2204 2942 2345 2975 Trad'imm
2356 2966 2366 2983 ,
2381 2956 2451 2987 455,

1314 2987 1479 3025 nobiscum,
1497 2987 1525 3016 in
1539 2987 1648 3018 (ervitio
1661 2984 1784 3016 Domini
1800 2986 1856 3016 mei
1872 2984 1998 3015 Franciae
2012 2984 2047 3014 &
2062 2982 2175 3022 Angliae
2197 2980 2306 3022 Regis,
2320 2991 2369 3014 ex-

1315 3026 1595 3096 polgi‘ggssrilringertis
1614 3062 1781 3098 indenturis,
1798 3060 1869 3090 inter
1886 3058 1995 3090 dietum
2019 3058 2205 3090 Avunculum
2220 3059 2370 3099 nostrum,

1315 3104 1434 3147 nomine
1454 3101 1523 3133 dieti
1544 3100 1669 3132 Domini
1689 3102 1746 3131 mei
1764 3099 1869 3137 Regis,
1886 3097 1920 3129 &
1941 3107 1994 3128 nos
2006 3097 2074 3128 inde
2090 3098 2247 3136 confeffls,
2265 3098 2372 3136 plenius

1317 3149 1678 3222 conNnggislbiitlDeputatis
1693 3174 1810 3212 nostris,
1829 3175 1909 3205 certis
1926 3173 1973 3204 die
1997 3173 2030 3206 δε
2049 3173 2134 3212 loco,
2151 3173 2180 3204 in
2201 3173 2304 3206 eisdem
2323 3173 2373 3206 In-

1317 3218 1439 3249 denturis
1452 3215 1611 3254 specificans
1620 3237 1630 3252 ,
1647 3214 1851 3256 persolvendae,

1356 3256 1436 3287 Idem
1459 3254 1622 3286 Avunculus
1645 3252 1737 3282 noster
1760 3252 1842 3282 nobis
1862 3251 1967 3291 scripto
1991 3249 2041 3282 suo
2066 3249 2236 3290 obligatorio
2257 3251 2374 3283 teneba-

1319 3303 1408 3402 Ξτόε
1421 3330 1522 3398 ςυὲρυε
1536 3329 1871 3398 (ιχυίἀεωὸιέυὶῃςυαὲἰῑηῑὲ
1879 3326 2252 3396 Ῥίἰίῑίιμεῃωυτὲπυῐηκέψξίῒ,
2270 3337 2321 3372 per
2327 3327 2379 3373 'sa-

1323 3376 1841 3475 ςζξὲςὲξῴείιὶἰὲαῐὲοὺέῥῐᾞξζξῷ
1851 3375 2157 3474 v3313m⁰sffim32313
2176 3374 2378 3472 ςὲῑέἑυζὲἳξ

1324 3452 1867 3520 ἰξῖἰέ“ἒῖᾒιῖἒέἒῖἕὲἳέεὲἓιὲἶὲιὲἶζῖᾱτ
1882 3452 1964 3511 noli}
1975 3450 2040 3510 ἓῗῗε
2050 3449 2375 3517 Ρὲἓῃῗὲἑ“ῗέᾱέεὲἒιῖζ

1325 3522 1492 3598 &12³3AEss
1502 3543 1542 3590 ’de
1563 3558 1714 3590 Solutione
1733 3557 1808 3596 ipsa,
1827 3565 1960 3596 tanquam
1983 3555 2061 3587 bona
2082 3556 2116 3588 &
2138 3553 2304 3592 sufficienti,
2318 3553 2376 3586 effi:

1328 3608 1495 3668 coffigrcliibsr’i
1516 3634 1627 3679 dicfium
1647 3634 1831 3679 Avunculum
1854 3633 1984 3677 nostrum
2001 3655 2012 3676 ,
2037 3630 2210 3662 Executores
2230 3628 2314 3668 suos,
2339 3639 2375 3662 ac

1327 3676 1508 3714 quoscunque
1527 3674 1615 3711 ahos,
1633 3683 1704 3710 quos
1726 3673 1859 3712 praedrcsta
1883 3671 2033 3708 Obligatio
2055 3677 2168 3706 tangere
2187 3666 2294 3706 poffet,
2312 3667 2376 3700 fore

1329 3715 1437 3752 quietos
1451 3714 1485 3744 δε
1499 3720 1664 3742 exoneratos
1678 3712 1795 3741 totaliter
1810 3720 1859 3748 per
1871 3710 2025 3748 praesentes.
2191 3743 2196 3748 ⁵

1365 3751 1398 3782 In
1415 3753 1492 3790 cujus
1505 3752 1544 3780 rei
1559 3749 1772 3780 Testimonium
1786 3749 1919 3786 Sigillum
1933 3746 2061 3777 nostrum
2073 3741 2250 3782 praesentibus
2267 3742 2310 3775 est
2330 3753 2380 3784 ap-

1329 3790 1476 3858 pe‘ffifflin
1492 3827 1520 3856 in
1537 3825 1609 3855 vina
1624 3824 1720 3856 nostra
1734 3824 1850 3855 insum.
1867 3823 1925 3854 Die
1939 3821 2053 3857 Martii,
2070 3817 2158 3850 Anno
2173 3818 2295 3851 Domini
2306 3819 2379 3851 Mil-

1331 3866 1448 3903 lefimo,
1466 3864 1768 3902 Quadringentesimo,
1786 3862 1932 3894 Vicelimo
1953 3858 2067 3896 N0n0,
2080 3857 2130 3888 sub
2150 3857 2251 3890 nostro
2270 3858 2378 3891 secreto

1332 3905 1429 3945 Sigillo
1443 3904 1473 3934 in
1488 3903 1602 3941 majoris
1613 3902 1739 3933 absentia.

1788 3937 1854 3970 Phe·
1870 3939 1912 3967 D·
1944 3974 1997 4003 Per
2009 3975 2153 4004 Dominum
2165 3973 2276 4002 Ducem.

2109 4019 2227 4058 Hiberti,

1677 2573 1727 2602 per
1745 2562 1891 2602 praesentes
1899 2583 1909 2600 ‚
1927 2561 1997 2593 Nos
2009 2562 2062 2593 Phi
2072 2566 2157 2602 ippum

2341 4050 2387 4095 oq
