2562 4274
232 79 310 127 136

76 162 153 194 Ann.
169 160 212 191 D.

100 210 185 240 ¹415·

78 246 141 270 Hen.
159 250 186 276 5·
276 247 326 281 De
353 243 490 278 Generali
513 243 683 274 Attornatu
695 264 706 281 ,
731 238 768 272 de
791 241 931 273 Licentia
950 243 1036 287 Regis
1046 240 1236 287 profet'luris.

75 335 154 366 Ann.
170 333 212 365 D.
232 329 419 386 RIchardus
431 330 501 364 Grey
518 328 647 356 Dominus
665 325 697 355 de
713 324 842 364 Wilton,
860 326 909 366 qui
922 324 958 356 de
974 324 1103 356 Licentia
1120 324 1207 364 Regis
1222 335 1286 355 ver-

98 383 153 413 141
161 383 186 412 ς,
301 370 341 398 sus
359 374 446 404 partes
464 363 676 395 Transmarinas
699 363 876 401 profeelmrus
895 363 955 402 est,
973 364 1055 394 habet
1075 363 1180 393 Literas
1202 363 1288 402 Regis

75 417 128 442 An,
146 423 172 450 3,
230 406 266 436 de
291 404 426 436 Generali
447 403 600 434 Attornatu
620 402 669 432 sub
687 402 852 432 nominibus
868 401 1009 441 Johannis
1023 405 1133 431 Barton
1145 401 1286 441 Junioris,

76 456 112 480 Η,
127 460 155 487 5.
229 447 262 477 &
282 443 422 483 Johannis
441 440 566 479 Boteler,
582 441 632 471 sub
641 440 838 478 alternatione,
856 442 890 470 ad
905 440 1090 478 lucrandum,
1108 440 1169 470 &c.
1179 441 1209 470 in
1226 442 1288 479 qui-

76 494 157 518 Fran:
168 498 193 525 3.
228 484 400 520 buicumque
415 479 510 512 Curiis
525 479 652 519 Angliae‚
672 489 720 517 per
733 489 825 510 unum
839 479 958 509 Annum
970 478 1122 521 duraturas.

74 533 111 595 Iml.
126 536 174 606 {4
266 521 472 596 P'lziiegffiege
482 557 556 596 apud
569 555 822 597 Wstmonasterium
835 555 950 586 decimo
961 553 1007 585 die
1014 553 1093 593 Julii.

262 636 404 676 johannes
415 633 612 676 Spryngthorp
624 632 739 663 Clericus
753 635 846 671 recepit
860 634 1123 662 Attorneamentum
1129 652 1142 671 ,
1159 630 1221 668 &c.

221 721 440 778 WIlIieImum
457 718 556 752 Bowet
574 719 725 758 Chivaler,
743 721 791 760 qui
812 719 848 750 de
873 718 1000 750 LicentIa
1016 718 1104 758 Regis
1117 719 1207 749 versus
1222 728 1284 756 par-

300 772 340 793 tes
353 761 564 793 Transmarinas
577 759 752 798 profe&urus
765 759 822 795 est,
843 758 928 789 habet
944 758 1050 788 Literas
1065 759 1154 796 Regis
1166 758 1202 788 de
1219 757 1284 789 Ge-

223 801 308 831 nerali
324 801 490 836 Attornatu,
509 799 559 829 sub
578 800 596 817 ²*
613 797 791 828 Nominibus
807 795 936 826 Nicholai
955 797 1091 834 Mokkyng
1107 797 1230 835 Clerici,
1249 797 1283 827 ὃς

221 838 364 878 Johannis
384 842 483 868 Bowet
503 837 658 875 Armigeri,
680 835 729 866 sub
750 836 945 872 alternatione,
965 836 999 864 ad
1019 835 1205 873 lucrandum,
1222 836 1284 866 &c.

225 880 257 908 in
272 877 495 916 quibuscumque
508 874 602 905 Curiis
615 875 725 914 Angliae
734 897 743 912 ,
759 884 808 914 per
821 882 911 903 unum
926 875 1048 904 Annum
1061 873 1210 904 duraturas.

74 806 95 826 ²*
115 807 168 834 IX.

75 845 140 882 284.

255 1031 400 1072 Johannes
417 1027 580 1066 Hertilpole
597 1025 711 1057 clericus
727 1028 823 1064 recepit
841 1027 1121 1064 Attorneamentum,
1138 1025 1199 1062 &a

220 1110 414 1170 EDmundux
435 1113 524 1139 Comes
543 1107 693 1146 marchiae,
711 1107 762 1146 qui
784 1106 821 1137 de
844 1106 973 1139 Licentia
987 1106 1076 1145 Regis
1091 1106 1182 1138 versus
1197 1115 1286 1146 partes

287 1149 496 1180 Transmarinas
531 1146 691 1177 rot‘effiturus
706 1145 765 1183 est,
781 1146 863 1176 habet
879 1145 984 1176 Litetas
998 1144 1087 1184 Regis
1099 1146 1136 1176 de
1150 1145 1285 1176 Generali

222 1189 393 1225 Attornatu,
411 1187 461 1217 sub
521 1186 663 1216 ominibus
685 1184 801 1215 Walteri
817 1186 891 1220 Lucy
908 1185 942 1216 &
964 1183 1108 1213 Willielmi
1124 1184 1285 1225 Walwijyn,

223 1229 274 1258 sub
295 1227 490 1264 alternatione,
508 1224 543 1255 ad
557 1223 741 1260 lucrandum,
755 1224 816 1254 &c.
830 1223 861 1253 in
875 1222 1101 1261 quibuscumque
1113 1222 1208 1254 Curiis
1221 1225 1282 1254 An—

224 1267 308 1307 gliae,
326 1274 373 1308 per
392 1273 483 1295 unum
498 1264 616 1294 Annum
631 1263 784 1293 duraturas.

257 1304 478 1381 pssiiltff‘liege
490 1339 564 1379 apud
579 1337 846 1378 Wanonasterium,
859 1337 974 1369 decimo
988 1337 1094 1370 oc'tavo
1106 1338 1153 1370 die
1162 1338 1251 1378 Junii.

257 1419 408 1487 Henricul}
426 1416 558 1449 Shelford
578 1415 692 1447 clericus
710 1419 806 1455 recepit
822 1417 1085 1447 Attorneamentum
1101 1416 1134 1447 de
1151 1418 1281 1447 Licentia

296 1462 383 1488 Came
406 1461 468 1488 arii.

355 1585 413 1616 Pro
438 1579 664 1616 Mercatoribus
684 1579 720 1614 de
746 1580 889 1623 Venicia,
903 1578 1000 1626 super
1021 1580 1153 1612 Mutuo.

67 1674 147 1707 Arm,
161 1673 206 1708 D,
228 1667 311 1724 RE
320 1667 350 1712 X
359 1691 368 1706 ,
384 1667 490 1699 dilec'kis
506 1667 574 1705 fibi,
584 1665 692 1696 Thomae
699 1668 805 1711 Ifurton
818 1664 850 1695 &
863 1663 971 1709 Tbomae
985 1662 1119 1702 Botiller,
1135 1663 1283 1708 Collecto-

90 1723 166 1754 1415
304 1708 379 1736 r1bus
399 1705 550 1737 Custumae
566 1707 599 1737 &
611 1704 730 1735 Subfidn
744 1704 887 1735 Lanarum
901 1713 930 1733 in
946 1703 1034 1733 Portu
1049 1702 1211 1733 Londomae
1221 1726 1229 1740 ‚
1249 1705 1282 1734 &

67 1755 128 1781 Aa.
146 1737 176 1791 3]
222 1744 251 1774 in
273 1744 385 1785 singulis
404 1745 546 1776 Portubus
565 1744 598 1775 &
619 1743 706 1774 Locis
727 1742 819 1775 eidem
841 1741 941 1773 Portui
961 1742 1148 1780 adjacentibus
1162 1764 1172 1780 ‚
1204 1741 1284 1772 Salu-

66 1799 155 1867 ἕλιξ),
218 1790 338 1853 ‘cuffiam
359 1821 507 1852 nicholaus
528 1821 561 1851 de
586 1819 702 1861 Mityn,
719 1820 754 1852 &
776 1819 855 1851 Socii
874 1818 929 1856 sui,
949 1817 1126 1849 Mercatores
1139 1816 1175 1848 de
1190 1817 1280 1848 veni-

69 1880 96 1906 3,
110 1876 181 1904 ῆς.
217 1860 278 1902 cia,
303 1860 387 1891 Mille
409 1860 538 1898 Marcas,
565 1869 617 1897 pro
635 1859 762 1899 praesenti
782 1857 884 1897 Viagio
907 1856 1007 1888 nostro
1029 1857 1111 1887 nobis
1134 1865 1281 1888 mutuave-

216 1907 273 1928 rint

251 1922 289 1967 E}
314 1937 384 1974 illas,
401 1937 437 1968 de
464 1936 604 1967 Mandato
625 1935 741 1974 nostro,
756 1934 900 1966 carissimo
922 1932 1038 1964 Conffin
1060 1934 1145 1964 uineo
1160 1932 1281 1972 nostro,

213 1974 321 2005 Thomae
343 1979 440 2005 Comiri
463 1974 642 2012 Arundellae,
662 1974 849 2004 Thesaurario
869 1972 968 2002 nostro
984 1972 1095 2011 Angiae
1109 1971 1282 2002 deliberave-

213 2014 324 2083 rinltzffi
343 2024 386 2045 eas
400 2016 479 2052 juxta
500 2013 720 2043 Ordinationem
741 2011 867 2042 nostram
887 2010 1060 2050 applicandas
1082 2010 1116 2042 ὃ(
1133 2010 1281 2050 expedien-

250 2075 387 2122 Volerites
399 2098 560 2130 promptam
578 2090 610 2120 &
624 2089 750 2120 securam
764 2087 979 2119 Resolutionem
995 2087 1124 2118 Summae
1137 2086 1282 2128 praedizstae

212 2129 335 2167 praesatis
357 2129 488 2160 Nicholao
511 2130 545 2159 &
560 2128 654 2159 Sociis
670 2127 737 2166 suis,
755 2137 804 2166 per
821 2127 907 2165 Nos,
925 2136 959 2157 ex
974 2126 1026 2157 hac
1043 2126 1138 2165 causa,
1156 2126 1233 2164 fieri,
1251 2135 1281 2157 ut

215 2176 552 2244 tenxegngisspraecipimus
575 2204 654 2244 quod
674 2205 795 2244 praefatis
810 2201 943 2233 Nicholao
961 2202 994 2234 &
1007 2202 1096 2234 Sociis
1111 2203 1163 2233 suis
1178 2203 1282 2243 praedi-

212 2243 270 2275 &as
291 2244 373 2276 Mille
390 2243 503 2275 Marcas
521 2244 692 2279 (videlicet)
710 2243 746 2273 de
762 2242 858 2273 Galeis
873 2242 1089 2285 provenientes,
1106 2243 1182 2280 JuXta
1194 2252 1282 2280 quan-

213 2283 280 2314 dam
303 2283 360 2314 Affi
382 2284 546 2321 nationem,
564 2282 668 2312 eisdem
688 2280 823 2311 Nicholao
844 2280 878 2311 &
893 2280 984 2310 Sociis
998 2279 1065 2317 suis,
1085 2280 1280 2319 Qartodeci-

213 2330 266 2351 mo
288 2321 346 2352 Die
355 2292 434 2361 Jgunii
450 2321 806 2364 proximo-prseteritoffid
821 2318 980 2363 Receptam
998 2318 1157 2362 Scaccarii,
1175 2320 1205 2349 in
1225 2319 1278 2363 hac

212 2367 290 2399 parte
307 2361 409 2392 factam
419 2383 429 2399 ,
447 2361 504 2391 sine
520 2359 652 2391 dilatione
664 2359 802 2397 liberetis,
819 2365 892 2396 juxta
908 2356 1139 2395 Affignanonem
1155 2357 1278 2397 supradi-

213 2399 337 2468 &Z'El'te
350 2436 432 2477 Rege
444 2435 518 2476 apud
533 2435 789 2477 Wstmonasterium
801 2433 954 2465 undecimo
969 2433 1015 2464 die
1027 2434 1104 2472 Julii.

65 1918 101 1938 m.
122 1919 164 1944 ¹9·

742 2514 795 2541 Per
812 2509 916 2540 Billam
935 2509 1137 2549 Thesi'zurariae.

856 2588 899 2616 Et
916 2594 977 2616 erat
997 2588 1109 2617 Patent.

211 2722 266 2756 ‚De
297 2723 429 2763 Corona,
464 2729 574 2753 vocata
606 2729 626 2752 1.
640 2730 662 2752 A
697 2719 795 2751 CoR
810 2728 875 2751 ow
891 2727 915 2750 N
953 2717 988 2750 H
1002 2727 1056 2750 EN
1070 2728 1092 2752 R
1107 2728 1151 2759 Y,
1180 2720 1277 2766 Impi-

673 2776 817 2815 gnorala.

63 2868 142 2899 Am,-
155 2867 198 2899 D·
216 2853 335 2912 REX
353 2853 520 2892 Omnibus,
537 2853 571 2884 ad
589 2862 676 2893 quos,
694 2852 756 2884 &c.
773 2851 903 2882 Salutem.

62 2915 171 2982 Afff¹35s
253 2893 531 2969 Cunisfflacssiliitffigs'
545 2930 637 2960 Frater
657 2927 770 2972 noster,
787 2927 900 2971 Thomaf
913 2925 1148 2973 Dux-Clarenna
1165 2927 1276 2959 Nobis-

62 2988 98 3011 H.
118 2993 145 3019 5·
214 2978 300 3007 cum,
318 2971 352 3000 ad
376 2968 600 3013 Deserviendum
615 2967 732 3004 Nobis,
750 2977 802 3004 pro
817 2966 1062 3010 praetenti-Viagio
1076 2967 1192 3005 nostro,
1209 2977 1274 2998 ver-

213 3007 255 3038 sus
277 3017 366 3046 partes
387 3008 611 3044 Transmarinas,
630 3016 678 3044 per
701 3015 790 3036 unum
814 3006 931 3036 Annum
953 3014 1095 3045 integrum
1117 3006 1148 3037 fit
1165 3005 1275 3038 Reten-

61 3025 169 3094 {Ins3
215 3054 276 3084 tus,

61 3103 88 3134 p,
111 3107 137 3124 2,
250 3086 314 3130 Ac,
331 3084 502 3116 Venerabilis
526 3082 626 3121 Pater,
644 3081 792 3125 Richarduf
814 3080 953 3121 Epifiopus
974 3083 1170 3120 Norwicenrs,
1189 3082 1274 3126 The-

62 3144 100 3163 „-
116 3143 165 3172 4²·
210 3123 340 3154 saurarius
355 3123 488 3154 Camerae
503 3121 619 3159 nostrae,
632 3129 734 3150 virtute
752 3120 910 3150 Literarum
925 3119 1082 3151 nostrarum
1124 3129 1271 3159 arentium,

211 3162 259 3191 fibi
283 3162 453 3192 diree'tarum
462 3184 471 3199 ‚
497 3160 580 3189 eidem
604 3161 674 3189 Duci
702 3158 843 3196 quandam
869 3157 1035 3197 Coronam,
1059 3168 1191 3190 vocatam
1217 3169 1237 3190 L
1249 3169 1269 3190 Α

213 3199 425 3230 Conowt-rz
451 3198 623 3235 HENRY,

251 3236 309 3266 Pro
324 3238 475 3268 Securitate
489 3237 573 3267 totius
588 3236 677 3273 illius,
693 3234 769 3273 quod
785 3235 900 3272 praefato
918 3237 1005 3273 Duri,
1025 3245 1078 3274 pro
1089 3235 1126 3265 Se
1142 3236 1175 3266 &
1190 3235 1272 3267 Reti-

211 3277 306 3306 nentia
320 3275 364 3305 sua
382 3276 530 3312 praedicta,
547 3276 597 3304 erit
609 3274 747 3310 debitum,
766 3274 798 3304 «Sc
813 3273 891 3312 quod
906 3273 972 3312 ipse,
992 3283 1044 3311 pro
1057 3274 1161 3304 eodem
1177 3275 1272 3314 Quar-

210 3314 283 3345 terio
305 3314 361 3343 inte
382 3324 414 3343 ro
436 3313 515 3343 Anni
535 3312 678 3349 praedieti,
695 3311 848 3342 secundum
869 3312 991 3341 formam
1007 3314 1040 3342 &
1054 3311 1188 3342 &sedtum
1203 3323 1272 3350 qua-

179 3357 184 3361 '
211 3352 343 3382 rumdam
384 3360 406 3381 N
417 3360 436 3381 D
445 3361 462 3381 E
475 3360 498 3381 N
509 3359 563 3380 τυ
574 3359 597 3380 R
608 3359 659 3380 AR
668 3358 691 3379 u
700 3358 725 3379 M
734 3373 743 3387 ,
766 3351 838 3381 inter
863 3352 923 3379 Nos
944 3351 977 3380 &
995 3349 1146 3389 praesatum
1170 3353 1270 3380 Ducem

210 3391 279 3421 inde
292 3390 508 3427 confectarum,
527 3390 670 3427 percipere
685 3389 717 3419 δε
732 3389 856 3426 recipere
870 3389 973 3426 debet,

248 3428 455 3459 Deliberaverit
463 3450 472 3463 ‚

248 3466 340 3498 Unde
360 3466 430 3496 Dies
449 3465 618 3503 solutionis,
635 3463 669 3495 ad
691 3473 776 3503 quem
797 3464 930 3494 volumus
954 3464 988 3494 &
1008 3464 1164 3503 acquietare
1181 3464 1268 3495 debe-

209 3515 273 3536 mus
290 3505 435 3535 Coranam
451 3503 613 3540 pmedfflam
628 3513 675 3540 per
692 3503 860 3540 Deputatos,
879 3502 1045 3541 Assignatos,
1062 3502 1209 3541 Haeredes,
1224 3505 1269 3534 seu

209 3543 382 3574 Executores
396 3541 522 3578 nostrOS,
538 3542 589 3571 erit
605 3542 633 3570 in
648 3541 693 3570 die
710 3540 958 3579 Circumcisionis,
974 3542 1022 3580 qui
1034 3542 1084 3571 erit
1099 3541 1186 3572 Anno
1199 3541 1266 3572 Do-

209 3583 281 3612 mini
294 3581 466 3617 Millefimo,
485 3579 786 3618 Qadringentefimo,
801 3578 1014 3617 Sextodecimo,
1030 3579 1186 3609 secundum
1200 3590 1266 3610 cur-

208 3621 269 3650 sum
293 3621 325 3651 ὃ(
347 3619 590 3658 computationem
611 3615 746 3646 Ecclesiae
768 3617 949 3656 Anglicanae,
966 3627 1048 3656 prout
1064 3619 1094 3647 in
1111 3617 1155 3647 IN
1166 3627 1215 3648 DE
1227 3627 1266 3648 N-

213 3667 236 3688 Τ
245 3667 267 3688 ι’
280 3668 302 3689 R
314 3668 324 3688 1
337 3667 349 3688 s
369 3657 508 3695 praedietis
521 3655 629 3694 plenius
645 3656 821 3692 continetur,

248 3697 316 3727 Nos
333 3695 502 3731 (Securitati2
510 3694 634 3731 preditli
655 3696 738 3723 Ducis
753 3693 782 3722 in
797 3692 849 3722 hae
863 3700 937 3729 parte
953 3692 1110 3733 prospicere
1124 3694 1265 3733 volente&

210 3743 240 3764 ut
256 3739 402 3770 tenemur)
419 3734 558 3765 Volumus
571 3733 603 3762 ὅ(
617 3730 812 3762 Concedimus
825 3740 873 3768 per
887 3734 1031 3768 praeientes
1048 3732 1143 3770 quod,

252 3771 284 3801 In
298 3773 358 3803 casu
371 3782 429 3811 quo
443 3772 518 3802 diCta
533 3769 668 3808 Corona,
686 3769 766 3799 dieto
781 3768 839 3799 Die
854 3766 1104 3811 Circumcifionis,
1123 3781 1172 3808 per
1185 3770 1264 3809 Nos,

212 3807 346 3840 Haeredes
355 3834 364 3847 ,
381 3811 427 3840 ieu
438 3809 610 3840 Executoree
624 3807 735 3838 nostros
745 3816 806 3836 non
819 3815 1007 3844 acquietetur,

253 3850 266 3862 '‘
286 3847 398 3878 Extunc
417 3850 491 3878 bene
512 3849 609 3877 licebit
629 3847 711 3876 eidem
737 3848 824 3882 Duri,
844 3845 877 3875 &
896 3845 968 3881 aliis,
987 3845 1087 3882 quibus
1107 3846 1266 3885 hujusmodi

211 3881 319 3920 Jocalia
334 3895 382 3923 per
396 3887 484 3923 ipsum
498 3886 616 3916 Ducem
630 3885 839 3921 liberabuntur,
856 3882 921 3920 post
938 3883 1059 3913 eundem
1075 3883 1182 3923 Diem,
1200 3885 1266 3915 inde

211 3921 366 3953 secundum
381 3923 455 3953 suam
469 3923 654 3954 Voluntatem
667 3922 827 3962 disponere,
842 3921 944 3959 absque
957 3920 1165 3959 Impedimento
1177 3922 1268 3953 nostri

208 3960 255 3992 seu
263 3960 421 3993 Haeredum
436 3961 615 4000 nostrorum;

65 3864 79 3878 ι
101 3857 152 3886 tx.

61 3895 130 3929 ²85.

683 65 1489 120 CONVENTIONES,

1545 67 1936 119 LITERAE,

1360 152 1480 198 Proviso
1502 152 1607 201 semper
1624 156 1716 196 quod,
1736 156 1756 188 fi
1777 157 1848 189 Nos
1866 157 1974 188 dietam
1995 156 2162 198 Coronam,
2178 160 2248 192 citra
2259 158 2383 190 eundem
2397 157 2472 191 Anu.
2489 159 2533 192 D.-

1324 190 1415 222 Diem
1429 191 1680 235 Circumcifionis,
1697 197 1855 234 acquietare
1869 196 2034 237 fecerimus,
2051 207 2156 229 extunc
2163 197 2299 239 praefatus
2313 201 2384 229 Dux
2422 207 2509 240 1415.
2539 200 2541 206 ’

1321 230 1356 260 ad
1379 231 1497 277 eandem
1512 231 1662 278 Coronam
1675 235 1757 266 nobis
1773 235 1948 280 reddendum
1964 238 1998 269 &
2012 236 2232 277 restituendum,
2250 236 2324 268 adeo
2336 239 2381 267 in-
2397 241 2462 268 Hm.
2479 249 2508 276 5.

1321 270 1698 341 ssffgeffissbsffssgtmffione
1708 273 1754 304 seu
1766 273 1962 314 Pejoratione,
1979 277 2048 308 ficut
2062 274 2181 307 Corona
2194 276 2239 308 illa
2251 277 2301 308 fibi
2312 276 2384 307 libe-

1360 345 1395 376 In
1410 330 1488 383 cujiis
1522 321 1622 379 &c.ur·

1377 383 1468 414 Teste
1481 370 1563 426 Rege
1575 386 1649 427 apud
1663 387 1919 431 Wstmmsterium
1931 389 2107 423 duodecimo
2120 391 2166 424 die
2173 390 2251 431 Julii.

1798 467 1853 496 Per
1865 468 1956 497 Breve
1969 467 2002 497 de
2013 469 2132 499 Privato
2152 465 2253 505 δ’ῘΞὶῘῘθ-
2402 486 2479 518 Ann.
2488 487 2529 521 D.

2424 535 2478 566 141
2485 536 2512 567 ς,

1322 587 1372 620 De
1397 589 1432 621 T
1426 583 1624 629 abernaculo,
1649 587 1732 634 quod
1744 588 1813 634 fuit
1829 593 1928 625 Ducis
1945 592 2141 640 Burgundiae‚
2167 595 2381 642 Impignorato.
2398 570 2488 641 ’ξιξ

2400 649 2461 672 Par.
2508 670 2514 675 ,

1323 670 1444 726 REX
1462 671 1626 711 Omnibus,
1641 672 1675 704 ad
1686 683 1772 713 quos,
1790 676 1850 706 ὅτε.
1864 675 1998 708 Salutem.
2398 688 2432 712 Η.
2449 693 2478 719 5.
2490 655 2503 682 3

1393 710 1505 755 *Sciatis
1521 711 1612 750 quod,
1631 711 1804 744 Venerabilis
1820 713 1912 751 Pater,
1928 717 2061 745 Henricut
2079 716 2293 759 Archiepiftopus
2306 722 2380 750 Can·
2398 728 2425 759 p.
2435 732 2459 753 2.
2478 733 2513 752 m.

1321 749 1463 792 tuarienfis
1472 774 1482 788 ,
1496 751 1530 781 &
1542 748 1688 788 Johanner
1702 752 1853 790 Wakeryng
1867 751 1973 782 Custos
1986 753 2093 786 Privati
2106 756 2192 795 Sigilli
2207 757 2379 796 nostri,Au-
2397 769 2444 795 40=

1322 784 1470 856 (ἐὶὶῗτέιὶεῑε,
1488 788 1646 857 Ιὲφῑείῖαῑε,
1665 791 1699 821 δε
1719 789 1860 822 Mandato
1881 791 2000 829 nostris,
2018 793 2068 822 fibi
2088 792 2156 824 datis
2176 795 2209 826 &
2223 797 2379 837 attributis,

1365 835 1380 854 e
1412 836 1442 856 us
1454 837 1494 857 no
1517 837 1555 864 is,

1361 866 1471 908 Deciano
1487 865 1526 901 όν
1540 865 1663 904 capitulo
1676 865 1811 898 Ecclefiae
1825 867 1997 899 Cathedralis
2011 867 2190 909 Exonienfis,

1361 906 1470 939 Mayori
1481 903 1519 938 ὠ
1534 907 1700 936 emunitati
1712 907 1835 944 ejusdem
1849 905 1978 939 Civitatis
1989 906 2170 947 momentis,

1362 938 1486 978 Johanni
1504 942 1615 972 Abbati
1632 945 1664 973 de
1681 945 1848 985 Tavffloke,

1389 978 1490 1010 ohanni
1505 983 1595 1011 Priori
1610 982 1643 1011 de
1661 982 1818 1023 Plympton,

1389 1018 1487 1048 ohann.
1507 1021 1596 1049 Priori
1612 1021 1644 1049 de
1663 1023 1846 1061 Launceslon,

1363 1056 1513 1087 Willielmo
1531 1057 1644 1088 Abbati
1660 1060 1692 1089 de
1709 1058 1847 1100 Βιιξῖαβ,

1359 1095 1475 1125 Roberto
1494 1100 1564 1136 Cary
1583 1097 1751 1137 Armigero,

1358 1133 1524 1164 Alexandro
1539 1134 1741 1166 chambernoun
1759 1137 1928 1178 Annigem,

1359 1172 1488 1210 Johanni
1504 1173 1607 1213 Bevyle
1625 1174 1792 1215 Armigero,

1360 1211 1490 1249 Johanni
1509 1215 1530 1240 C
1530 1212 1642 1252 opleston
1661 1215 1830 1254 ArmigerO,

1358 1250 1464 1288 lnajori
1481 1249 1519 1285 ό·
1537 1255 1730 1283 Communitati
1748 1253 1824 1284 thlae
1840 1253 1872 1284 de
1891 1250 2077 1292 Plymmouth‚

1358 1287 1417 1319 Pro
1430 1289 1584 1321 Securitate
1601 1290 1792 1323 Resolutionis
1804 1293 2044 1331 oetingentarum
2058 1294 2092 1324 &
2107 1291 2254 1333 Sexaginta
2266 1293 2381 1328 Marcaa

1322 1335 1385 1356 rum
1394 1350 1407 1371 ,²
1420 1328 1454 1358 ad
1475 1338 1546 1372 opus
1559 1329 1687 1360 nostrum
1701 1331 1738 1361 ab
1753 1332 1792 1362 eis
1809 1330 2002 1362 Mutuatarutn
2010 1353 2020 1370 ,
2035 1332 2069 1363 &
2082 1332 2265 1366 Thesaurario
2279 1335 2380 1368 nostro

1322 1365 1434 1404 Angliae
1451 1366 1659 1398 Liberatarum·
1679 1369 1826 1408 videlicet,

1358 1407 1402 1434 De
1416 1405 1494 1449 didit
1508 1408 1619 1436 Decano
1633 1392 1671 1442 ὀ·
1689 1408 1812 1446 Capitulo
1826 1407 1955 1439 Centum
1972 1407 2101 1448 Marcas,

1356 1446 1400 1473 De
1423 1447 1530 1483 Majori
1552 1444 1591 1480 ό·
1611 1449 1784 1477 Comunitate
1804 1446 1936 1479 Civitatis
1958 1446 2138 1488 Exonienfis,
2155 1447 2285 1482 Centum
2299 1448 2380 1482 Mar-

1319 1491 1378 1519 cas,

1357 1523 1402 1551 De
1416 1521 1530 1552 Abbate
1543 1522 1574 1552 de
1591 1523 1739 1566 Tavysloke
1748 1548 1757 1564 ,
1775 1524 1904 1557 Centum
1919 1524 2049 1565 Marcas,

1357 1562 1402 1589 De
1417 1562 1509 1591 Priore
1524 1562 1557 1590 de
1574 1561 1733 1603 Plympton,
1749 1563 1877 1594 Centum
1895 1563 2026 1602 Marcas,

1354 1600 1399 1627 De
1414 1601 1505 1629 Priore
1517 1600 1549 1629 de
1564 1603 1673 1631 Laome
1697 1613 1747 1639 on,
1765 1601 1891 1633 Centum
1908 1602 2039 1641 Marcas,

1359 1639 1404 1666 De
1418 1638 1528 1669 Abbati
1545 1638 1577 1668 de
1590 1640 1651 1669 Buk
1665 1640 1723 1680 ast,
1739 1639 1868 1672 Centum
1883 1641 2012 1681 Marcas,

1358 1677 1403 1704 De
1421 1677 1551 1715 Roberto,
1571 1676 1700 1708 Centum
1717 1679 1844 1718 Marcas,

1358 1716 1405 1744 De
1420 1714 1600 1752 Alexandro,
1619 1715 1763 1756 Sexaginta
1776 1717 1904 1755 Marcas,

1357 1755 1402 1782 De
1419 1752 1550 1791 Johanne
1569 1755 1689 1793 Bevyle,
1709 1756 1857 1793 Sexaginta
1871 1756 2002 1795 Marem,

1358 1794 1403 1821 De
1416 1791 1550 1831 Johanne
1563 1792 1713 1833 Copleston,
1733 1795 1844 1825 Decem
1861 1794 1972 1825 Marcas
1982 1818 1992 1831 ,

1357 1833 1403 1860 De
1417 1831 1527 1868 Majore
1540 1830 1578 1866 ὠ·
1591 1835 1762 1863 Comunitate
1775 1834 1807 1863 de
1822 1832 2010 1873 Plymmouth,
2027 1831 2159 1871 Triginta
2171 1831 2302 1873 Marcas,

1357 1869 1513 1907 Quoddam
1535 1870 1736 1902 Misenum
1755 1873 1870 1903 Tana
1883 1879 2121 1902 RNACULUM
2140 1871 2177 1901 de
2192 1871 2320 1911 Argento
2332 1873 2382 1905 de-

1320 1916 1449 1938 auratum
1464 1909 1500 1939 de
1514 1908 1595 1940 Auro
1608 1912 1783 1947 garnizatum
1792 1933 1801 1946 ,
1820 1911 1900 1948 quod
1914 1911 1967 1941 fuit
1980 1913 2064 1940 Ducis
2075 1910 2240 1947 Burgundiae
2249 1935 2258 1949 ,
2276 1911 2382 1944 Garni-

1321 1954 1416 1976 zatum
1433 1956 1501 1977 cum
1515 1947 1623 1986 Viginti
1636 1949 1738 1986 Balais,
1748 1949 1856 1987 Viginti
1871 1949 1903 1979 ὅτ
1922 1949 2045 1980 Duobus
2060 1948 2238 1988 Saphiris‚&
2252 1950 2288 1980 de
2300 1951 2380 1982 Cen-

1320 1993 1382 2015 tum
1406 1983 1537 2024 Triginta
1559 1986 1592 2016 &
1608 1987 1712 2025 septem
1733 1987 1841 2026 Partes,
1860 1987 2103 2025 deliberaverunt,
2120 1996 2205 2025 prout
2221 1989 2250 2018 in
2265 1991 2380 2028 quibus-

1320 2023 1386 2054 dam
1402 2022 1699 2064 Innssnrums,

1354 2061 1429 2104 Inter
1445 2063 1515 2102 ipsos
1530 2063 1760 2104 Archiepiftopum
1774 2063 1813 2100 (ἐν
1827 2063 1962 2103 Custodem
1972 2086 1982 2101 ,
2000 2066 2140 2094 Decanum
2153 2062 2192 2099 ὠ
2207 2065 2380 2106 Capitulum,

1320 2104 1457 2137 Malorem
1472 2100 1510 2135 ὠ·
1526 2105 1724 2132 Comuniratem
1739 2103 1868 2134 Civitatis
1887 2102 2064 2140 Exonienlis,
2081 2102 2224 2133 Abbatem
2238 2106 2270 2134 de
2281 2109 2379 2146 Tavy-

1317 2140 1404 2180 stoke,
1424 2142 1542 2170 Priorem
1562 2141 1593 2170 de
1618 2141 1772 2182 Plympton,
1790 2144 1909 2172 Priorem
1929 2141 1960 2170 de
1982 2140 2165 2180 Laumeslon,
2183 2142 2326 2173 Abbatem
2344 2145 2378 2174 de

1317 2176 1435 2256 Buklfff
1444 2202 1454 2217 ,
1476 2179 1637 2218 Robertum,
1664 2181 1875 2217 Alexandrum,
1899 2179 2057 2217 Johannem
2080 2179 2198 2219 Bevyle,
2217 2181 2378 2219 Johannem

1382 2229 1395 2246 e
1418 2228 1451 2247 on
1460 2239 1470 2256 ,

1317 2223 1375 2287 {fig
1487 2219 1521 2250 δε
1544 2219 1681 2258 Majorem
1702 2219 1740 2255 ὠ·
1764 2222 1958 2250 comunitatem
1972 2221 2005 2248 de
2020 2217 2205 2259 Plymmouth,
2223 2220 2289 2251 inde
2304 2230 2376 2252 con-

1330 2266 1468 2364 ePNiZiiist
1479 2297 1582 2337 poterit
1595 2306 1724 2336 apparere
1734 2320 1744 2336 ,

1389 2344 1421 2364 os
1431 2358 1440 2373 ,

1354 2372 1414 2403 Pro
1428 2374 1526 2409 maiori
1542 2373 1696 2406 Securitate
1715 2373 1918 2412 praedietorum
1934 2376 2040 2405 Decani
2053 2371 2092 2409 ὠ,
2103 2371 2239 2412 capituli,
2258 2374 2378 2412 Maioris

1318 2410 1357 2447 ό·
1373 2416 1554 2443 emunitatis
1571 2413 1703 2444 Civitatis
1716 2414 1896 2451 Exonienfis,
1914 2413 2038 2443 Abbatis
2049 2413 2082 2443 de
2096 2415 2174 2451 Tavy
2197 2413 2258 2450 oke,
2276 2415 2376 2443 Prioris

1318 2451 1351 2480 de
1365 2451 1504 2490 Plympton
1515 2475 1524 2490 ,
1543 2454 1646 2482 Prioris
1660 2453 1692 2482 de
1706 2455 1818 2490 Launco
1841 2462 1893 2490 on,
1910 2451 2034 2482 Abbatis
2046 2451 2078 2480 de
2093 2451 2155 2479 Buk
2170 2450 2230 2488 ast,
2246 2450 2374 2490 Roberti,

1318 2488 1499 2527 Alexandri,
1516 2490 1658 2529 Johannis
1677 2490 1796 2530 Bevyk’,
1840 2489 1952 2520 ohannis
1969 2489 2120 2529 Coploston,
2137 2489 2255 2526 Majoris
2269 2488 2306 2524 ό·
2322 2494 2374 2519 Co-

1317 2532 1460 2558 munitatis
1479 2529 1513 2558 de
1533 2529 1721 2571 Plymmouth,
1739 2531 1768 2561 in
1783 2530 1835 2560 hac
1846 2537 1940 2569 parte,
1958 2528 2117 2568 prospicere
2129 2527 2269 2565 volentes,
2287 2536 2319 2559 ut
2334 2537 2376 2559 te-

1316 2575 1419 2596 nemur

1353 2590 1491 2635 Volu’mus
1505 2607 1539 2637 &
1553 2605 1769 2643 Concedimus,
1788 2614 1837 2642 per
1853 2603 2019 2641 Praesentes,
2036 2602 2135 2641 quod,

1354 2641 1388 2672 In
1405 2643 1466 2674 casu
1482 2654 1540 2683 quo
1551 2644 1660 2674 dietum
1677 2641 1906 2680 Tabernasulum,
1925 2653 1974 2680 per
1993 2641 2078 2677 Nos,
2093 2640 2246 2680 Haeredes,
2267 2652 2315 2675 aut
2333 2643 2373 2674 E-

1320 2689 1467 2712 xecutores
1485 2681 1614 2720 nostros,
1632 2682 1704 2712 infra
1721 2691 1812 2712 unum
1828 2681 1946 2712 Annum
1967 2681 2000 2712 &
2026 2679 2206 2718 Dimidium,
2223 2690 2256 2711 ac
2281 2692 2375 2713 unum

1315 2718 1466 2764 Mensem,
1485 2721 1619 2758 proximo
1641 2720 1706 2759 post
1727 2719 1936 2759 Receptionem
1955 2718 2076 2758 ejusdem
2098 2718 2292 2759 Tabernaculi,
2309 2730 2372 2752 non

1313 2767 1557 2827 acffiiiitiittgrssene
1580 2797 1659 2829 liceat
1675 2797 1776 2828 eisdem
1787 2819 1797 2835 ,
1815 2798 1925 2826 Decano
1941 2795 1980 2832 &
1993 2794 2134 2835 Capitulo,
2152 2796 2257 2833 Maiori
2269 2793 2308 2830 ὠ·
2322 2801 2374 2825 co-

1313 2839 1444 2865 munitati
1458 2835 1590 2866 Civitatis
1604 2835 1778 2873 Exoniensis,
1797 2835 1907 2865 Abbati
1917 2835 1949 2864 de
1966 2837 2044 2871 Tavy
2067 2835 2124 2871 oke,
2139 2835 2230 2863 Priori
2243 2833 2374 2874 dePlym-

1307 2880 1394 2912 pton,
1414 2876 1502 2904 Pr³ori
1520 2874 1552 2904 de
1568 2874 1751 2912 Laome-stan,
1771 2873 1883 2904 Abbati
1896 2873 1927 2903 de
1940 2871 2033 2912 Bukfa
2066 2894 2076 2909 ,
2091 2871 2222 2914 Robmo,
2238 2870 2372 2902 Alexan-

1312 2913 1378 2950 dro,
1395 2911 1523 2949 Johaum·
1538 2913 1570 2942 de
1587 2910 1706 2951 Bevyle,
1724 2912 1852 2950 Johanni
1865 2910 2014 2950 castellon,
2032 2912 2138 2947 Majori
2153 2907 2192 2944 ῤ’
2203 2914 2372 2941 comunitati

1312 2950 1344 2980 de
1362 2951 1546 2991 Plymmouth,
1565 2961 1597 2982 ac
1613 2952 1669 2982 aliis
1679 2975 1687 2989 ,
1704 2951 1807 2989 quibus
1822 2950 1934 2981 dietum
1947 2946 2158 2978 Tabernaculum
2174 2958 2223 2987 per
2237 2958 2286 2980 eos
2300 2948 2372 2981 libe-

1311 2990 1435 3028 rabitur,
1453 2989 1518 3029 post
1541 2989 1628 3020 finem
1652 2989 1775 3029 ejusdem
1795 2988 1921 3025 Menfis,
1941 2987 2008 3017 inde
2046 2986 2201 3030 secundum
2220 2986 2296 3018 suam
2317 2998 2373 3018 vo—

1308 3027 1443 3097 }pntatem
1453 3051 1463 3067 ,
1481 3028 1642 3066 disponere,
1657 3029 1759 3066 absque
1773 3027 1954 3065 Impetitione
1966 3009 2070 3063 nosln,
2085 3024 2130 3056 seu
2144 3023 2304 3057 Haeredum
2317 3036 2375 3058 no*

1336 3077 1431 3097 rorum
1444 3078 1449 3083 ’

1346 3107 1364 3125 *
1385 3090 1502 3135 Psoi-iso
1521 3103 1627 3142 semper
1649 3103 1728 3142 quod
1749 3103 1787 3140 (si
1805 3102 1916 3133 dietum
1935 3101 2147 3132 Tabernaculum
2160 3125 2170 3139 ,
2193 3103 2261 3133 citra
2279 3101 2366 3135 finem

1309 3143 1430 3180 eiusdem
1455 3141 1579 3179 Mensis,
1603 3143 1752 3183 acquietari
1777 3141 1945 3177 fecerimus)
1965 3149 2069 3171 extunc
2091 3141 2217 3180 praefati,
2241 3142 2367 3171 Decanus

1308 3182 1346 3217 ὠ·
1365 3181 1533 3220 Capitulum,
1552 3183 1647 3217 Major
1673 3178 1710 3215 ῤ’
1735 3183 1888 3210 Comum‘tas
1911 3178 2043 3210 Civitatis
2064 3178 2246 3217 Exonienfis‚
2263 3179 2366 3210 Abbas

1308 3222 1341 3250 de
1355 3224 1418 3250 Tav
1431 3219 1506 3258 stoke
1517 3241 1526 3255 ‚
1544 3220 1625 3248 Prior
1642 3218 1674 3248 de
1695 3218 1853 3258 Plympton,
1871 3220 1950 3247 Prior
1965 3218 1997 3247 de
2012 3216 2196 3256 Lounceston,
2215 3217 2315 3248 Abbas
2331 3219 2366 3248 de

1307 3259 1402 3299 Bukfa
1433 3280 1442 3295 ,
1460 3257 1607 3299 Robertus,
1622 3256 1803 3294 Alexander,
1818 3256 1962 3294 Johannes
1979 3255 2098 3300 Bevyle,
2115 3255 2259 3294 Johannes
2275 3256 2366 3295 Cople-

1299 3293 1937 3367 {5531’Nssgbls'sssffidffi‘dfiamssffzftfi‘figffl
1939 3293 2367 3375 ἴ“ζέἐὸ“ῗηῖἓξῑᾞ,ἷέ“ῗὲἑὲ“ῗιὲἶ

1306 3376 1402 3405 ctione
1416 3373 1461 3403 seu
1477 3372 1660 3411 pejoratione,
1675 3372 1746 3403 ficut
1760 3371 1993 3403 Tabernaculum
2008 3369 2076 3401 illud
2090 3371 2128 3400 eis
2141 3369 2288 3400 liberatum
2299 3369 2364 3409 fuit,

1417 3422 1438 3441 r.

1304 3421 1487 3482 terlieinbtiam
1509 3448 1548 3486 (fi
1563 3448 1673 3479 dierum
1688 3447 1897 3479 Tabernaculum
1906 3471 1916 3487 ‚
1930 3457 1982 3484 per
1993 3446 2069 3484 illos,
2085 3445 2186 3485 quibus
2199 3444 2237 3474 fic
2261 3444 2361 3477 libera-

1304 3492 1395 3527 bitur,
1421 3497 1532 3518 exnunc
1558 3488 1713 3524 vendatur)
1737 3496 1808 3518 tunc
1835 3487 1905 3525 ipsi,
1931 3484 2085 3522 Haeredes,
2112 3482 2309 3526 Succeffores,
2327 3485 2362 3516 &-

1303 3528 1474 3560 Executores
1497 3525 1554 3564 sui,
1571 3534 1619 3564 per
1632 3524 1800 3564 Praesentes,
1818 3526 1854 3556 ad
1868 3524 1931 3555 Res
1943 3521 2107 3554 cudendum
2122 3520 2359 3565 NobisffiHaere-

1302 3568 1400 3604 dibus,
1418 3563 1641 3602 Executoribus,
1659 3564 1705 3595 seu
1719 3563 1866 3603 Affignatis
1878 3572 1918 3592 no
1943 3561 2040 3600 ris,de
2053 3558 2267 3599 Superplusagm
2282 3560 2360 3600 inde,

1303 3613 1447 3637 teneantur
1464 3603 1497 3633 &
1516 3602 1685 3642 obligentur.

1337 3643 1370 3674 In
1389 3643 1465 3679 cujus
1474 3663 1484 3678 ‚

1374 3680 1462 3712 Teste
1480 3677 1561 3718 Rege
1573 3678 1647 3717 apud
1665 3676 1921 3718 Wstmonasterium
1937 3673 2052 3705 decimo
2067 3680 2168 3711 quarto
2184 3672 2230 3706 die
2242 3674 2320 3714 Julii.

1738 3754 1792 3786 Per
1808 3755 1900 3782 Breve
1917 3750 1950 3781 de
1966 3750 2085 3780 Privato
2102 3748 2200 3789 Sigillo.
2342 3731 2345 3734 Ι

2387 3119 2407 3139 *
2422 3121 2475 3152 lx:

2385 3158 2449 3189 286.

2314 3997 2362 4031 De
