2562 4274
0 158 46 180 nn.
58 147 102 179 D.

0 197 77 228 1413.

0 238 33 258 m.
51 236 81 265 5.

0 2094 124 2127 ’1x.66.

117 82 165 121 52

120 155 158 191 ἔγ
181 154 409 194 Conversa'tione,
427 153 464 189 «ἂν
487 152 563 194 quod
580 151 634 190 ips?
656 149 691 190 est
706 148 834 189 Succeffor
849 150 945 186 Petri,
961 148 1006 187 qui
1018 142 1054 182 est
1068 145 1098 173 in
1112 142 1141 172 V
1142 142 1185 172 ita

119 194 227 233 melior,
246 193 285 230 όν
298 193 422 223 Moribus
430 201 541 231 purior,
561 190 599 226 ῤ’
614 190 703 220 nullus
715 188 794 217 alius.

158 271 291 302 Ulterius
311 270 398 308 dixit,
418 269 497 300 idem
518 270 650 298 Dominus
663 265 792 305 Joannes
806 262 860 295 alta
875 261 976 300 Voce,
992 259 1129 292 Manibus
1138 265 1189 288 ex-

121 311 227 350 panlis,
245 310 415 350 alloquendo
431 305 673 344 Circumstantes,

163 387 211 427 Isti
222 391 268 427 qui
280 386 418 425 Judicant
432 383 470 418 ὠ
484 382 584 413 volunt
599 384 758 420 Dampnare
772 390 827 418 me,
841 380 968 420 seducent
983 387 1032 407 vos
1047 382 1136 406 omnes
1150 369 1190 409 ᾤ’

116 426 232 467 se'ipsn,
249 424 287 460 ὅγ’
301 435 351 455 vos
365 424 460 453 ducent
473 423 513 452 ad
525 420 685 460 Infernum,
703 419 763 450 ideo
779 421 912 448 caveatis
927 416 962 446 ab
977 419 1023 446 eis.

165 503 280 542 Qiibus
294 502 331 532 sic
343 511 391 540 per
406 510 473 532 eurri
485 499 582 538 dietis,
601 498 671 529 Nos
686 499 790 528 iterum
804 506 839 527 ac
855 496 969 533 saepius,
990 491 1077 523 flebili
1090 489 1171 535 vultu
1181 510 1192 527 ,

125 541 236 572 dictum
251 543 396 571 Dominum
410 539 551 577 Joannem
562 538 790 576 alloquebamur,
808 535 930 564 eundern
940 556 949 571 ,
965 532 1074 569 verbis,
1093 529 1194 568 quibus

125 581 290 618 potuimus,
311 578 486 609 exhortando
507 586 536 607 ut
556 577 589 607 ad
614 575 766 606 Unitatern
781 573 915 604 Ecclesiae
931 571 1048 608 rediret,
1067 567 1196 600 crederet

130 620 165 649 &
188 626 294 687 teperet
307 617 386 658 quod
400 616 524 648 Ecclesia
538 615 674 646 Romana
685 614 773 645 credit
786 614 820 645 &
835 619 930 650 tenet,
948 611 996 649 qui
1009 606 1197 648 respondebat

125 666 210 697 expre
221 666 250 687 se
258 680 268 695 ,

166 737 201 765 Se
215 734 297 765 aliter
311 745 365 765 non
377 733 480 764 credere
495 744 540 763 nec
553 739 644 762 tenere
658 741 736 770 quam
743 726 866 770 superius
881 725 1014 767 expreffit.

166 811 197 843 V
199 812 303 843 identes
319 821 387 852 ergo
401 810 482 850 quod
499 810 525 839 in
543 819 596 847 eo,
615 815 697 846 prout
709 807 854 846 apparuit,
876 804 1015 845 proficere
1027 811 1087 832 non
1103 800 1199 844 potui-

133 861 214 889 mus,
233 852 349 882 tandem
361 874 370 889 ,
386 860 455 880 curn
470 850 562 879 cordis
576 847 775 883 amaritudine,
795 843 981 885 processimus
994 841 1028 872 ad
1043 840 1198 871 Sententiae

132 889 293 920 diffinitivae
309 889 501 919 Prolationeni
516 888 546 917 i'n
562 886 638 916 liunc
652 884 771 915 modum
781 907 791 922 ,

169 928 215 958 IN
235 928 317 958 Dni
338 928 541 964 Nomina,
559 926 698 962 AMEN,

169 969 231 997 Nos
249 967 387 1004 Thomas,
401 964 562 1004 pcrmiffionc
577 961 706 998 Divind,
727 960 835 990 Sartdt'ae
856 956 1059 997 Cantuarienfis
1075 952 1199 995 Ecclefiae

129 1005 351 1045 LArchirssifiopus
374 1003 411 1039 dv
432 1003 558 1042 Mim'sr'er
581 1000 716 1037 Humilis,
731 1002 813 1029 totius
827 997 941 1036 Angliae
956 999 1082 1035 Primas,
1098 993 1137 1029 ὁ·
1152 995 1202 1023 A-

126 1043 258 1084 postolicae
275 1044 350 1073 Sedis
364 1046 502 1079 Legatus,

171 1083 203 1113 lii
220 1083 338 1120 quedam
356 1080 446 1111 Causa
463 1080 518 1110 sive
533 1079 663 1118 Negotio
677 1076 834 1107 Haereticae
847 1073 1010 1111 Pravitatis,
1026 1073 1061 1103 de
1077 1073 1109 1104 &
1123 1070 1202 1109 super

133 1121 247 1152 diversis
260 1120 391 1150 Articulis
401 1119 495 1157 ,super
512 1119 613 1155 quibus
628 1119 759 1145 Dominus
775 1114 902 1152 Joannes
915 1111 1092 1152 oldcastellus
1108 1110 1202 1146 Miles,

135 1163 267 1191 Dorisinus
281 1159 312 1188 dc
327 1158 461 1194 cablaam,
484 1166 581 1186 coram
598 1155 713 1193 Nobis,
731 1155 759 1184 in
774 1154 872 1184 ultima
889 1151 1110 1182 Convocatione
1122 1149 1202 1180 Cleri

133 1197 241 1230 nostra:
258 1196 463 1228 Caiituarienlii
482 1195 658 1231 Provinciae,
677 1194 706 1223 in
727 1191 852 1223 Ecclesia
867 1190 963 1222 Sancti
980 1188 1058 1220 Pauli
1075 1188 1202 1219 Londini

134 1237 272 1267 celebrata
282 1260 290 1275 ,
309 1236 372 1273 post
388 1233 604 1273 inquisitionem
620 1232 784 1271 diligentem
797 1229 905 1260 ibidem
920 1229 986 1259 inde
1002 1229 1124 1266 factam,
1139 1226 1202 1257 De-

134 1277 227 1307 testu:
250 1276 281 1305 ἃ
297 1274 415 1304 Delatus
429 1274 554 1303 exiiterat
564 1296 572 1309 ,
590 1273 623 1303 ἃ
637 1281 686 1310 per
699 1270 824 1301 nostram
838 1266 1068 1298 Cantuariensem
1082 1265 1204 1296 Provin-

135 1317 211 1346 ciam
231 1315 342 1344 notorie
364 1313 397 1343 ὃς
419 1311 535 1351 publice
556 1309 746 1348 Diffimatus,
765 1308 799 1338 ad
815 1307 1077 1338 Denunciationem
1093 1306 1125 1336 ὅ(
1142 1304 1204 1334 Re-

136 1353 317 1392 quisitionem
339 1353 422 1382 totius
442 1350 521 1381 Cleri
546 1349 672 1386 praedic'ti
695 1349 725 1378 in
744 1347 843 1379 eadem
865 1344 1088 1376 Convocatione
1104 1367 1113 1382 ,
1138 1344 1204 1374 inde

137 1393 222 1422 nobis
236 1391 361 1429 faistam,
379 1390 475 1420 favore
489 1387 627 1427 possibili,
646 1386 714 1417 Deo
728 1385 815 1423 teste,
831 1394 890 1422 quo
905 1385 1063 1421 potuimuS,
1077 1383 1206 1420 legitime

139 1431 327 1468 procedentes
349 1437 449 1459 contra
469 1427 611 1464 eundern,
627 1435 660 1455 ac
682 1424 788 1455 Christi
812 1422 944 1461 vestigiis
958 1421 1142 1459 inhaerendo,
1160 1424 1206 1461 qui

135 1480 191 1500 non
211 1468 275 1499 vult
297 1470 418 1499 Mortem
440 1469 606 1504 Peccatoris,
618 1463 673 1505 se'd
691 1467 775 1502 magis
796 1469 827 1492 ut
848 1467 1029 1491 convertatur
1049 1458 1087 1496 ὠ·
1100 1463 1207 1497 vivat,

136 1508 296 1539 nitebamur
316 1505 439 1537 eundem
460 1505 618 1544 corrigere,
635 1512 668 1532 ac
688 1503 740 1533 viis
761 1502 794 1532 &
816 1499 927 1538 modis,
945 1499 1048 1538 quibus
1062 1499 1208 1536 potuimus

136 1555 224 1586 atque
238 1546 390 1584 scivimus,
404 1543 538 1574 reducere
552 1543 587 1573 ad
601 1540 736 1572 Ecclesiae
748 1539 903 1570 Unitatem
912 1537 1096 1576 ‚declarantes
1111 1537 1206 1568 eidem

135 1585 215 1624 quod
239 1586 269 1615 in
289 1584 344 1614 hac
359 1591 434 1622 parte
449 1581 551 1613 San&a
567 1581 701 1611 Romana
714 1579 748 1611 &
760 1576 938 1609 Universalis
951 1575 1078 1608 Ecciefia
1091 1575 1208 1614 Docet,

135 1623 256 1663 Tenet,
275 1622 504 1659 Determinavit‚
521 1621 554 1652 &
570 1618 729 1656 Praedicat,

176 1662 214 1694 Et
236 1662 367 1701 quamvis
387 1659 527 1698 eundem,
545 1659 575 1688 in
599 1657 668 1687 Fide
690 1654 841 1687 Catholica
863 1653 999 1691 devium,
1019 1653 1209 1684 invenerimus

137 1700 212 1732 adeo
233 1701 312 1732 durae
334 1699 468 1737 cervicis,
486 1696 568 1736 quod
588 1695 724 1727 Errorem
746 1694 825 1726 suum
846 1693 940 1724 noluit
960 1691 1106 1730 confiteri,
1121 1700 1168 1722 aut
1183 1691 1210 1722 se

138 1749 261 1780 purgare
275 1739 311 1770 de
324 1737 448 1776 eodem,
465 1746 519 1767 nec
537 1736 622 1767 etiam
640 1733 767 1765 detestari
782 1732 875 1764 eidem
885 1755 896 1771 ,
911 1739 1031 1770 paterno
1047 1731 1210 1761 nichilomi-

138 1789 191 1810 nus
213 1778 417 1818 compatientes
435 1774 556 1813 affectu,
571 1783 604 1805 ac
627 1773 707 1813 ipsius
728 1772 851 1804 Salutem
865 1769 1022 1802 cordialiter
1032 1769 1212 1809 affectantes,

137 1817 312 1856 praefixirnus
334 1815 428 1847 eidem
448 1823 560 1846 certum
572 1813 750 1844 Terminum
764 1817 977 1849 competentem
991 1808 1026 1839 ad
1041 1808 1211 1840 Deliberan-

138 1856 228 1894 dum,
246 1857 298 1894 &‚
316 1855 336 1886 fi
351 1853 498 1892 voluiffet,
516 1850 720 1884 Poenitendum
735 1850 769 1882 &
784 1848 1019 1881 Reformandum
1032 1847 1167 1892 seipsum,

177 1894 225 1926 Ac
245 1893 385 1932 demum,
409 1903 446 1923 eo
467 1891 547 1932 quod
567 1889 690 1922 eundem
711 1888 947 1920 consideravimus
968 1887 1211 1926 incorrigibilem,

138 1932 249 1965 servatis
265 1932 392 1972 primitus
406 1941 471 1972 quae
486 1931 516 1961 in
533 1931 585 1962 hac
599 1937 676 1967 parte
688 1927 804 1967 dejure
819 1927 1008 1967 requiruntur,
1025 1935 1095 1956 cum
1110 1925 1212 1957 dolore

140 1973 176 2004 &
191 1971 388 2003 Amaritudine
401 1970 513 2008 cordis,
530 1969 566 2000 ad
580 1967 754 2000 Diffinitivae
771 1966 924 1999 Sententiae
935 1964 1130 1997 Prolationem
1145 1975 1214 2003 pro-

140 2011 270 2044 cedimus
286 2011 316 2042 in
331 2009 410 2042 hunc
426 2009 549 2040 modum
558 2030 570 2048 ,

180 2087 396 2121 *CHRISTI
416 2094 590 2118 nomini-2
610 2079 1214 2125 invoca-i·o,ipfiamquefivlumhabentes

137 2136 198 2169 prae
213 2128 309 2167 oculis,
326 2131 392 2169 quia
402 2150 411 2166 ,
421 2135 471 2166 per
483 2126 563 2157 Acta
577 2126 746 2163 inac‘i‘itata,
761 2123 894 2163 prodcha
908 2146 918 2161 ,
935 2121 1078 2160 exhibita,
1102 2123 1187 2158 Signa
1204 2142 1214 2158 ‚

143 2168 332 2206 Evidentias,
349 2165 387 2201 όν
405 2166 528 2203 Indicia,
547 2162 659 2204 diversa
673 2161 777 2203 inficper
784 2161 972 2201 probationum
990 2171 1100 2198 genera,
1120 2162 1214 2197 reperi-

141 2217 200 2238 mus
215 2206 326 2236 eundem
342 2205 509 2235 Dominum
519 2202 682 2242 Johannem
697 2200 820 2232 Militem
824 2198 892 2240 fore
904 2198 942 2235 ὠ·
960 2199 1010 2239 effi
1031 2201 1215 2236 Haereticum,

142 2244 341 2286 Hereticiffiue
355 2243 521 2280 credentem,
539 2245 568 2272 in
582 2241 647 2271 Fide
659 2239 696 2275 ὠ·
712 2239 900 2279 Observantia
915 2237 1099 2278 Sacrosanslae
1116 2239 1215 2266 Roma-

142 2296 186 2316 uae
203 2283 241 2319 (ξφ
254 2281 426 2323 Universalis
440 2280 580 2320 Ecclefiae,
598 2277 636 2314 ὠν
648 2278 801 2319 prasertim
814 2281 884 2307 circa
905 2281 1082 2307 Sacramenta
1104 2275 1217 2305 Eucha-

141 2323 225 2363 ristiae
238 2322 276 2358 &
291 2325 463 2352 Poenitentiae
478 2344 488 2358 ,
506 2319 579 2361 quod
597 2342 606 2356 ,
632 2324 765 2358 tanquam
790 2319 953 2356 Iniquitatis
976 2315 1014 2350 νίφ-
1035 2314 1217 2345 Τεπεόνανιυη

144 2362 245 2400 Filius,
263 2366 293 2391 in
308 2368 417 2391 tantum
429 2360 578 2389 obduravit
593 2361 644 2386 Cor
651 2360 751 2396 suum,
774 2363 805 2385 ut
828 2366 881 2385 non
904 2354 1044 2391 intelligat
1066 2364 1158 2384 vocem
1167 2353 1216 2393 fiii

147 2400 286 2439 Pastoris,
305 2411 349 2429 nec
364 2398 435 2428 velit
456 2395 652 2427 monitionibus
668 2394 760 2433 allici,
778 2405 823 2424 nec
839 2395 928 2423 reduci
951 2391 1120 2430 Blanditiis,
1137 2396 1216 2422 inve-

139 2438 253 2480 stigatis
265 2438 411 2477 primitus,
428 2440 554 2472 rimatis,
573 2434 611 2469 ὠ
627 2433 768 2472 diligenter
779 2432 897 2471 penfhtis
918 2434 1027 2461 Meritis
1047 2429 1146 2471 Caufle
1166 2442 1219 2460 an·-

146 2478 273 2515 tedic‘iae,
289 2475 416 2518 ipfiusque
431 2474 554 2505 Domini
564 2472 703 2512 Johaniiis
723 2472 857 2501 demeritis
873 2470 961 2509 Culpis
969 2478 1019 2508 per
1034 2469 1113 2510 ipsius
1127 2473 1218 2500 Dam-

146 2515 263 2547 nabilem
278 2517 460 2544 pertinaciam
475 2515 648 2550 aggravatis,

184 2552 315 2584 Nolentes
328 2551 402 2592 quod
415 2555 435 2580 is
473 2555 518 2591 qui
533 2551 660 2589 Nequam
675 2548 728 2589 est,
738 2547 798 2589 fiat
813 2551 939 2588 nequior,
962 2545 1001 2581 ὠ·
1026 2546 1092 2576 alios
1112 2545 1219 2587 inficiat

140 2593 197 2634 sua
212 2591 310 2630 Labe,
329 2592 360 2620 de
380 2594 434 2619 Con
447 2589 489 2618 ilio
505 2588 542 2623 (ἐν
558 2587 687 2627 Affi‘nfic,
707 2598 810 2624 magna¹
826 2585 1002 2624 Difiretionis
1020 2585 1058 2620 ὠ
1073 2589 1109 2614 Sa
1129 2588 1219 2615 ientiae

148 2634 294 2667 Virorum,
319 2627 521 2659 Venerabilium
537 2631 666 2656 Fratrum
687 2624 834 2664 nostrorum
847 2647 856 2662 ,
882 2627 1058 2653 Dominarum
1135 2623 1222 2654 icardi

150 2667 381 2707 Londoniensis,
396 2666 517 2697 Hernici
531 2665 737 2695 XVintonieiisis
750 2687 760 2702 ,
784 2662 822 2698 (ἶ)-
844 2662 991 2693 Benedicti
1014 2661 1197 2701 Bangorensis
1211 2685 1221 2700 ,

149 2708 247 2748 Epifio
265 2718 353 2745 orum,
375 2704 412 2740 ό
433 2704 547 2734 aliorum
563 2702 766 2740 nonnullorum,
785 2705 813 2730 in
828 2705 911 2731 Sacra
925 2700 1067 2738 Theologia
1083 2723 1094 2738 ,
1117 2703 1218 2730 Decre-

149 2753 205 2785 tis,
225 2716 263 2782 ἐ
278 2745 352 2784 Jure
369 2743 474 2781 Civili,
492 2743 657 2778 DoHorum,
676 2740 843 2780 aliarumque
872 2738 1065 2778 Religiosarum
1086 2737 1124 2773 ό·
1142 2741 1221 2768 Peri-

149 2794 244 2818 tarum
261 2783 458 2823 Personarum,
485 2781 569 2810 Nobis
591 2779 764 2820 affistentium
787 2801 797 2817 ,
818 2777 964 2816 praefatum
984 2776 1150 2808 Dominum
1186 2787 1221 2808 0-

151 2825 277 2856 hannem
292 2821 496 2852 Oldcastellurn
515 2818 640 2849 Militem
658 2818 821 2848 Dominum
835 2817 871 2846 de
885 2815 1077 2854 Cobbam,de
1092 2814 1130 2850 ὠ,
1158 2824 1221 2854 uper

153 2862 303 2903 hujusmodi
319 2859 467 2901 detestabili
483 2861 571 2888 Reatu
584 2858 754 2894 Convillum,
769 2854 807 2890 ό·
823 2855 863 2885 aa'
874 2853 996 2894 Ecclefiae
1011 2857 1153 2884 Unitatem
1163 2863 1221 2893 poe-

151 2899 336 2934 nitentialiter
350 2900 436 2928 redire
447 2897 577 2926 nolentem
585 2921 594 2934 ,
610 2895 641 2926 H
652 2905 682 2927 AE
690 2905 712 2925 R
723 2904 741 2925 Ε
753 2904 776 2925 T
786 2903 797 2923 i
806 2902 854 2924 cU
865 2902 891 2924 Μ
901 2917 910 2931 ,
937 2904 968 2922 ac
989 2896 1018 2922 in
1038 2892 1081 2923 his
1100 2904 1160 2934 quae
1180 2900 1222 2923 te-

154 2948 221 2978 net,
239 2941 323 2976 docet,
335 2938 541 2974 determinavit,
559 2933 596 2969 dv
605 2935 739 2973 praedicat
752 2932 930 3000 δατνῖβιπὶἶα
951 2934 1075 2962 Romana
1097 2931 1136 2967 &
1153 2934 1221 2961 Uni-

157 2977 275 3019 verfhlis
292 2976 424 3016 Ecclefia,
443 2974 481 3010 ὠ·
490 2973 641 3014 prasertim
661 2977 691 3002 in
713 2975 815 3001 Articu
828 2975 852 3001 is
867 2971 1057 3011 suprascriptis
1086 2978 1223 3000 errantem

152 3017 366 3058 judicavimus,
385 3014 618 3050 Declaravirnus,
644 3010 682 3046 ὠ·
709 3010 977 3041 Condemnavimus
987 3033 996 3048 ,
1015 3008 1224 3050 sententialiter

157 3056 196 3092 (ῥ’
213 3053 360 3094 diffinitive)
374 3057 401 3084 in
416 3053 456 3083 his
473 3055 597 3090 Scriptis,
612 3050 788 3091 relinquentes
807 3049 917 3079 eundem
938 3060 1043 3080 exnunc
1057 3072 1066 3088 ,
1090 3055 1224 3089 tanquam

158 3095 192 3127 H
202 3104 233 3126 ΔΕ
242 3103 265 3124 R
277 3103 295 3124 E
305 3101 328 3123 T
337 3102 348 3122 1
357 3101 374 3121 c
382 3101 405 3121 U
417 3100 442 3122 Μ
449 3115 458 3128 ,
477 3090 586 3128 Judicio
603 3088 731 3126 seculari,

197 3132 335 3173 Ipsumque
347 3129 516 3160 nihilominus
530 3128 561 3158 H
570 3137 632 3158 ⁴ER
643 3137 661 3157 Ε
672 3135 695 3156 τ
705 3136 713 3155 i
723 3135 769 3157 cu
778 3134 805 3157 M
814 3149 823 3164 ,
840 3125 977 3167 omnesque
998 3125 1066 3156 alios
1087 3124 1126 3161 ὠ·
1134 3124 1227 3164 fingu-

160 3171 199 3201 los
209 3195 219 3210 ,
234 3174 278 3212 qui
293 3170 402 3199 eundem
415 3169 446 3198 de
461 3174 572 3204 smero,
590 3171 618 3196 in
633 3163 817 3206 suifavorem
838 3166 948 3194 Erroris
978 3168 1158 3204 receptaverit
1179 3164 1230 3194 vel

162 3212 379 3248 receptaverint,
397 3204 583 3246 defensaverit
591 3204 641 3245 jeu
657 3202 878 3244 defensaverint,
891 3203 945 3242 fibi
955 3203 1113 3243 Consilium,
1131 3204 1229 3233 Auxi-

162 3249 247 3287 lium,
259 3248 308 3287 seu
328 3250 462 3277 Favorem
478 3248 507 3274 in
530 3244 581 3274 hac
597 3250 680 3282 parte
703 3241 818 3280 praehuit
838 3242 889 3272 vel
898 3241 1080 3280 praebuerint,
1097 3249 1229 3282 tanquam

161 3287 311 3324 Fautores,
329 3292 518 3323 receptatores,
537 3281 574 3316 ᾤ’
590 3279 782 3321 Defenlatores
796 3282 1000 3320 aereticorum,
1020 3280 1228 3311 Excomrniini-

116 3344 118 3347 ·
161 3326 302 3363 cavimus,
319 3322 356 3358 ὠ·
371 3325 621 3353 Excommunicatos
636 3320 850 3352 Denunciamus
863 3323 946 3350 etiam
960 3324 990 3350 in
1011 3319 1053 3349 his
1068 3322 1185 3357 Scriptis.

197 3401 255 3442 Et,
272 3409 303 3431 ut
318 3398 368 3430 ista
382 3397 524 3429 Praemisia
538 3397 671 3428 omnibus
681 3421 689 3433 ‚
706 3397 734 3426 in
751 3394 870 3426 Christo
886 3395 1087 3435 Credentibus,
1106 3397 1228 3428 innotes-

165 3450 253 3480 cant,
269 3438 369 3470 vestrae
383 3437 554 3468 Fraternitati
569 3435 791 3466 Committimus
811 3435 844 3465 &
865 3434 1112 3466 Commendamus
1135 3445 1232 3474 quate-

165 3491 235 3518 nus,
253 3477 400 3517 praefatum
414 3479 558 3505 Dominum
574 3473 733 3513 Johannem
740 3473 946 3513 oldcastellum,
964 3474 1030 3504 sicut
1044 3475 1234 3513 praemittitur,

166 3529 218 3559 per
232 3517 300 3548 Nos
313 3515 395 3546 fuiffe
413 3515 446 3545 &
461 3513 517 3556 effe
526 3511 753 3550 Damnatum‚H
763 3521 824 3542 ΛΕΚ
835 3522 852 3542 E
863 3521 886 3543 'r
896 3522 905 3542 1
915 3520 997 3543 CUM
1007 3535 1017 3550 ,
1035 3513 1129 3543 Seni
1141 3521 1232 3544 sMA-

169 3565 273 3588 ‘ricU
284 3563 328 3592 M,
347 3556 380 3586 &
394 3555 424 3584 in
449 3552 580 3583 Articulis
601 3551 784 3591 suprascriptis
803 3550 951 3581 Errantem
967 3575 977 3589 ,
994 3552 1150 3589 omnesque
1167 3552 1234 3583 alios

169 3597 204 3628 ὃς
221 3595 357 3635 singulos,
375 3592 424 3630 qui
437 3591 560 3622 eundem
582 3593 726 3620 D-:minum
743 3588 903 3628 Johannem
916 3613 926 3628 ,
948 3590 984 3620 de
1003 3598 1107 3621 caetero
1120 3613 1130 3628 ,
1148 3591 1178 3620 in
1196 3590 1236 3621 sui

173 3633 317 3664 Favorem
326 3629 639 3668 ErroriS,receptaverit
658 3628 854 3665 defensaverit,
863 3630 1066 3667 receptaverint
1081 3629 1127 3660 vel
1138 3628 1237 3659 defen-

173 3673 308 3709 saverint,
326 3680 373 3702 aut
385 3670 435 3700 fibi
450 3668 613 3706 Auxilium,
628 3651 787 3697 Consilium
804 3689 814 3703 ,
831 3666 876 3696 vel
888 3666 1027 3697 Favorem
1041 3669 1071 3697 in
1086 3667 1139 3698 hac
1158 3676 1234 3707 parte

197 3711 327 3742 raebuerit
348 3709 394 3740 vel
414 3707 608 3746 praebuerint,
634 3714 766 3744 tanquam
788 3704 1007 3743 Receptatores,
1038 3706 1187 3745 Fautores,
1202 3707 1236 3738 &

212 3749 375 3778 efensatores
390 3747 462 3778 HAE
474 3752 691 3776 RETICORU
702 3751 747 3781 M,
772 3752 820 3780 per
843 3743 948 3774 dietam
970 3742 1094 3774 nostram
1117 3744 1236 3776 Senten-

174 3788 243 3816 tiam
257 3786 452 3823 diffinitivam,
470 3781 780 3815 Excommunicatosin
793 3781 917 3812 Ecclesia
938 3781 1027 3812 vestra
1038 3806 1047 3819 ,
1064 3793 1113 3820 per
1133 3782 1239 3814 vestras

176 3824 315 3854 Civitates
330 3826 362 3855 ὃ(
378 3823 524 3854 Dioeceses
532 3846 542 3861 ,
558 3831 608 3861 per
619 3820 739 3860 singulos
750 3819 885 3850 Subditos
898 3819 1006 3851 vestros
1018 3821 1051 3851 &
1063 3820 1186 3852 Curatos
1193 3833 1239 3853 ea-

177 3862 324 3899 rumdem,
344 3863 373 3892 iri
390 3862 520 3893 Ecclesiis
533 3861 585 3891 suis
598 3884 609 3898 ,
632 3870 702 3890 cum
723 3858 813 3897 major
829 3859 859 3888 in
878 3858 983 3888 eisdem
1005 3858 1116 3890 affuerit
1137 3860 1241 3900 Populi

180 3899 356 3943 Multitudo,
373 3901 426 3931 alta
440 3902 473 3931 &
489 3899 651 3938 intelligibili
665 3899 749 3929 Voce
763 3898 837 3928 &in
861 3896 976 3933 Lingua
997 3898 1139 3936 materna,
1155 3908 1241 3937 prout

180 3938 259 3982 supra
271 3938 393 3968 seriosius
404 3940 565 3970 continetur
580 3939 609 3967 in
625 3938 682 3968 hoc
696 3935 848 3972 Processu,
873 3934 1027 3966 Declarent
1041 3960 1050 3973 ,
1076 3935 1242 3976 Publicent,

180 3978 216 4009 δε
233 3977 402 4015 hxpoiient,
421 3985 451 4008 ut
466 3978 503 4009 sic
521 3977 682 4015 opiniones
694 3975 813 4014 erronigae
828 3973 947 4014 Populi,
965 3975 1015 4014 qui
1035 3974 1113 4008 aliter
1134 3985 1243 4009 conce-

590 46 1370 106 CONVENTIONES,

1431 44 1826 95 LITERAE,

1244 137 1264 166 it
1278 134 1352 165 forte
1370 135 1401 165 in
1416 132 1470 165 hac
1484 133 1606 165 Materia
1620 133 1865 173 quemadmodum
1887 132 1915 164 se
1935 132 2022 165 habet
2044 133 2085 164 tei
2104 131 2223 173 veritas,
2245 133 2299 168 hac
2315 128 2394 163 Atin.
2410 130 2454 168 D:

1264 174 1433 205 eclaratione
1446 173 1567 204 Publica
1581 173 1781 205 rescindantur,

2339 180 2415 213 1413

1265 213 1358 251 Quod
1373 212 1450 242 idem
1465 222 1514 250 per
1529 222 1580 243 vos
1596 212 1709 249 singule
1732 208 1930 243 Confratribus
1950 210 2070 250 nostris,
2095 211 2201 243 nostrae
2223 211 2303 245 Can·
2321 215 2385 242 Han.
2399 223 2430 249 4„

1227 251 1368 283 tuariensis
1382 250 1545 295 Provinciae
1556 249 1758 290 Suffraganeis,
1775 252 1812 282 de
1828 249 1928 281 Verbo
1942 250 1977 280 ad
1999 249 2129 282 Verbun*
2146 275 2156 290 ,
2175 251 2309 284 Rescribi

1229 292 1263 320 &
1278 289 1420 334 Innotesci
1433 290 1571 320 volumus
1587 291 1620 320 &
1634 290 1815 329 mandamus,
1831 298 1863 319 ut
1876 289 1924 329 ipsi
1936 298 2040 320 omnes
2060 291 2093 321 &
2116 291 2230 329 singuli,
2254 302 2306 332 per

1229 327 1439 374 suaaniVit-ates
1454 329 1487 359 &
1503 328 1668 371 Dioeceses,
1684 329 1804 359 modum
1818 329 1852 359 ὃς
1868 327 1993 357 formam
2016 329 2099 366 hujus
2120 323 2208 361 noTiri
2229 330 2302 362 Pio·

1231 366 1341 405 cestus,
1358 367 1465 396 didtarn
1478 373 1562 410 etiam
1577 376 1626 404 per
1638 367 1706 397 Nos
1719 368 1801 397 latam
1815 369 2001 404 Sentffltiam,
2026 366 2060 398 &
2082 377 2183 400 caetera
2205 371 2304 403 omnia

1231 405 1265 436 &
1281 404 1383 444 fingula
1397 412 1533 449 contenta
1548 415 1578 434 iti
1593 404 1689 436 iisdem
1706 406 1875 443 Pubiieent,
1894 404 2052 443 intiment,
2073 408 2106 438 ὃς
2129 406 2286 441 Declarcnt

1232 444 1266 475 δε
1282 443 1467 487 consimiliter
1483 453 1532 482 per
1547 443 1682 474 Subditos
1697 445 1757 474 suos
1770 447 1802 476 ὃς
1818 443 1941 474 [juratos
1955 443 2060 474 faciant
2075 446 2230 483 Publicari,
2291 432 2303 448 ²

1267 481 1320 527 De
1334 481 1393 512 Die
1406 483 1476 512 vero
1494 482 1683 519 Receptionis
1699 483 1896 520 Praesentiuxn,
1915 482 1949 513 &
1963 483 2031 520 quid
2046 483 2168 515 feceritis
2182 487 2212 516 in
2228 486 2307 518 Prae-

1234 520 1336 565 missis,
1354 521 1387 551 &
1402 520 1621 564 quomodo-hoc
1637 520 1767 552 nostrum
1782 521 1955 552 Mandatum
1969 522 2076 553 fueritis
2097 525 2129 553 ὃ(
2143 523 2247 556 fuerint
2259 535 2303 557 ex-

1235 569 1334 604 ecuti,
1346 559 1485 602 debite&
1499 558 1632 603 ‚diffinite
1645 559 1802 590 certificetis
1822 561 1855 591 &
1875 560 2050 598 certificent,
2074 560 2154 592 dieto
2176 563 2312 603 Negotio

1235 600 1388 638 expedito,
1406 597 1517 628 Litteris
1534 597 1631 628 vestris
1643 600 1676 630 ὅ(
1692 598 1743 629 suis
1759 598 1939 637 Patentibus,
1957 599 2126 632 habentibus
2146 600 2226 633 hunc
2246 602 2309 633 Te-

1236 647 1348 668 norem.

1274 676 1388 707 Datum
1402 675 1433 705 in
1450 677 1578 705 Manerio
1592 674 1624 704 de
1636 673 1795 714 Maydeston
1812 683 1840 705 x.
1859 673 1920 705 Die
1940 675 2049 708 Mensis
2071 676 2213 710 OCtobris
2246 678 2309 711 An-

1236 725 1278 756 no
1295 723 1389 754 1413,
1404 715 1438 747 &
1453 714 1558 745 nostrae
1570 712 1774 744 Transsationis
1787 713 1874 744 Anno
1890 714 1936 745 18.
2213 701 2224 718 ²

1374 868 1424 901 De
1441 865 1670 911 Confirmatione
1679 876 1735 912 pro
1753 861 1985 900 Mercatoribus
2001 863 2169 900 Holandiae.

1241 955 1322 1013 RE
1332 955 1364 988 X
1381 955 1547 993 Omnibus,
1561 954 1596 986 ad
1611 965 1700 994 quos,
1718 956 1780 988 δῖε.
1795 955 1933 987 Salutem.

2334 948 2411 981 Arin.
2420 950 2463 984 D.

1326 1015 1328 1017 »
1353 994 1399 1025 IN
1411 1004 1423 1024 s
1433 1003 1451 1025 P
1461 1004 1478 1025 a
1488 1003 1523 1024 XI
1534 1001 1559 1023 Μ
1568 1002 1590 1023 u
1599 1003 1611 1024 s
1631 994 1738 1025 Literas
1751 995 1904 1032 Parentes,
1923 992 2051 1024 Domini
2073 993 2188 1024 Henrici
2202 1015 2214 1033 ,
2231 1001 2314 1034 nuper
2360 998 2447 1029 1413.

1240 1034 1319 1071 Regis
1331 1032 1461 1071 Angliae,
1482 1031 1570 1062 Patris
1585 1033 1693 1070 nostri,
1711 1033 1795 1064 factas
1807 1034 1837 1064 in
1853 1033 1916 1064 haec
1933 1032 2038 1070 verba,

1278 1074 1428 1110 Henrs'cus,
1449 1071 1505 1101 Dei
1522 1071 1630 1110 gratia,
1647 1073 1708 1100 Rex
1723 1070 1836 1108 Angliae
1847 1071 1886 1107 dy
1901 1074 2042 1109 Franciae,
2060 1069 2098 1105 (ἐν
2113 1073 2248 1102 Dominus
2258 1075 2313 1102 Hi·
2331 1032 2428 1102 2⁷2¹·

1242 1109 1361 1148 berniae,
1377 1111 1530 1147 omnibus,
1548 1109 1582 1140 ad
1597 1118 1668 1149 quos
1679 1110 1828 1147 praesentes
1840 1109 1945 1141 Literae
1967 1110 2156 1148 pervenerlnt,
2178 1110 2314 1143 Salutem.
2335 1109 2397 1135 Pas.
2416 1115 2440 1134 ¹-

1279 1149 1378 1180 Sciatis
1391 1149 1471 1189 quod
1481 1172 1491 1187 ,

2332 1150 2415 1181 H5.

1280 1188 1380 1226 Cum,
1400 1196 1430 1218 ut
1445 1187 1622 1227 accepimus,
1640 1188 1682 1218 ob
1702 1186 1848 1217 defestum
1869 1185 1942 1215 boni
1963 1186 1997 1216 ὃς
2020 1186 2078 1216 sani
2100 1186 2262 1226 Regiminis
2279 1190 2314 1221 δε
2330 1191 2363 1222 Ρι
2375 1194 2401 1222 3-
2415 1195 2452 1213 m·

1243 1225 1479 1264 Gubernationis,
1496 1226 1601 1257 diveria
1616 1226 1766 1270 Dampna,
1786 1225 2001 1263 DiisentioneS,
2018 1223 2316 1265 Gravamiua‚&An-
2329 1232 2359 1259 5·

1242 1265 1359 1310 gustiae,
1377 1266 1447 1296 inter
1461 1264 1640 1295 Mercatores
1654 1264 1751 1303 Regni
1763 1262 1853 1294 nostri
1869 1263 1983 1302 Angliae
2005 1272 2039 1292 ac
2061 1264 2181 1295 aliorum
2204 1265 2315 1298 Domi·
2332 1261 2472 1298 *1X.67.

1243 1313 1359 1335 niorum
1376 1304 1557 1342 nostrorum,
1573 1305 1602 1334 iii
1620 1304 1740 1343 partibus
1751 1302 1923 1340 Holandiae,
1942 1300 2089 1332 Zelandiae
2104 1326 2113 1341 ,
2141 1302 2297 1336 Brabaniiae

1244 1344 1278 1374 δε
1297 1343 1450 1386 Flaiidriae,
1468 1353 1501 1374 ac
1516 1343 1546 1372 in
1563 1342 1789 1381 quibuscumque
1804 1341 1861 1372 aliis
1879 1340 2009 1370 Partibus
2032 1341 2237 1373 Transmarinis
2255 1367 2265 1382 ,
2283 1329 2321 1375 d}

1245 1382 1383 1426 Amicitia
1398 1381 1494 1412 nostra
1508 1381 1690 1412 existentibus
1705 1404 1714 1420 ,
1746 1387 1960 1411 commorantes
1985 1380 2018 1410 &
2043 1380 2256 1421 conversantes,
2274 1384 2326 1414 sae..

1246 1430 1308 1458 pius
1322 1429 1386 1450 anre
1401 1420 1464 1450 haec
1481 1429 1609 1458 tempora
1623 1429 1703 1450 mota
1717 1419 1830 1450 fuiffent
1853 1419 1887 1449 &
1912 1426 2085 1457 perpetrata,
2102 1429 2135 1449 ac
2156 1422 2261 1458 majora
2275 1431 2324 1453 ex-

1246 1460 1312 1490 inde
1328 1459 1422 1503 (quod
1439 1459 1518 1496 absit)
1538 1459 1638 1490 futuris
1655 1458 1835 1496 temporibus
1850 1456 2034 1487 verisimiliter
2047 1467 2162 1489 evenire
2169 1460 2326 1492 formidan—

1245 1505 1310 1537 tur,
1330 1500 1381 1528 nili
1396 1508 1450 1536 pro
1465 1499 1574 1529 meliori
1597 1497 1813 1528 Gubernatione
1834 1497 1906 1526 inter
1925 1495 2040 1526 eosdem
2061 1495 2240 1529 Mercatores
2257 1509 2324 1532 mu-

1247 1539 1300 1568 tuo
1314 1536 1443 1567 habenda
1460 1536 1564 1567 Manus
1579 1535 1686 1566 nostras
1703 1536 1853 1574 adjutrices
1867 1535 1984 1565 celerius
2006 1544 2193 1574 apponamus,

1286 1575 1372 1617 Nos,
1393 1575 1536 1613 Dampnis
1550 1576 1583 1607 ὃς
1598 1574 1733 1605 Periculis
1747 1576 1775 1604 in
1787 1574 1840 1605 hac
1851 1582 1928 1613 parte
1944 1574 2131 1605 iminentibus
2152 1585 2315 1613 praecavere

1247 1615 1281 1645 &
1296 1613 1409 1644 eosdem
1426 1614 1601 1645 Mercatores
1617 1614 1649 1644 &
1663 1614 1731 1644 alios
1745 1614 1781 1644 de
1795 1612 1880 1643 dietis
1895 1611 1998 1651 Regno
2012 1614 2044 1643 &
2055 1612 2200 1644 Dominiis
2213 1601 2326 1647 nostris,

1248 1653 1388 1697 adepartes
1402 1652 1548 1696 praedietas
1564 1660 1711 1690 venturos,
1734 1651 1805 1688 iuste
1830 1651 1863 1682 ὅ(
1886 1650 2000 1681 fideliter
2025 1653 2086 1690 regi
2106 1652 2141 1682 &
2162 1639 2328 1691 pertractari

1249 1693 1350 1736 intime¹
1365 1691 1562 1727 desiderantes,
1582 1691 1716 1722 volumus
1736 1691 1786 1730 &,
1813 1689 1932 1720 Tenore
1960 1688 2163 1730 praesentium,
2191 1694 2328 1725 concedi.

1250 1740 1313 1760 mus
1327 1729 1430 1760 eisdem
1446 1729 1673 1768 Mercatoribus,
1693 1729 1773 1767 quod
1789 1728 1860 1767 ipsi,
1877 1729 2008 1766 quotiens
2022 1730 2056 1760 δε
2073 1731 2188 1767 quando
2208 1733 2248 1763 eis
2268 1733 2327 1772 pla-

1250 1770 1358 1808 cuerit,
1376 1770 1405 1798 in
1420 1770 1546 1807 quodam
1561 1768 1648 1799 Loco
1661 1767 1885 1805 competenti&
1903 1767 2025 1797 honesto
2036 1790 2045 1806 ‚
2069 1769 2119 1798 ubi
2141 1769 2192 1799 fibi
2214 1771 2328 1808 placue-

1250 1809 1304 1847 rit,
1324 1808 1351 1838 se
1363 1806 1546 1846 Congregare
1560 1807 1594 1838 &
1607 1806 1704 1838 Unire
1713 1829 1723 1845 ,
1739 1806 1772 1836 ὃς
1785 1814 1874 1835 certas
1888 1803 2022 1836 Personas
2037 1804 2205 1838 sufficientes
2216 1809 2250 1840 &
2265 1810 2330 1841 ido-

1250 1857 1316 1878 neas
1330 1847 1360 1877 in
1374 1845 1586 1877 Gubernatores
1602 1845 1683 1884 suos,
1700 1845 1730 1875 in
1745 1844 1848 1874 eisdem
1864 1843 1994 1875 Partibus
2001 1845 2094 1883 ,inter
2115 1845 2158 1884 se,
2175 1846 2211 1877 ad
2225 1857 2332 1880 eorum

1250 1886 1382 1924 libitum,
1402 1885 1503 1925 eligere
1517 1887 1550 1916 ὅ(
1564 1886 1691 1925 optinere
1704 1884 1812 1914 valeant
1825 1883 1913 1913 libere
1928 1884 1960 1913 &
1975 1883 2106 1922 impune,

1290 1924 1403 1955 Dantes
1416 1925 1530 1955 ulterius
1543 1924 1577 1955 ὅ(
1593 1922 1796 1954 Concedentes
1810 1920 1972 1960 hujusmodi
1987 1921 2236 1957 Gubernatoribus
2281 1935 2332 1965 pet

1252 1963 1405 2004 praedffios
1420 1962 1599 1994 Mercatores
1613 1963 1652 1994 sic
1668 1962 1800 2001 eligendis
1815 1985 1826 1999 ,
1843 1969 1980 1999 quantum
1996 1961 2027 1991 in
2049 1962 2129 1992 nobis
2143 1962 2185 1993 est
2200 1988 2210 2003 ,
2245 1947 2332 1998 fiore-

1253 2003 1353 2033 statem
1368 2002 1401 2033 &
1417 2002 1627 2032 Auctoritatem
1639 2001 1768 2040 speciales
1781 2024 1791 2038 ,
1815 2008 1918 2031 omnes
1938 1999 1972 2030 &
2000 2000 2119 2039 singulos
2141 2001 2317 2035 Mercator&

1253 2041 1360 2080 Ligeos
1373 2040 1504 2079 nostros,
1523 2042 1553 2071 in
1569 2040 1673 2071 eisdem
1689 2039 1819 2071 Partibus
1841 2047 2054 2070 commorantes
2071 2062 2082 2078 ,
2107 2040 2140 2071 &
2165 2042 2200 2072 ad
2221 2027 2334 2075 easdeiri

1254 2080 1352 2111 Partes
1361 2080 1402 2123 ‘de
1415 2088 1522 2111 caetero
1541 2080 1687 2111 venientes
1702 2079 1736 2110 &
1750 2078 1941 2115 declinantes,
1958 2086 2008 2116 per
2030 2077 2068 2109 Se
2091 2078 2136 2110 vel
2160 2079 2332 2115 sufficientes

1254 2119 1336 2151 Loca
1351 2121 1397 2150 iiia
1410 2127 1552 2157 tenentes,
1570 2118 1705 2158 Regendi
1718 2117 1751 2148 &
1766 2116 1969 2155 Gubernandi,

1290 2158 1335 2189 Ac
1349 2159 1406 2202 eis,
1421 2158 1455 2189 &
1468 2167 1572 2189 eorum
1587 2158 1723 2195 cuilibet,
1740 2157 1771 2186 in
1785 2155 1836 2186 suis
1852 2153 1950 2186 Cauiis
1961 2155 1996 2186 &
2011 2156 2130 2194 querelis
2148 2159 2334 2197 quibuscum-

1257 2207 1311 2237 que
1320 2220 1329 2235 ,
1349 2205 1421 2227 inter
1433 2207 1483 2227 eos
1517 2197 1546 2227 in
1560 2195 1689 2227 Partibus
1703 2194 1863 2233 praedietis,
1882 2194 1970 2225 motis
1983 2197 2030 2225 vel
2044 2198 2335 2238 movendis,plenam

1254 2237 1289 2269 &
1303 2235 1424 2267 celerem
1434 2220 1579 2275 Juiiitiarn
1593 2234 1730 2273 faciendi,

1290 2275 1328 2306 Et
1342 2274 1534 2317 quascumque
1549 2273 1753 2314 Qiaestiones,
1773 2272 2001 2310 contentiones,
2018 2272 2192 2312 Discordias,
2215 2276 2250 2307 &
2269 2276 2334 2309 De-

1255 2315 1349 2358 bataS,
1364 2314 1522 2353 interipios
1536 2313 1714 2345 Mercatores
1735 2312 1843 2350 Ligeos
1865 2310 1978 2342 nostros
1993 2311 2034 2342 i&
2057 2311 2238 2345 Mercatores
2263 2315 2333 2347 Par-

1256 2362 1329 2398 tium
1346 2353 1544 2390 praedi<starum
1558 2361 1651 2383 motas
1671 2351 1718 2383 vel
1739 2350 1894 2381 movendas
1910 2374 1920 2389 ,
1944 2349 2154 2391 Reformandi,
2179 2353 2335 2387 Reforma-

1255 2401 1426 2430 tionemque
1438 2391 1575 2429 Petendi,
1594 2390 1777 2428 Redigendi,
1795 2388 1934 2428 Sedandi,
1951 2389 1985 2419 &
2000 2388 2187 2429 Pacificandi,

1291 2430 1330 2462 Et
1344 2439 1534 2474 quaecumque
1544 2429 1807 2470 Transgreffiones,
1825 2428 1978 2467 Dampna,
1993 2427 2210 2469 Mesprifiones,
2228 2430 2334 2462 Exces-

1255 2469 1316 2508 sus,
1337 2469 1493 2500 Violentias
1512 2469 1545 2500 &
1568 2468 1685 2508 Injurias
1699 2491 1709 2508 ,
1736 2467 1948 2499 Mercatoribus
1967 2465 2094 2497 Partium
2116 2469 2315 2505 praeditstarum

1256 2518 1305 2552 per
1323 2508 1475 2547 praedicffos
1491 2507 1684 2546 Mercatores,
1703 2507 1810 2546 Ligeos
1825 2505 1938 2536 nostros
1954 2527 1965 2542 ,
1981 2504 2055 2536 facta
2066 2505 2113 2536 seu
2126 2506 2264 2547 facienda,
2272 2494 2333 2540 Re!

1257 2546 1389 2585 digendi,
1404 2546 1584 2585 Reparandi‚
1600 2545 1807 2582 Restaurandi,
1824 2545 1858 2576 &
1872 2542 2069 2581 Emendandi,

1295 2583 1522 2624 Confimilesque
1536 2583 1759 2622 Restimdones,
1779 2582 1982 2622 Reparationes
1997 2603 2008 2619 ,
2033 2580 2266 2617 Restauratiories
2300 2586 2335 2618 δε

1258 2622 1499 2661 Emendationes,
1517 2622 1554 2652 de
1578 2623 1643 2660 ipsis
1664 2621 1876 2652 Mercatoribus
1899 2619 2025 2649 Partiurn
2045 2622 2242 2659 praedictarum
2271 2609 2336 2658 'seu

1258 2660 1409 2699 Deputatis
1422 2662 1490 2698 suis,
1509 2660 1702 2704 Requirendi,
1722 2658 1858 2696 Petendi,
1877 2657 1911 2688 &
1927 2657 2119 2700 Recipiendi‚
2263 2647 2274 2664 ²

1296 2700 1357 2738 Ac,
1370 2699 1406 2730 de
1419 2708 1572 2731 communi
1585 2697 1692 2730 assensu
1706 2696 1907 2728 Mercatorum
1916 2695 2073 2736 Ligeorum
2082 2700 2247 2732 nostrorum
2261 2712 2336 2744 prae-

1257 2738 1403 2768 distorum
1446 2737 1554 2768 Statura
1568 2759 1578 2776 ,
1603 2736 1826 2775 Ordinationes,
1843 2735 1878 2766 δε
1900 2733 2125 2768 Consuetudines
2175 2749 2262 2777 prout
2280 2751 2336 2779 pro

1260 2777 1374 2808 meliori
1396 2761 1614 2807 &ubernatione
1634 2774 1721 2805 statiis
1747 2773 1916 2805 eorumdem
1938 2762 2150 2807 Mercatorum²
2169 2779 2332 2817 Ligeorum

1259 2815 1440 2884 nog'trorum,
1459 2816 1489 2846 in
1500 2815 1553 2846 hac
1568 2822 1665 2855 parte,
1683 2813 1824 2846 videbitur
1840 2812 1988 2852 expedire,
2013 2814 2146 2855 Faciendi
2167 2817 2202 2848 δε
2221 2817 2337 2849 Stabili-

1259 2864 1296 2885 en
1316 2864 1344 2893 i,

1300 2892 1338 2923 Et
1351 2902 1451 2924 omnes
1464 2893 1499 2925 &
1512 2891 1634 2931 fingulos
1648 2890 1826 2922 Mercatores
1841 2889 1949 2929 Ligeos
1960 2890 2074 2922 nostros
2087 2914 2099 2930 ,
2123 2893 2245 2932 praeftitis
2265 2894 2335 2927 Gu-

1261 2931 1472 2975 bernatoribus,
1489 2931 1527 2962 sic
1543 2930 1690 2970 eligendis,
1710 2929 1755 2962 vel
1769 2938 1870 2960 eorum
1886 2930 2150 2970 Locatenentibus,
2170 2933 2216 2963 seu
2231 2943 2333 2966 eoi-um

1262 2969 1363 3008 alicui,
1381 2978 1426 3001 aut
1441 2969 1524 3001 alicui
1539 2969 1731 3006 Statutorum,
1753 2967 1978 2999 ordinationum
1994 2991 2004 3006 ,
2029 2969 2064 3000 δε
2084 2968 2335 3005 Consuetudinurn

1262 3009 1483 3052 praedictorum,
1502 3007 1687 3047 Contrarios,
1705 3006 1854 3044 Rebelles‚
1869 3005 1916 3036 vel
1930 3005 2140 3048 lnobedientes,
2154 3011 2231 3048 juxta
2246 3022 2337 3051 quan-

1265 3056 1372 3078 titatem
1388 3047 1498 3078 Delieti
1514 3047 1570 3084 sui,
1590 3047 1620 3077 in
1635 3048 1688 3078 hac
1702 3054 1794 3084 parte,
1811 3045 2011 3076 rationabiliter
2023 3049 2157 3083 puniendi

1300 3085 1437 3117 Volentes
1451 3086 1560 3124 insuper
1574 3088 1673 3116 omnia
1684 3084 1758 3122 justa
1773 3085 1807 3114 &
1822 3084 1993 3115 rationabilia
2014 3085 2121 3117 Statuta
2138 3111 2148 3126 ,
2164 3072 2335 3121 'Ordinatio-

1264 3135 1330 3164 nes,
1349 3125 1382 3156 ὃ(
1398 3123 1640 3167 Consuetudines,
1657 3133 1706 3162 per
1720 3122 1814 3153 dictos
1828 3121 2058 3162 Gubernatores,
2085 3128 2124 3156 {ic
2145 3127 2289 3167 eligendos
2304 3131 2335 3161 in

1266 3165 1357 3194 forma
1373 3163 1528 3203 praedicita,
1545 3161 1683 3193 faciendas
1700 3161 1734 3192 &
1746 3160 1934 3199 stabiliendas,
1951 3173 2066 3194 necnon
2080 3174 2184 3196 omnes
2197 3166 2283 3205 justas
2299 3168 2336 3200 &

1265 3201 1439 3233 rationabiles
1451 3200 1651 3232 Ordinationes
1665 3199 1868 3238 praedictorum
1881 3199 2080 3233 Mercatorum
2103 3204 2259 3244 Ligeorum
2280 3216 2337 3237 no-

1266 3241 1409 3285 strorum,
1427 3240 1462 3270 de
1477 3239 1627 3270 communi
1642 3239 1748 3270 affensu
1770 3238 1939 3269 eorumdem
1962 3240 2161 3273 Mercatorum
2209 3253 2263 3284 pro
2282 3244 2338 3275 hu.

1263 3279 1385 3318 jusmodi
1398 3278 1614 3310 Gubernatione
1625 3277 1686 3316 sua,
1703 3279 1732 3307 in
1747 3276 1874 3308 Partibus
1888 3279 2041 3320 praediffis,
2061 3281 2135 3317 juxta
2149 3266 2337 3321 Psivilegia&

1267 3318 1454 3349 Auctoritates
1469 3317 1593 3356 sibi,per
1608 3315 1754 3347 Dominos
1767 3317 1812 3347 vel
1827 3315 2040 3350 Gubernatores
2051 3319 2178 3350 Partium
2190 3320 2339 3358 praedicta-

1268 3367 1332 3388 rum
1347 3357 1538 3400 communiter
1553 3355 1596 3385 vel
1611 3355 1723 3386 divisim
1739 3355 1899 3394 Concessa,
1917 3357 2001 3388 Fadia
2015 3359 2050 3390 &
2063 3357 2206 3396 Stabilita,
2221 3359 2268 3391 seu
2286 3368 2337 3396 per

1289 3394 1420 3439 faess‘stf’s
1439 3394 1652 3439 Gubernatores
1674 3404 1772 3433 nune,
1794 3402 1825 3424 ut
1849 3396 2026 3433 praemittitur
2039 3418 2050 3435 ,
2075 3396 2239 3436 eligendos,
2257 3397 2337 3435 juxta

1294 3433 1434 3478 rivilegia‚
1452 3433 1557 3464 eisdem
1575 3433 1785 3464 Mercatoribus
1798 3432 1895 3471 Ligeis
1911 3433 2087 3472 nostris,per
2101 3434 2253 3472 praedictos
2267 3434 2338 3466 Do-

1270 3482 1364 3503 minos
1383 3472 1428 3502 vel
1455 3471 1667 3502 Gubernatores
1694 3471 1884 3510 imposterum
1896 3495 1906 3511 ,
1931 3473 2124 3503 communiter
2142 3472 2188 3503 vel
2207 3473 2339 3513 divisim,

1269 3510 1464 3555 Concedenda
1487 3512 1530 3554 ¹&
1541 3510 1729 3554 Stabilienda,
1748 3510 1839 3549 Rata,
1856 3511 1967 3548 Firma,
1983 3512 2017 3542 &
2033 3510 2165 3550 Accepta
2178 3511 2339 3550 habere,&

1270 3559 1328 3619 pig}
1340 3549 1420 3594 Ratis
1433 3571 1443 3588 ,
1460 3533 1560 3579 sirmis
1572 3571 1582 3588 ,
1607 3550 1641 3581 &
1662 3549 1800 3588 Acceptis
1821 3549 1929 3580 ibidem
1949 3549 2067 3580 firmiter
2085 3549 2120 3580 &
2140 3550 2339 3583 inviolabiliter

1270 3599 1290 3619 o
1323 3598 1422 3626 ervari‚

1308 3626 1419 3671 Damus
1436 3634 1531 3657 autem
1552 3625 1684 3657 universis
1702 3627 1737 3658 &
1755 3626 1795 3657 sin
1816 3626 1867 3656 ulis
1889 3624 2099 3657 Mercatoribus
2117 3625 2214 3664 Ligeis
2241 3628 2344 3661 nostris

1271 3666 1428 3706 praedietis,
1445 3665 1564 3696 Tenore
1578 3664 1781 3704 Praesentium,
1820 3665 1917 3694 rmiter
1932 3664 1962 3693 in
1978 3662 2124 3696 Mandatis
2139 3667 2219 3704 quod
2234 3667 2342 3700 eisdem

1273 3704 1537 3749 Gubernatoribus,
1553 3704 1590 3734 sic
1605 3704 1760 3743 eligendis,
1776 3704 1810 3735 &
1825 3711 1923 3733 eorum
1942 3701 2200 3743 Locatenentibus‚
2217 3706 2247 3736 in
2262 3705 2341 3739 Prae.

1275 3742 1361 3774 missis
1375 3742 1509 3786 omnibus
1524 3743 1557 3773 &
1574 3743 1701 3782 singulis,
1717 3752 1752 3774 ac
1765 3742 1823 3772 aliis
1837 3740 2063 3779 rationabilibus,
2087 3741 2342 3777 Gubernationem

1276 3783 1310 3814 &
1324 3780 1468 3820 Regimen
1479 3781 1524 3811 sua
1539 3782 1568 3811 in
1583 3781 1637 3812 hac
1660 3790 1737 3821 parte
1756 3780 1997 3819 qualitercumque
2019 3784 2273 3823 concernentibus,
2294 3785 2344 3815 In-

1275 3820 1421 3851 tendeiites
1434 3820 1501 3858 sint,
1517 3818 1717 3858 Consulentes‚
1736 3818 1926 3856 obedientes,
1941 3819 1975 3850 &
1991 3818 2175 3862 Auxiliantes,
2191 3832 2277 3862 prout
2290 3824 2343 3856 de-

1275 3867 1330 3891 cet.

1318 3896 1393 3940 Data
1414 3896 1444 3940 in
1464 3895 1574 3926 Palatio
1597 3896 1685 3935 nostro
1710 3897 1784 3934 apud
1803 3894 1910 3934 Wstm.
1935 3894 1985 3926 sub
2009 3895 2113 3937 Magni
2142 3898 2170 3931 Si
2190 3900 2229 3931 illi
2255 3901 2348 3933 nostri

1279 3933 1483 3978 Testimonio,
1498 3937 1598 3972 quinto
1610 3936 1658 3966 die
1673 3935 1815 3965 Februarii
1830 3956 1840 3971 ,
1865 3934 1954 3964 Anno
1975 3934 2099 3969 Domini
2126 3938 2148 3960 *ἵ

1282 3973 1570 4014 Quadringentesimo
1585 3972 1680 4013 sexto,
1695 3974 1729 4007 &
1741 3972 1840 4012 Regni
1856 3972 1944 4005 nostri
1957 3973 2072 4007 οᾶανο.
2117 3963 2126 3980 “

2275 4015 2313 4056 N
2313 4027 2346 4051 os

2211 3939 2344 3980 illefimo‚
2365 3945 2496 3983 *1X.68‚J
