2562 4274
615 185 730 235 ET
817 190 1085 234 ACTA
1171 183 1650 232 PUBLICA.

14 281 56 314 D.
76 283 111 316 &
123 282 197 323 duos
210 284 356 316 Homines
368 281 472 314 Scotos
484 280 601 320 Equites
615 281 643 311 in
659 281 806 312 Comitiva
825 281 871 310 sua
893 280 1052 317 venientes,
1070 288 1141 309 nec-³

4 329 30 361 3.
74 322 228 354 noffBona
243 323 276 353 &
291 321 423 352 Hernefia
440 320 486 350 sua
501 320 746 358 quaecumque,in
761 319 901 355 Regnum
916 317 1005 357 Regis
1014 318 1140 355 Angliae,

3 370 31 396 4--
75 370 108 391 ac
124 362 174 391 alia
190 361 328 391 Dominia
348 359 392 390 sua
412 357 540 389 Coronae
556 357 664 397 Regis,
683 367 735 396 pro
758 356 989 394 Deliberatione,
1007 354 1139 386 Consan-

74 400 167 438 guinei
182 396 271 436 Regis
285 400 319 431 δε
335 396 504 435 Prisonarii,
523 396 686 426 Murthowe
704 396 737 424 de
757 397 782 424 F
775 393 832 435 yffi
846 394 907 424 Filii
928 394 1056 433 praediffl
1075 394 1140 424 Du-

77 438 136 475 cis,
154 438 211 468 tam
225 446 276 475 per
295 436 380 468 Villas
400 435 521 466 firmatas
558 435 644 473 quam
665 434 749 470 alibi,
767 433 821 463 abs
835 442 869 463 ue
891 432 1076 470 Imperitiorie
1094 433 1140 464 seu

75 475 317 505 demonstratione
329 473 504 513 praesentium
528 457 685 503 Liternum
705 471 794 515 Regis
834 483 850 502 e
869 470 945 501 salvo
963 470 1140 510 Conduehi,

78 513 99 544 fi
114 512 317 543 demonstratio
331 512 493 543 earumdem
507 512 543 543 ab
561 512 600 542 eis
619 520 681 541 non
700 518 841 548 exigatur,
859 509 1016 547 veniendo,
1033 510 1139 540 ibidem

78 550 236 590 morando,
251 552 286 583 &
299 549 550 589 perhendinando,
568 548 602 580 &
616 548 718 580 exinde
739 548 775 578 ad
793 557 881 586 partes
899 547 1038 578 Flandriae
1053 548 1141 578 trans-

78 589 191 628 eundo,
206 600 241 620 ac
261 589 364 621 deinde
379 590 408 619 in
422 588 560 626 Regnum
580 588 615 618 &
634 587 773 617 Dominia
798 587 885 623 Regis
904 586 1038 625 praedicta
1057 597 1143 624 penes

80 624 261 659 Praesentiam
276 626 370 666 Regis
383 625 553 658 reveniendo
585 626 619 656 &
631 626 665 656 ad
681 635 768 663 partes
782 624 840 656 suas
859 627 1000 665 proprias,
1021 626 1077 654 tam
1094 635 1142 663 per

81 665 204 697 Terram
216 667 251 698 δὲ
265 665 366 704 Mare,
384 665 471 704 quam
486 674 536 704 per
552 649 667 702 Aquam
683 658 813 702 dulcem,
830 663 930 703 absque
951 659 1143 694 Perturbatio-

83 714 121 735 ne
132 704 177 735 seu
190 704 370 742 Impetitione
383 712 564 742 quacumque
578 702 737 739 redeundo,

124 743 239 774 Nolens
254 742 330 773 idem
345 741 410 772 Rex
421 741 501 781 quod
510 740 642 771 Person-2
656 741 800 778 praedictae
813 750 866 778 pro
882 740 994 778 aliquo,
1012 748 1076 770 ante
1083 739 1147 770 liaec

82 790 210 819 tempora
229 778 325 820 facto,
341 780 388 811 seu
411 789 465 819 pro
488 779 579 819 aliqua
601 778 723 818 Marqua
743 779 787 810 vel
809 778 977 816 Reprisalia,
1001 779 1150 815 impetrata

83 820 129 850 vel
145 819 336 858 impetranda,
350 827 398 850 aut
412 828 465 856 pro
478 818 528 849 alia
549 817 639 849 Causa
663 827 859 857 quacumque,
875 816 1076 854 molestentur,
1094 818 1150 847 im-

82 866 229 899 petantur,
247 857 418 895 arestentur‚
436 857 483 887 sen
497 856 718 894 deteriorentur,

124 895 240 926 Proviso
253 896 360 936 semper
374 895 455 936 quod
469 895 577 926 eaedem
587 895 717 926 Personae
729 894 896 935 quicquam,
915 891 992 930 quod
1006 893 1035 922 in
1045 892 1133 932 Regis
1143 917 1153 931 ,

87 934 135 965 seu
149 933 279 965 Coronoe
293 935 364 972 suae,
382 943 430 965 aut
445 934 557 973 Legum
572 933 669 972 Regni
688 933 721 963 &
747 931 954 960 Dominiorum
971 930 1060 969 Regis
1081 942 1152 969 prae-

90 972 254 1013 dictorum,
272 972 320 1004 seu
337 973 440 1012 Populi
454 973 507 1010 sui,
523 972 692 1011 Dampnum
707 969 751 999 vel
766 968 969 1007 Praejudicium
985 970 1087 1000 cedere
1106 981 1154 1002 va-

90 1012 145 1043 leat
153 1034 165 1051 ‚
181 1022 242 1044 non
255 1019 423 1053 attemptent
436 1011 481 1042 seu
497 1009 656 1050 attemptari
667 1008 770 1039 faciant
779 1008 882 1047 quovis
895 1007 994 1038 modo.
1072 1014 1075 1016 ·

294 1108 510 1144 FINIS
557 1102 772 1141 TOMI
823 1102 930 1139 vm.
986 1103 1183 1141 EDIT

2202 205 2254 249 27

1215 275 1304 307 Teste
1321 276 1406 315 Rege
1418 277 1491 317 apud
1510 277 1785 318 PWstmonasterium,
1804 279 1922 319 septimo
1937 280 1982 311 die
1998 280 2149 312 Februarii.
2263 270 2389 309 Ann.D.

1643 349 1696 376 Per
1716 351 1809 379 Breve
1827 350 1859 380 de
1873 353 1992 380 Privato
2009 350 2109 388 sigillo.
2261 323 2334 384 1523?
2341 324 2374 389 Ξ..

1179 469 1229 501 De
1252 472 1420 516 Peregrinis
1446 472 1550 516 verfits
1572 472 1716 504 Sannum
1740 472 1898 518 Jacobum
1924 476 2063 519 Galleiae,
2089 475 2241 513 ducendis.

2263 557 2376 591 Anni)

1180 559 1234 613 R
1255 591 1371 635 ¹Sciatis
1384 594 1465 631 qubd
1486 593 1685 625 Conceffimus
1708 597 1741 627 &
1767 595 1925 626 Licentiam
1941 597 2097 638 Dedimus,
2121 599 2242 633 Dilesto·
2283 605 2370 637 1413⁴

1181 632 1214 661 &
1229 629 1318 673 Fideli
1339 634 1457 674 nostro,
1476 632 1619 661 Edwardo
1641 632 1707 662 Filio
1733 634 1869 663 Edwardz·
1892 635 1923 664 de
1948 641 2096 678 courtenay
2117 639 2242 672 Comitis
2261 639 2314 664 Aa.
2334 646 2378 671 14.-

1183 670 1328 712 Devoniae'
1349 669 1496 708 Chivaler,
1512 671 1592 710 quod
1611 671 1686 708 ipse,
1713 672 1744 701 in
1764 671 1886 711 quadarn
1909 673 2011 713 Bargea
2030 676 2072 705 sua
2094 684 2193 710 vo'cata'
2219 680 2244 710 la
2264 679 2296 704 H.
2312 683 2342 710 4·

1186 707 1282 737 Mane
1304 706 1338 736 dc
1356 708 1564 748 Kyngeswere(
1618 709 1777 754 uadraginta
1798 710 1964 749 Peregrinos
1982 714 2123 753 recipere,
2147 718 2180 748 &
2199 727 2248 748 eos
2268 717 2356 740 franc·

1184 746 1278 775 versus
1294 745 1433 776 Sannum
1445 747 1590 785 Jacobum
1639 748 1744 786 aliciae,
1763 748 1796 777 ad
1815 748 1889 779 Vota
1909 749 1952 779 sua
1971 752 2078 781 ibidem
2103 754 2249 791 perficien-
2271 760 2314 787 14·-
2333 752 2360 778 H
2372 757 2407 784 4⁴

1187 783 1237 821 da,
1255 783 1375 821 ducere,
1392 786 1424 815 ὃς
1438 785 1539 815 abinde
1554 786 1583 815 in
1594 786 1725 824 Angliam
1741 786 1872 819 reducere
1883 787 1966 825 polsit
1983 790 2059 819 licite
2072 791 2251 833 &impune3
2268 799 2307 818 m·
2327 797 2352 817 ¹·

1229 819 1377 865 Aliquibus
1397 822 1632 854 Ordinationibus
1650 825 1705 854 live
1727 824 2015 865 Proclamationibus,
2035 829 2064 858 in
2078 838 2253 863 contrarium

1189 860 1268 890 fastis
1277 882 1286 897 ,
1305 869 1363 890 non
1374 861 1565 892 obstantibus:

1227 898 1309 942 Cum
1322 907 1419 929 tamen
1434 899 1576 939 Peregrini
1591 900 1628 930 illi
1648 901 1684 931 de
1708 901 1839 931 Amicitia
1853 902 1949 934 nostra
1968 905 2001 934 &
2026 904 2137 936 Gentes
2160 905 2257 939 Laicae

1192 936 1330 974 existant,
1349 939 1382 967 &
1396 939 1475 982 qubd
1492 940 1603 969 Aurum
1620 940 1666 970 vel
1686 940 1863 979 Argentum,
1883 943 1913 970 in
1935 941 2029 973 Maffa
2048 943 2092 973 vel
2116 943 2257 984 Moneta„

1191 976 1290 1019 colore
1305 976 1441 1020 praesentis
1458 977 1596 1008 Licentiae
1616 977 1738 1016 nostr-se,
1756 988 1855 1009 contra
1871 978 1978 1012 Statura
2001 983 2034 1013 ὃς
2055 982 2259 1015 Ordinationes

1193 1013 1264 1044 dieti
1279 1014 1374 1053 Regni
1384 1038 1393 1054 ,
1409 1016 1503 1046 secum
1521 1026 1581 1046 non
1595 1015 1721 1048 deferant
1737 1019 1837 1055 quovis
1849 1019 1949 1049 modo.

1265 552 1295 583 X
1314 553 1477 593 Omnibus,
1494 556 1528 585 ad
1543 563 1628 594 quos„
1648 557 1708 587 δίς.
1728 557 1867 587 Salutem.

1209 1107 1443 1141 IONIS
1493 1082 2083 1148 LONDINENSIS.

99 1221 2266 1273 fflfflfflffifflwfffflwfflwffffifflffifflwffifflfflwfflffi„wstffssfflofffflsswssflffistffl

2 1365 39 1394 X.
59 1372 83 1392 ι.

0 1466 29 1488 ῃ,
43 1455 87 1487 D,
108 1445 235 1504 REX
253 1446 482 1494 vicecomitibus
497 1442 662 1490 Londoniae
693 1442 828 1489 Salutem.
907 1484 912 1490 Ι
930 1476 931 1479 ¹
1108 1483 1114 1489 .

0 1504 60 1535 μς,
207 1488 302 1526 Qua,
320 1486 408 1517 felicis
423 1468 791 1527 recordationisQPrinceps-
812 1481 999 1522 Magnificus,
1021 1481 1169 1514 Dominus

0 1555 6 1561 .
25 1545 47 1563 ι,
105 1525 140 1556 &
157 1524 366 1570 paternoster,
385 1533 474 1571 nuper
489 1521 995 1591 Rex·Anghssqnmstmdgffilgtinnss?
1010 1522 1067 1590 guse
1084 1532 1170 1599 ἧξη-

2 1582 41 1648 {s
60 1621 84 1640 1,
104 1562 645 1645 {lkemmeiffiznamgfflssngrggrriirnuss}
662 1568 828 1643 qua‘ddfdgiffl
842 1599 941 1637 Regni
955 1571 1101 1630 Suhcefl'io
1116 1571 1172 1630 111ὲῖ-

4 1659 34 1686 5,
105 1643 148 1673 bis
162 1641 277 1671 notorie
289 1638 450 1683 devolvitur
465 1639 500 1670 &
513 1637 666 1668 dmoscrrur
680 1646 818 1682 pertinere
827 1659 836 1673 ,
986 1677 991 1682 η
1105 1677 1109 1681 ¹
1154 1676 1159 1681 ι

6 1689 50 1725 3⁶·
141 1678 178 1710 Et
191 1679 319 1709 volentes
333 1677 472 1718 proinde,
489 1685 576 1715 prout
588 1676 686 1706 nostro
701 1676 844 1713 praecipue
858 1673 1005 1708 Incumbit
1020 1675 1174 1714 Dignitatis

0 1732 15 1754 r.

106 1715 225 1754 officio,
251 1717 376 1754 Pacem,
403 1716 543 1755 Qietem
559 1738 569 1754 ,
594 1715 628 1745 &
650 1713 913 1752 Tranquillitatem,
938 1716 1059 1745 ineuntis
1072 1712 1124 1745 'Re
1144 1716 1174 1744 ni

105 1756 201 1792 nostri,
211 1755 345 1793 Finibus,
363 1756 392 1784 in
403 1762 539 1794 quantum
550 1752 697 1795 poffumus
705 1775 715 1792 ,
732 1753 814 1784 Pacis
829 1752 964 1784 Auetoris
975 1754 1062 1791 adjuti
1075 1723 1174 1784 suffffa-

105 1797 172 1836 gio,
185 1793 247 1826 fieri
261 1794 295 1825 &
308 1794 422 1832 haberi,

146 1833 201 1872 Et,
218 1833 261 1868 ad,
272 1832 351 1863 illum
366 1832 455 1862 finem
469 1832 503 1863 &
514 1830 671 1868 caedrum,
689 1840 739 1869 ea,
756 1840 822 1869 quae
836 1830 944 1868 Jurgiis
963 1830 996 1861 ὃς
1018 1828 1176 1860 Discordiis

107 1868 214 1903 Pacem
230 1868 357 1903 AEmulis
368 1870 503 1901 fomitem
519 1868 723 1907 ministrarent,
739 1869 860 1900 subtrahi
873 1869 906 1899 &
922 1869 1026 1905 deleri,

149 1910 243 1941 Vobis
258 1909 411 1940 districtius
424 1919 482 1948 quo
495 1908 641 1946 possumus
663 1908 834 1946 injungimus
854 1907 888 1937 &
908 1907 1074 1937 mandamus
1095 1906 1176 1945 quod

111 1946 141 1979 in
153 1949 223 1980 locis
237 1948 309 1979 infra
320 1946 476 1978 Civitatem
491 1946 657 1986 praedietam
673 1955 706 1976 ac
727 1945 866 1977 Suburbia
888 1945 1027 1983 ejusdem,
1046 1946 1094 1975 ubi
1115 1954 1175 1976 rna-

111 1989 154 2027 gis
167 1987 318 2025 expediens
330 1983 414 2016 fuerit
433 1986 467 2016 &
481 1982 610 2022 neceffe,
627 1983 773 2015 Praemisfiz
794 1994 829 2015 ex
853 1991 929 2022 parte
950 1983 1043 2014 nostra
1060 1984 1176 2022 publice

111 2026 250 2057 notificari
272 2026 306 2056 &
325 2024 511 2064 proclamari,
531 2033 564 2054 ac
579 2021 711 2053 universis
726 2023 759 2053 &
776 2022 889 2060 singulis
904 2022 997 2062 Ligeis
1018 2023 1052 2052 ὃς
1074 2022 1177 2053 Fideli-

113 2065 167 2095 bus
186 2061 303 2101 nostris,
319 2062 389 2093 infra
410 2061 584 2100 Civitatem,
603 2071 640 2091 ac
659 2060 801 2092 Suburbia
817 2060 953 2099 praedidta
975 2059 1177 2109 existentibus,

114 2104 236 2134 inhiberi
248 2102 370 2138 faciam,
389 2101 427 2130 rie
442 2101 492 2138 ipfi
510 2099 555 2129 vel
575 2108 677 2130 eorum
691 2100 804 2138 aliquis,
819 2100 870 2131 sub
890 2099 958 2129 Fide
978 2100 1012 2130 &
1033 2099 1179 2137 Ligeantia

113 2142 184 2180 suis,
201 2151 236 2173 ac
248 2141 298 2171 sub
309 2139 497 2170 Forisfactura
509 2139 645 2168 omnium
659 2148 723 2177 quae
744 2138 827 2168 nobis
846 2138 1008 2169 forisfacere
1028 2146 1179 2177 poterunt,

114 2178 220 2220 aliquas
239 2176 480 2216 commotiones,
497 2173 579 2207 Pacis
600 2174 844 2214 Perturbationes,
863 2175 980 2215 Riotas,
998 2175 1181 2208 Insurrerstio-

116 2229 182 2257 nes,
200 2219 245 2249 seu
261 2216 469 2248 Conventicula
481 2215 634 2252 exceffiva,
649 2215 749 2253 quovis
761 2216 878 2255 quaeiito
892 2215 1007 2253 colore,
1022 2215 1124 2245 faciant
1132 2223 1179 2247 aut

120 2258 182 2289 fieri
195 2263 367 2295 procurent,
381 2255 419 2285 set
442 2253 523 2292 quod
544 2254 595 2284 sub
615 2253 697 2285 Pacis
714 2253 822 2285 silentio
842 2264 875 2284 ac
897 2255 995 2291 quietis
1012 2253 1180 2294 dulcedine,

115 2304 205 2334 prout
224 2295 339 2325 summo
357 2302 490 2333 optamus
508 2291 645 2324 desiderio
668 2291 785 2323 fideliter
803 2301 986 2333 permaneant
1001 2293 1035 2325 ὃς
1056 2292 1182 2332 perseve-

120 2342 183 2365 rent

159 2356 274 2402 O’mnes
292 2370 371 2409 illos,
387 2379 459 2408 quos
473 2368 537 2408 post
559 2370 593 2400 &
614 2379 714 2401 contra
736 2369 1002 2410 Notificationem,
1021 2368 1187 2404 Proclama-

120 2412 251 2449 tionem,
276 2410 309 2440 &
332 2408 540 2440 Inhibitionem
558 2409 704 2448 praedietas
724 2410 888 2441 inveneritis
912 2412 1004 2449 aliqua
1023 2411 1185 2449 hujusmodi

122 2449 364 2487 Commotiones,
384 2447 629 2486 Perturbationes,
647 2446 769 2486 Riotas,
785 2448 1020 2486 Insurrecstiones,
1038 2459 1084 2480 aut
1100 2446 1186 2480 Con-

122 2487 263 2518 venticula
279 2487 369 2517 facere
381 2494 429 2517 aut
441 2485 501 2516 fieri
516 2494 684 2525 procurare,
703 2485 878 2526 Arestantes,
896 2488 929 2518 ὃς
943 2487 1069 2518 Prisonae
1081 2487 1187 2523 nostrae

124 2525 335 2564 Mancipantes,
361 2526 392 2555 in
405 2524 505 2556 eadem
519 2530 676 2554 moraturos
694 2525 841 2564 quousque
863 2536 916 2563 pro
938 2536 1040 2556 eorum
1061 2525 1190 2565 Castiga-

125 2565 220 2602 tione,
239 2562 411 2601 punitione,
430 2563 464 2593 ὅτ.
478 2562 692 2593 Deliberatione
707 2562 784 2594 aliter
798 2563 959 2594 duxerimus
973 2564 1173 2595 ordinandum.

164 2601 253 2634 Teste
269 2601 354 2641 Rege
368 2600 443 2640 apud
455 2600 714 2641 W’stmonallerium
725 2601 873 2633 Vicefimo
887 2602 988 2633 Primo
1003 2603 1048 2634 die
1065 2602 1174 2634 Marrii.

783 2681 836 2710 Per
854 2678 936 2720 ipfitm
953 2682 1058 2719 Regem.

165 2754 318 2800 consimilia
346 2761 455 2789 Brevia
479 2758 633 2796 diriguntur
649 2754 756 2796 lingulis
775 2754 973 2788 Vicecomitibus
984 2764 1035 2796 per
1053 2756 1188 2796 Angliam

15 2902 70 2932 lx,
87 2910 114 2930 2.
132 2893 160 2922 ἕ*
182 2895 231 2927 De
253 2889 415 2939 recipiendo
437 2893 548 2937 Regem
570 2893 670 2923 Scotiae
691 2893 728 2927 &r
747 2890 822 2922 alios
840 2893 871 2922 in
887 2891 1015 2922 Turrim
1032 2887 1197 2922 Londoniae.

0 2987 64 3018 hm,
73 2986 117 3018 D·
199 2981 335 3017 linricus,
353 2975 413 3007 Dei
433 2974 541 3014 gratia,
558 2979 618 3006 Rex
638 2973 745 3011 Angliae
757 2973 795 3008 ὠ
810 2975 975 3006 Francia&
991 2977 1125 3004 Dominus
1146 2977 1200 3004 Hi-

13 3036 26 3056 ι
29 3033 100 3065 413·
210 3015 309 3061 berqiq
318 3038 329 3055 ,
345 3014 564 3046 Constabulario
578 3014 681 3045 Turris
693 3013 748 3045 suae
759 3013 921 3044 Londoniae
929 3036 938 3051 ,
947 3013 993 3044 vel
1006 3014 1062 3051 ejus
1071 3013 1202 3044 Locum-

0 3068 82 3138 ἕης,
138 3053 537 3138 [εῃξὲἒῐιὶᾶξὲξξιέοξῗέιξιῗέἆ
552 3090 689 3130 Jacobum
702 3093 799 3128 Regem
813 3091 906 3119 Scotiae
916 3112 926 3127 ,
944 3089 1060 3119 Mordok
1076 3092 1204 3119 Comitem

0 3142 51 3169 bid,
66 3150 103 3169 m,
141 3129 173 3159 de
186 3134 217 3160 Fl
231 3142 263 3168 e,
280 3130 313 3160 &
330 3129 509 3161 Willielmum
524 3129 646 3175 Douglfas
662 3129 699 3160 de
713 3128 877 3173 Dalklieth,
895 3129 928 3158 &
944 3127 1122 3171 Willielnfum
1136 3131 1161 3157 G
1157 3127 1207 3172 js-

0 3180 36 3219 58.
136 3167 192 3210 far
225 3168 428 3206 Armigerum‚
442 3169 478 3198 ab
497 3179 532 3200 eo
546 3178 594 3212 qui
612 3168 685 3207 ipsos
703 3168 786 3199 vobis
807 3177 841 3198 ex
863 3175 939 3204 parte
951 3166 1047 3197 nostra
1059 3166 1206 3204 liberabit,

142 3207 295 3245 recipiatis,
316 3207 350 3237 &
363 3205 437 3242 ipsos
450 3207 481 3236 in
490 3208 576 3237 Turri
589 3206 722 3246 praedista
738 3206 816 3237 salvo
837 3206 871 3236 &
885 3206 981 3235 secure
990 3228 1000 3243 ,
1017 3205 1164 3243 quousque
1177 3215 1208 3235 a-

142 3246 203 3277 liud
218 3246 234 3276 a
249 3244 333 3275 nobis
347 3244 414 3274 inde
430 3243 580 3276 habueritis
593 3246 625 3275 in
641 3245 793 3283 mandatis,
812 3243 947 3275 custodiri
962 3243 1076 3275 faciatis.

182 3283 272 3315 Teste
288 3282 395 3320 meipso
409 3283 483 3320 apud
498 3282 756 3323 Wellmonasterium
773 3283 917 3315 Vicelimo
930 3281 1033 3312 Primo
1045 3282 1091 3312 die
1099 3280 1208 3320 Martii,

144 3321 234 3355 Anno
250 3321 346 3361 Regni
361 3320 451 3352 nostri
465 3323 568 3361 primo.

770 3361 823 3389 Per
839 3357 923 3397 ipfiem
941 3362 1047 3397 Regem.

150 3494 201 3527 De
223 3489 326 3538 Officio
348 3486 505 3533 Senassalli
529 3485 644 3533 Angliae
662 3511 672 3528 ‚
703 3483 749 3566 Zd
776 3487 1001 3518 Coronationem
1025 3486 1132 3531 Regis,
1158 3496 1213 3519 ex-

604 3545 704 3567 corcen
727 3545 753 3568 o.

2 3641 130 3676 Ann.D.
152 3621 461 3693 REsssafuzeexajriffimo
482 3619 705 3659 Consanguineo
722 3616 788 3658 suo,
805 3619 921 3650 Ricardo
940 3621 1038 3650 Comiti
1051 3620 1214 3658 wamiam,

4 3690 109 3749 ‘4¹4¹'3'
191 3701 290 3732 Sciatis
306 3700 386 3739 quod
404 3697 489 3735 Nos,

4 3733 59 3787 3⁷¹⁹
92 3740 100 3748 '
194 3739 244 3770 De
259 3739 397 3770 Industria
409 3738 443 3769 &
458 3736 724 3774 Circumspectione
738 3733 835 3766 vestris
849 3733 955 3772 plenius
968 3732 1161 3773 confidentes,

5 3782 39 3827 Ρ·
53 3768 72 3795 5
195 3777 404 3817 Affignavimus
418 3786 471 3807 vos
486 3775 521 3806 ad
535 3776 634 3806 omnia
648 3776 682 3807 &
697 3773 814 3813 singula,
830 3782 895 3811 quae
912 3773 947 3802 ad
961 3772 1105 3804 Officium
1120 3772 1218 3804 Senes-

5 3805 69 3865 Hat-
159 3814 221 3845 calli
235 3816 364 3855 Angliae,
382 3815 417 3846 ad
429 3814 659 3845 Coronationem
675 3813 817 3850 nostram,
835 3811 992 3851 pertinent,
1010 3811 1062 3842 hac
1077 3813 1144 3843 vice
1158 3821 1219 3843 tan-

52 3845 78 3902 15
89 3882 116 3903 m
160 3852 244 3891 tum,
261 3853 426 3884 faciendum
439 3854 473 3884 &
486 3853 693 3890 exercendum,
903 3888 909 3893 ¹

5 3880 47 3950 {⁶6
69 3894 74 3902 ¹
200 3890 238 3921 Et
251 3891 318 3923 ideo
331 3892 415 3922 vobis
431 3890 604 3922 Mandarnus
618 3890 698 3929 quod
711 3891 788 3921 circa
803 3887 949 3919 Praemifla
966 3887 1116 3926 diligenter
1131 3890 1223 3920 inten-

163 3929 250 3975 dat-isx,
268 3929 310 3996 &s
316 3930 467 3974 &faciatis
479 3931 513 3962 &
526 3929 705 3968 exequamini
726 3930 756 3959 in
770 3927 861 3958 modo
882 3927 915 3958 &
932 3926 1027 3958 forma
1046 3927 1140 3959 debite
1153 3929 1226 3959 anti-

162 3975 260 4009 quitus
272 3977 290 3997 u
303 3976 381 3998 itatis.

202 4007 428 4082 Ιῃὲἓῆὶὲἐὲἓὲ
442 4044 518 4083 apud
533 4044 807 4087 Wstnouasserium,
825 4041 949 4073 secundo
962 4041 1015 4072 ‘die
1031 4041 1144 4080 Aprilis.

820 4084 874 4112 Per
892 4079 974 4121 tpfiem
991 4083 1095 4120 Regem.

228 4124 302 4152 Tom.
319 4122 370 4153 IV.
387 4121 422 4151 P.
440 4122 482 4152 ΙΙ.

811 1337 839 1364 *ἑ
869 1332 942 1373 De
972 1334 1081 1374 Pace
1108 1330 1232 1389 Regis
1253 1333 1540 1394 proclicmanda.

1230 1497 1278 1528 De
1300 1494 1404 1541 Officio
1429 1494 1786 1591 ConstabulariifAnnge
1809 1498 1853 1532 ad
1873 1499 1997 1534 eandem
2021 1503 2245 1536 Coronationem

1666 1559 1749 1579 acum
1772 1560 1798 1581 θ·

1210 1627 1291 1683 RE
1302 1627 1350 1697 XS,
1363 1629 1522 1678 [111εᾶᾳᾶ
1537 1629 1613 1663 fideli
1627 1631 1693 1671 suo,
1712 1634 1831 1664 Henrico
1852 1637 1920 1665 fitz
1943 1633 2044 1673 Hugh,
2062 1633 2196 1665 Salutem.

1344 1677 1420 1698 cratis
1432 1669 1512 1708 quod
1527 1679 1596 1707 nos,
2294 1665 2422 1697 Ann.D.

1247 1700 1297 1736 De
1311 1705 1448 1750 Industria
1463 1709 1496 1739 &
1511 1706 1777 1749 Circumspeffione
1789 1710 1886 1742 vestris
1900 1711 2011 1750 plenius
2022 1711 2215 1747 confidentes,
2314 1713 2402 1745 1413.»

1250 1743 1458 1784 Affignavimus
1474 1756 1526 1776 vos
1539 1748 1572 1776 ad
1586 1749 1682 1778 omnia
1702 1749 1736 1778 &
1758 1749 1871 1788 singula,
1890 1761 1955 1789 quae
1975 1751 2010 1781 ad
2032 1750 2176 1781 Officium
2191 1749 2276 1780 Con-
2292 1747 2345 1771 An.
2362 1751 2387 1772 ¹·

1214 1781 1355 1829 stabularii
1374 1783 1502 1828 Angliae,
1519 1785 1553 1815 ad
1568 1785 1796 1817 Coronationem
1810 1789 1936 1820 nostram
1946 1813 1955 1828 ,
1971 1790 2128 1829 pertinent,
2146 1790 2200 1821 hac
2213 1789 2278 1820 vice
2292 1786 2331 1826 Ηχ
2342 1790 2360 1817 5
2363 1803 2370 1810 ·

1213 1830 1339 1860 tantum,
1357 1821 1519 1854 faciendum
1535 1824 1568 1854 &
1581 1825 1789 1863 exercendum,
2292 1819 2407 1854 ¹¹⁷¹d·''⁴s

1252 1859 1289 1890 Et
1304 1860 1370 1890 ideo
1383 1862 1464 1891 vobis
1479 1861 1649 1893 Mandamus
1663 1864 1741 1902 quod
1763 1866 1837 1895 circa
1859 1864 2005 1896 Praemiffa
2022 1865 2170 1905 diligenter
2185 1867 2278 1897 interi·
2292 1857 2338 1887 ²8·

1214 1898 1302 1946 datis,
1319 1900 1519 1967 ὃῗῖεαβαείειὶε
1533 1901 1567 1933 &
1583 1903 1762 1942 exequamini
1774 1904 1803 1934 in
1818 1905 1910 1935 modo
1924 1906 1956 1936 δε
1979 1904 2075 1936 forma
2093 1905 2190 1936 debite
2204 1905 2279 1936 anti-

1215 1947 1307 1976 quitus
1321 1947 1340 1968 u
1353 1950 1362 1968 i
1375 1946 1423 1968 atis

1249 1975 1283 2007 In
1290 1977 1476 2056 'suejsttlg’lg'tczge
1493 2016 1568 2055 apud
1588 2014 1864 2059 Wstmonqlt‘erium,
1882 2019 2006 2051 secundo
2021 2019 2067 2050 die
2082 2019 2197 2058 Aprilis.

1877 2098 1931 2127 Per
1945 2094 2029 2136 ipftom
2047 2098 2152 2135 Regem.

1298 2224 1346 2257 De
1369 2219 1569 2265 Vestimentis,
1593 2220 1639 2258 ad
1660 2220 1774 2256 dimna
1797 2223 2043 2266 Coronationem,
2067 2217 2213 2254 liberatis.

1601 2310 1645 2339 Le
1662 2311 1717 2348 Roy
1734 2307 1763 2338 la
1781 2309 1897 2339 Grante.

1223 2389 1262 2445 P

1224 2464 1299 2494 sorer
1314 2464 1347 2494 ὃς
1369 2463 1472 2493 Barons
1484 2463 1519 2493 de
1534 2462 1628 2492 vostre
1643 2461 1800 2500 Escheker,
1818 2471 1890 2499 pour
1905 2461 2023 2492 Allouer
2036 2471 2070 2499 a,
2089 2460 2186 2491 vostre
2205 2461 2289 2491 hum·
2303 2449 2357 2473 ‘⁴³²²'
2375 2454 2400 2471 ¹'

1226 2504 1274 2533 ble
1286 2502 1447 2539 Serviteur,
1465 2500 1564 2539 Johan
1577 2500 1684 2530 Dalton
1708 2499 1813 2537 Clerc,
1831 2500 1961 2539 Deputee
1982 2511 1998 2531 a
2018 2500 2133 2529 Thomas
2153 2503 2290 2537 Carnita,
2305 2487 2340 2513 H·
2354 2492 2371 2518 5

1228 2542 1394 2580 n'adegaires
1407 2539 1534 2570 Gardein
1548 2539 1584 2569 de
1599 2539 1694 2570 vostre
1709 2538 1827 2569 Grande
1839 2538 2009 2570 Garderobe
2018 2562 2027 2576 ,
2308 2527 2358 2589 {2⁶7²
2367 2519 2442 2586 ⁰525}

2311 2600 2357 2627 ric.
2375 2594 2438 2625 Pell.

2045 2548 2117 2575 pour
2130 2537 2177 2575 luy
2185 2538 2290 2569 allouer

1229 2590 1265 2610 en
1279 2580 1437 2616 l'acconte,
1454 2578 1520 2615 qu'il
1535 2577 1576 2607 est
1590 2588 1606 2607 a
1618 2578 1718 2607 rendre
1731 2587 1767 2607 en
1782 2576 1879 2607 vostre
1892 2577 1931 2607 dit
1948 2576 2089 2607 Escheker
2108 2575 2211 2606 devant
2231 2584 2291 2607 voz

1230 2620 1291 2649 ditz
1305 2618 1441 2648 Tresorer
1454 2618 1488 2647 &
1505 2616 1626 2654 Barons,
1643 2626 1679 2646 en
1694 2625 1764 2645 nom
1780 2615 1820 2645 du
1835 2616 2032 2654 ditThomas,
2049 2614 2183 2654 n’adgairs
2196 2614 2291 2645 vostre

1232 2657 1431 2694 Garderober,
1449 2655 1487 2685 les
1501 2654 1598 2686 choses
1613 2664 1660 2693 par
1673 2653 1769 2686 vostre
1782 2653 1826 2684 dit
1839 2654 2005 2693 n'adegaires
2025 2653 2207 2684 Garderober
2226 2653 2296 2684 deli-

1231 2703 1336 2734 verez,

1270 2734 1300 2765 Si
1317 2735 1382 2764 bien
1395 2744 1410 2764 a
1429 2742 1501 2764 vous
1516 2732 1649 2770 mesmes,
1666 2742 1702 2762 en
1721 2731 1815 2762 vostre
1831 2729 2014 2769 Chaumbre,
2029 2739 2081 2769 pur
2097 2729 2192 2760 Estuff
2204 2728 2298 2762 &Es—

1190 2782 1196 2788 ·
1234 2782 1279 2805 tor
1294 2774 1428 2811 illoeques
1442 2772 1521 2802 avoir
1532 2782 1548 2802 a
1563 2771 1658 2802 vostre
1672 2781 1740 2808 oeps
1756 2769 1903 2808 demesne,
1921 2778 1993 2807 pour
2007 2768 2124 2800 diverses
2138 2767 2240 2799 Causes

1274 2811 1391 2842 ”Come
1404 2821 1422 2839 a
1437 2809 1554 2848 diverfi’s
1570 2813 1709 2848 Seignurs,
1729 2808 1903 2846 chivaliers‚
1921 2807 2026 2846 Cleres,
2046 2807 2184 2846 Escuires,
2199 2792 2304 2838 Val'let-
2317 2803 2337 2825 ¹*
2353 2803 2406 2833 IX·
2424 2800 2450 2839 3}

1238 2858 1295 2890 tes,
1315 2849 1353 2886 ὠ·
1368 2857 1462 2880 autres
1477 2848 1621 2889 Persbnn-es
1632 2857 1699 2887 pour
1719 2847 1791 2877 leure
1810 2845 1916 2886 Vesture
1932 2853 2056 2877 encontre
2074 2845 2165 2885 vostre
2185 2849 2305 2876 Corona-

1239 2897 1375 2958 mgfome
1393 2937 1421 2958 as
1435 2934 1526 2957 autres
1540 2924 1688 2964 Seigneurs
1701 2925 1734 2956 δε
1749 2923 1891 2961 Escuiers,
1912 2932 1985 2962 pour
1996 2922 2110 2953 l'Ordre
2123 2922 2159 2952 de
2175 2922 2309 2954 Chivaler

1239 2978 1271 3036 rii)
1270 2967 1390 3005 prendre
1404 2977 1419 2997 a
1435 2965 1540 2996 mesme
1552 2964 1578 2994 le
1591 2965 1718 3003 Temps,
1736 2972 1808 3001 pour
1821 2963 1896 2993 leure
1904 2960 2025 2992 Vesture
2039 2971 2054 2992 a
2066 2962 2145 2992 avoir
2159 2962 2195 2992 de
2210 2961 2307 2994 vostre

1273 3014 1332 3036 onn
1341 3026 1350 3043 ,

1278 3045 1377 3075 Sibien
1397 3053 1445 3083 par
1468 3041 1565 3073 vostre
1586 3040 1851 3071 Commandement
1871 3039 2023 3078 demesne,
2038 3047 2126 3070 come
2145 3038 2191 3070 del
2212 3037 2306 3070 Com-

1243 3084 1410 3115 mandment
1424 3082 1457 3112 &
1473 3080 1645 3111 Ordeiiance
1659 3080 1695 3110 de
1706 3078 1802 3110 vostre
1816 3077 1949 3116 Conseil,

1281 3121 1513 3152 Ensemblement
1526 3129 1600 3150 ovec
1616 3119 1640 3149 la
1657 3121 1776 3148 Liveree
1789 3118 1821 3147 de
1833 3120 1908 3146 Seint
1921 3120 2041 3154 George,
2059 3115 2121 3147 faits
2141 3115 2174 3146 ὃς
2197 3116 2307 3146 delive-

1245 3170 1294 3190 rez
1308 3171 1337 3190 as
1351 3160 1469 3190 diverses
1483 3157 1641 3188 Chivaliers
1655 3158 1689 3189 &
1705 3159 1807 3186 Dames
1822 3155 1857 3186 de
1871 3155 1896 3185 la
1903 3155 1926 3184 F
1928 3155 2072 3185 raternitee
2080 3155 2116 3185 de
2123 3153 2307 3186 SeintGeor-

1245 3209 1279 3238 ge
1295 3207 1382 3229 tenuz
1397 3199 1501 3228 mesme
1516 3195 1598 3234 l'An,

1279 3237 1396 3268 Sicorne
1410 3236 1450 3266 est
1473 3243 1618 3266 contenuz
1639 3244 1675 3264 en
1694 3244 1733 3264 un
1754 3232 1842 3264 Rolle
1861 3232 1909 3263 des
1934 3231 2070 3262 Parcelles
2088 3231 2122 3262 ὅ(
2145 3230 2246 3261 Noms
2261 3230 2310 3262 des

1247 3276 1419 3313 Personnes,
1437 3284 1464 3304 as
1478 3283 1570 3312 queux
1585 3274 1614 3303 ils
1629 3273 1738 3303 feurent
1760 3272 1865 3302 liverez
1885 3272 1918 3301 &
1939 3271 2055 3301 donnez
2072 3279 2086 3299 a
2100 3269 2195 3299 vostre
2213 3268 2309 3299 Com-

1247 3315 1448 3352 mandement‚
1465 3322 1591 3350 parentre
1605 3312 1630 3342 le
1645 3312 1698 3342 xxi.
1709 3311 1781 3350 Jour
1796 3311 1831 3341 de
1849 3309 1970 3346 Marcz,
1988 3309 2053 3339 l’An
2072 3307 2109 3338 de
2130 3306 2224 3342 vostre
2248 3307 2312 3338 Re-

1246 3363 1302 3392 gne
1317 3354 1438 3390 primer,
1453 3352 1487 3382 &
1502 3351 1527 3381 le
1543 3352 1588 3380 xvi
1600 3350 1672 3388 Jour
1687 3349 1723 3380 de
1736 3349 1904 3387 Septembre
1920 3347 2064 3386 adonques
2082 3346 2240 3386 prouchain
2260 3356 2311 3377 en-

1247 3393 1343 3429 suant,
1362 3401 1397 3421 en
1408 3400 1493 3421 oeure
1508 3390 1542 3420 de
1559 3389 1703 3420 Charitee.

1286 3429 1413 3461 Donnee
1422 3439 1437 3460 a
1455 3427 1561 3469 Wstm.
1575 3429 1601 3458 le
1615 3428 1661 3458 xii.
1674 3425 1748 3466 jour
1760 3425 1796 3456 de
1812 3423 1882 3465 May
1897 3424 1976 3464 l’An,
1989 3425 2049 3455 &c-
2070 3420 2171 3454 Tierz.

1732 3467 1774 3495 H.
1790 3463 1966 3494 chambellan
1983 3461 2183 3500 d'Engleterre.

1254 3535 2308 3555 -..-.-..--—-—----——-————--——-—-——

1252 3600 1302 3631 De
1328 3593 1422 3631 Feodo
1450 3596 1560 3628 Comici
1584 3587 1862 3672 Mareft35,dad
1877 3587 2051 3635 praedirfbam
2077 3588 2311 3625 Coronationem,

1690 3652 1722 3673 re
1765 3652 1799 3672 en
1822 3651 1849 3670 o.

1525 3729 1567 3758 Le
1584 3729 1640 3763 Roy
1659 3737 1678 3757 a
1695 3727 1802 3755 Grante
1821 3729 1894 3755 toute
1911 3721 1941 3753 Ia
1959 3721 2039 3752 Bille.

1258 3805 1385 3864 PLease
1397 3815 1412 3835 a
1427 3804 1522 3835 nostre
1536 3804 1672 3843 Seigneur
1686 3803 1713 3834 le
1727 3801 1794 3841 Roy
1810 3800 1949 3839 Chargier
1963 3801 2052 3828 Simon
2066 3794 2178 3833 Sloleye,
2195 3803 2244 3831 par
2258 3802 2319 3825 voz
2337 3799 2414 3830 Ann,
2427 3796 2472 3828 D.

1319 3843 1435 3875 Lettrez
1448 3844 1483 3874 de
1497 3843 1599 3874 Privee
1613 3842 1692 3880 Seal,
1708 3850 1761 3880 put
1774 3840 1907 3870 deliverer
1920 3848 1935 3868 a
1954 3833 2101 3874 FEvesque
2115 3834 2147 3862 de
2165 3833 2301 3863 Norwich
2310 3856 2320 3872 ,
2362 3844 2449 3876 1413,

1263 3881 1391 3914 Gardein
1405 3882 1442 3912 de
1453 3891 1513 3912 voz
1521 3882 1637 3921 Juelez,
1655 3881 1681 3911 la
1697 3879 1784 3910 Nieff
1797 3878 1934 3915 d’Argent
1950 3876 1984 3905 &
1997 3880 2130 3908 enorrez,
2149 3871 2254 3902 esteant
2277 3871 2320 3916 sur
2338 3880 2391 3905 An,
2412 3885 2435 3903 ι,

1264 3932 1303 3953 un
1324 3921 1396 3958 Pee,
1415 3921 1448 3951 &
1469 3920 1586 3951 desouth
1602 3920 1629 3950 le
1650 3919 1690 3948 dit
1712 3918 1769 3948 Pee
1792 3917 1830 3946 vi.
1854 3915 1948 3945 Petitz
1970 3912 2089 3954 Lyons,¹
2103 3911 2135 3941 &
2154 3908 2199 3940 sur
2219 3910 2244 3941 la
2264 3910 2321 3941 dite
2343 3919 2376 3943 H.
2393 3922 2418 3947 ς.
2474 3950 2476 3953 Ι

1265 3960 1351 3991 Neef
1360 3960 1398 3989 iv.
1412 3958 1573 3998 Turrettes,
1591 3960 1628 3988 vi.
1653 3957 1798 3986 Hommes
1817 3953 1971 3986 d’Armez,
1988 3960 2044 3980 oue
2062 3959 2102 3979 vr.
2125 3947 2227 3979 Baners
2244 3947 2325 3986 (c'est
2344 3958 2383 3981 Ex
2402 3951 2475 3985 orig.

1266 3997 1396 4034 affavoir)
1415 3998 1451 4027 iv.
1474 3998 1575 4028 Baners
1587 3997 1622 4028 de
1642 3996 1686 4025 lez
1705 3995 1811 4024 Armez
1832 3990 2025 4027 d'Engleterre
2048 3989 2081 4019 &
2101 3986 2137 4017 de
2159 3987 2282 4031 France,
2299 3989 2328 4016 ii.
2344 3989 2477 4019 Ponetur.

1270 4038 1368 4069 Baners
1379 4036 1415 4066 de
1435 4037 1564 4067 l'Armez
1576 4036 1612 4066 dc
1631 4034 1709 4065 Seint
1727 4031 1858 4068 George,
1877 4029 1914 4058 vi.
1934 4026 2068 4057 Penacles
2100 4035 2158 4056 oue
2176 4035 2214 4057 Vi.
2234 4026 2330 4056 Fanez
2345 4027 2408 4058 Poll„

1271 4076 1402 4109 esmailez
1421 4073 1629 4114 (c’estaffavoir)
1646 4073 1683 4102 iii.
1705 4070 1800 4138 FaInDez
1812 4068 1847 4098 de
1859 4066 1897 4097 les
1911 4066 2018 4097 Armet.
2031 4049 2232 4133 d'ssngleterr}
2244 4064 2332 4133 {erge

1795 4116 1814 4137 2
2233 4112 2245 4131 r
2322 4122 2332 4139 ,
