2562 4274
88 1756 168 1791 'Ann-
182 1755 213 1786 D
239 1749 294 1804 R

61 1815 65 1818 Α
84 1804 202 1903 ἐ4ἑ9
234 1823 324 1863 libus,
341 1825 374 1856 &
387 1823 513 1855 Subditis
525 1824 640 1862 nostris,
659 1823 693 1854 ad
709 1833 797 1862 quos,
815 1821 878 1853 &c.
897 1820 1030 1852 Salutem.

113 1895 120 1902 .
140 1882 167 1909 5.

84 1916 175 1981 2²02„
190 1953 218 1979 5,
234 1943 355 1971 Franciae
370 1964 380 1980 ,
403 1942 452 1980 qui
472 1950 564 1972 certos
579 1939 798 1973 Ambaffiatores
810 1938 872 1969 suos
886 1936 920 1967 ad
935 1935 1132 1968 TraCtandum
1146 1936 1180 1968 &
1194 1934 1290 1966 Coni-

165 1995 219 2026 Μ,
234 1980 439 2025 municaudum
458 1979 624 2012 Nobiscum
640 2003 650 2018 ,
678 1979 725 2010 seu
748 1974 956 2010 Commissariis
978 1974 1078 2006 nostris
1091 1997 1101 2013 ,
1129 1983 1159 2005 ut
1178 1974 1269 2006 afferit
1284 1997 1295 2013 ,

161 2027 187 2058 6„
234 2027 349 2052 mittere
363 2020 499 2058 proponit
514 2018 548 2050 &
561 2018 712 2056 defiderat,

58 2067 67 2071 ,,
84 1993 157 2066 {2

103 3252 144 3276 ‚Au
151 3270 156 3275 .

105 3291 140 3314 H.
161 3295 188 3320 5-

106 3324 209 3354 Ibidem.

214 86 266 121 92

239 206 291 232 ue,
318 194 476 229 veniendo,
500 190 606 220 ibidem
631 187 768 218 morando
792 187 826 217 &
847 183 1096 223 perhendinando,
1113 183 1147 212 ὃς
1169 178 1272 211 abinde

228 234 313 271 alvo,
331 242 362 264 ut
387 230 579 269 praemittitur,
598 225 742 257 redeundo
759 224 862 262 absque
884 223 1039 262 Dampn0,
1059 222 1095 251 eis
1118 228 1167 256 pei·
1190 217 1277 254 Nos,

217 272 328 303 Gentes
371 270 416 300 vel
445 267 583 304 Alligatos
608 264 739 301 nostros,
763 261 915 299 faciendo,
929 263 976 291 vel
995 259 1055 289 sieri
1071 256 1223 297 patiendo,
1242 257 1275 286 &

215 310 320 348 absque
335 294 518 347 impetitione
535 303 625 334 danda
642 305 672 333 in
689 301 869 339 Corporibus
888 300 945 330 five
968 299 1052 330 Bonis
1063 319 1072 334 ,
1097 303 1278 335 quacumque

217 348 254 379 de
281 347 371 378 Causa
382 368 392 378 ,
408 345 454 375 vel
478 343 637 374 Occasione
660 340 796 378 temporis
814 339 963 377 praeteriti,
980 336 1129 368 occasione
1147 334 1280 374 Treuga-

219 396 284 418 rum
301 385 345 416 vel
365 382 587 414 Promiffionurri
599 404 607 417 ,
625 389 691 417 quas
714 379 820 409 Homo
842 377 937 408 dicere
959 376 1042 406 vellet
1062 374 1160 404 fractas
1181 372 1280 407 fuisse,

219 425 264 454 vel
282 424 360 454 aliter
372 421 614 460 qualitercumque
631 419 731 456 fuerit,
748 417 793 447 seii
811 425 864 454 pro
881 423 1062 452 quacumque
1076 412 1123 442 Re
1143 420 1207 448 quae
1233 419 1280 439 ac-

220 462 314 493 cidere
337 459 449 499 potest,
475 460 592 489 durante
614 457 716 494 Viagio
741 465 789 493 per
816 454 965 491 praefatum
988 452 1106 482 Ducem
1128 449 1282 492 faciend0‚

221 499 430 531 Manuteneatis
441 521 450 535 ,
470 497 642 534 Protegatis,
658 496 691 526 &
710 493 893 529 DefendatiS,
911 501 971 520 non
990 490 1136 520 inferentes
1160 497 1198 517 eis
1209 511 1218 523 ‚
1236 486 1281 516 seu

219 546 358 576 quantum
375 538 404 566 in
416 537 498 567 vobis
517 535 558 566 est
575 536 610 565 ab
626 535 684 564 aliis
703 533 798 563 inferri
814 531 1022 569 permittentes,
1039 527 1174 566 Injuriam
1185 548 1194 563 ,
1211 524 1283 555 Mo-

218 576 348 646 l(e;ffiam,
373 575 561 613 Dampnum,
587 573 777 609 Violentiam,
802 568 1047 607 Impedimentum
1073 564 1210 603 aliquod,
1237 562 1283 593 seu

257 623 404 647 ravamen·

257 653 309 692 Et,
328 654 347 684 si
371 638 439 691 qi’iid
460 652 502 681 eis
524 649 702 681 forisfaetum
723 647 777 678 sive
800 646 959 684 injuriatum
981 643 1064 674 fuerit
1078 667 1088 681 ,
1107 642 1135 672 id
1151 641 1206 679 eis,
1224 639 1282 669 sine

223 691 377 730 dilatione,
397 691 501 722 faciatis
516 689 620 726 corrigi
634 688 667 718 &
681 687 777 717 debite
792 684 955 721 reformari3
1264 717 1270 722 ⁴

263 730 381 762 Proviso
400 729 507 766 semper
528 728 605 766 quod
621 726 690 756 idem
708 728 777 755 Dux
791 723 914 761 aliquem
931 720 978 753 vel
989 720 1115 758 aliquos,
1132 718 1169 750 de
1181 717 1287 748 Genti-

224 769 278 800 bus
292 770 345 801 suis
359 768 499 807 praedictis
515 789 525 804 ,
548 765 582 797 ad
606 763 853 803 praemuniendum
879 760 1049 800 Capitaneos
1058 758 1171 789 nostros
1186 757 1286 787 Loco-

224 817 310 846 rum,
323 807 358 838 ad
381 816 445 845 quae
464 805 554 843 ipsum
575 805 672 835 venire
693 804 726 834 δε
750 801 890 832 declinare
910 798 1083 837 contigerit,
1100 798 1137 827 de
1151 795 1287 828 Adventu

223 847 291 884 suo,
309 846 343 877 ad
359 856 391 877 ea
408 845 486 874 Loca
502 844 653 881 praemiitat
665 841 747 872 omni
762 839 869 875 modo,

301 884 413 922 uodque
426 883 537 913 Gentes
548 891 595 912 aut
608 880 739 910 Personae
755 877 898 916 praedietae
911 875 1081 914 quicquam,
1099 872 1178 910 quod
1190 873 1219 901 in
1233 880 1287 902 no-

225 922 277 955 stri
320 930 503 959 ontemptum
517 920 562 951 vel
579 919 798 958 Praejudicium,
816 925 863 946 aut
878 914 982 952 Populi
993 912 1084 943 nostri
1098 911 1288 949 Damnum,

222 962 380 1006 aliqualiter
403 960 506 991 cedere
527 957 614 990 valeat
628 981 638 996 ,
663 966 725 986 nori
745 961 914 994 attemptent
932 975 942 992 ,
966 961 1024 983 nec
1045 951 1149 983 saciant
1167 957 1289 987 attemp-

225 1009 294 1031 tari·

264 1024 305 1070 It’a
326 1047 422 1069 tamen
441 1036 538 1074 quod,
556 1034 576 1065 si
589 1034 736 1072 contingat
753 1031 876 1069 aliquem
890 1028 1075 1060 Personarum
1089 1025 1288 1065 praedictarum

227 1075 348 1114 aliquid,
375 1075 454 1114 quod
473 1076 502 1105 in
524 1073 612 1104 nostri
631 1070 846 1108 Contemptum
869 1069 917 1099 vel
929 1066 1148 1106 Praejudicium,
1167 1074 1213 1095 aut
1229 1063 1289 1094 Po-

228 1116 289 1153 puli
301 1114 391 1145 nostri
410 1114 576 1151 Dampnum
592 1111 692 1141 cedere
705 1109 810 1146 valeat,
827 1116 992 1144 attemptare
1004 1106 1047 1136 vel
1066 1105 1159 1135 facere
1167 1113 1289 1141 attemp-

227 1155 297 1192 tari,
315 1154 370 1191 ipse
386 1178 395 1190 ,
421 1152 459 1183 sic
480 1159 645 1190 attemptans
658 1172 669 1188 ‚
684 1148 730 1179 seu
743 1148 903 1185 attemptari
917 1146 1039 1184 faciens,
1057 1153 1106 1181 per
1121 1143 1168 1174 lias
1184 1143 1290 1173 Literas

226 1192 334 1223 nostras
351 1192 387 1221 de
410 1191 484 1221 salvo
507 1188 667 1220 Condu‘stu
682 1211 693 1226 ,
710 1198 726 1218 a
743 1187 834 1217 Poena
847 1196 907 1216 nori
925 1183 1088 1221 excuseiur,
1103 1182 1140 1212 set
1154 1182 1289 1218 subjaceat

227 1232 264 1262 δε
286 1239 410 1261 teneatur
432 1228 534 1259 Poenis
554 1229 583 1258 in
608 1238 639 1257 ea
661 1235 739 1264 parte
764 1225 864 1255 debitis
885 1225 918 1255 &
933 1222 1018 1254 condi
1040 1223 1098 1263 nis·²
1119 1220 1183 1261 ipsis
1193 1228 1288 1250 tamen

231 1269 335 1300 Literis
355 1267 456 1299 nostris
476 1267 513 1298 de
535 1266 610 1297 salvo
630 1264 788 1295 ConduGtu
803 1263 939 1294 omnibus
956 1262 1012 1292 aliis
1053 1261 1154 1290 erionis
1170 1258 1290 1295 iupradi-

228 1309 298 1344 etis,
317 1317 377 1337 nori
391 1306 647 1343 Attemptantibus,
665 1314 718 1334 nec
732 1302 888 1340 attemptari
903 1300 1087 1336 facientibus,
1102 1298 1238 1335 valituris,
1255 1298 1289 1327 &

228 1347 398 1385 profuturis,
416 1355 449 1376 ac
463 1346 492 1375 in
506 1345 558 1375 suis
573 1344 677 1373 robore
690 1343 724 1373 &
741 1340 871 1371 firmitate
885 1339 1020 1369 duraturis
1041 1339 1073 1368 &
1089 1336 1290 1375 permansuris,

229 1385 411 1423 Attemptato
426 1383 471 1414 seu
487 1382 667 1420 Attemptatis
679 1379 838 1417 hujusmodi
854 1388 913 1408 non
925 1376 1110 1408 obstantibus.

268 1422 302 1453 In
318 1425 413 1462 cujus,
426 1424 487 1453 διο.
508 1422 592 1461 usque
604 1421 728 1458 primum
743 1418 819 1448 diem
837 1417 939 1454 Aprilis
956 1415 1089 1454 proximo
1102 1414 1230 1444 futurum
1239 1413 1292 1445 du-

227 1471 339 1493 saturas.

231 1539 253 1571 b
267 1499 356 1544 Teite
378 1498 464 1536 Rege
485 1498 558 1536 apud
580 1497 703 1536 Castrum
718 1495 800 1535 Jia'um
819 1494 852 1524 de
875 1497 966 1524 Rauen
987 1491 1163 1523 duodecimo
1177 1490 1224 1522 die
1239 1490 1293 1521 Fe—

255 1549 334 1570 ruarii

346 1664 395 1695 Dc
406 1662 497 1708 sc'ilvo
516 1660 667 1695 Conduflu
679 1671 734 1708 pro
751 1654 1021 1701 Ambafflatoribus
1037 1658 1179 1689 Francia.

303 1746 369 1779 EX
384 1770 393 1784 ,
418 1746 550 1777 universis
568 1746 602 1778 δε
626 1745 664 1776 sm
686 1745 735 1776 ulis
749 1744 928 1782 capitaneis,
946 1741 1125 1779 Castellanis,
1145 1742 1178 1772 &
1192 1750 1294 1772 eorum

317 1786 399 1817 Loca
416 1786 589 1823 tenentibus,
607 1794 639 1815 ac
655 1795 670 1814 a
682 1785 711 1814 iis
720 1783 889 1821 officiariis,
908 1781 1066 1820 Ministris‚
1086 1781 1195 1820 Ligeis,
1214 1779 1296 1811 Fide-

271 1862 370 1894 Sciatis
385 1862 480 1902 quod,

273 1902 319 1934 Ad
337 1902 484 1940 specialem
507 1902 720 1941 requisitionem
744 1899 939 1940 Consangur'nei
966 1896 1005 1934 ὠ·
1025 1895 1196 1937 Adversarii
1213 1896 1296 1938 rufin·

273 2057 454 2096 suscepimus
465 2056 625 2097 Johanuem
640 2057 673 2087 de
696 2059 777 2097 Verey
795 2053 962 2085 Dominum
987 2052 1123 2091 d’Autrey
1168 2051 1297 2091 Regina!-

232 2096 303 2143 ὤσῃ.
321 2100 388 2128 Pote
409 2095 575 2141 Dominum
598 2096 635 2127 de
656 2095 680 2126 la
703 2093 812 2126 Roche
827 2117 838 2132 ,
865 2091 1040 2123 Anthonium
1065 2091 1097 2122 de
1116 2075 1296 2129 TZoulonion,

233 2135 347 2168 Milites
361 2158 372 2175 ,
399 2134 570 2174 Magistrum
592 2134 751 2174 Johannem
781 2132 806 2162 Ie
831 2131 911 2162 clerk
928 2156 937 2170 ,
964 2130 1017 2162 Ma
1037 2129 1136 2161 istrum
1151 2129 1298 2160 Guidonem

231 2174 346 2207 celani-r
360 2198 372 2214 ,
398 2177 545 2206 Henricum
572 2174 605 2204 de
627 2173 767 2214 Chanfiiur
785 2171 969 2211 Armigerum
988 2193 998 2209 ,
1075 2169 1194 2209 gistrum
1214 2171 1299 2199 Geor-

228 2217 303 2255 giam
319 2214 374 2245 apo
398 2213 478 2253 ende,
495 2214 530 2245 &
545 2212 704 2253 Johannem
722 2212 754 2242 de
771 2209 854 2241 Rinel
889 2208 1126 2247 Ambaffiatores,
1146 2205 1297 2239 Commis-

231 2254 315 2299 {arios
328 2277 338 2293 ,
417 2252 555 2284 Nuncios
573 2251 702 2290 speciales
723 2249 797 2281 dicii
809 2232 979 2289 Acssversarii
994 2247 1078 2287 nostri
1090 2249 1120 2278 iri
1135 2245 1188 2277 hac
1203 2255 1298 2287 parte,

233 2302 262 2323 m
273 2292 381 2324 salvum
401 2293 435 2324 δε
449 2291 578 2322 securum
598 2289 787 2322 Condustum
808 2287 954 2323 nostrum,
972 2289 1049 2318 acin
1062 2285 1300 2325 Proteffloiiem‚

233 2330 405 2364 Tuitionem
442 2330 476 2361 δε
489 2328 696 2361 Defensionem
716 2327 824 2359 nostras
846 2326 974 2365 speciales
989 2347 998 2364 ‚
1024 2334 1076 2366 pro
1092 2323 1235 2357 veniendo
1252 2333 1298 2355 us-

234 2380 292 2410 que
308 2371 340 2402 &
354 2371 383 2401 in
400 2354 505 2400 villam
517 2368 644 2400 nostram
660 2368 698 2399 de
711 2367 836 2402 Maunt,

276 2408 355 2439 Cum
377 2407 569 2448 Qiadraginta
587 2406 716 2438 Personis
738 2407 769 2436 in
783 2403 934 2436 Comitiva
948 2403 994 2433 sua
1007 2402 1053 2432 vel
1068 2402 1158 2441 infra,
1175 2401 1298 2433 Armatis

236 2447 283 2478 vel
300 2457 365 2478 nori
385 2447 510 2477 Armatis
523 2469 533 2482 ,
554 2456 588 2476 ac
611 2445 700 2484 Equis
713 2469 723 2483 ,
747 2444 834 2475 Bonis
851 2467 861 2479 ,
879 2441 993 2479 Rebus,
1007 2441 1169 2480 jocalibus,
1189 2441 1300 2480 Libris,

236 2484 358 2522 Literis,
378 2484 506 2521 Catanis,
524 2485 558 2516 &
571 2483 716 2515 Hemesiis
731 2483 782 2513 suis
797 2480 1041 2520 quibuscumque,

276 2523 324 2554 Ad
347 2523 634 2554 Communicandum
663 2522 772 2554 ibidem
799 2522 832 2551 &
855 2519 889 2550 ad
910 2518 1106 2549 Tractandum
1127 2527 1195 2548 cum
1217 2520 1300 2549 certis

239 2560 452 2606 Commiffiriis
471 2561 589 2599 nostris,
627 2571 677 2591 uos
697 2561 762 2590 illuc
779 2567 813 2588 ex
828 2556 916 2588 Causa
928 2556 1068 2596 praemissa
1080 2555 1300 2595 destinabimus,

238 2599 347 2669 {eigilem
362 2599 502 2667 tendoranslo
520 2601 553 2631 &
564 2571 814 2637 per‘iiendinandm
833 2597 867 2627 &
883 2595 984 2626 exinde
994 2594 1029 2626 ad
1043 2595 1157 2634 propria
1173 2595 1249 2625 salvo
1263 2596 1297 2626 &

308 2648 338 2668 re
352 2647 364 2666 r
401 2647 455 2667 euri
476 2647 508 2668 o·

279 2676 397 2708 Proviso
411 2661 517 2713 sempe'r
533 2675 610 2713 quod
628 2675 677 2713 ipsi
694 2676 864 2714 quicquam,
883 2671 979 2712 quod,
995 2671 1056 2707 &a
1076 2678 1108 2702 ut
1127 2675 1156 2702 iu
1167 2671 1300 2712 similibus

241 2716 274 2747 de
293 2715 429 2747 Condullu
446 2717 558 2745 Literis.

243 2753 313 2824 duIri
326 2754 420 2792 eujus,
436 2753 497 2784 &c.
516 2752 602 2791 usque
627 2751 774 2783 O&avum
793 2749 884 2780 Diem
902 2748 1000 2780 Martii
1023 2749 1159 2787 proximo
1173 2748 1301 2779 futui-um

285 2801 394 2823 TatUl'a3.

279 2830 370 2862 Teste
386 2829 467 2870 Rege
482 2828 556 2868 apud
573 2828 696 2868 Castrum
707 2827 789 2868 suum
808 2826 840 2856 de
860 2828 953 2856 Rauen
971 2826 1028 2856 xiv.
1047 2825 1095 2856 die
1111 2825 1266 2857 Februarii.

923 2905 976 2932 Per
995 2901 1078 2943 ipsum
1095 2904 1201 2941 Regem.

121 3046 139 3065 ai-
161 3045 214 3072 134,
248 3034 269 3055 κ
297 3036 346 3068 Dc
358 3033 482 3079 ‘Tieugc's
497 3035 667 3078 Prorogatis
686 3043 755 3064 cum
775 3032 888 3063 comite
898 3032 1078 3072 Armeniaci
1089 3051 1098 3067 ‚
1124 3031 1160 3066 (ῥ’
1179 3030 1308 3061 Domino

102 3086 167 3119 690.

695 3080 731 3112 dc
749 3080 774 3111 le
789 3080 872 3111 Bret.

101 3170 179 3201 'Arm
194 3169 236 3200 D.
255 3165 403 3223 REX,
421 3165 455 3197 ad
477 3164 622 3196 Notitiam
641 3164 774 3194 omnium
794 3163 828 3193 &
850 3162 1040 3202 singulorum,
1059 3171 1182 3201 quorum
1195 3161 1309 3192 interest

328 3206 494 3236 deducimus
507 3214 555 3242 per
569 3203 738 3239 praesentes,
757 3201 834 3244 quod
850 3201 918 3232 Nos
932 3203 1059 3240 Treugas
1073 3202 1118 3232 seu
1131 3200 1308 3230 Guerrarum

254 3242 462 3279 Abstinentias,
482 3252 551 3273 cum
565 3242 701 3272 omnibus
715 3241 748 3271 &
764 3239 875 3278 lingulis
889 3240 942 3271 suis
956 3240 1108 3278 Capitulis,

292 3281 346 3311 Per
358 3282 548 3311 Conciliarios
563 3279 676 3310 nostros
696 3277 826 3308 Ducatfis
841 3278 930 3308 nostri
949 3279 1125 3316 Aquitaniae,
1143 3286 1211 3307 cum
1227 3276 1312 3307 Con-

254 3320 404 3358 sanguineo
416 3319 516 3349 nostro
533 3322 634 3348 Comite
652 3320 828 3354 Armeniaci,
845 3316 891 3347 seu
908 3327 976 3348 cum
993 3317 1162 3354 quibuscum
1186 3325 1220 3344 ue
1235 3315 1311 3352 aliis,

253 3359 291 3389 ab
314 3357 418 3389 eodem
440 3356 561 3387 Comite
583 3356 805 3392 Consanguineo
827 3355 925 3385 nostro
939 3354 1111 3385 Potestatem
1125 3355 1153 3384 su
1178 3355 1311 3383 icientem

647 50 1453 106 CONVENTIONES‚

69 158 147 190 Ami.
159 156 356 196 D.Jocalibus
366 177 374 192 ‚
393 154 507 190 Libris,
525 151 642 189 Literis,
657 148 786 186 Catallis,
805 148 838 178 ὃς
853 147 909 176 aliis
920 145 1005 176 Bonis
1021 144 1073 174 suis
1086 141 1270 182 quibuscum-

92 206 178 235 ¹4¹9·

70 240 135 266 Em.
151 245 181 272 5.

1510 37 1900 91 LITERAE2

1308 139 1360 175 &,
1387 135 1641 175 Consauguineum
1667 133 1765 170 suum,
1794 132 1941 161 Dominum
1965 126 1999 159 de
2023 127 2050 159 Ie
2068 127 2139 158 Bret
2153 151 2165 167 ,
2191 124 2244 158 sub
2267 125 2367 159 eadem
2387 123 2526 157 Ann.D.'

1310 176 1393 207 Data.
2413 173 2499 204 1419.

2385 207 2450 234 Hm.
2468 213 2498 241 5.

1578 303 1635 333 Pro
1652 299 1828 341 Confiliariis
1848 299 1960 343 Regina
1976 296 2098 329 Ceciliae.

1382 387 1407 417 E
1419 386 1449 417 X
1460 409 1469 423 ,
1489 395 1538 429 per
1557 384 1662 414 Literas
1678 384 1735 414 suas
1748 383 1878 414 Patentes
1894 405 1904 420 ,
1928 382 2016 420 usque
2034 381 2148 412 Festum
2167 381 2283 414 Paschae
2300 391 2369 420 pro-
2389 373 2518 406 Ann-D·

1392 427 1471 455 ximo
1488 430 1614 454 futurum
1634 422 1772 453 duraturas
1783 447 1793 460 ,
1808 422 1922 458 suscepit
1940 422 1967 450 iri
1984 420 2090 452 salvum
2105 419 2296 453 Conduffimm
2305 423 2367 451 Tri-
2407 423 2495 453 1419.

1303 463 1414 503 stanam
1431 463 1462 492 de
1482 462 1510 492 la
1529 460 1621 500 Jaille
1645 460 1790 498 Militem,
1807 462 1840 491 &
1853 458 2002 498 Philippum
2020 462 2149 499 Corcquiz
2163 460 2303 498 utriusque
2313 461 2367 500 ju·
2382 456 2435 482 An.
2447 455 2477 483 ⁶·

1314 504 1348 532 ris
1370 502 1533 532 Dostorem
1543 524 1551 538 ,
1571 499 1750 529 Consiliarios
1765 502 1872 536 Reginae
1881 498 1984 528 Ceciliae
1994 522 2004 538 ,
2022 499 2051 529 iri
2066 499 2190 530 Civitate
2206 497 2295 539 Regis
2304 501 2367 530 Ro—
2383 496 2420 519 H·
2438 501 2456 528 5
2460 513 2467 519 ·

1314 539 1488 579 thomagensi
1503 539 1536 569 ad
1556 538 1671 576 praesens
1690 536 1853 574 existentes,
1870 537 1972 568 abinde
1990 537 2076 576 usque
2093 537 2258 576 praedieiam
2279 538 2369 574 Regi·
2383 531 2449 559 lbid·
2464 533 2502 559 m:

1315 581 1398 647 martiii,
1427 588 1496 609 cum
1514 578 1630 608 Decem
1649 576 1777 607 Personis
1794 576 1823 605 in
1841 574 1990 607 Comitiva
2005 575 2052 608 sua
2063 600 2074 616 ,
2098 576 2145 608 vel
2162 576 2253 615 infra,
2270 577 2371 608 transe-
2389 579 2434 607 32·

1314 628 1352 649 un
1374 628 1394 647 o
1404 640 1414 656 ,

1353 655 1391 687 Et
1406 654 1505 686 exinde
1516 678 1525 692 ‚
1546 654 1675 692 quotiens
1694 653 1727 684 ὃς
1746 650 1858 691 quando
1875 652 1914 682 eis
1927 651 2078 691 placuerit,
2095 654 2182 692 usque
2193 652 2299 686 Villam
2311 653 2373 685 Re-

1315 695 1356 734 gis
1375 694 1535 725 d'Alencon
1546 716 1555 731 ,
1573 702 1641 723 cum
1656 691 1872 730 Qiinquaginta
1889 689 2017 720 Personis
2035 693 2066 722 iii
2081 691 2230 724 Comitiva
2243 693 2290 725 sua
2327 693 2373 725 vel

1315 733 1387 764 infra
1397 758 1406 771 ‚
1421 732 1497 764 salvo
1514 733 1547 764 &
1560 731 1656 762 secur‘e
1670 729 1831 766 veniendo,
1850 728 1884 759 &
1898 728 2006 759 ibidem
2022 731 2179 770 morando,
2298 718 2309 732 ³

1354 772 1393 803 Et
1407 770 1508 803 exinde
1522 771 1556 802 ad
1571 780 1659 810 partes
1672 770 1729 799 suas
1743 768 1867 807 proprias
1880 765 2028 797 redeundo
2037 790 2047 805 ,

1353 810 1400 843 Ac
1416 810 1516 849 Equos
1526 833 1537 850 ‚
1554 809 1633 848 Res,
1651 807 1748 846 Bona,
1760 805 1886 846 Jocalia,
1904 804 2025 845 Libros,
2044 805 2151 837 Literas
2162 829 2173 846 ,
2188 808 2223 839 &
2236 808 2376 841 Hemefia

1317 850 1362 881 sua
1375 858 1510 889 quaeeum
1532 859 1585 890 ue,

1357 887 1397 919 Et
1413 886 1495 926 ideo,
1549 897 1576 920 e.

1356 925 1477 958 Proviso
1490 926 1600 966 semper
1616 924 1694 964 quod
1711 923 1761 963 ipsi
1778 923 1950 963 quicquam,
1968 924 2030 955 διε.
2049 922 2186 962 quodque
2201 922 2251 961 ipsi
2266 923 2378 955 nullum

1320 963 1509 1004 castrorum,
1525 965 1586 997 διε.

1359 1002 1394 1034 In
1408 1004 1506 1041 cujuS‚
1525 1005 1587 1036 διε.

1321 1041 1448 1112 d'Tfstg
1468 1041 1553 1087 Rege
1575 1040 1648 1080 apud
1671 1040 1796 1079 Castrum
1804 1039 1886 1079 suum
1898 1038 2133 1079 Rothomagense'm
2145 1037 2263 1071 decimo
2275 1040 2380 1078 quinto

1341 1090 1368 1111 ie
1405 1090 1420 1112 e
1442 1091 1529 1112 ruarii.

2012 1156 2066 1185 Per
2077 1153 2160 1195 ipfiam
2171 1158 2277 1194 Regem.

1670 1286 1728 1316 Pro
1747 1280 1834 1314 dinis
1850 1280 2039 1324 Confiliariis.

1328 1372 1383 1427 R
1394 1367 1478 1437 ΙίἶΧ,
1499 1367 1617 1401 ΒῖΙεᾶο
1638 1370 1672 1400 &
1698 1368 1785 1399 Fideli
1808 1367 1858 1399 suo
1875 1365 1998 1399 Rolando
2014 1365 2168 1408 Leyntale,
2185 1365 2293 1400 Ballivo
2310 1366 2384 1399 d'A-
2397 1365 2474 1398 Ann.
2488 1367 2532 1400 D.

1362 1407 1680 1485 εςῑξέἷξέἳόἒῗῖὶὲξὲῗ·
2398 1414 2514 1476 affl·

1363 1483 1414 1516 De
1431 1484 1561 1529 fidelitate
1577 1485 1609 1515 &
1623 1483 1876 1522 circumspeffione
1889 1483 1987 1515 vestris
2002 1482 2110 1522 plenius
2125 1482 2301 1516 confidentes
2311 1507 2320 1522 ,
2399 1488 2435 1512 Η.
2454 1494 2482 1521 5.

1362 1522 1505 1554 Dedimus
1526 1524 1607 1554 vobis
1620 1547 1629 1561 ,
1648 1534 1681 1554 ac
1700 1523 1830 1561 plenam,
1848 1522 1969 1553 Tenore
1984 1522 2181 1561 Praesentium,
2198 1522 2309 1553 Damus
2324 1521 2384 1553 Po·
2398 1523 2463 1551 thid.

1325 1560 1454 1593 testatem
1478 1562 1511 1593 ὃ(
1536 1561 1746 1608 ‚Austoritatem
1761 1585 1772 1601 ,
1794 1561 1828 1592 ad
1849 1561 1937 1592 salvos
1959 1559 2132 1592 Conduetus
2150 1560 2247 1600 (usque
2263 1561 2381 1593 Festum
2393 1571 2429 1591 m.
2445 1571 2492 1600 34.
2506 1562 2534 1592 d.

1327 1598 1442 1647 Paschae
1462 1610 1597 1647 proximo
1622 1601 1748 1632 futurum
1766 1600 1926 1638 duraturos)
1945 1600 2028 1630 certis
2044 1598 2192 1637 Personis,
2210 1599 2383 1631 Confiliariis

1329 1640 1436 1683 Rpgmae
1455 1639 1552 1683 Seciliaf
1570 1661 1580 1676 ,
1629 1649 1681 1684 uas·
1695 1640 1779 1670 vobis
1803 1638 1913 1670 duxerit
1935 1638 2119 1669 nominandas
2145 1640 2228 1674 (curn
2252 1648 2287 1670 ex
2307 1647 2384 1677 parte

1328 1677 1455 1715 ejusdem
1474 1678 1593 1717 Regin-„e
1626 1679 1717 1722 ueritis
1732 1677 1887 1722 requisitus)
1903 1676 1989 1714 usque
1998 1676 2104 1707 Villam
2123 1676 2248 1708 nostram
2266 1677 2387 1710 d’Alen-

1329 1726 1410 1785 ⁶⁰38
1422 1716 1638 1786 ffifflmffisss
1643 1714 2092 1785 (ἐΐὲιὲἓῖἲῗῃῖἓὲἓᾞώ
2102 1715 2150 1783 ἳζῗ
2166 1715 2258 1784 ⁵⁰³2}
2289 1754 2295 1761 ·

1327 1793 1377 1839 sub
1396 1793 1534 1839 Numero
1578 1795 1657 1838 igin-ti
1673 1792 1878 1830 Personarum,
1895 1791 1941 1824 vel
1957 1776 2045 1829 inf’ra,
2062 1762 2201 1830 ςυιὲῑίἓὲεο
2208 1763 2390 1831 fibiegffgiie:

1329 1833 1541 1904 ngsegreggendo
1551 1855 1562 1872 ,
1579 1834 1612 1865 &
1631 1831 1739 1863 ibidem
1760 1831 1921 1870 morando,
1938 1831 1971 1862 &
1987 1830 2089 1861 exinde
2107 1829 2142 1861 ad
2156 1837 2246 1871 partes
2261 1833 2386 1870 proprias

1327 1883 1341 1904 r
1366 1911 1384 1930 ¹*
1406 1894 1567 1956 Dandum,
1581 1908 1834 1948 Concedendum,
1852 1909 1885 1940 δε
1898 1907 2113 1951 Liberandum2
2421 1921 2437 1939 ο
2459 1923 2500 1952 IX

1366 1948 1571 1994 Promittentes
1591 1948 1661 1994 N.⁰⁵
1679 1948 1812 1993 Rarum,
1835 1946 1960 1992 Gratum
1975 1969 1986 1986 ‚
2013 1947 2046 1979 &
2078 1945 2212 1991 Firmum
2243 1945 2389 1979 habituros
2403 1962 2467 1998 ⁶9¹-
2503 1946 2510 1954 '

1330 1988 1513 2066 ᾳυίξςὲιᾶῗυὲη
1528 1986 1679 2059 Ξζτέωιίΐιε
1698 1988 1818 2020 feceritis
1829 2010 1840 2025 ,
1854 1985 1900 2018 vel
1914 1986 2011 2025 aliquo
2029 1984 2256 2017 Praemiss‘orum.
2465 1998 2468 1999 ⁷

1330 2050 1559 2136 Fe'glffipfiR’ege
1574 2065 1648 2104 apud
1666 2064 1788 2105 castrum
1802 2066 1880 2103 Regis
1899 2063 2059 2102 Rothomagi
2078 2061 2196 2095 decimo
2213 2063 2315 2102 quinto
2330 2060 2390 2094 Die

2010 2142 2065 2171 Per
2081 2140 2165 2180 ipsim
2182 2143 2287 2180 Regem.

1331 2289 1380 2322 De
1397 2290 1484 2321 certis
1501 2283 1752 2322 Ordinationibus
1761 2286 1861 2332 fabiis
1871 2285 1963 2331 fhper
1982 2281 2164 2318 Ponderibus
2179 2286 2217 2323 (ῤ’
2237 2281 2393 2328 Mensiaris

1743 2340 1774 2368 in
1789 2333 1997 2368 Normandia.

1415 2425 1478 2454 Em·
1530 2423 1592 2456 &c.

1332 2422 1405 2484 H
1445 2434 1546 2493 82&ssst
1571 2461 1672 2493 faisons
1696 2471 1712 2492 a
1737 2468 1824 2499 tous,
1850 2458 1960 2498 presens
1979 2457 2012 2489 ὅ(
2027 2456 2160 2493 advenit,
2178 2463 2284 2492 come,
2303 2463 2350 2492 par
2368 2454 2393 2485 la
2409 2473 2437 2504 Α

1332 2500 1500 2531 Permiffion
1520 2500 1646 2539 Divine,
1665 2499 1754 2530 Nous
1771 2508 1858 2538 ayons
1876 2497 1983 2527 Reduit
1999 2497 2033 2527 δε
2046 2495 2138 2526 Atrait
2152 2503 2168 2523 a
2184 2492 2280 2523 nostre
2289 2493 2395 2523 Obeis-
2439 2473 2537 2505 nn'D'

1332 2539 1411 2569 sance
1427 2540 1459 2570 &
1473 2539 1617 2579 Seignurie
1637 2538 1732 2569 nostre
1751 2537 1867 2568 Duchie
1882 2536 1917 2566 de
1935 2533 2139 2570 Normendie,
2157 2533 2205 2569 qui
2216 2532 2286 2570 long
2299 2540 2391 2571 temps
2428 2522 2517 2553 ¹4¹9·

1332 2587 1380 2614 par
1404 2587 1488 2609 avant
1507 2577 1691 2608 induemuent
1713 2578 1747 2608 &
1767 2583 1868 2606 contre
1892 2574 1980 2604 raison
2003 2572 2062 2602 este
2076 2570 2236 2609 empeschie
2250 2581 2266 2601 a
2283 2569 2392 2609 Nous,
2404 2557 2457 2581 ΑΜ
2474 2556 2503 2581 ⁶·

1331 2626 1370 2646 ou
1386 2626 1401 2645 a
1419 2626 1477 2646 noz
1492 2614 1726 2652 PredecessourS,
2404 2596 2441 2638 H'.
2458 2600 2486 2627 5·

1370 2653 1480 2692 Depuis
1496 2654 1521 2685 la
1539 2654 1631 2692 quelle
1647 2650 1814 2691 Conqueste
1827 2650 1861 2681 &
1876 2649 2045 2681 Reduistion
2062 2648 2081 2678 il
2097 2647 2149 2679 soit
2165 2657 2241 2678 venu
2256 2657 2272 2678 a
2294 2646 2390 2678 nostre
2403 2631 2468 2697 '‘⁷5¹‘'
2482 2641 2521 2660 m·

1333 2693 1558 2729 congnoiss'ance
1573 2703 1648 2730 que,
2406 2679 2420 2696 ²
2447 2690 2453 2697 ·
2472 2670 2528 2700 “⁰'‘

1371 2730 1450 2762 Pour
1474 2732 1499 2762 la
1520 2730 1648 2762 diverfite
1672 2729 1718 2760 des
1743 2727 1881 2764 Mesuroe,
1901 2734 1960 2771 tant
1975 2726 2023 2756 des
2038 2724 2162 2769 Grains,
2180 2734 2267 2755 come
2281 2723 2330 2754 des
2342 2723 2396 2754 Be·

1334 2778 1456 2842 ἓὲἳὲῗεὲ
1469 2770 1606 2846 ἓαῖἱὲἷὲ,
1616 2769 1658 2840 daec
1668 2767 1778 2845 {331¹ssssss
1788 2762 2397 2844 &girissffis¹3³ssssi1ffi’153nss*ffe⁰sussf

1337 2856 1400 2878 rent
1413 2848 1446 2879 δε
1461 2848 1634 2884 changerent
1643 2869 1653 2885 ,

1373 2886 1504 2916 Plusours
1528 2885 1677 2923 Frauldes,
1704 2883 1844 2921 Malices,
1872 2882 1906 2913 &
1924 2880 2102 2917 Deceptions
2124 2878 2240 2915 aveint,
2273 2886 2346 2914 pour
2371 2877 2397 2910 le

1336 2934 1429 2965 temps
1452 2924 1527 2964 passe
1540 2949 1549 2961 ,
1575 2924 1634 2955 este
1656 2922 1807 2954 commises
1821 2944 1831 2959 ,
1855 2921 1889 2950 δε
1913 2929 2017 2949 encore
2033 2917 2094 2947 esto
2113 2926 2161 2947 ent
2186 2916 2310 2946 chescun
2325 2915 2398 2955 Jour

1289 2983 1298 2984 ff
1338 2974 1412 3003 pour
1428 2964 1452 2993 la
1469 2963 1577 2994 Malice
1590 2964 1623 2994 ὅ(
1640 2960 1775 2993 Covetise
1791 2960 1839 2990 des
1853 2957 2016 2994 venderiis,
2034 2957 2067 2987 &
2102 2966 2118 2987 e
2134 2954 2333 2994 l'Ingnorance
2356 2965 2398 2986 ou

1339 3002 1484 3040 Simplece
1495 3002 1542 3032 des
1559 3002 1716 3033 Achateurs
1724 3024 1735 3039 ,

1376 3040 1455 3071 Pour
1470 3050 1546 3079 quoy
1561 3041 1666 3078 Nous,

1377 3079 1509 3110 Desirans
1521 3080 1557 3110 de
1571 3087 1634 3109 tout
1649 3076 1745 3107 nostre
1756 3074 1865 3105 Pouoir
1877 3072 1933 3104 telx
1950 3071 2080 3103 Frauldes
2093 3071 2127 3102 δε
2139 3070 2316 3109 Deceptions
2327 3070 2400 3101 abo-

1340 3119 1372 3149 lir
1390 3121 1423 3150 &
1433 3118 1576 3153 adnuller,
1591 3119 1625 3149 ὃς
1639 3115 1798 3146 Gouvener
1816 3122 1852 3142 en
1867 3120 1926 3142 noz
1941 3120 2051 3149 temps,
2077 3110 2101 3140 al
2117 3110 2178 3140 aide
2194 3110 2230 3140 de
2245 3109 2342 3140 nostre
2357 3110 2400 3140 dit

1339 3162 1495 3196 seigneure,
1514 3156 1609 3186 nostre
1626 3154 1731 3191 Peuple
1745 3162 1780 3182 en
1796 3150 1983 3189 Tranquillite
1992 3152 2025 3181 &
2039 3150 2138 3180 bonne
2147 3148 2269 3187 Justice,

1380 3198 1474 3235 Avaris
1495 3205 1529 3224 eu
1553 3195 1596 3224 sur
1616 3203 1650 3223 ce
1663 3193 1738 3222 advis
1757 3192 1790 3222 δε
1804 3190 1994 3220 deliberacion
2009 3197 2079 3219 avec
2094 3196 2154 3217 noz
2165 3186 2348 3217 Treschieres
2365 3186 2400 3217 &

1343 3235 1495 3265 Tresames
1514 3232 1624 3268 Freres,
1641 3232 1674 3262 &
1696 3230 1832 3268 pleuseurs
1851 3238 1941 3260 autres
1956 3228 1993 3258 de
2004 3226 2100 3258 nostre
2116 3225 2192 3257 Sank
2207 3226 2240 3256 &
2257 3224 2403 3264 Lignage,

1343 3275 1377 3304 &
1392 3273 1428 3303 de
1444 3271 1541 3301 nostre
1557 3270 1650 3300 Grant
1666 3268 1779 3299 Conseil
1789 3292 1798 3306 ,
2404 3274 2408 3277 ¹

1381 3310 1436 3341 Par
1457 3311 1494 3340 les
1519 3309 1609 3347 quielx
1626 3308 1713 3339 Nous
1732 3317 1822 3338 avons
1837 3314 1940 3336 trouve
1953 3305 2020 3343 qu'il
2036 3303 2077 3334 est
2095 3302 2191 3334 Chose
2203 3301 2355 3333 neceffaire
2366 3301 2402 3331 δε

1343 3349 1510 3388 proufitable
1522 3358 1574 3386 pur
1592 3348 1617 3378 le
1633 3348 1701 3377 bien
1717 3345 1997 3377 &Gouverriement
2009 3343 2045 3374 de
2061 3350 2120 3373 noz
2133 3341 2182 3372 diz
2197 3340 2306 3379 Subgi‘z
2317 3362 2327 3377 ,
2351 3349 2405 3368 une

254 3398 286 3427 iii
301 3396 354 3427 hac
368 3405 443 3433 parte
456 3396 640 3431 habentibus,
660 3394 751 3424 modo
766 3396 799 3424 ὃς
814 3393 908 3424 forma
920 3394 1023 3424 ultimo
1035 3401 1127 3430 captas
1140 3393 1174 3422 ὃ(
1188 3391 1312 3430 fimatas,
1336 3388 1422 3429 fi‘ulle
1439 3386 1547 3426 Meficre
1570 3397 1620 3423 pur
1636 3386 1674 3416 les
1688 3385 1810 3422 Graius,
1830 3393 1886 3414 une
1908 3381 2015 3422 Mesure
2036 3391 2108 3421 pour
2126 3380 2165 3411 les
2186 3378 2337 3416 Bevrages,
2355 3387 2408 3406 une

256 3436 290 3467 &
305 3445 354 3473 per
370 3434 438 3465 Nos
452 3434 536 3472 usque
555 3434 590 3464 ad
610 3433 727 3464 festum
746 3431 857 3462 Paschae
884 3433 1019 3470 proximo
1035 3431 1162 3462 futurum
1177 3439 1313 3469 proroga·
1344 3427 1440 3458 Aulne
1460 3436 1532 3464 pour
1554 3425 1591 3454 les

253 3482 312 3512 tas,

290 3512 393 3550 Usque
406 3511 440 3541 ad
456 3509 570 3540 Festum
594 3509 691 3540 Sanffi
709 3510 847 3548 Johannis
864 3508 994 3547 Baptistae
1012 3509 1146 3547 proximo
1166 3507 1293 3538 futurum
1304 3531 1313 3545 ,

256 3562 290 3582 ex
306 3550 384 3581 certa
402 3548 525 3580 Scientiii
539 3547 650 3584 nostrii,
669 3548 872 3587 Prorogamus:

295 3588 415 3619 Proviso
436 3587 521 3630 quod·
536 3587 605 3615 idem
628 3590 715 3614 Comes
739 3587 835 3624 pariles
851 3587 896 3615 seu
911 3585 1069 3616 consimiles
1088 3585 1315 3624 prolongationis

257 3628 302 3658 seu
323 3627 536 3665 Prorogatioms
554 3624 733 3661 Treugarum
750 3648 759 3662 ,
787 3625 843 3654 five
865 3624 1039 3654 Guerrarum
1057 3623 1316 3660 Abstineiitiarum,

259 3666 417 3703 hujusmodi
438 3665 544 3694 Literas
561 3687 570 3700 ,
589 3662 687 3700 Sigillo
701 3661 749 3691 suo
765 3662 897 3699 signatas,
916 3663 984 3691 infra
996 3662 1128 3694 Triginta
1144 3662 1227 3698 Dies,
1250 3671 1317 3699 pro-

260 3705 341 3734 ximo
360 3706 392 3735 ὃ(
410 3702 570 3733 immediate
588 3700 653 3739 post
666 3699 772 3729 Datam
790 3700 971 3730 Praesentium
987 3699 1146 3738 sequentes,
1165 3701 1265 3737 nobis,
1282 3708 1316 3729 ex
1348 3697 1437 3727 Nous
1461 3695 1605 3725 Mouvans
1618 3717 1627 3731 ,

261 3751 337 3779 parte
355 3743 400 3772 susi
411 3765 420 3779 ,
435 3742 526 3772 Curet
540 3740 678 3770 destinare
692 3748 760 3768 cum
773 3738 890 3769 effectu.

298 3779 332 3809 In
351 3782 445 3818 cujus,
461 3781 522 3810 &o

299 3817 387 3846 Teste
411 3819 494 3856 Rege
520 3816 593 3855 apud
613 3816 735 3856 Castrum
753 3815 834 3855 sirum
859 3815 891 3843 de
914 3816 1005 3844 Rauen
1027 3814 1142 3844 decimo
1158 3815 1257 3852 quinto
1274 3813 1320 3843 die

262 3853 413 3886 Februarii.

950 3893 1003 3919 Per
1021 3891 1101 3928 ipsum
1114 3893 1219 3927 Regem.

301 3969 472 4001 Consimiles
494 3971 597 4001 Literae
611 3969 699 4008 Regis
710 3992 719 4007 ,
738 3968 773 3999 de
789 3969 1011 4007 Prorogatioiie,
1029 3967 1099 3997 sitini·
1113 3970 1185 3998 inter
1203 3967 1325 4005 Regem,

1610 3424 1703 3462 Draps
1719 3447 1728 3462 ,
1753 3422 1882 3460 Toilles,
1901 3423 1934 3452 &
1954 3430 2045 3451 autres
2061 3418 2169 3450 Choses
2188 3427 2243 3455 que
2258 3416 2313 3446 l'en
2332 3415 2403 3445 seult

1345 3468 1466 3496 mesurer
1482 3475 1497 3494 a
1518 3464 1620 3493 l'Aune
1630 3487 1639 3500 ,
1654 3464 1687 3494 ὃς
1701 3474 1737 3491 un
1755 3463 1816 3491 Pois
1828 3470 1900 3499 pour
1915 3461 1939 3490 la
1955 3459 2041 3489 Livre
2062 3468 2090 3488 es
2103 3455 2200 3486 choses
2213 3465 2269 3492 que
2285 3464 2321 3484 au
2336 3453 2406 3483 Pois

1344 3506 1398 3535 l'cn
1415 3503 1482 3533 seult
1505 3502 1610 3532 vendre
1626 3504 1658 3533 ὃς
1685 3500 1803 3531 deliurer
1817 3523 1827 3537 ,
1845 3498 1918 3529 estre
1931 3499 1964 3528 &
1978 3497 2057 3528 avoir
2070 3504 2154 3526 cours
2169 3503 2218 3532 par
2230 3500 2294 3523 tout
2309 3491 2407 3522 nostre

1345 3544 1385 3574 dit
1402 3542 1516 3572 Duchie
1531 3541 1566 3571 de
1579 3539 1780 3576 Normendie,

1384 3581 1419 3611 Et
1434 3589 1525 3611 toutes
1539 3588 1628 3609 autres
1641 3578 1780 3618 Mesures,
1799 3586 1855 3614 que
1868 3574 1943 3605 telles
1958 3573 2006 3612 qui
2021 3581 2055 3610 cy
2067 3580 2145 3609 apres
2158 3569 2252 3600 seront
2266 3578 2315 3606 par
2333 3577 2409 3599 nous

1346 3620 1506 3656 desclaires,
1524 3617 1594 3648 estre
1606 3617 1643 3647 du
1661 3625 1722 3647 tout
1741 3616 1858 3647 Abolies
1870 3615 1904 3645 &
1920 3611 2088 3647 Adnulleoe,

1386 3658 1473 3687 Nous
1489 3680 1498 3692 ,
1522 3666 1569 3686 ces
1591 3655 1702 3686 Choses
1727 3654 1892 3685 considerez
1912 3652 1946 3681 &
1965 3658 2054 3679 autres
2073 3645 2165 3678 causes
2178 3646 2213 3677 ὃ(
2227 3645 2330 3676 raisons
2343 3656 2359 3676 a
2376 3655 2412 3677 ce

1651 3702 1740 3724 avons
1761 3691 1932 3726 Constitue,
1956 3686 2062 3718 Establi
2078 3709 2088 3724 ,
2114 3686 2149 3716 &
2173 3683 2336 3723 Ordonne,
2359 3685 2413 3723 ὃς,

1349 3746 1397 3773 par
1420 3734 1445 3763 la
1469 3734 1586 3763 Teneur
1607 3734 1642 3764 de
1660 3742 1707 3762 ces
1730 3731 1890 3765 merentes,
1914 3725 2103 3757 Constituons
2117 3745 2127 3760 ,
2156 3722 2358 3761 Ordonnons,
2378 3723 2415 3753 δε

1352 3772 1537 3803 Establiffons
1555 3796 1564 3808 ‚
1591 3771 1627 3802 de
1649 3770 1744 3800 nostre
1768 3768 1919 3800 Auecorite
1943 3764 2068 3803 Royan,
2093 3762 2168 3800 plain
2188 3761 2356 3799 Puiffance,
2374 3762 2411 3792 ὃς

1354 3812 1451 3841 Gi-ace
1466 3809 1607 3847 especiall,
1622 3809 1843 3840 desmaintenant
1857 3805 1891 3836 &
1906 3812 1978 3841 pour
1993 3810 2057 3832 tout
2071 3800 2097 3830 le
2111 3810 2205 3838 temps
2219 3800 2354 3838 advenir,
2372 3808 2415 3829 un

1348 3848 1434 3889 fizdle
1452 3848 1558 3886 Mefiere
1576 3858 1627 3885 pur
1652 3848 1690 3877 les
1710 3846 1832 3882 Graios,
1849 3845 1883 3874 &
1906 3851 1957 3871 une
1975 3849 2048 3878 pour
2065 3839 2103 3869 les
2126 3839 2287 3877 Beiirages,
2311 3843 2416 3868 auront

1357 3897 1440 3918 cours
1453 3897 1487 3916 en
1503 3886 1599 3917 nostre
1618 3886 1659 3915 dit
1674 3885 1780 3915 Duche
1795 3885 1827 3914 &
1842 3881 1914 3912 Paiis
1931 3878 1967 3908 de
1981 3877 2015 3908 N
2017 3877 2166 3908 ormendie
2181 3902 2192 3915 ,
2217 3879 2250 3909 &
2263 3887 2320 3907 une
2328 3873 2416 3916 seulle

1358 3925 1470 3962 Aulne,
1489 3926 1521 3955 ἃ
1539 3924 1689 3955 semblable
1705 3922 1729 3952 le
1749 3925 1818 3952 Poiz
1832 3920 1868 3949 de
1881 3919 1905 3948 la
1924 3918 2025 3947 Liure:

1397 3964 1474 3995 Pour
1497 3963 1535 3993 les
1553 3963 1656 4001 quelles
1681 3960 1804 3999 Mefines
1820 3958 1868 3989 des
1885 3955 1988 3988 Graius
2002 3957 2036 3988 ὃς
2058 3954 2195 3994 Beurages
2204 3976 2218 3993 2
2231 3952 2321 3984 Nous
2333 3956 2424 4019 avgg
