2562 4274
171 131 195 170 a
602 102 1393 169 coNvssNTro'NEs,
1457 119 1841 173 LITERAE,

15 214 95 246 Ann.
108 213 150 243 D.
171 214 280 251 tantiis⁷
298 213 331 244 ὃς
346 212 502 248 privilegiis
519 211 587 248 suis,
606 220 655 248 per
669 210 740 250 ipsos
760 210 803 241 seu
825 219 925 240 eorum
947 209 1158 240 predecessores
1177 216 1244 238 ante

1317 206 1487 238 Confimiles
1503 206 1610 239 Literas
1623 207 1713 248 Regis
1725 208 1811 238 habet
1827 206 2009 248 subscriptus,
2027 206 2140 238 mutatis
2152 203 2312 244 mutandm
2365 204 2444 238 A't'm.
2459 203 2504 240 DJ

45 261 134 291 1421.
174 253 237 283 haec
251 260 376 290 tempora
391 250 587 280 rationabiliter
604 249 705 278 usitatis
718 273 727 285 ,
750 249 791 279 uti
812 249 845 278 ὃς
865 248 984 285 gaudere
1004 248 1184 288 permittatiS,
1201 246 1236 276 &

1737 246 1870 278 videlicet
1876 268 1887 285 ,
2386 252 2475 285 1421.

61 3279 114 3304 An.
130 3274 156 3301 8.

19 297 84 321 Hera.
110 300 137 327 5.
175 292 260 320 etiam
278 289 344 319 inde
360 288 561 325 respondeatis,
579 296 662 325 prout
676 287 876 324 adqucmlibet
891 285 1015 316 vestrum
1037 287 1178 324 pertinet,
1202 294 1236 314 ac

175 329 211 359 ab
225 330 282 359 aliis
294 327 516 366 quibuscumque
532 326 638 363 integre
653 326 685 355 ὃς
700 325 822 364 plenarie
837 326 882 355 res
896 325 997 355 onderi
1012 325 1125 361 faciatis,

208 366 352 406 Ipsosque,
371 366 403 394 δε
420 374 519 393 eorum
536 363 670 401 singulos,
688 373 720 393 ac
737 364 746 392 i
767 364 862 393 sorum
903 371 1075 393 rocuratores
1088 363 1121 393 &
1136 361 1236 392 Attor-

173 407 270 442 natos,
289 404 321 433 ad
337 401 568 440 prosequendum
584 402 617 431 &
640 400 736 431 Defert
759 401 880 439 endum,
907 410 1006 432 coram
1027 400 1116 431 Vobis
1134 401 1168 431 δε
1184 401 1239 430 sin-

175 443 244 482 'gulis
259 439 384 472 vestrum
401 463 410 478 ,
434 441 462 469 in
488 439 714 478 quibuscumque
736 439 849 470 Placitis
871 440 905 470 &
927 439 1077 477 Qerelis,
1095 439 1180 468 motis
1195 437 1240 468 vel

177 480 344 517 movendis,
363 488 410 516 per
425 478 496 517 ipsos
511 478 555 508 vel
569 487 672 508 contra
688 478 775 516 ipsos,
794 478 829 508 de
851 478 884 508 ὃς
902 477 981 516 super
1003 475 1153 507 Praemiffis
1165 499 1175 514 ,
1193 475 1241 506 vel

174 520 269 556 aliquo
287 516 498 547 Praemifforum
535 516 622 546 libere
637 517 670 547 &
687 516 789 554 absque
803 516 966 546 difficultate
979 515 1083 554 aliqua,
1109 515 1193 554 usque
1216 515 1241 544 i-

175 559 241 588 dem
260 556 377 586 Festum
391 555 490 585 Sancti
507 539 674 593 Michaelis,
693 556 832 592 recipiatis
845 556 878 585 δε
894 554 1056 592 admittatis,

215 595 292 633 Qia
307 595 343 624 sic
358 593 490 623 volumus
505 593 564 623 fieri
577 593 613 623 de
629 593 728 623 Gratia
744 592 839 623 nostra
852 591 982 630 speciali,
1001 593 1094 632 aliquo
1119 589 1240 621 Manda-

175 641 215 702 {g
221 632 334 671 nostro,
353 633 436 663 vobis
449 633 492 662 seu
506 632 589 662 alicui
603 631 731 662 vestrum
746 632 774 662 in
790 631 964 662 contrarium
979 631 1058 662 facto
1072 653 1082 670 ,
1103 639 1163 660 non
1187 630 1242 659 ob'-

219 680 272 701 nte*

213 709 282 741 Dat.
300 708 374 747 apud
385 707 509 747 Castrum
524 705 641 747 nostrum
656 707 832 746 Rothomagi,
851 706 999 739 vicesimo
1021 706 1069 738 die
1090 705 1244 737 Februarii.

494 786 547 814 Per
561 783 643 824 igfizm
655 786 751 822 Regem
764 784 805 814 ad
816 782 986 814 Relationem
994 782 1113 815 Concilii.

567 910 617 943 De
638 910 872 943 permutatione»

142 989 159 1029 ,Ι
182 997 268 1053 RE
277 996 326 1035 X,
345 997 464 1039 Vifniis
475 997 506 1037 ir(
521 992 710 1037 Spirittqalibus
725 993 922 1033 Arc‘hiepi'scopi
934 992 1164 1040 Rorhamagertfis,
1183 993 1242 1033 ipso

261 1033 486 1071 Arcliicpiscopo
499 1042 526 1062 in
544 1040 660 1062 remotis
675 1040 792 1070 agente,
809 1043 842 1063 ac
858 1035 971 1063 Decano
985 1031 1024 1067 ό·
1046 1033 1170 1071 capitulo
1191 1036 1247 1063 Ec·-

115 1101 123 1108 ,
181 1071 260 1114 ιἸςβὶιε
275 1071 427 1109 Collegiatae
442 1071 515 1100 beati
530 1069 634 1099 stleloni
646 1070 678 1099 de
690 1073 851 1110 Pontiyara,
869 1071 1001 1102 Salutem.

219 1112 298 1142 Cum
316 1109 464 1141 Nicholaus
480 1110 596 1139 Loreile
611 1108 797 1148 Capelianus,
815 1109 984 1141 Canonicus
998 1109 1199 1141 Praebendatus
1217 1110 1245 1140 in

152 1175 158 1182 .
180 1150 256 1181 dicta
269 1149 393 1180 Ecclesia
410 1147 565 1187 Collegiata
581 1148 653 1178 beati
669 1144 783 1178 Meloni
799 1148 835 1179 de
851 1148 1005 1187 pontisara,
1032 1143 1248 1188 Rothomagen-

181 1190 213 1220 sis
227 1189 383 1224 Dioecelis,
403 1187 437 1218 &
451 1187 572 1216 Thomas
586 1185 752 1225 Marteloti,
772 1186 939 1224 Capelianus
958 1186 1130 1227 Capellaniae
1149 1197 1248 1227 perpe-

180 1237 236 1259 tuae
252 1228 286 1258 ad
310 1227 403 1257 Altare
425 1225 523 1256 Sanffl
546 1223 658 1255 Vedasti
682 1223 854 1256 Belvacensis
876 1226 1015 1263 fundatae,
1045 1225 1183 1258 Beneficia
1204 1226 1249 1256 sua

116 1291 123 1298 .
180 1267 315 1306 praeditsta
331 1264 494 1302 intendant,
513 1271 542 1293 ut
557 1263 695 1302 afferunt,
713 1264 747 1294 ad
762 1265 886 1294 invicem
901 1264 1051 1295 Canonice
1077 1274 1247 1302 permutare,

179 1316 205 1342 ee
217 1307 275 1335 Nos
288 1305 379 1335 dictos
395 1302 605 1333 Canonicatum
619 1303 652 1333 ὃ(
668 1301 856 1333 Praebendam
871 1304 942 1333 beati
960 1302 1073 1333 Meloni
1087 1304 1123 1334 de
1148 1302 1250 1333 Ponti-

180 1343 261 1382 saria,
281 1352 358 1373 nunc
372 1341 473 1372 liberos
487 1343 520 1373 ὅ(
536 1349 682 1378 vacantes,
699 1341 732 1372 &
748 1343 776 1371 in
797 1341 933 1372 Manibus
955 1342 1057 1371 nostris
1076 1343 1160 1380 pleno
1180 1341 1249 1380 Jure

181 1382 329 1413 existentes
343 1390 372 1411 ut
385 1380 505 1418 dicitur,
518 1381 648 1419 praediHo
663 1379 794 1418 Thomae,
815 1389 848 1409 ex
865 1380 944 1410 causa
957 1379 1250 1417 hujusmodvpermu-

181 1422 290 1453 tationis
303 1419 458 1457 faciendae,
478 1427 547 1449 cum
563 1419 614 1449 suis
623 1418 737 1458 Juribus
751 1420 784 1451 &
809 1418 988 1449 Pertinentiis
1009 1418 1250 1458 quibuscumque,

181 1459 348 1498 Conferimus
362 1459 395 1489 &
411 1460 563 1495 Donamus,

221 1498 392 1528 Mandantes
407 1498 536 1534 quatinus
558 1493 640 1534 ipfinn
662 1494 798 1524 Thomam
819 1495 848 1525 in
866 1495 1049 1526 Canonicum
1071 1496 1103 1527 ὅ(
1126 1496 1251 1526 Fratrem

183 1537 337 1575 recipiatis,
356 1545 389 1566 ac
403 1535 490 1572 ipsum
505 1534 550 1564 seu
564 1544 620 1572 ejus
634 1535 661 1562 in
677 1533 730 1563 hac
768 1542 824 1564 arte
837 1533 1056 1564 Procuratorem
1071 1536 1098 1564 in
1115 1545 1251 1574 corpora-

184 1578 243 1608 lem
256 1574 463 1606 Possesl'ionem
478 1571 675 1614 Canonicatsis
690 1574 723 1604 &
774 1573 914 1603 raebendae
935 1573 1139 1611 praediCfflrum
1161 1583 1250 1613 pona-

184 1617 220 1646 tis
233 1615 265 1646 &
281 1613 431 1649 inducatis,
449 1611 492 1641 seu
506 1611 575 1650 poni
590 1610 621 1640 ὅ(
637 1610 733 1641 induci
751 1610 855 1642 faciatis
868 1634 877 1649 ,
901 1611 1018 1642 Stallum
1042 1613 1070 1642 in
1091 1611 1195 1642 Choro
1217 1612 1251 1642 &

184 1654 303 1686 Locum
319 1651 348 1681 in
365 1649 516 1689 Capitulo,
536 1657 618 1686 prout
634 1650 722 1679 moris
736 1649 794 1688 est,
811 1650 905 1682 eidem
927 1649 1106 1689 affignantes,

221 1692 350 1722 Necnon
363 1687 472 1718 eundem
485 1687 621 1717 Thomam
634 1687 658 1718 F
659 1688 785 1719 ruffibus
837 1687 1007 1719 Redditibus
1024 1712 1034 1728 ,
1060 1689 1253 1719 Obventioni—

186 1731 254 1767 bus,
281 1729 313 1758 &
337 1727 544 1757 Emolumentis
558 1749 568 1764 ,
591 1726 624 1756 ad
643 1727 756 1757 eosdem
778 1727 991 1758 Canonicatum
1013 1729 1046 1759 &
1064 1727 1251 1758 Praebendam

182 1766 386 1808 speetantibus,
404 1766 444 1796 uti
456 1766 489 1796 ὅ(
504 1765 624 1803 gaudere
637 1766 803 1805 permittatis
816 1788 827 1804 ‚
852 1766 983 1798 adhibitis
1004 1766 1253 1805 Solempnitatibus

184 1809 214 1839 in
231 1807 330 1837 talibus
344 1803 403 1834 fieri
419 1803 566 1834 consuetis.

221 1845 256 1876 In
271 1843 367 1882 cujus,
385 1843 446 1874 &c.

186 1924 206 1954 b
223 1883 292 1928 Dat:
313 1881 386 1921 apud
403 1879 528 1921 Castrum
540 1876 623 1920 filum
644 1880 805 1920 Rothomagi
818 1905 828 1920 ‚
854 1881 999 1915 Vicesimo
1022 1880 1117 1921 primo
1136 1881 1182 1913 die
1200 1877 1256 1913 Fe·

208 1932 300 1954 ruam.

160 2097 167 2105 ⁶
437 2047 534 2084 *Pro
558 2047 830 2093 Ambaffiatoribus
851 2048 974 2096 Januae.

193 2137 336 2196 REX,
363 2146 414 2177 per
436 2136 545 2168 Literas
560 2137 617 2167 suas
639 2134 771 2167 Parentes
785 2159 794 2175 ,
820 2136 904 2177 usque
923 2137 1058 2169 Primum
1083 2136 1162 2167 diem
1183 2134 1262 2174 junii

164 2177 171 2183 '
264 2178 400 2217 proximo
423 2176 551 2206 futurum
571 2175 734 2213 duratum,
759 2175 876 2214 suscepit
898 2178 927 2207 in
950 2176 1055 2207 salvum
1076 2176 1110 2206 &
1132 2175 1262 2205 securum

138 2218 144 2223 '
192 2213 384 2248 Conductum
396 2214 492 2253 suum,
510 2224 543 2244 ac
557 2215 586 2243 in
603 2213 837 2254 protectionem,
851 2216 1041 2254 Tuitionem,
1062 2215 1096 2245 &
1112 2212 1261 2244 Defensio·

192 2264 258 2286 nem
274 2255 331 2286 suas
353 2253 500 2292 speciales,
525 2252 688 2291 Raphaelem
709 2252 826 2291 Spinolle
847 2254 881 2284 &
904 2254 1070 2293 Stephanum
1092 2252 1265 2289 Lommelin,

192 2292 409 2324 Ambaffiatores
425 2290 647 2322 Communitatis
662 2291 781 2330 Januae,
805 2292 890 2331 usque
909 2292 1088 2323 Praesentiam
1109 2290 1198 2331 Regis
1215 2290 1265 2321 ubi

151 2333 157 2340 “
194 2330 259 2363 Rex
274 2333 374 2368 fuerit,
389 2340 457 2361 cum
507 2332 665 2369 uadraginta
680 2330 807 2361 Personis
824 2333 851 2361 in
867 2330 1016 2363 Comitiva
1031 2331 1092 2370 sua,
1111 2331 1156 2360 vel
1176 2329 1263 2367 infra,

197 2371 337 2407 Armatus,
355 2370 399 2400 vel
414 2378 475 2400 non
519 2372 629 2407 rmatis‚
654 2379 687 2399 ac
710 2379 778 2399 cum
802 2368 906 2409 Equis,
932 2368 1085 2409 Manticis,
1105 2368 1267 2408 jocalibus,

201 2410 297 2448 Auro,
315 2410 461 2448 Argento,
479 2407 593 2444 Robis,
611 2410 644 2439 δε
660 2408 716 2438 aliis
736 2408 822 2438 Bonis
842 2409 893 2439 suis
915 2409 1155 2448 quibuscumque,
1179 2417 1265 2446 eque-

199 2448 271 2486 stre,
290 2449 333 2478 vel
349 2446 495 2486 pedestre,
513 2456 562 2485 per
576 2446 682 2484 Diem,
701 2447 746 2476 vel
763 2457 810 2484 per
826 2446 973 2486 Noctem,
993 2449 1051 2478 tam
1066 2457 1115 2486 per
1130 2447 1264 2484 Terram,

221 2488 285 2516 uam
301 2497 348 2524 per
369 2487 482 2524 Aquam
496 2486 528 2516 &
543 2485 642 2523 Mare,
659 2486 859 2524 conjunctim,
888 2487 932 2517 vel
952 2487 1082 2524 divisim,
1104 2485 1265 2523 veniendo,

199 2535 208 2555 i
232 2525 305 2554 idem
323 2524 462 2554 morando
475 2524 508 2554 ὅς
520 2523 763 2562 perhendinando,
789 2525 822 2555 &
842 2525 945 2556 abinde
962 2526 995 2556 ad
1014 2535 1103 2564 partes
1121 2525 1178 2555 suas
1196 2534 1264 2564 pro-

200 2564 274 2602 prias
287 2562 447 2598 redeundo,

238 2601 356 2631 Proviso
372 2600 478 2637 semper
491 2599 570 2638 quod
584 2600 728 2638 praediCti,
744 2600 870 2638 Raphael
883 2602 915 2633 &
933 2601 1100 2640 Stephanus,
1118 2612 1151 2633 ac
1167 2600 1266 2632 Perso-

200 2650 246 2671 nae
260 2639 421 2682 praedidicit,
440 2639 611 2681 quicquam,
631 2639 709 2677 quod
734 2639 763 2668 in
785 2640 873 2678 Regis
891 2641 1103 2678 Contemptum
1127 2641 1172 2670 vel
1190 2640 1268 2670 Prae-

199 2678 353 2716 judicrum,
371 2686 416 2706 aut
432 2675 534 2713 Populi
549 2676 587 2706 sui
597 2676 884 2718 Dampnum,cedcre
900 2681 1073 2717 valeat,n0n
1088 2687 1267 2717 attemptent,

202 2725 247 2748 aut
264 2716 354 2746 facere
370 2715 413 2745 vel
428 2723 596 2752 attemptare
612 2719 798 2754 praeiumant,
817 2718 917 2755 quovis
933 2719 1032 2756 modo,

242 2754 407 2793 Quodquei
431 2752 466 2790 li,
485 2762 548 2782 ante
569 2751 720 2782 Introitum
738 2753 817 2783 suum
836 2755 982 2792 cujussibet
1004 2755 1192 2794 Castrorum,
1216 2755 1268 2786 Ci—

203 2795 341 2830 vitatum,
359 2792 405 2822 Vil
417 2800 495 2821 arum
512 2791 700 2829 firmatarum,
719 2800 765 2822 aut
778 2792 898 2823 aliorum
913 2793 1122 2824 Fortalitiorum
1144 2795 1269 2832 suorum,

205 2832 380 2869 Capitancis,
402 2829 576 2868 Majoribus,
596 2827 896 2868 Constabulariisffive
910 2830 1086 2863 Custodibus
1100 2834 1269 2864 eorumdem

207 2870 352 2909 praesentes
370 2869 472 2898 Litcras
486 2867 735 2947 nostrassprimiti‘is
750 2870 945 2901 demonstrent

205 2948 226 2978 b
242 2908 331 2951 Teste
354 2907 433 2948 Rege
454 2906 525 2947 apud
551 2909 599 2936 W
623 2907 808 2947 monasterium
821 2931 830 2947 ,
855 2909 994 2940 vicesimo
1016 2909 1136 2949 septimo
1155 2910 1202 2941 die
1219 2909 1271 2942 Fe·

227 2957 317 2978 ruarii.

890 2988 944 3016 Per
960 2987 1042 3027 ipsum
1060 2990 1165 3026 Regem.

477 3113 527 3144 De
547 3110 788 3154 Restitutionibus
810 3114 990 3148 Pramum.

59 3195 188 3275 ΑῙᾜῚΞΞ),
212 3196 357 3255 REX,
380 3200 408 3226 V
409 3199 499 3227 icariii·
518 3199 547 3225 in
568 3196 758 3235 spiritualibus
780 3197 978 3237 Archiepifiopi
998 3202 1216 3242 Rothomagenfis
1237 3213 1270 3234 ac

284 3236 401 3274 Episc'opi
417 3234 608 3273 Lexovienfis,
627 3245 741 3266 necnon
758 3237 891 3267 universis
905 3239 938 3268 &
954 3238 1065 3277 lingulis
1080 3240 1197 3277 Ballivis,
1216 3241 1270 3271 Vi-

213 3275 398 3303 cecomitibus
408 3296 417 3311 ,
436 3272 699 3311 Receptoribus,ac
713 3274 769 3304 aliis
786 3274 940 3306 Officiariis
954 3277 987 3306 &
1004 3277 1142 3308 Ministris
1156 3279 1271 3316 nostris,

214 3311 287 3342 infra
300 3312 447 3341 Ducatum
462 3312 590 3342 nostrum
607 3311 796 3342 Normannioe
809 3313 926 3345 ubilibet
944 3315 1120 3354 constitutis,
1139 3316 1272 3348 Salutem.

190 3369 197 3377 .
253 3349 424 3380 Mandamus
437 3351 519 3379 vobis
533 3350 565 3380 ὃς
580 3349 708 3380 vestrum
723 3351 855 3389 cuilibet,
874 3361 958 3391 prout
971 3354 1004 3383 ad
1020 3364 1085 3384 eum
1099 3356 1274 3393 pertinuerit,

217 3388 298 3428 quod
312 3387 474 3417 Nicholaum
488 3391 634 3426 Saneigny,
648 3390 677 3418 in
691 3397 811 3428 utroque
824 3388 893 3428 Jure
906 3390 1111 3430 Licentiatum,

256 3427 318 3464 Qui
332 3426 546 3456 Sacramentum
558 3427 684 3457 debitum
698 3426 732 3457 de
748 3427 942 3458 conservando
962 3430 1126 3467 praesentem
1142 3429 1274 3469 PAcEM,

196 3482 204 3489 ·
221 3467 292 3497 inter
308 3464 537 3502 praecarissimum
551 3466 662 3494 Patrem
677 3465 791 3504 nostrum
806 3469 928 3497 Franciae
942 3468 975 3498 &
989 3469 1049 3497 Nos
1063 3469 1226 3499 conclusam
1240 3471 1274 3502 ὃς

222 3504 427 3536 concordatam
437 3524 445 3540 ,
463 3502 528 3532 fecit
544 3503 576 3533 &
591 3503 725 3541 praestitit,

257 3542 439 3572 Omnimoda
454 3540 476 3569 F
479 3541 570 3570 rufius
578 3563 598 3583 ,η
607 3541 760 3579 Redditus,
776 3542 990 3582 Obventiones,
1008 3544 1042 3574 δε
1064 3543 1278 3584 Emolumenta,

218 3580 254 3610 de
269 3580 492 3618 quibuscumque
508 3578 651 3608 Beneficiis
668 3580 718 3609 suis
732 3603 742 3618 ,
766 3581 837 3610 infra
857 3581 1004 3612 Ducatum
1025 3582 1154 3613 nostrum
1177 3585 1278 3623 praedi-

219 3620 317 3656 (tum,
335 3617 542 3659 provenient-ia,
556 3627 590 3647 ac
607 3618 747 3656 Arreragia
763 3619 828 3648 ind'e
843 3619 955 3657 debita,
974 3622 991 3650 si
1006 3631 1069 3660 quae
1085 3621 1206 3660 fuerint,

254 3657 446 3687 Solummodo
460 3656 599 3685 reservatis
610 3655 678 3692 hiis,
695 3665 759 3694 quae
774 3658 848 3686 circa
864 3657 1063 3695 Reparationes
1074 3660 1106 3689 ὅς
1121 3661 1149 3689 in
1161 3659 1276 3690 Susten-

220 3697 355 3726 tationem
374 3695 472 3725 Divini
486 3692 590 3724 Cultus
600 3702 632 3723 ac
657 3695 709 3724 alia
728 3694 824 3725 Onera
845 3695 979 3726 ordinaria
999 3699 1170 3729 rationabilia
1191 3699 1280 3737 appli-

223 3742 337 3770 cantur,

260 3771 373 3801 Habere
389 3772 421 3802 &
436 3780 531 3801 tenere

261 3809 296 3838 Er
312 3808 393 3847 ‚psam
413 3793 574 3839 manaim
588 3808 752 3845 Fructibus,
770 3807 957 3846 Redditibus‚
982 3809 1227 3852 obventionibus,
1245 3813 1279 3844 &

225 3846 430 3877 Emolumentis
444 3848 493 3877 illis
506 3848 540 3877 de
557 3856 663 3877 caetero
677 3847 762 3878 uti&
783 3848 901 3886 gaudere
922 3849 1039 3886 pacifice
1057 3853 1235 3888 permittatis,
1251 3863 1281 3882 a·

226 3885 304 3921 liquo
320 3884 478 3951 t1³¹¹ltandato,
493 3887 576 3915 vobis
596 3895 643 3916 aut
662 3886 743 3916 alicui
767 3884 891 3916 vestrum
913 3887 943 3916 in
965 3889 1136 3918 contrarium
1154 3889 1281 3928 directo,

222 3931 283 3951 nOss
300 3932 318 3950 Ο
365 3932 436 3953 ante.

224 3998 243 4028 b
263 3958 330 4027 1325
349 3961 421 3997 apud
434 3960 555 3998 Castrum
569 3961 686 4001 nastrum
698 3961 872 4001 Rodaomagi,
895 3961 1031 3993 vicesimo
1045 3963 1149 3995 oistavo
1166 3965 1212 3996 die
1227 3966 1281 3998 Fe-

245 4008 275 4028 ru
293 4008 334 4027 rii.

1277 369 1455 390 eramentum
1469 359 1600 390 debitum
1614 361 1651 392 de
1662 362 1874 400 conservando,
1892 362 1953 393 &c.
1972 370 2002 392 ut

1313 307 1453 359 Magister
1467 319 1634 352 Guillielmus
1647 324 1679 353 de
1693 322 1849 353 Gramville
1860 322 1969 362 Juratus
1980 307 2205 398 Liffigrsakegis,
2229 321 2278 361 qui
2292 319 2344 359 Sa&
2365 287 2431 316 Hm‘
2452 291 2482 322 5,

1625 485 1677 521 :De
1706 482 1991 520 Permutationibus.

1286 565 1342 620 R
1353 565 1436 605 EX,
1455 567 1564 599 De'cano'
1577 566 1615 604 ᾤ’
1633 566 1756 614 Capituli)
1782 564 1916 602 Eeclefiale
1935 566 2101 612 Collegiatae
2127 570 2219 602 beatae
2245 569 2348 602 Man’ae
2369 586 2438 619 Am,
2456 580 2502 619 D.

1364 604 1630 651 Rotundaehkotbo·
1698 618 1724 646 i,
1741 608 1874 639 Salutem.
2396 635 2411 657 1
2441 610 2470 657 ⁰1
2491 609 2501 626 ‘¹

1321 641 1401 688 Cum
1411 667 1421 682 ,
1435 644 1530 675 dilech
1546 645 1663 685 Nobis,
1720 646 1819 687 agister
1833 645 1999 677 Guillielmus
2013 648 2044 679 de
2057 647 2270 688 Brandribofio,
2289 646 2350 679 Ca-
2413 635 2454 693 ξ
2475 649 2486 660 “

1283 688 1408 712 nonicus
1427 682 1628 714 Praebendatus
1642 686 1671 715 in
1685 684 1811 716 Ecclesia
1825 685 1976 725 praedicta,
1993 686 2186 754 &gehenna
2199 688 2233 717 de
2261 689 2352 717 Mara
2369 669 2422 732 ᾆξ’·
2457 685 2467 694 “

1283 718 1327 748 Ca
1362 720 1468 764 ¹llarius,
1487 721 1652 754 canonicus
1671 723 1701 754 in
1717 722 1843 755 Ecclesia
1856 722 2016 754 cathedrali
2068 725 2278 765 othomagenfi,
2296 724 2352 757 Be:
2371 713 2455 771 Nbrss
2478 740 2497 774 8

1283 767 1303 787 n
1341 768 1385 790 cia
1396 759 1442 791 sua
1455 761 1588 799 praedicta
1598 761 1764 802 intendant,
1781 771 1812 794 ut
1826 762 1970 800 asserunt,
1994 760 2030 793 ad
2050 762 2178 795 invicem
2198 763 2350 796 canonice
2373 785 2400 810 H
2424 763 2461 817 5⁶
2499 760 2509 770 ”

1283 805 1490 868 Ραῐξὲἳτὲξὲἷοε
1504 836 1716 884 Canonicatutn
1729 840 1763 872 &
1778 838 1985 877 Praeber‘idam,
2002 836 2034 869 in
2047 835 2181 884 praedidia
2193 837 2282 871 vesti-a
2293 840 2352 873 Ec-
2370 826 2396 858 P'
2412 829 2439 885 3,'

1286 873 1386 914 clesia,
1405 885 1454 920 per
1468 875 1701 916 Refignationem
1709 878 1840 917 praedieli
1855 876 2024 921 Guillielmi,
2042 881 2076 908 ex
2096 872 2174 908 causa
2193 878 2351 915 hujusmodi
2373 868 2410 887 ω’
2441 864 2470 893 5¹

1289 911 1508 957 Pei-mutationis
1521 915 1675 954 faciendae,
1689 926 1833 955 vacantes,
1853 917 1887 948 δε
1901 917 1931 947 in
1945 916 2074 946 manibus
2087 915 2189 946 nostris
2205 915 2291 954 pleno
2301 916 2354 954 Ju-

1288 960 1320 981 re
1331 951 1480 983 existentes
1494 954 1504 990 (
1534 963 1636 985 uorum
1651 954 1768 993 quidem
1783 952 1978 986 Canonicatfis
1990 955 2025 987 &
2045 953 2212 985 Praebendae
2231 952 2357 985 Collatio

1287 989 1322 1020 &
1344 989 1363 1009 ²*
1383 993 1496 1021 omnim
1538 1002 1553 1022 a
1580 992 1737 1031 Dispositio
1763 993 1863 1024 Nobis
1883 994 2035 1024 noscuntur
2097 993 2198 1024 rtinere
2237 991 2359 1034 praefato
2377 1006 2490 1043 ‘3⁶7-

1287 1026 1435 1096 Ξοραηηί,
1450 1039 1521 1061 curn
1535 1029 1590 1061 suis
1596 1031 1711 1070 Juribus
1724 1032 1759 1064 ὅ(
1775 1031 1952 1063 Pertinentiis
1964 1032 2063 1063 univer
2075 1040 2114 1070 is,
2139 1034 2176 1062 Co
2207 1035 2305 1062 erimus
2322 1032 2358 1064 &
2435 1027 2442 1037 ⁸
2481 1028 2489 1036 ⁶

1322 1077 1444 1106 emamus,

1329 1104 1499 1137 Mandantes
1514 1108 1597 1138 vebis
1634 1109 1741 1140 uatinus
1763 1107 1845 1148 ipsum
1866 1107 2026 1147 Jobannem
2045 1107 2091 1140 seu
2111 1109 2170 1146 eius
2189 1107 2361 1140 Procurato-

1291 1153 1368 1183 rem,
1387 1146 1416 1175 in
1428 1147 1609 1183 corporalem
1649 1147 1832 1178 osseffionem
1847 1146 1994 1178 dictorum
2014 1145 2211 1178 Canonieatfis
2229 1148 2264 1180 δε
2281 1146 2361 1178 Ρηε-

1291 1183 1407 1226 bendae,
1425 1185 1454 1214 in
1470 1185 1593 1216 Ecclesia
1609 1185 1713 1224 vestra,
1734 1196 1767 1217 ex
1780 1186 1858 1218 causa
1871 1185 2009 1225 praedista
2022 1207 2034 1225 ,
2057 1187 2168 1224 ponatis
2188 1186 2222 1218 δε
2244 1186 2363 1217 induca-

1290 1230 1324 1252 tis
1358 1222 1403 1253 seu
1419 1225 1487 1261 poni
1503 1223 1536 1254 &
1550 1223 1647 1256 induci
1663 1225 1780 1265 faciatis,

1329 1245 1481 1300 ipsumque
1495 1263 1632 1301 recipiatis
1646 1263 1675 1293 in
1690 1262 1872 1296 Canonicum
1887 1262 1921 1294 &
1935 1261 2085 1302 fratrem,
2098 1262 2216 1302 Stallum
2229 1263 2260 1294 in
2278 1262 2364 1295 Cho—

1291 1308 1326 1329 ro
1341 1301 1373 1330 ὃ(
1388 1300 1503 1330 Locum
1518 1302 1546 1330 in
1563 1300 1712 1340 Capitulo,
1729 1312 1813 1341 prout
1828 1303 1915 1333 moris
1927 1301 1985 1340 est,
2002 1300 2171 1340 affignantes
2184 1301 2279 1334 ‘eidem

1328 1338 1458 1369 Necnon
1475 1339 1556 1384 ipfiqn
1572 1340 1731 1378 Johannem
1744 1341 1910 1380 Fructibus,
1932 1339 2168 1371 obventionibus
2209 1325 2366 1381 proficuis,

1292 1376 1567 1422 &‚Em0¹¹¹m5fflt¹5›
1585 1379 1619 1409 ad
1635 1379 1751 1410 eosdem
1768 1380 1971 1418 spectantibus,
1989 1379 2031 1409 uti
2051 1379 2085 1410 &
2141 1389 2158 1409 u
2179 1388 2226 1410 ere
2245 1380 2366 1420 permit·

1293 1423 1371 1484 mis’
1388 1416 1787 1486 adhibitcholempnitatibus
1801 1420 1831 1450 in
1844 1418 1944 1450 talibus
1958 1417 2017 1448 fieri
2038 1427 2096 1448 con
2110 1418 2187 1449 uetis.

1346 1465 1364 1484 n
1382 1465 1478 1493 quuS,
1532 1465 1557 1486 c.

1293 1531 1314 1562 b
1349 1492 1418 1538 Dat.
1433 1494 1507 1531 apud
1522 1497 1545 1524 C
1545 1493 1646 1534 astrum
1650 1494 1732 1534 ficum
1745 1494 1906 1534 Rothomagi
1921 1517 1932 1535 ,
1954 1493 2105 1533 Vigefitno
2125 1492 2234 1526 oistavo
2247 1493 2296 1526 die
2310 1492 2367 1527 Fe-

1316 1541 1404 1562 ruarii.

1330 1569 1499 1601 Guillielmus
1519 1571 1556 1602 de
1572 1571 1777 1602 Brandribosco
1789 1569 1873 1603 habet
1887 1571 2058 1602 Confimiles
2074 1571 2182 1603 Literas
2194 1570 2231 1602 de
2249 1581 2366 1611 permu-

1295 1610 1400 1639 tatione
1414 1619 1482 1639 cum
1493 1611 1623 1648 praedic‘lo
1668 1611 1790 1646 ohanne,
1809 1611 1922 1642 nmtatis
1941 1610 2100 1647 mutandis3
2117 1608 2164 1650 fit
2192 1609 2238 1640 ube·
2255 1613 2367 1649 ponitur

1291 1646 1370 1686 pleno
1384 1648 1475 1686 Jure,
1489 1652 1600 1686 ponitur
1644 1659 1688 1678 ure
1702 1648 1835 1685 Regaliae3
1986 1666 1996 1675 ·

1333 1685 1370 1716 Et
1382 1687 1538 1725 diriguntur
1551 1687 1653 1717 Literae
1669 1686 1722 1718 illae
1736 1689 1846 1716 Decano
1860 1685 1898 1721 ό·
1913 1685 2037 1725 capitulo
2051 1685 2188 1718 Ecclefiae
2206 1685 2364 1718 Cathedra·

1295 1723 1578 1794 lisIBajocenlisglseu
1592 1724 1711 1756 Vicariis
1724 1726 1754 1755 in
1768 1725 1964 1766 Spiritualibus
1978 1723 2094 1755 ibidem.

1350 1774 1368 1793 n
1385 1773 1462 1803 cujus
1470 1785 1480 1801 ‚
1533 1773 1560 1794 c.

1662 1892 1712 1925 De
1733 1888 1892 1925 Praebenda
1912 1890 2012 1924 Data.

1305 1976 1425 2036 REX
1441 1979 1551 2007 Decano
1566 1974 1604 2011 ὠ·
1620 1975 1743 2016 Capitulo
1762 1975 1896 2008 Ecclefiae
1920 1974 2095 2007 cathedralis
2113 1973 2272 2006 Ba‘ocenfis
2288 1977 2300 2014 '‚
2321 1972 2369 2007 seu
2388 1973 2467 2008 Anu.
2481 1973 2528 2013 D,'

1384 2016 1504 2047 Vicariis
1517 2016 1546 2046 in
1561 2016 1753 2053 spiritualibus
1767 2015 1886 2053 ibidem,
1902 2014 1975 2046 Sede
1988 2024 2106 2046 vacante
2161 2014 2273 2045 alutem.
2413 2022 2502 2055 1421.

1303 2092 1328 2125 P
1339 2054 1449 2125 ngisd,
1466 2054 1584 2086 Tenore
1597 2054 1797 2095 Praesentium,
1814 2052 2000 2094 fignificamus
2010 2054 2092 2094 quod
2104 2037 2319 2085 banonicatum
2334 2052 2370 2085 δε
2390 2054 2489 2122 2113.

1331 2104 1367 2124 rae
1390 2104 1424 2125 en
1445 2103 1491 2123 am
2421 2115 2428 2121 .
2463 2114 2471 2121 .

1342 2132 1428 2172 Qios
1442 2142 1480 2163 nu
1493 2117 1503 2131 ³
1518 2142 1532 2162 r
1545 2133 1691 2170 optinebat
1707 2131 1760 2163 Ma
1781 2130 1846 2162 ister
1860 2131 1990 2162 Robertus
2003 2130 2091 2170 Bale,
2108 2132 2137 2162 in
2151 2129 2279 2162 Ecclesia
2299 2140 2373 2171 prae·
2393 2101 2483 2161 Nori-n.
2498 2127 2530 2165 82

1303 2170 1397 2215 dieta,
1415 2180 1464 2215 per
1478 2142 1610 2202 Kiortem
1624 2171 1748 2210 ejusdem
1794 2170 1887 2214 ob'erti
1902 2179 1981 2201 nune
1995 2170 2097 2214 liberos
2117 2170 2151 2201 &
2172 2178 2320 2209 vacantes,
2335 2170 2370 2203 &
2395 2175 2430 2199 Η.
2444 2178 2474 2205 5.

1303 2220 1333 2240 m
1348 2211 1478 2241 manibus
1492 2209 1593 2240 nostris
1606 2209 1681 2248 Jure
1693 2209 1812 2248 Regaliae
1825 2207 1972 2240 existentes
1988 2215 2020 2241 ut
2034 2208 2146 2247 dicitur,
2394 2215 2420 2250 p.
2435 2205 2530 2247 3:713)

1342 2249 1479 2288 Qiorum
1497 2248 1614 2287 quidem
1628 2246 1825 2280 canonicatus
1838 2249 1872 2279 &
1885 2246 2062 2286 Praebendae‚
2070 2247 2108 2278 fic
2122 2247 2297 2286 vacantium,
2303 2246 2380 2283 Col-2

1304 2287 1371 2318 latio
1387 2288 1420 2319 &
1435 2287 1604 2318 omnimoda
1619 2287 1773 2326 Dispositio
1789 2286 1890 2317 Nobis
1904 2286 2059 2317 noscuntur
2073 2286 2212 2325 pertinere

1343 2325 1460 2357 Dilecto
1473 2326 1555 2359 nobis
1567 2325 1697 2364 Johanni
1711 2325 1836 2366 Destiney
1853 2324 2007 2364 Capellano
2019 2348 2028 2363 ,
2047 2335 2118 2356 cum
2141 2323 2193 2356 suis
2211 2309 2327 2364 juribus
2341 2324 2377 2357 &

1305 2363 1485 2396 Pertinentiis
1498 2363 1640 2403 universis,
1659 2363 1825 2404 Conferimus
1840 2364 1873 2396 &
1886 2366 2045 2402 Donamus,

1345 2403 1513 2435 Mandantes
1527 2405 1655 2442 quatinus
1669 2407 1750 2444 ipsum
1761 2402 1921 2442 Johannem
1943 2404 1973 2433 in
1995 2401 2176 2433 Canonicum
2195 2402 2230 2433 ὃς
2250 2401 2380 2434 Fratrem

1308 2444 1444 2483 recipiatis
1480 2441 1648 2481 Ipsumque,
1665 2446 1711 2473 ieu
1725 2445 1782 2481 ejus
1795 2443 1826 2472 in
1842 2441 1896 2472 hac
1915 2449 1990 2480 parte
2004 2440 2241 2479 Procuratorem,
2267 2442 2297 2471 in
2312 2450 2378 2471 cor-

1308 2482 1433 2522 poralem
1448 2466 1654 2512 i’osseffionem
1668 2478 1860 2512 Canonicati'is
1873 2481 1906 2511 &
1921 2479 2087 2523 Praebeiidae
2101 2479 2303 2522 praedictorum
2322 2487 2377 2516 po·

1307 2522 1377 2551 natis
1391 2521 1424 2551 &
1440 2520 1597 2559 inducatis,
1617 2521 1661 2550 seu
1675 2521 1793 2560 poni&
1817 2518 1912 2549 induci
1936 2519 2057 2556 faciatis,
2081 2517 2200 2548 Stallurn
2223 2526 2253 2546 in
2274 2516 2379 2547 Choro

1309 2560 1343 2589 ὃ(
1357 2559 1475 2590 Locum
1492 2559 1521 2588 in
1539 2556 1675 2597 Capitulo
1690 2557 1853 2598 assignantes
1866 2555 1959 2587 eidem
1969 2579 1978 2594 ,

1348 2598 1480 2628 Necnon
1502 2597 1611 2626 eundem
1632 2592 1814 2635 Johannem,
1838 2594 1884 2624 seu
1907 2594 2018 2625 dic'tum
2041 2591 2259 2636 Procuratorem
2279 2592 2379 2630 suum,

1310 2635 1477 2673 Fructibus,
1495 2635 1727 2666 obventionibus
1741 2657 1751 2672 ,
1775 2633 1928 2669 Proficuis,
1950 2633 1983 2663 &
2004 2630 2232 2667 Emolumentis‚
2257 2630 2291 2661 ad
2313 2629 2376 2660 eos·

1310 2674 1376 2705 dem
1390 2674 1602 2704 Canonicatum
1619 2673 1651 2703 &
1668 2671 1854 2702 Praebendam
1865 2670 2066 2709 spectantibus,
2083 2671 2123 2700 uti
2137 2669 2171 2700 &
2184 2668 2303 2708 gaudere
2310 2677 2372 2707 per-

1310 2713 1440 2780 miIttatis,
1457 2711 1586 2779 adhgbitis
1599 2711 1847 2750 Solempnitatibus
1861 2709 1890 2739 in
1904 2709 2004 2740 talibus
2020 2707 2080 2738 fieri
2094 2708 2244 2738 consuetis.

1363 2760 1382 2780 n
1396 2760 1431 2780 cu
1444 2760 1474 2779 us
1540 2759 1566 2779 c.

1369 2761 1440 2819 Dat.J
1449 2772 1522 2827 ap⁷ud
1531 2786 1655 2827 Castrum
1666 2786 1783 2826 nostrum
1796 2784 1956 2824 Rothomagi
1964 2808 1974 2824 ,
1992 2783 2093 2816 Primo
2109 2783 2155 2815 die
2168 2782 2277 2814 Martii.

1312 2916 1372 2948 Pro
1390 2915 1579 2961 Margareta
1598 2912 1634 2946 de
1650 2914 1763 2945 Bavier
1789 2915 1826 2950 ῤ’
1852 2909 1974 2957 Jacoba
2000 2908 2036 2943 de
2052 2912 2185 2951 Bavier,
2223 2906 2376 2952 Comittffis

1531 2964 1676 2996 Hanania
1688 2989 1698 3006 ‚
1726 2959 1882 2995 Holandiae
1893 2985 1904 3003 ,
1926 2962 1962 2998 ῤ’
1982 2957 2145 2993 Zelandiae.

1315 3046 1440 3103 REX
1452 3072 1462 3086 ,
1481 3047 1632 3079 Univerfis
1645 3049 1678 3080 &
1692 3045 1814 3085 Singulis
1837 3043 1963 3083 Alligatis
1984 3042 2100 3081 nostris,
2126 3042 2304 3087 Capitaneis,
2322 3041 2377 3086 Ca-
2397 3045 2474 3078 Αῃῃ,
2487 3045 2532 3078 Β.“

1395 3086 1531 3125 stellatus,
1550 3088 1583 3119 δε
1597 3095 1698 3117 eorum
1716 3083 1973 3120 Locatenentibus,
1990 3091 2023 3112 ac
2045 3082 2103 3112 aliis
2122 3082 2291 3119 Othciariis,
2317 3080 2378 3111 Mi·
2417 3095 2502 3126 142¹.

1313 3122 1424 3192 pistris,
1443 3126 1557 3165 Ligeis,
1575 3124 1732 3162 Fidelibus,
1750 3122 1783 3153 &
1797 3121 1922 3153 Subditis
1934 3120 2051 3161 nostris,
2077 3119 2111 3152 ad
2131 3130 2220 3161 quos,
2242 3122 2301 3153 &c.
2329 3119 2379 3151 Sa-
2396 3129 2449 3153 An.
2464 3125 2493 3152 8.

1325 3171 1400 3193 utem
2397 3169 2430 3191 H.
2459 3186 2466 3193 .

1351 3186 1449 3233 Sciatis
1461 3201 1539 3240 quod
1548 3223 1558 3239 ‚
2395 3173 2486 3230 Fraiic.
2501 3199 2530 3236 3τ

1351 3239 1434 3271 Cum
1453 3239 1600 3270 cariffimae
1621 3237 1845 3279 Consanguineae
1867 3236 1971 3269 nostrae
1986 3261 1996 3277 ‚
2022 3241 2189 3275 Margareta
2214 3236 2246 3266 de
2271 3238 2378 3266 Bavier
2397 3245 2430 3268 Η.
2440 3248 2468 3275 5.

1315 3276 1466 3307 Comitiffa
1481 3277 1640 3315 Hanoniae,
1658 3277 1829 3315 Holandiae‚
1846 3278 1879 3309 &
1893 3276 2088 3316 Zelandiae,&
2098 3276 2206 3315 Jacoba
2219 3275 2254 3306 de
2267 3274 2377 3313 Bavier,
2396 3288 2432 3307 m.
2451 3286 2478 3313 2,

1314 3315 1464 3345 Comitiffa
1480 3315 1635 3353 Hemoniae,
1653 3314 1826 3355 Hollandiae,
1841 3316 1874 3347 &
1888 3315 2045 3353 Zelandiae‚
2063 3315 2097 3346 &
2119 3314 2249 3345 Domina
2261 3314 2297 3344 de
2310 3313 2376 3343 Foi-

1316 3354 1360 3391 se,
1377 3353 1411 3383 ad
1425 3352 1607 3384 Comitatum
1621 3354 1696 3393 ipfius
1709 3354 1824 3392 Jacobae
1837 3354 1873 3385 de
1888 3353 2043 3392 Pointiffe,
2061 3354 2141 3384 certis
2157 3353 2193 3383 de
2215 3352 2316 3390 causis,
2332 3351 2378 3386 inf

1317 3391 1461 3459 frablfreve
1475 3393 1573 3423 venire
1586 3393 1619 3425 &
1634 3396 1767 3425 accedere
1782 3402 1943 3434 proponant
1959 3416 1969 3431 ‚
1984 3401 2014 3424 ut
2027 3392 2203 3430 accepimus,

1390 3440 1432 3466 os,

1356 3467 1551 3501 Desiderantes
1566 3469 1647 3508 quod
1658 3469 1740 3500 dieis
1756 3468 1977 3509 consanguineis
1998 3468 2116 3508 nostris,
2139 3469 2169 3499 in
2188 3466 2290 3498 Itinere
2309 3466 2380 3505 suo‚'

1320 3506 1410 3538 versus
1425 3507 1604 3538 Comitatum
1620 3508 1786 3546 praedictum
1796 3531 1805 3546 ,
1822 3507 1930 3538 Omnia
1941 3507 2122 3538 succederent
2136 3507 2171 3537 ad
2193 3513 2305 3547 votum,

1358 3545 1417 3575 Vos
1432 3547 1567 3585 Alligatos
1587 3545 1756 3586 Rogamus,
1779 3547 1917 3585 vobisque
1937 3546 2114 3584 Capitaneis,
2139 3542 2319 3586 Castellanu,
2342 3543 2378 3574 &

1321 3582 1479 3614 vestrorum
1498 3585 1749 3622 LocatenentibuS,
1765 3595 1799 3616 ac
1814 3585 1872 3616 aliis
1891 3584 2061 3620 Officiariis,
2087 3580 2240 3623 Ministris‚
2268 3580 2381 3621 Ligeis,

1322 3621 1464 3653 Fidelibus
1476 3623 1509 3653 ὃ(
1523 3623 1646 3653 Subditis
1658 3622 1775 3662 nostris,
1797 3624 1831 3655 &
1852 3623 1966 3654 cuilibet
1985 3619 2131 3657 vestrum,
2152 3618 2328 3658 Injungimus
2345 3620 2382 3651 &

1324 3660 1494 3690 Mandamus
1509 3662 1586 3699 quod
1602 3661 1706 3692 eisdem
1725 3661 1952 3698 Consanguineis
1961 3658 2080 3696 nostris,
2093 3667 2127 3688 ac
2141 3666 2237 3687 earum
2253 3657 2382 3688 Familia-

1323 3699 1398 3728 ribus
1413 3701 1445 3729 ὃς
1459 3698 1667 3738 Servientibus,
1685 3710 1800 3731 necnon
1813 3699 1872 3730 aliis
1883 3697 2105 3736 quibuscumque
2120 3696 2148 3724 in
2161 3693 2310 3739 Comitiva
2323 3695 2382 3734 sua‘i,

1325 3737 1354 3765 in
1367 3747 1463 3766 earum
1480 3737 1614 3768 Adventu
1631 3748 1714 3776 penes
1727 3738 1905 3769 Comitatum
1919 3733 2084 3773 praedieium
2100 3755 2110 3771 ,
2128 3732 2267 3764 Viciualia
2280 3734 2313 3765 &
2328 3734 2379 3765 alia

1326 3773 1488 3804 Necessaria
1497 3798 1506 3813 ,
1523 3776 1557 3806 ad
1573 3786 1667 3806 earum
1681 3776 1785 3806 Custus
1799 3776 1832 3806 &
1846 3773 1983 3812 Expensas
1995 3794 2004 3809 ,
2028 3771 2215 3802 favorabiliter
2237 3771 2379 3803 ministre·

1325 3813 1359 3842 tis
1372 3813 1404 3842 &
1420 3813 1512 3844 haberi
1525 3814 1646 3852 faciatis,
1673 3813 1816 3852 Ipsasque,
1838 3812 1941 3849 absque
1955 3810 2162 3848 perturbatione
2182 3809 2240 3841 five
2257 3811 2381 3849 impedi-

1326 3860 1424 3880 mento
1438 3861 1638 3891 quocumque,
1656 3853 1768 3883 transire
1780 3850 1942 3888 permittatis
1955 3857 1989 3877 ex
2003 3848 2083 3878 causa
2102 3848 2276 3887 supradict-23

1365 3891 1380 3905 ⁸
1399 3888 1474 3918 Non
1490 3891 1637 3921 inferentes
1650 3892 1705 3929 eis,
1723 3891 1786 3927 seu,
1825 3895 1940 3917 uantum
1955 3887 1984 3915 in
1998 3887 2077 3916 vobis
2090 3885 2131 3916 est
2163 3887 2198 3916 ab
2212 3887 2267 3917 aliis
2285 3887 2381 3918 inferri
2400 3887 2420 3909 *¹
2435 3888 2472 3916 X.
2483 3886 2532 3923 683

1325 3928 1533 3966 permittentes,
1552 3928 1702 3966 Iniuriam,
1720 3927 1804 3958 Mole
1830 3927 1903 3962 iarn,
1928 3923 2115 3962 Dampnum,
2136 3909 2324 3964 violentiam,
2341 3926 2383 3957 A·

1326 3964 1447 4002 restum,
1462 3964 1703 4004 Impedimentum
1717 3963 1849 4002 aliquod,
1866 3962 1911 3992 seu
1926 3960 2108 4000 Gravamen,
2125 3962 2164 3993 set
2176 3964 2279 4001 potius,
2296 3973 2383 4003 quan-

1327 4012 1388 4032 tum
1402 4003 1430 4032 iri
1446 4004 1528 4033 vobis
1542 4005 1600 4043 est,
1618 4006 1651 4036 &
1665 4001 1791 4035 vestrum
1805 4001 1948 4039 quolibet,
1965 4001 2111 4032 Auxilium
2123 4001 2157 4032 δι
2171 4000 2311 4033 Pavorem
2333 4011 2382 4032 ce-

1326 4041 1417 4072 leriter
1429 4041 1587 4074 adhibeatis.
2350 4075 2390 4111 h
