2562 4274
35 1249 52 1269 ⁶
73 1253 126 1280 lx.

35 1293 101 1326 526.

772 150 884 197 ET
965 152 1223 196 ACTA

32 245 108 279 Ann.
119 244 161 275 D.
217 245 254 277 Et
275 242 446 277 Mandatum
466 235 508 273 est
525 239 683 273 Senescallo
695 235 784 281 Regis
797 241 834 271 de
848 240 966 278 Baiani,
983 249 1017 271 ac
1032 238 1167 270 omnibus
1181 239 1238 270 aliis

58 291 141 323 1417.
181 282 334 314 Officiariis
354 284 389 314 &
413 280 553 311 Ministris
572 281 642 318 suis,
660 280 689 310 in
711 279 825 310 Ducatu
847 279 896 310 suo
913 278 1106 309 Norrnanniae
1120 277 1237 308 ubilibet

32 328 95 354 Heu.
112 332 143 359 5.
178 322 352 358 constitutis,
370 321 404 351 δε
415 328 516 349 eorum
530 318 665 356 cuilibet,
679 317 761 356 quod
775 318 847 355 ipsos
861 317 1002 347 Abbatem
1017 318 1050 347 &
1066 320 1236 346 conventum

178 361 276 391 omnia
290 358 473 398 Temporalia
485 357 530 388 sua
543 356 692 394 praedieta,
713 355 889 394 ubicumque
903 356 973 386 infra
984 355 1132 386 Ducatum
1153 355 1232 385 suum

178 397 347 437 praedietum
369 397 472 427 fuerint
493 395 660 433 constituta,
678 404 743 432 quae
761 394 811 432 ipsi
834 395 1007 432 temporibus
1029 392 1172 424 retroaffis
1186 393 1235 422 ha-

178 439 300 468 buerunt
312 436 346 466 &
359 442 526 472 tenuerunt,
543 433 589 464 seu
604 434 704 471 quibus
722 433 820 463 melius
836 433 873 463 usi
890 434 1001 464 fuerunt
1015 432 1049 463 &
1070 432 1168 470 gavisi,
1186 432 1234 461 ha-

177 476 245 506 bere
262 475 425 512 permittant
434 475 510 511 juxta
524 473 675 502 Tenorem
692 470 848 502 Literarum
863 471 906 503 Re
928 473 948 501 is
962 471 1175 510 praedictarum,
1192 471 1235 507 ip-

176 514 239 551 sos,
257 521 356 543 contra
372 512 522 542 Tenorem
537 509 719 548 earumdem,
736 519 798 541 non
820 509 915 541 Mole1
931 519 1005 541 antes
1026 510 1056 539 in
1073 509 1167 547 aliquo
1188 508 1234 539 seu

177 558 334 592 gravantes.

217 588 308 620 Teste
323 597 355 620 ut
365 588 452 627 supra.

834 627 887 655 Per
903 623 984 665 ipfitm
1001 626 1106 662 Regem.

182 703 298 760 REX
313 703 474 740 Omnibus,
493 700 528 734 ad
542 708 630 741 quos,
647 702 708 734 ὅτε.
723 702 855 733 Salutem.

274 742 374 772 Sciatis
392 741 487 780 quod,
512 741 548 771 de
564 740 650 780 gratia
667 739 764 771 nostra
781 741 906 779 speciali,
924 738 1139 776 Conceffimus,
1158 737 1239 768 Reli-

182 780 263 850 Riofis
280 779 354 811 Viris
371 780 483 810 Abbati
501 782 595 809 Sanbii
613 779 741 818 Stephani
757 781 789 809 de
807 780 940 817 cadomo,
958 779 987 808 in
1005 776 1120 807 Ducam
1139 776 1239 806 nostro

210 820 392 857 Yormanniae,
411 828 475 857 quae
492 818 528 849 de
540 818 564 848 F
566 818 715 849 undatione
728 818 946 857 progenitorum
960 815 1240 853 nostrorum,quon-

184 857 250 887 dam
269 857 386 897 Regum
404 858 516 896 Angliae
529 879 538 896 ‚
563 858 597 889 &
614 857 714 887 nostro
733 856 884 886 Patronatu
902 854 996 885 existit
1010 877 1019 892 ,
1046 852 1126 892 quod
1141 853 1240 882 omnia

183 895 369 933 Temporalia
398 897 528 926 Abbatiae
554 895 697 933 praedictae
714 916 724 932 ,
752 903 816 932 quae
841 894 912 924 infra
937 893 1083 923 Ducatum
1109 889 1240 921 nostrum

205 934 355 965 raediuum
369 934 419 965 sub
436 933 652 965 Gubernatione
669 933 715 963 sua
734 932 936 970 existunt,&c.
950 931 1092 969 quousque
1111 940 1164 967 pro
1174 929 1240 960 Gu-

221 974 348 1003 rnatione
365 974 400 1004 &
418 972 573 1010 Regimine
589 971 711 1010 ejusdem
730 971 875 1009 Abbatiae,
892 970 926 1001 ad
944 969 1073 1001 Laudem
1085 970 1118 1001 &
1133 969 1241 1001 Hono-

182 1021 245 1043 rem
264 1011 337 1049 Dei,
352 1011 430 1042 aliter
447 1011 606 1041 duxerimus
621 1008 832 1040 Ordinandum.

257 1049 291 1079 In
309 1050 404 1088 cujus,
421 1051 482 1081 &c.

218 1087 308 1118 Teste
322 1088 422 1126 Rege,
440 1089 470 1117 in
488 1087 620 1118 Exercitu
639 1087 706 1126 suo,
721 1096 811 1127 prope
830 1085 934 1116 Villam
952 1085 1078 1126 Falefiae‚
1094 1086 1123 1116 in
1141 1085 1240 1117 Daca-¹

181 1134 228 1165 tu,
247 1127 308 1158 &c.
327 1126 404 1158 seirto
421 1125 469 1156 die
485 1125 665 1156 Decembris.

832 1166 886 1193 Per
903 1162 987 1203 ipfiem
1005 1166 1110 1200 Regem.

220 1242 240 1262 ²¹³
258 1239 298 1272 Et
316 1240 488 1272 Mandatum
507 1240 549 1272 est
565 1240 721 1272 Senescallo
740 1239 828 1280 Regis
846 1239 883 1270 de
897 1239 1048 1277 cadomo,
1063 1248 1096 1269 ac
1111 1238 1168 1269 aliis
1183 1232 1240 1268 Of-

183 1280 295 1311 ficiariis
312 1281 346 1311 &
364 1280 504 1311 Ministris
521 1279 609 1319 Regis
624 1281 653 1310 in
671 1279 787 1310 Ducatu
802 1279 851 1308 suo
863 1278 1072 1314 Normanniae,
1090 1278 1124 1307 &
1138 1286 1240 1307 eorum

180 1319 318 1356 cuilibet,
344 1319 425 1357 quod
451 1318 524 1356 ipsos
549 1318 707 1357 Religiosos
731 1318 828 1348 omnia
853 1316 1034 1354 Temporalia
1058 1316 1103 1345 sua
1120 1315 1242 1352 ejusdem

182 1357 315 1389 Abbatiae
329 1379 339 1395 ,
363 1358 434 1388 infra
456 1357 605 1387 Ducatum
630 1357 716 1395 Regis
741 1355 909 1393 praedie'cum
923 1377 933 1392 ,
959 1355 1008 1384 sub
1026 1353 1243 1384 Gubernatione

179 1397 284 1428 habere
301 1397 479 1433 permittant,
493 1396 570 1433 juxta
587 1394 736 1425 Tenorem
756 1394 914 1424 Literarum
931 1391 1018 1429 Regis
1031 1392 1242 1429 praedifflrum,

181 1434 254 1505 igsos
273 1442 371 1465 contra
389 1433 540 1465 Tenorem
558 1432 742 1471 earumdem,
759 1442 821 1463 non
837 1430 1024 1462 Molestantes
1041 1432 1070 1460 in
1088 1431 1182 1469 aliquo
1196 1431 1242 1461 seu

215 1480 346 1504 ravantes.

218 1511 308 1543 Teste
321 1519 352 1543 ut
364 1511 497 1550 proximo
509 1511 598 1550 supra.

815 1549 869 1577 Per
881 1546 964 1586 ipfitm
978 1548 1083 1584 Regem.

183 1624 305 1683 REX
325 1625 490 1665 Omnibus,
505 1624 539 1656 ad
557 1634 646 1663 quos,
661 1624 724 1665 δῖε.
740 1623 875 1654 Salutem.

281 1664 396 1702 Sciatis,
414 1663 476 1700 &c.
493 1670 526 1693 ut
535 1663 622 1702 supra
638 1663 717 1703 usque
735 1661 787 1701 ibi,
803 1662 950 1698 Abbatiae,
969 1658 1008 1695 ό»
1026 1667 1090 1690 tnnc
1102 1659 1157 1700 fic,
1176 1662 1246 1689 San-

168 1702 231 1780 jlae
249 1703 385 1732 Barbarae
404 1704 434 1733 in
455 1702 590 1740 Ducam,
609 1703 670 1733 &c.
689 1700 771 1739 quod
787 1702 886 1731 omnia
905 1700 1110 1738 Temporalia,
1133 1698 1193 1734 &c.
1213 1704 1245 1728 ut

188 1748 264 1779 upra.

215 1780 249 1810 ln
266 1779 361 1818 cujus,
380 1779 442 1810 &c.

254 1818 344 1849 Teste
362 1817 445 1857 Rege
463 1824 495 1848 ut
512 1816 600 1855 supra.

816 1856 870 1884 Per
883 1852 967 1894 ipfitm
979 1855 1084 1891 Regem.

216 1932 256 1964 Et
282 1926 453 1964 Mandatum
478 1931 520 1962 est
545 1930 679 1962 universis
695 1932 728 1963 &
748 1931 860 1971 fingulis
878 1929 1031 1960 Officiariis
1050 1930 1084 1961 ὃς
1105 1927 1244 1959 Ministris

177 1965 266 2010 Regis
281 1973 310 2001 in
327 1971 462 2010 Ducam,
478 1972 539 2003 &c.
558 1971 679 2002 ubilibet
696 1969 870 2008 constitutis,
888 1968 967 2008 quod
983 1967 1055 2006 ipsos
1069 1967 1244 2006 ReligiosOS,

178 2009 241 2046 &a
256 2016 288 2041 ut
297 2008 392 2049 fiepra.

179 2086 302 2143 REX
319 2086 482 2125 Omnibus,
495 2085 531 2118 ad
548 2095 638 2125 qum,
654 2085 718 2117 &c.
736 2085 870 2117 Salutem.

279 2125 378 2156 Sciatis
394 2125 494 2164 quod,
513 2125 550 2156 de
568 2124 669 2155 Gratia
682 2123 779 2155 nostra
794 2123 920 2162 speciali,
937 2122 972 2155 &
990 2131 1022 2160 ut,
1039 2123 1170 2154 divinum
1180 2120 1245 2152 Ser-

178 2162 279 2194 vitium
304 2172 338 2194 ac
361 2163 413 2195 alia
435 2163 547 2195 Pietatis
571 2163 668 2201 Opera
682 2185 691 2202 ,
723 2173 787 2201 quae
808 2164 836 2193 in
855 2161 993 2201 Hospitali
1003 2162 1066 2202 five
1084 2164 1171 2191 Domo
1190 2161 1245 2189 Dei

176 2204 313 2232 civitatis
330 2201 426 2241 nostrae
442 2202 473 2231 de
493 2205 618 2240 Baieux,
642 2201 673 2232 in
692 2200 809 2232 Ducatu
827 2201 928 2231 nostro
947 2200 1142 2230 Normanniae
1156 2221 1166 2236 ‚
1185 2197 1245 2228 fieri

177 2239 299 2271 debeant
313 2264 323 2278 ,
354 2241 417 2278 plus
439 2241 521 2272 solito
541 2239 725 2277 accrescant,
755 2241 789 2272 δε
814 2239 921 2270 ibidem
936 2238 1100 2269 laudabilius
1116 2245 1246 2267 manute-

178 2286 298 2310 neantur
314 2279 348 2309 δε
366 2278 547 2310 sustineantur
558 2302 568 2318 ,
592 2277 795 2310 Conceffimus
815 2277 949 2317 Religiofis
968 2280 1045 2307 171¹·sz
1057 2300 1067 2315 ,
1092 2274 1245 2313 Hospitalis

179 2317 237 2347 five
254 2314 373 2348 Domi'is
391 2317 535 2355 praedictae
552 2318 649 2348 omnia
667 2316 851 2354 Temporalia
864 2339 874 2355 ,
905 2316 999 2347 eidem
1023 2314 1162 2352 Hospitali
1188 2313 1245 2344 sive

177 2354 294 2386 Domui
310 2355 380 2386 insta
400 2354 548 2387 Ducatum
563 2355 694 2386 nostrum
719 2354 892 2392 praedicstum
917 2355 1162 2393 qualitercumque
1185 2353 1203 2382 s
1233 2369 1246 2375 -

177 2394 281 2439 (iga-ntia
300 2393 358 2438 five
375 2395 557 2433 pertinentia,
574 2393 715 2425 Habenda
727 2415 738 2432 ,
753 2395 782 2424 in
799 2393 1037 2424 Sustentationem
1059 2391 1163 2422 Divini
1182 2361 1245 2421 Sig-

178 2440 240 2465 vitu
255 2432 292 2501 18¹}
309 2432 559 2503 aliorum&Pietatis
577 2431 708 2471 Operum
727 2431 947 2472 ptaedistorum,
966 2431 1003 2462 de
1021 2430 1100 2461 dono
1119 2428 1226 2460 nostro.

307 2480 406 2509 cujus,
458 2481 483 2501 c.

215 2507 314 2580 Τείῒόεζ
324 2507 429 2548 Rege,
450 2510 480 2546 in
499 2508 636 2541 Exercitu
654 2509 704 2540 suo
719 2533 729 2548 ,
748 2517 839 2548 prope
856 2507 960 2539 Villam
977 2506 1085 2543 Falesa'ae
1099 2531 1110 2545 ,
1135 2507 1164 2537 in
1181 2505 1248 2537 Du-

181 2554 263 2587 cam,
315 2555 343 2578 c.

836 2625 889 2654 Per
903 2622 984 2662 ipfitm
999 2625 1102 2660 Regem.

199 2699 258 2746 „Et
276 2701 447 2732 Mandatum
466 2700 508 2733 est
524 2694 680 2731 Senescallo
697 2699 725 2730 R
764 2701 785 2730 is
802 2700 838 2731 de
856 2699 957 2731 Baieux
972 2723 982 2738 ,
1002 2710 1034 2731 ac
1052 2699 1109 2730 aliis
1127 2698 1251 2729 Officia-

183 2749 229 2770 rus
248 2739 283 2770 &
299 2739 440 2770 Ministris
457 2739 509 2770 suis
524 2738 657 2770 Ducatfis
675 2738 714 2770 sui
766 2740 924 2769 ormanniae
942 2737 1060 2769 ubilibet
1081 2737 1250 2774 constitutis,

183 2777 263 2814 quod
281 2776 490 2845 ipfivstreligicgos
507 2779 606 2808 omnia
623 2777 808 2816 Temporalia
826 2777 870 2807 sua
883 2802 893 2815 ‚
925 2777 1020 2807 eidem
1036 2776 1176 2814 Hospitali
1196 2775 1251 2806 sive

183 2814 299 2847 Domui
350 2816 421 2847 infra
472 2824 586 2846 ucatutn
606 2815 695 2854 Regis
715 2815 902 2855 praediCtum,
929 2816 1172 2854 qualitercumque
1191 2814 1252 2852 spe-

184 2854 288 2885 &antia
306 2840 563 2898 (ive-pertinentia,
587 2854 690 2884 habere
708 2855 884 2892 permittant,
908 2855 985 2892 quta
1003 2853 1154 2884 Tenorem
1175 2852 1251 2883 Lite-

185 2901 276 2924 rarum
295 2892 384 2930 Regis
403 2891 622 2930 praedictarum,
638 2892 710 2929 ipsos
727 2901 829 2924 contra
843 2892 996 2923 Terrorem
1011 2891 1178 2923 earumdem
1191 2899 1252 2921 non

190 2929 375 2961 Molestantes
391 2931 419 2960 in
438 2929 532 2967 aliquo
549 2931 596 2960 seu
612 2929 779 2961 Gravantes.

224 2967 315 3000 Teste
330 2966 413 3008 Rege
432 2969 464 2999 in
482 2968 636 3007 Exercitu,
652 2968 714 2999 ἃς.

827 3008 881 3036 Per
893 3004 977 3046 ipsum
990 3008 1095 3044 Regem.

227 3080 398 3112 Confirniles
413 3082 521 3114 Literas
536 3083 624 3123 Regis
637 3082 766 3114 Parentes
780 3083 885 3115 habent
899 3083 1059 3122 subscripti,
1075 3082 1222 3121 videlicet,

229 3161 372 3188 Prioratus
390 3160 484 3188 Sancti
503 3162 608 3196 Vigoris
627 3158 652 3188 Ie
667 3161 778 3191 Graunt
793 3184 803 3198 ,
835 3161 913 3199 juxta
933 3159 1091 3191 Civitatem
1110 3159 1198 3199 Regis
1219 3158 1256 3190 de

194 3196 314 3234 Baieux,
332 3198 363 3226 in
377 3194 493 3227 Ducatu
505 3195 593 3236 Regis
606 3197 808 3230 Nortnanniae.

232 3235 323 3266 Teste
338 3234 421 3274 Rege
438 3235 468 3265 in
481 3234 634 3274 Exerdru,
653 3237 714 3268 &c.

232 3311 272 3342 Et
286 3310 458 3343 Mandatum
474 3311 534 3348 est,
550 3312 613 3343 δίε.
858 3276 914 3306 Per
926 3275 1008 3315 'pfi‘m
1021 3277 1124 3314 Regem.

270 3349 359 3381 Teste
372 3359 404 3381 ut
420 3351 507 3388 supra.

235 3429 380 3458 Prioratus
391 3426 423 3457 de
433 3425 611 3467 FontenayJe
623 3425 735 3466 Pamel,
751 3427 783 3457 in
795 3425 911 3458 Ducatu
928 3426 1020 3466 Regis
1033 3428 1233 3461 Normanniae.

865 3505 918 3533 Per
934 3503 1016 3544 ipficm
1027 3508 1131 3544 Regem.

238 3584 277 3616 Et
296 3583 469 3617 Mandatum
492 3584 534 3616 est
553 3584 685 3616 univerfis
703 3584 738 3616 &
757 3583 867 3622 singulis
886 3584 1041 3616 Officiariis
1060 3587 1094 3618 ὃς
1122 3583 1263 3618 Ministris

1306 149 1775 197 PUBLICA.
2292 164 2345 205 29

1313 274 1443 307 Abbatia
1457 278 1553 307 Sand'ffi
1567 278 1692 308 Andreae
1704 278 1736 307 de
1748 276 1856 317 Gouffer
1866 302 1874 316 ,
1889 278 1966 317 juxta
1980 277 2087 308 Villam
2102 276 2191 316 Regis
2205 275 2332 315 Falcfiae,
2345 237 2478 313 Αιᾞῆᾳ

1274 316 1303 345 in
1317 316 1451 355 Ducam,
1469 318 1530 348 &c.
2344 320 2408 345 Heu.
2428 320 2457 350 5,

1900 390 1952 422 Per
1970 391 2051 432 ipsum
2063 395 2167 429 Regem.

1312 468 1442 498 Abbatia
1466 467 1553 497 beatae
1576 470 1680 498 Mariae
1702 468 1862 506 Dardame,
1880 469 1909 498 in
1928 468 2065 507 Bailliagio
2081 468 2169 507 Regis
2182 469 2219 500 de
2232 462 2331 500 Cade-

1276 516 1338 537 ΜΟ.
1919 546 1970 573 Per
1981 545 2062 583 ipfitm
2077 548 2178 583 Regem.

1314 622 1455 650 Prioratus
1466 620 1498 650 de
1512 623 1637 659 Croptes,
1655 620 1683 649 in
1699 618 1864 650 Castellania
1880 619 1964 658 Regis
1979 619 2114 650 Dexmes.

1905 697 1959 724 Per
1972 694 2052 734 ipfizm
2068 699 2171 733 Regem.

1470 833 1490 853 ⁸*
1517 835 1565 866 De
1580 835 1706 881 Treugis
1721 836 1878 866 Britannia
1896 833 2133 868 Proclamandis.
2345 849 2429 878 *122

1285 919 1537 995 ΚΕέζι,ῑιέἰ1εὲὶο
1558 926 1625 965 sibi,
1643 925 1773 965 Johanni
1794 926 1935 967 Mffiz'ale,
1950 927 2085 959 Servienti
2104 929 2154 960 suo
2173 929 2207 960 ad
2228 929 2334 969 Arma,
2346 897 2475 977 &gd-‘DA

1316 976 1422 1035 SciasisJ
1428 975 1508 1041 qtrinod
1517 1027 1527 1041 ‚
2342 970 2451 1037 Alfi-154⁰

1317 1042 1397 1073 Cum
1416 1051 1501 1073 certae
1520 1042 1644 1081 Treugae
1663 1042 1697 1073 δε
1716 1041 1891 1073 Guerrarurn
1912 1043 2117 1083 Abstinentiae,-
2144 1055 2197 1084 pro
2216 1044 2332 1083 Nobis,
2347 1044 2380 1067 H.
2397 1047 2413 1076 5
2420 1062 2425 1066 ·

1279 1079 1390 1120 Regnis
1404 1104 1414 1118 .,
1440 1079 1537 1110 Terris
1551 1103 1561 1118 ‚
1584 1081 1678 1111 Patriis
1697 1080 1861 1119 Dominiis,
1885 1082 1996 1119 Liyeis,
2021 1084 2053 1113 ὃς
2074 1084 2196 1115 Subditis
2215 1082 2402 1121 noi'tris‚1'ar-
2417 1086 2443 1112 5‘-

1279 1129 1366 1157 cum,
1383 1119 1481 1149 illustri
1501 1118 1649 1156 Principe,
1667 1118 1817 1149 Carissimo
1836 1120 1929 1150 Fratre
1944 1123 1975 1150 ὅ(
1992 1120 2209 1160 Consanguinco
2228 1122 2338 1160 nostro,
2348 1120 2381 1142 H.
2403 1125 2428 1150 5-
2445 1117 2481 1142 '⁷¹⁴'

1278 1157 1411 1196 Johanne
1426 1160 1500 1186 Duce
1514 1160 1669 1186 Britanniae
1683 1159 1716 1188 &
1735 1157 1853 1188 Comitc
1873 1159 1984 1189 Montis
2004 1159 2110 1198 Fortis,
2131 1172 2182 1198 pro
2202 1162 2255 1198 Se,
2274 1152 2464 1191 Dii-3¹·d0's'

1280 1205 1343 1226 catu
1362 1196 1410 1226 suo
1429 1195 1595 1233 Britanniae,
1613 1195 1728 1232 Terris,
1746 1196 2026 1236 Patr-iis,Dominiis,
2038 1198 2148 1236 Lienis,
2168 1210 2199 1229 :c
2217 1199 2341 1229 Subditis

1281 1234 1333 1264 suis
1352 1233 1452 1271 faetae,
1471 1235 1565 1270 initae,
1584 1234 1782 1269 concordatae,
1808 1236 1840 1265 &
1859 1237 2023 1273 comptuitst
2044 1238 2174 1275 exiliant,
2200 1237 2339 1267 duraturae

1281 1283 1297 1303 a
1316 1272 1375 1302 Die
1393 1272 1493 1310 Datae,
1518 1272 1722 1301 Sexrodecimo
1742 1271 1847 1302 Mensis
1868 1274 2046 1304 Novembris.
2059 1297 2068 1312 ‚
2093 1278 2222 1313 pra-:imo
2243 1284 2342 1313 prsete-

1283 1313 1354 1349 rito,
1372 1310 1457 1348 usque
1474 1309 1508 1340 ad
1528 1308 1640 1339 Festum
1658 1310 1729 1339 beati
1750 1310 1896 1341 lNslichaelis
1915 1313 2102 1350 Archangeli,
2121 1316 2251 1351 proximo
2266 1315 2339 1344 'futu-

1281 1360 1364 1387 rum,
1388 1350 1438 1379 iub
1455 1348 1545 1392 modo
1564 1349 1597 1379 &
1613 1347 1723 1385 forma,
1747 1349 1794 1385 qui
1812 1350 1843 1379 in
1861 1351 1979 1387 quadam
1999 1350 2108 1381 Cedula
2126 1375 2135 1390 ,
2160 1353 2339 1390 praesentibus

1283 1397 1407 1457 anrffixa,
1425 1395 1622 1424 continentur,

1358 1437 1390 1456 os

1322 1464 1372 1496 De
1386 1447 1516 1495 fi’delitatc
1530 1464 1563 1494 ὃς
1578 1462 1835 1500 circumspcc'iione
1850 1464 1903 1494 tuis
1917 1464 2021 1501 plenius
2037 1465 2222 1506 confflemee,

1323 1503 1528 1542 Affignavimus
1546 1503 1593 1532 Te
1611 1501 1644 1531 ad
1660 1501 1789 1539 Treugas
1805 1506 1837 1532 ὃ(
1857 1502 2032 1532 Givcrrzirum
2052 1504 2226 1535 obstin-astura·
2243 1507 2343 1543 praedi-

1286 1543 1344 1573 <stas
1359 1566 1368 1580 ,
1396 1544 1424 1572 in
1451 1540 1572 1580 Singulis
1593 1539 1731 1570 Portubus
1755 1540 1846 1578 Regni
1865 1542 1955 1570 nomi
1974 1542 2084 1579 Augure
2098 1566 2106 1578 ,
2131 1544 2166 1572 ab
2184 1544 2245 1573 Orc
2264 1556 2343 1582 aquae

1287 1581 1439 1612 Thamisrae
1453 1581 1543 1610 versus
1558 1588 1647 1617 partes
1659 1578 1798 1616 Boreales,
1815 1580 1862 1608 ubi
1878 1588 1964 1618 magis
1981 1581 2144 1618 indiguerit,
2158 1581 2343 1613 Proclaman-

1285 1620 1354 1650 dum
1371 1620 1403 1650 &
1420 1618 1591 1649 Proclamari
1607 1616 1786 1654 faciendum,

1325 1657 1364 1688 Et
1379 1667 1440 1695 eaS,
1452 1658 1488 1686 iic
1502 1656 1702 1693 Proclamaras,
1717 1655 1833 1685 firmiter
1848 1656 1881 1686 δε
1896 1655 2091 1686 inviolabiliter
2106 1657 2214 1688 Teneri
2228 1658 2344 1690 deman-

1286 1695 1411 1727 dandum
1424 1698 1501 1734 jquta
1514 1696 1591 1732 vim,
1611 1695 1730 1724 sormam
1741 1716 1750 1731 ,
1766 1695 1799 1724 ὅτ
1815 1695 1952 1724 effeetum
1971 1696 2152 1733 eartzmden13

1324 1733 1362 1766 Et
1382 1734 1448 1764 idco
1470 1733 1540 1763 Tibi
1561 1734 1740 1770 prm-cipimus
1755 1732 1836 1768 quod
1849 1734 1921 1763 circa
1938 1733 2081 1762 Preciana
2094 1735 2240 1773 diligenter
2253 1736 2345 1767 inten..

1288 1773 1351 1812 das,
1366 1783 1400 1806 ,ac
1415 1783 1445 1803 ea
1458 1773 1539 1802 facias
1553 1773 1586 1802 &c
1599 1771 1749 1808 Exequaris
1764 1772 1792 1800 in
1804 1771 1897 1801 forma
1914 1773 2056 1811 praedicta.

1362 1810 1395 1842 In
1410 1811 1487 1844 cuius
1497 1835 1505 1847 ,
1519 1812 1580 1842 ἃς.

1325 1849 1416 1880 Teste
1433 1849 1566 1888 Johanne
1587 1850 1660 1877 Duce
1677 1846 1830 1886 Beffira'iae
1852 1847 1982 1880 Custode
2004 1848 2116 1888 Angiiae
2133 1849 2206 1887 apud
2221 1849 2349 1889 Wstmw-

1289 1887 1357 1928 vast.
1378 1889 1471 1927 quinta
1483 1888 1529 1918 die
1545 1886 1724 1917 Decembris.
2346 1884 2349 1887 ’

1964 1965 2018 1993 Per
2036 1964 2189 1994 Concilium.

1289 2040 1404 2110 RFiX
1419 2039 1526 2072 dilecto
1540 2037 1589 2071 sibi
1598 2065 1606 2078 ‚
1625 2039 1741 2070 Roberto
1752 2043 1899 2078 sapertun,
1915 2039 2055 2072 Servienti
2069 2041 2119 2073 suo
2132 2041 2166 2072 ad
2180 2041 2288 2081 Arma,
2300 2041 2352 2078 Sa-†

1372 2090 1457 2111 utem.

1325 2119 1403 2150 Scias
1416 2118 1493 2158 quod
1502 2141 1512 2156 ‚
1727 2123 1730 2126 ’

1326 2158 1423 2196 Cum,
1441 2155 1501 2192 &c.
1521 2163 1551 2186 ut
1568 2158 1604 2196 su
1621 2167 1654 2186 ra
1675 2156 1755 2196 usque
1775 2155 1828 2193 ibi,
1849 2155 1960 2194 Angliae
1981 2154 2019 2191 (92
2035 2155 2159 2197 tuncfic,
2177 2157 2212 2189 ab
2227 2157 2289 2189 Ore
2309 2156 2352 2193 A<J

1289 2207 1354 2237 quae
1369 2195 1523 2226 Thamisiae
1538 2205 1588 2226 ver
1601 2206 1631 2226 us
1644 2200 1733 2233 partes
1749 2193 1965 2233 occidentales,
1984 2194 2044 2230 &a
2063 2203 2096 2225 ut
2102 2195 2197 2235 fiaepra.

1324 2233 1413 2266 Teste
1427 2242 1457 2266 ut
1469 2233 1556 2271 supra.

1996 2274 2050 2302 Per
2064 2272 2220 2303 Concilium.

1289 2341 2303 2426 Rssffiabissflfffissfflglfssssssfflsszrffzffissn¹³0ssssisst¹33v⁰¹¹¹ae²
2319 2351 2353 2383 ²⁶

1370 2429 1375 2433 .
1408 2428 1412 2433 ι
2033 2410 2044 2426 ,
2186 2411 2192 2418 .

1406 2438 1428 2457 is

1327 2428 1406 2497 {3ch
1415 2490 1424 2502 ,
1448 2472 1530 2494 &aut
1556 2472 1622 2502 upra
1630 2462 1966 2504 uffiueihi,confidentes,
1975 2462 2012 2498 όν
2026 2471 2090 2494 tunc
2099 2464 2148 2503 fic,
2157 2463 2355 2504 assignavimus

1290 2514 1343 2535 vos
1356 2504 1389 2534 ad
1404 2504 1532 2542 Treugas
1547 2504 1593 2533 seu
1608 2502 1786 2532 Guerrarum
1805 2501 1995 2532 Abstinentias
2010 2504 2156 2541 praedicias
2166 2526 2175 2541 ,
2195 2504 2223 2532 in
2251 2502 2356 2533 Portu-

1291 2543 1344 2573 bus
1367 2542 1525 2581 praeditstis,
1542 2551 1575 2572 ac
1599 2541 1655 2570 aliis
1675 2540 1762 2571 Locis
1780 2540 1829 2571 ubi
1843 2541 2008 2580 indiguerit,
2027 2540 2278 2580 proclamandum,
2296 2539 2362 2575 &a

1289 2589 1320 2611 ut
1327 2579 1430 2621 supro,
1445 2583 1560 2610 mutatis
1574 2581 1718 2608 mutandis.

1329 2620 1418 2651 Teste
1437 2628 1466 2650 ut
1480 2620 1568 2657 supra.

1468 2426 1544 2464 uod,

2005 2659 2058 2687 Per
2071 2655 2222 2687 Concilium.

1296 2733 1413 2791 REX
1431 2733 1605 2764 Vicecomiti
1618 2731 1858 2770 Suthamptoniae',
1876 2731 2010 2764 Salutem.

1393 2773 1470 2804 Scias
1486 2771 1584 2810 quod,

1332 2811 1428 2849 Cum,
1445 2809 1504 2845 ὄπ.
1521 2810 1660 2849 utsupra,
1675 2812 1791 2839 mutatis
1808 2809 1955 2840 mutandis.

1367 2850 1457 2881 Teste
1469 2859 1500 2881 ut
1515 2849 1601 2888 supra.

2003 2886 2057 2914 Per
2072 2883 2223 2915 Concilium.

1327 3033 1421 3077 Super
1439 3029 1563 3074 Treugis
1583 3026 1778 3073 Burgundiae,
1802 3029 1838 3064 ὠ
1857 3023 1892 3058 de
1911 3024 2148 3060 Proclamatione
2156 3024 2314 3069 facienda.

1299 3122 1437 3180 REX,
1463 3122 1568 3153 dilecto
1590 3121 1641 3152 fibi
1662 3120 1776 3150 Roberto
1794 3124 1941 3158 Saperton,
1965 3118 2102 3151 Servienti
2124 3118 2174 3150 suo
2195 3118 2229 3149 ad
2252 3118 2357 3156 Arma,
2372 3110 2501 3143 Arma

1377 3162 1512 3192 Salutem.
2391 3157 2476 3191 1417.

1337 3198 1414 3231 Scias
1427 3199 1521 3238 quod,
2368 3195 2409 3219 Aa
2436 3199 2465 3226 5-

1335 3239 1416 3270 Cum
1432 3247 1522 3278 nuper
1539 3245 1624 3268 certae
1641 3236 1767 3275 Treugae
1786 3235 1842 3266 sive
1865 3235 2039 3267 Guerrarum
2064 3232 2252 3265 Abstinentiae
2266 3258 2276 3274 ,
2306 3243 2355 3275 per
2367 3233 2406 3273 H'.
2421 3238 2455 3290 ἲ,

1300 3276 1422 3308 Terram
1439 3278 1472 3308 &
1489 3286 1536 3316 per
1556 3275 1656 3313 Mare,
1670 3276 1741 3304 inter
1759 3274 1840 3312 Nos,
1860 3285 1913 3312 pro
1931 3275 2043 3309 Terris,
2068 3273 2213 3303 Dominiis
2231 3274 2264 3305 &
2283 3273 2358 3303 Sub-
2370 3268 2437 3296 ibui-

1301 3316 1364 3347 ditis
1384 3315 1502 3353 nostris,
1521 3315 1571 3352 &,
1591 3312 1772 3351 magnificum
1791 3313 1955 3351 Principem
1970 3337 1978 3349 ,
1995 3311 2155 3350 Johannem
2172 3315 2273 3341 Ducem
2286 3315 2359 3342 Bur-

1297 3355 1422 3393 gundiae,
1439 3353 1623 3384 Cariffimum
1642 3352 1896 3388 Consanguineum
1912 3350 2041 3381 nostrum
2085 3360 2137 3388 pro
2154 3350 2268 3389 Terris,
2295 3351 2362 3381 Do·-

1302 3395 1397 3424 miniis
1410 3417 1419 3431 ,
1445 3393 1477 3423 &
1493 3391 1615 3422 Subditis
1633 3391 1701 3428 suis,
1725 3399 1775 3428 per
1793 3400 1885 3421 certos
1903 3389 2023 3420 Commi
2050 3391 2121 3419 arios
2139 3389 2277 3426 utriusque
2295 3389 2360 3418 Par-

1300 3434 1352 3471 tis,
1378 3432 1458 3463 certis
1477 3431 1568 3462 modis
1585 3430 1618 3460 &
1637 3430 1754 3465 formis,
1778 3428 1829 3459 sub
1848 3429 1922 3459 Data
1938 3428 2074 3458 vicciimo
2093 3437 2193 3465 quarto
2208 3428 2253 3457 die
2272 3426 2359 3456 Men-

1301 3472 1334 3503 sis
1347 3471 1441 3510 Junii,
1459 3469 1535 3500 Anni
1556 3468 1678 3498 Domini
1700 3466 1859 3504 Millefimi,
1876 3466 2165 3506 Qadringenteiimi,
2183 3466 2286 3495 decimi
2300 3464 2358 3494 sex-

1302 3510 1343 3548 ti,
1359 3517 1465 3546 captae,
1482 3509 1515 3539 &
1537 3508 1614 3537 initae
1631 3505 1757 3542 fuissent,
1776 3505 1861 3544 usque
1880 3507 1914 3535 ad
1938 3504 2052 3535 Festum
2073 3505 2170 3535 Sancti
2195 3503 2360 3540 Michaelis,

1299 3550 1358 3589 jam
1374 3547 1507 3585 proximo
1521 3546 1692 3582 praeteritum
1702 3567 1712 3582 ‚
1730 3545 1763 3574 ὃς
1777 3554 1837 3574 non
1853 3544 1981 3580 ulterius,
2000 3543 2153 3580 durarurae,

1341 3586 1417 3616 Infra
1436 3594 1501 3622 quas
1516 3584 1642 3621 Treugas
1662 3581 1823 3613 Comitatus
1841 3581 1967 3612 Boloniae
1984 3581 2065 3619 super
2085 3581 2168 3611 Mare
2183 3604 2192 3617 ,
2226 3587 2294 3609 cum
2310 3579 2362 3609 suis

201 3621 291 3692 {ffb
308 3623 441 3656 Ducatfis
461 3624 501 3655 sui
522 3623 718 3654 Normanniae
736 3623 854 3654 ubilibet
877 3623 1035 3660 constitutis
1050 3646 1061 3663 ,
1095 3625 1176 3664 quod
1198 3627 1264 3666 ipsos
1302 3624 1417 3664 Juribus
1435 3623 1467 3653 &
1486 3621 1633 3653 Universis
1652 3622 1823 3658 pertinentiis
1842 3622 1907 3658 (qui
1925 3620 1989 3658 post
2010 3621 2139 3659 Treugas
2157 3617 2298 3655 praedietas
2317 3618 2362 3647 in-

260 3660 361 3702 giofhs‚
377 3661 439 3698 ότι.
456 3663 589 3703 utsupra.

829 3739 884 3768 Per
900 3737 984 3777 ipfiam
1000 3741 1105 3777 Regem.

244 3813 346 3844 Domus
359 3816 455 3846 sancta·
469 3814 599 3854 Stephani
613 3815 646 3845 de
658 3812 772 3854 Pleffiiz
784 3813 919 3845 Grumlt
932 3816 962 3845 in
977 3814 1110 3855 Ducatu,
1126 3817 1189 3848 &c.

861 3898 916 3926 Per
927 3894 1010 3935 ipsum
1023 3900 1127 3934 Regem.

247 3970 350 4008 Domus
363 3968 452 4001 beatae
463 3973 567 4004 Maria
579 3975 718 4014 Dannay,
736 3974 766 4006 in
778 3973 895 4005 Ducatu
903 3995 914 4011 ,
931 3972 993 4003 &c.

869 4051 923 4080 Per
934 4050 1018 4089 ipsum
1035 4052 1138 4089 Regem.

1306 3663 1437 3699 choatas,
1454 3661 1488 3691 ad
1507 3670 1606 3691 manus
1624 3659 1694 3689 dieti
1709 3659 1799 3689 nostri
1818 3658 2030 3695 Consanguinei
2049 3659 2172 3689 devenit)
2193 3655 2286 3686 nostra
2302 3655 2363 3686 Au-

1306 3702 1435 3733 &oritate
1460 3699 1610 3738 specialiter
1629 3697 1669 3728 est
1688 3698 1806 3728 inclusus
1823 3720 1833 3736 ,
1863 3706 1946 3735 prout
1965 3699 1994 3726 in
2013 3697 2123 3726 diveriis
2145 3695 2246 3725 Literis
2265 3694 2363 3724 Com·
2428 3728 2439 3732 ἐ

1307 3739 1496 3771 miffariorum
1513 3738 1531 3758 ²*
1548 3737 1731 3775 nostrorum,
1757 3747 1805 3775 per
1824 3736 1893 3767 Nos
1911 3736 2101 3772 confirmatis,
2124 3731 2273 3771 expressius
2290 3742 2363 3763 con·
2378 3727 2398 3748 ἵ
2415 3725 2468 3793 Ῐῦἕῖὶ

1307 3780 1410 3810 tinetur
2382 3776 2416 3803 5²
2442 3786 2446 3790 ’

1346 3801 1520 3854 Ac‚’di1e6ti
1536 3812 1642 3847 Clerici
1657 3814 1763 3853 nostri,
1782 3812 1921 3851 Magister
1939 3814 2071 3840 Henricus
2088 3811 2170 3839 Ware
2185 3808 2290 3840 Custos
2303 3809 2366 3840 Pri-

1306 3856 1362 3890 vati
1381 3854 1473 3892 Sigilli
1490 3853 1577 3884 nostri
1596 3856 1624 3884 in
1644 3862 1764 3891 utroque
1779 3851 1847 3890 Jure
1867 3850 2036 3880 Licentiatus
2053 3873 2061 3884 ,
2085 3850 2118 3879 ὃς
2138 3847 2274 3886 Magister
2291 3848 2368 3878 Wil-

1307 3893 1408 3923 lielmux
1433 3893 1592 3931 Lyndwode
1612 3892 1638 3923 L
1676 3902 1724 3922 um
1745 3891 1861 3921 Doetor
1876 3912 1886 3925 .,
1919 3886 2115 3916 Commiffarii
2142 3887 2231 3917 nostri
2255 3886 2289 3917 ad
2308 3888 2367 3918 hoc

1309 3932 1461 3969 specialiter
1476 3930 1620 3969 deputati,
1640 3901 1685 3960 ede
1703 3930 1846 3960 voluntate
1863 3927 1897 3956 &
1914 3925 2018 3969 assensu
2039 3925 2277 3968 Ambaffiatorutn
2295 3936 2368 3963 prae-

1310 3971 1360 4001 fati
1380 3970 1470 4000 Ducis
1484 3992 1494 4008 ,
1519 3969 1628 4000 easdem
1644 3968 1792 4005 Treugas,
1818 3975 1887 3995 curu
1902 3964 2034 3993 omnibus
2053 3965 2085 3993 ὃς
2103 3964 2225 4002 Singulis
2240 3964 2289 3994 suis
2308 3963 2370 3993 De-

1312 4008 1528 4046 clarationibus,
1552 4007 1782 4043 Extensionibus‚
1808 4003 2024 4038 Additionibus‚
2046 4003 2079 4032 &
2097 4004 2179 4032 novis
2198 4002 2370 4032 provisioni«

1314 4048 1384 4084 bus,
1409 4056 1478 4077 cum
1497 4045 1548 4077 suis
1564 4044 1781 4081 Incidentibus,
1794 4041 2024 4109 Εὸἳετςεῃῑὼυς,
2052 4039 2370 4107 Βερειιάεηῑὼυεόοδσ

1856 4088 1871 4117 3
2341 4086 2378 4106 ¹1⁴
