<?xml version="1.0" encoding="UTF-8"?>
<!DOCTYPE html PUBLIC "-//W3C//DTD XHTML 1.0 Transitional//EN"
    "http://www.w3.org/TR/xhtml1/DTD/xhtml1-transitional.dtd">
<html xmlns="http://www.w3.org/1999/xhtml" xml:lang="en" lang="en">
 <head>
  <title>
</title>
<meta http-equiv="Content-Type" content="text/html;charset=utf-8" />
  <meta name='ocr-system' content='tesseract 3.04.00' />
  <meta name='ocr-capabilities' content='ocr_page ocr_carea ocr_par ocr_line ocrx_word'/>
</head>
<body>
  <div class='ocr_page' id='page_1' title='image "./fderaconventione04ryme_0068.png"; bbox 0 0 2562 4274; ppageno 0'>
   <div class='ocr_carea' id='block_1_1' title="bbox 49 213 184 328">
    <p class='ocr_par' dir='ltr' id='par_1_1' title="bbox 49 213 184 328">
     <span class='ocr_line' id='line_1_1' title="bbox 49 213 184 248; baseline -0.03 0"><span class='ocrx_word' id='word_1_1' title='bbox 49 215 129 248; x_wconf 72' lang='lat' dir='ltr'>A&#39;nn.</span> <span class='ocrx_word' id='word_1_2' title='bbox 142 213 184 245; x_wconf 95' lang='lat' dir='ltr'>D.</span> 
     </span>
     <span class='ocr_line' id='line_1_2' title="bbox 82 263 166 290; baseline -0.012 -6"><span class='ocrx_word' id='word_1_3' title='bbox 82 263 166 290; x_wconf 82' lang='lat'>1402.</span> 
     </span>
     <span class='ocr_line' id='line_1_3' title="bbox 54 298 160 328; baseline -0.028 -6"><span class='ocrx_word' id='word_1_4' title='bbox 54 298 118 322; x_wconf 83' lang='lat' dir='ltr'>Hen.</span> <span class='ocrx_word' id='word_1_5' title='bbox 131 303 160 328; x_wconf 78' lang='lat'>4.</span> 
     </span>
    </p>
   </div>
   <div class='ocr_carea' id='block_1_2' title="bbox 61 642 188 708">
    <p class='ocr_par' dir='ltr' id='par_1_2' title="bbox 61 642 188 708">
     <span class='ocr_line' id='line_1_4' title="bbox 61 642 188 668; baseline -0.008 0"><span class='ocrx_word' id='word_1_6' title='bbox 61 642 82 662; x_wconf 48' lang='grc' dir='ltr'><strong><em>ὕ</em></strong></span> <span class='ocrx_word' id='word_1_7' title='bbox 104 642 188 668; x_wconf 82' lang='lat' dir='ltr'>VIII.</span> 
     </span>
     <span class='ocr_line' id='line_1_5' title="bbox 92 680 156 708; baseline 0.031 -2"><span class='ocrx_word' id='word_1_8' title='bbox 92 680 156 708; x_wconf 74' lang='lat'>268.</span> 
     </span>
    </p>
   </div>
   <div class='ocr_carea' id='block_1_3' title="bbox 63 1111 191 1335">
    <p class='ocr_par' dir='ltr' id='par_1_3' title="bbox 63 1111 191 1335">
     <span class='ocr_line' id='line_1_6' title="bbox 65 1111 191 1145; baseline 0.008 -4"><span class='ocrx_word' id='word_1_9' title='bbox 65 1113 141 1145; x_wconf 83' lang='lat' dir='ltr'>Anu.</span> <span class='ocrx_word' id='word_1_10' title='bbox 151 1111 191 1142; x_wconf 92' lang='lat' dir='ltr'>D.</span> 
     </span>
     <span class='ocr_line' id='line_1_7' title="bbox 90 1161 174 1189; baseline -0.012 -8"><span class='ocrx_word' id='word_1_11' title='bbox 90 1161 174 1189; x_wconf 81' lang='lat'>1402.</span> 
     </span>
     <span class='ocr_line' id='line_1_8' title="bbox 63 1194 161 1226; baseline -0.01 -8"><span class='ocrx_word' id='word_1_12' title='bbox 63 1194 116 1218; x_wconf 71' lang='lat' dir='ltr'>An.</span> <span class='ocrx_word' id='word_1_13' title='bbox 136 1200 161 1226; x_wconf 82' lang='lat'>3.</span> 
     </span>
     <span class='ocr_line' id='line_1_9' title="bbox 65 1234 147 1263; baseline -0.024 -6"><span class='ocrx_word' id='word_1_14' title='bbox 65 1234 101 1257; x_wconf 79' lang='lat' dir='ltr'>H.</span> <span class='ocrx_word' id='word_1_15' title='bbox 119 1239 147 1263; x_wconf 75' lang='lat'>4.</span> 
     </span>
     <span class='ocr_line' id='line_1_10' title="bbox 92 1267 155 1295; baseline -0.032 -2"><span class='ocrx_word' id='word_1_16' title='bbox 92 1267 155 1295; x_wconf 64' lang='lat' dir='ltr'>lbisl,</span> 
     </span>
     <span class='ocr_line' id='line_1_11' title="bbox 66 1314 172 1335; baseline -0.019 -2"><span class='ocrx_word' id='word_1_17' title='bbox 66 1314 102 1333; x_wconf 67' lang='lat' dir='ltr'>m.</span> <span class='ocrx_word' id='word_1_18' title='bbox 128 1315 172 1335; x_wconf 78' lang='lat'>10,</span> 
     </span>
    </p>
   </div>
   <div class='ocr_carea' id='block_1_4' title="bbox 73 1909 209 1943">
    <p class='ocr_par' dir='ltr' id='par_1_4' title="bbox 73 1909 209 1943">
     <span class='ocr_line' id='line_1_12' title="bbox 73 1909 209 1943; baseline -0.029 0"><span class='ocrx_word' id='word_1_19' title='bbox 73 1912 151 1943; x_wconf 84' lang='lat' dir='ltr'>Ann.</span> <span class='ocrx_word' id='word_1_20' title='bbox 167 1909 209 1940; x_wconf 92' lang='lat' dir='ltr'>D.</span> 
     </span>
    </p>
   </div>
   <div class='ocr_carea' id='block_1_5' title="bbox 72 1958 189 2063">
    <p class='ocr_par' dir='ltr' id='par_1_5' title="bbox 72 1958 189 2063">
     <span class='ocr_line' id='line_1_13' title="bbox 105 1958 189 1989; baseline -0.012 -10"><span class='ocrx_word' id='word_1_21' title='bbox 105 1958 189 1989; x_wconf 78' lang='lat'>1402.</span> 
     </span>
     <span class='ocr_line' id='line_1_14' title="bbox 72 1993 176 2025; baseline -0.019 -7"><span class='ocrx_word' id='word_1_22' title='bbox 72 1993 127 2018; x_wconf 75' lang='lat' dir='ltr'>An.</span> <span class='ocrx_word' id='word_1_23' title='bbox 148 1999 176 2025; x_wconf 80' lang='lat'>3.</span> 
     </span>
     <span class='ocr_line' id='line_1_15' title="bbox 74 2033 173 2063; baseline 0.01 -9"><span class='ocrx_word' id='word_1_24' title='bbox 74 2033 137 2057; x_wconf 69' lang='grc' dir='ltr'>ΗΜ.</span> <span class='ocrx_word' id='word_1_25' title='bbox 146 2037 173 2063; x_wconf 82' lang='lat'>4.</span> 
     </span>
    </p>
   </div>
   <div class='ocr_carea' id='block_1_6' title="bbox 74 2067 215 2141">
    <p class='ocr_par' dir='ltr' id='par_1_6' title="bbox 74 2067 215 2141">
     <span class='ocr_line' id='line_1_16' title="bbox 74 2067 211 2103; baseline -0.007 -9"><span class='ocrx_word' id='word_1_26' title='bbox 74 2067 162 2103; x_wconf 82' lang='lat' dir='ltr'>Claus.</span> <span class='ocrx_word' id='word_1_27' title='bbox 184 2075 211 2093; x_wconf 88' lang='lat'>2.</span> 
     </span>
     <span class='ocr_line' id='line_1_17' title="bbox 75 2109 215 2141; baseline -0.007 -8"><span class='ocrx_word' id='word_1_28' title='bbox 75 2109 215 2141; x_wconf 79' lang='lat' dir='ltr'>H.4.p.2.</span> 
     </span>
    </p>
   </div>
   <div class='ocr_carea' id='block_1_7' title="bbox 76 2152 158 2178">
    <p class='ocr_par' dir='ltr' id='par_1_7' title="bbox 76 2152 158 2178">
     <span class='ocr_line' id='line_1_18' title="bbox 76 2152 158 2178; baseline -0.024 -6"><span class='ocrx_word' id='word_1_29' title='bbox 76 2153 113 2173; x_wconf 85' lang='lat' dir='ltr'>m.</span> <span class='ocrx_word' id='word_1_30' title='bbox 130 2152 158 2178; x_wconf 85' lang='lat'>5.</span> 
     </span>
    </p>
   </div>
   <div class='ocr_carea' id='block_1_8' title="bbox 196 2604 657 2646">
    <p class='ocr_par' dir='ltr' id='par_1_8' title="bbox 196 2604 657 2646">
     <span class='ocr_line' id='line_1_19' title="bbox 196 2604 657 2646; baseline -0.017 -8"><span class='ocrx_word' id='word_1_31' title='bbox 196 2608 199 2611; x_wconf 80' lang='lat'>&#39;</span> <span class='ocrx_word' id='word_1_32' title='bbox 236 2614 320 2646; x_wconf 82' lang='lat' dir='ltr'>prout</span> <span class='ocrx_word' id='word_1_33' title='bbox 336 2604 448 2634; x_wconf 81' lang='lat' dir='ltr'>firmiter</span> <span class='ocrx_word' id='word_1_34' title='bbox 461 2604 635 2640; x_wconf 71' lang='lat' dir='ltr'>sperabamus</span> <span class='ocrx_word' id='word_1_35' title='bbox 647 2622 657 2638; x_wconf 83' lang='lat'>,</span> 
     </span>
    </p>
   </div>
   <div class='ocr_carea' id='block_1_9' title="bbox 106 3549 221 3620">
    <p class='ocr_par' dir='ltr' id='par_1_9' title="bbox 106 3549 221 3620">
     <span class='ocr_line' id='line_1_20' title="bbox 106 3549 221 3574; baseline 0.009 -1"><span class='ocrx_word' id='word_1_36' title='bbox 106 3549 124 3564; x_wconf 65' lang='lat'>‘¹‘</span> <span class='ocrx_word' id='word_1_37' title='bbox 150 3549 221 3574; x_wconf 80' lang='lat' dir='ltr'>VIII</span> 
     </span>
     <span class='ocr_line' id='line_1_21' title="bbox 123 3590 186 3620; baseline 0.016 -9"><span class='ocrx_word' id='word_1_38' title='bbox 123 3590 186 3620; x_wconf 67' lang='lat'>²⁶¹9-</span> 
     </span>
    </p>
   </div>
   <div class='ocr_carea' id='block_1_10' title="bbox 198 145 1272 869">
    <p class='ocr_par' dir='ltr' id='par_1_10' title="bbox 198 145 1257 294">
     <span class='ocr_line' id='line_1_22' title="bbox 198 145 244 187; baseline -0.022 -13"><span class='ocrx_word' id='word_1_39' title='bbox 198 145 244 187; x_wconf 80' lang='lat'>32</span> 
     </span>
     <span class='ocr_line' id='line_1_23' title="bbox 202 201 1257 255; baseline -0.016 -7"><span class='ocrx_word' id='word_1_40' title='bbox 202 218 370 255; x_wconf 53' lang='lat' dir='ltr'>praedictum</span> <span class='ocrx_word' id='word_1_41' title='bbox 384 216 504 247; x_wconf 80' lang='lat' dir='ltr'>securius</span> <span class='ocrx_word' id='word_1_42' title='bbox 518 212 642 245; x_wconf 71' lang='lat' dir='ltr'>facienda</span> <span class='ocrx_word' id='word_1_43' title='bbox 651 236 660 251; x_wconf 81' lang='lat'>,</span> <span class='ocrx_word' id='word_1_44' title='bbox 678 220 752 242; x_wconf 88' lang='lat' dir='ltr'>certa</span> <span class='ocrx_word' id='word_1_45' title='bbox 763 209 870 248; x_wconf 82' lang='lat' dir='ltr'>Jocalia</span> <span class='ocrx_word' id='word_1_46' title='bbox 883 206 974 238; x_wconf 87' lang='lat' dir='ltr'>nostra</span> <span class='ocrx_word' id='word_1_47' title='bbox 988 206 1038 237; x_wconf 90' lang='lat' dir='ltr'>sub</span> <span class='ocrx_word' id='word_1_48' title='bbox 1060 202 1198 235; x_wconf 89' lang='lat' dir='ltr'>Custodia</span> <span class='ocrx_word' id='word_1_49' title='bbox 1213 201 1257 240; x_wconf 85' lang='lat' dir='ltr'>ip-</span> 
     </span>
     <span class='ocr_line' id='line_1_24' title="bbox 202 252 1159 294; baseline -0.017 -7"><span class='ocrx_word' id='word_1_50' title='bbox 202 259 253 287; x_wconf 82' lang='lat' dir='ltr'>sius</span> <span class='ocrx_word' id='word_1_51' title='bbox 269 256 399 294; x_wconf 74' lang='lat' dir='ltr'>Episcopi</span> <span class='ocrx_word' id='word_1_52' title='bbox 416 256 527 284; x_wconf 87' lang='lat' dir='ltr'>interim</span> <span class='ocrx_word' id='word_1_53' title='bbox 545 253 732 290; x_wconf 74' lang='lat' dir='ltr'>posuerimus,</span> <span class='ocrx_word' id='word_1_54' title='bbox 1153 252 1159 255; x_wconf 62' lang='lat'><strong><em>‘</em></strong></span> 
     </span>
    </p>

    <p class='ocr_par' dir='ltr' id='par_1_11' title="bbox 204 276 1272 790">
     <span class='ocr_line' id='line_1_25' title="bbox 244 276 1260 328; baseline -0.019 -3"><span class='ocrx_word' id='word_1_55' title='bbox 244 295 312 325; x_wconf 88' lang='lat' dir='ltr'>Nos</span> <span class='ocrx_word' id='word_1_56' title='bbox 328 304 361 324; x_wconf 65' lang='lat' dir='ltr'>eft</span> <span class='ocrx_word' id='word_1_57' title='bbox 376 292 562 328; x_wconf 74' lang='lat' dir='ltr'>habundanti,</span> <span class='ocrx_word' id='word_1_58' title='bbox 581 290 615 319; x_wconf 92' lang='lat' dir='ltr'>de</span> <span class='ocrx_word' id='word_1_59' title='bbox 635 288 740 318; x_wconf 88' lang='lat' dir='ltr'>assensu</span> <span class='ocrx_word' id='word_1_60' title='bbox 762 285 887 316; x_wconf 87' lang='lat' dir='ltr'>Concilii</span> <span class='ocrx_word' id='word_1_61' title='bbox 909 283 996 315; x_wconf 87' lang='lat' dir='ltr'>nostri</span> <span class='ocrx_word' id='word_1_62' title='bbox 1013 305 1022 321; x_wconf 83' lang='lat'>,</span> <span class='ocrx_word' id='word_1_63' title='bbox 1039 281 1161 312; x_wconf 90' lang='lat' dir='ltr'>volentes</span> <span class='ocrx_word' id='word_1_64' title='bbox 1180 276 1260 317; x_wconf 77' lang='lat' dir='ltr'>quod</span> 
     </span>
     <span class='ocr_line' id='line_1_26' title="bbox 204 318 1259 371; baseline -0.018 -7"><span class='ocrx_word' id='word_1_65' title='bbox 204 333 302 363; x_wconf 85' lang='lat' dir='ltr'>eadem</span> <span class='ocrx_word' id='word_1_66' title='bbox 313 332 438 371; x_wconf 74' lang='lat' dir='ltr'>jocalia,</span> <span class='ocrx_word' id='word_1_67' title='bbox 457 338 532 359; x_wconf 80' lang='lat' dir='ltr'>extra</span> <span class='ocrx_word' id='word_1_68' title='bbox 556 327 761 359; x_wconf 79' lang='lat' dir='ltr'>Poffeffionem</span> <span class='ocrx_word' id='word_1_69' title='bbox 781 324 863 362; x_wconf 86' lang='lat' dir='ltr'>ipsius</span> <span class='ocrx_word' id='word_1_70' title='bbox 884 322 1016 359; x_wconf 84' lang='lat' dir='ltr'>Episcopi</span> <span class='ocrx_word' id='word_1_71' title='bbox 1031 344 1040 359; x_wconf 94' lang='lat'>,</span> <span class='ocrx_word' id='word_1_72' title='bbox 1058 319 1103 350; x_wconf 90' lang='lat' dir='ltr'>vel</span> <span class='ocrx_word' id='word_1_73' title='bbox 1120 318 1259 348; x_wconf 78' lang='lat' dir='ltr'>Executo-</span> 
     </span>
     <span class='ocr_line' id='line_1_27' title="bbox 207 355 1261 405; baseline -0.017 -3"><span class='ocrx_word' id='word_1_74' title='bbox 207 382 271 402; x_wconf 89' lang='lat' dir='ltr'>rum</span> <span class='ocrx_word' id='word_1_75' title='bbox 287 372 396 402; x_wconf 60' lang='lat' dir='ltr'>suorunx</span> <span class='ocrx_word' id='word_1_76' title='bbox 414 378 524 399; x_wconf 68' lang='lat' dir='ltr'>exnunc</span> <span class='ocrx_word' id='word_1_77' title='bbox 536 390 544 404; x_wconf 91' lang='lat'>,</span> <span class='ocrx_word' id='word_1_78' title='bbox 563 367 647 405; x_wconf 87' lang='lat' dir='ltr'>usque</span> <span class='ocrx_word' id='word_1_79' title='bbox 671 364 785 395; x_wconf 85' lang='lat' dir='ltr'>Festum</span> <span class='ocrx_word' id='word_1_80' title='bbox 808 362 976 400; x_wconf 66' lang='lat' dir='ltr'>praedictum</span> <span class='ocrx_word' id='word_1_81' title='bbox 991 384 1000 397; x_wconf 90' lang='lat'>,</span> <span class='ocrx_word' id='word_1_82' title='bbox 1018 359 1096 399; x_wconf 82' lang='lat' dir='ltr'>nullo</span> <span class='ocrx_word' id='word_1_83' title='bbox 1112 355 1202 387; x_wconf 89' lang='lat' dir='ltr'>modo</span> <span class='ocrx_word' id='word_1_84' title='bbox 1215 363 1261 384; x_wconf 86' lang='lat' dir='ltr'>ca-</span> 
     </span>
     <span class='ocr_line' id='line_1_28' title="bbox 207 395 1264 447; baseline -0.018 -7"><span class='ocrx_word' id='word_1_85' title='bbox 207 411 315 447; x_wconf 85' lang='lat' dir='ltr'>piantur</span> <span class='ocrx_word' id='word_1_86' title='bbox 332 409 375 439; x_wconf 88' lang='lat' dir='ltr'>seu</span> <span class='ocrx_word' id='word_1_87' title='bbox 392 408 557 437; x_wconf 69' lang='lat' dir='ltr'>resumantur</span> <span class='ocrx_word' id='word_1_88' title='bbox 573 427 582 442; x_wconf 91' lang='lat'>‚</span> <span class='ocrx_word' id='word_1_89' title='bbox 601 405 650 434; x_wconf 77' lang='lat' dir='ltr'>nisi</span> <span class='ocrx_word' id='word_1_90' title='bbox 666 403 781 441; x_wconf 56' lang='lat' dir='ltr'>praefato</span> <span class='ocrx_word' id='word_1_91' title='bbox 804 401 947 438; x_wconf 82' lang='lat' dir='ltr'>Episcopo</span> <span class='ocrx_word' id='word_1_92' title='bbox 962 399 1007 429; x_wconf 89' lang='lat' dir='ltr'>seu</span> <span class='ocrx_word' id='word_1_93' title='bbox 1023 397 1105 427; x_wconf 71' lang='lat' dir='ltr'>dictis</span> <span class='ocrx_word' id='word_1_94' title='bbox 1121 395 1264 439; x_wconf 75' lang='lat' dir='ltr'>Executo-</span> 
     </span>
     <span class='ocr_line' id='line_1_29' title="bbox 207 431 1264 481; baseline -0.016 -4"><span class='ocrx_word' id='word_1_95' title='bbox 207 449 284 478; x_wconf 85' lang='lat' dir='ltr'>ribus</span> <span class='ocrx_word' id='word_1_96' title='bbox 304 448 354 476; x_wconf 68' lang='grc' dir='ltr'>[ωε</span> <span class='ocrx_word' id='word_1_97' title='bbox 376 446 411 476; x_wconf 88' lang='lat' dir='ltr'>de</span> <span class='ocrx_word' id='word_1_98' title='bbox 430 445 512 474; x_wconf 73' lang='lat' dir='ltr'>dietis</span> <span class='ocrx_word' id='word_1_99' title='bbox 535 443 758 481; x_wconf 80' lang='lat' dir='ltr'>Quadringentis</span> <span class='ocrx_word' id='word_1_100' title='bbox 779 440 870 471; x_wconf 87' lang='lat' dir='ltr'>Libris</span> <span class='ocrx_word' id='word_1_101' title='bbox 892 438 927 469; x_wconf 87' lang='lat' dir='ltr'>ad</span> <span class='ocrx_word' id='word_1_102' title='bbox 950 437 1061 468; x_wconf 80' lang='lat' dir='ltr'>Festum</span> <span class='ocrx_word' id='word_1_103' title='bbox 1078 431 1264 472; x_wconf 71' lang='lat' dir='ltr'>praed16‘cum,</span> 
     </span>
     <span class='ocr_line' id='line_1_30' title="bbox 208 469 1265 521; baseline -0.015 -6"><span class='ocrx_word' id='word_1_104' title='bbox 208 486 251 516; x_wconf 83' lang='lat' dir='ltr'>seu</span> <span class='ocrx_word' id='word_1_105' title='bbox 268 487 381 515; x_wconf 76' lang='lat' dir='ltr'>interim</span> <span class='ocrx_word' id='word_1_106' title='bbox 398 483 517 521; x_wconf 78' lang='lat' dir='ltr'>plenarie</span> <span class='ocrx_word' id='word_1_107' title='bbox 533 482 614 512; x_wconf 91' lang='lat' dir='ltr'>fuerit</span> <span class='ocrx_word' id='word_1_108' title='bbox 630 480 800 512; x_wconf 63' lang='lat' dir='ltr'>satisfactum</span> <span class='ocrx_word' id='word_1_109' title='bbox 815 501 824 516; x_wconf 98' lang='lat'>,</span> <span class='ocrx_word' id='word_1_110' title='bbox 842 478 872 507; x_wconf 88' lang='lat' dir='ltr'>in</span> <span class='ocrx_word' id='word_1_111' title='bbox 886 486 944 513; x_wconf 77' lang='lat' dir='ltr'>quo</span> <span class='ocrx_word' id='word_1_112' title='bbox 958 475 1019 506; x_wconf 74' lang='lat' dir='ltr'>casu</span> <span class='ocrx_word' id='word_1_113' title='bbox 1034 472 1168 511; x_wconf 56' lang='lat' dir='ltr'>praedi&amp;</span> <span class='ocrx_word' id='word_1_114' title='bbox 1178 469 1265 515; x_wconf 80' lang='lat' dir='ltr'>Joca-</span> 
     </span>
     <span class='ocr_line' id='line_1_31' title="bbox 207 511 1267 558; baseline -0.015 -5"><span class='ocrx_word' id='word_1_115' title='bbox 207 525 239 554; x_wconf 84' lang='lat' dir='ltr'>Iia</span> <span class='ocrx_word' id='word_1_116' title='bbox 256 524 353 553; x_wconf 83' lang='lat' dir='ltr'>Nobis</span> <span class='ocrx_word' id='word_1_117' title='bbox 373 531 419 552; x_wconf 87' lang='lat' dir='ltr'>aut</span> <span class='ocrx_word' id='word_1_118' title='bbox 443 521 593 558; x_wconf 83' lang='lat' dir='ltr'>Aflignatis</span> <span class='ocrx_word' id='word_1_119' title='bbox 611 519 728 555; x_wconf 84' lang='lat' dir='ltr'>nostris,</span> <span class='ocrx_word' id='word_1_120' title='bbox 747 525 830 556; x_wconf 85' lang='lat' dir='ltr'>prout</span> <span class='ocrx_word' id='word_1_121' title='bbox 848 515 955 554; x_wconf 90' lang='lat' dir='ltr'>justum</span> <span class='ocrx_word' id='word_1_122' title='bbox 972 514 1070 550; x_wconf 87' lang='lat' dir='ltr'>fuerit,</span> <span class='ocrx_word' id='word_1_123' title='bbox 1089 511 1206 548; x_wconf 86' lang='lat' dir='ltr'>plenarie</span> <span class='ocrx_word' id='word_1_124' title='bbox 1223 517 1267 537; x_wconf 89' lang='lat' dir='ltr'>re-</span> 
     </span>
     <span class='ocr_line' id='line_1_32' title="bbox 208 549 1264 598; baseline -0.015 -6"><span class='ocrx_word' id='word_1_125' title='bbox 208 561 407 598; x_wconf 54' lang='lat' dir='ltr'>staurenturgsi</span> <span class='ocrx_word' id='word_1_126' title='bbox 424 562 512 597; x_wconf 79' lang='lat' dir='ltr'>vero,</span> <span class='ocrx_word' id='word_1_127' title='bbox 528 559 645 597; x_wconf 82' lang='lat' dir='ltr'>praefato</span> <span class='ocrx_word' id='word_1_128' title='bbox 657 558 799 596; x_wconf 84' lang='lat' dir='ltr'>Episcopo</span> <span class='ocrx_word' id='word_1_129' title='bbox 808 556 853 586; x_wconf 90' lang='lat' dir='ltr'>seu</span> <span class='ocrx_word' id='word_1_130' title='bbox 862 553 1064 584; x_wconf 81' lang='lat' dir='ltr'>Executoribus</span> <span class='ocrx_word' id='word_1_131' title='bbox 1081 551 1132 579; x_wconf 83' lang='lat' dir='ltr'>iuis</span> <span class='ocrx_word' id='word_1_132' title='bbox 1149 549 1184 578; x_wconf 90' lang='lat' dir='ltr'>de</span> <span class='ocrx_word' id='word_1_133' title='bbox 1192 556 1264 589; x_wconf 65' lang='lat' dir='ltr'>prze-</span> 
     </span>
     <span class='ocr_line' id='line_1_33' title="bbox 206 584 1267 637; baseline -0.015 -8"><span class='ocrx_word' id='word_1_134' title='bbox 206 601 288 630; x_wconf 64' lang='lat' dir='ltr'>dietis</span> <span class='ocrx_word' id='word_1_135' title='bbox 309 599 530 637; x_wconf 75' lang='lat' dir='ltr'>Quadringentis</span> <span class='ocrx_word' id='word_1_136' title='bbox 554 598 645 627; x_wconf 84' lang='lat' dir='ltr'>Libris</span> <span class='ocrx_word' id='word_1_137' title='bbox 661 620 671 635; x_wconf 99' lang='lat'>,</span> <span class='ocrx_word' id='word_1_138' title='bbox 692 596 726 626; x_wconf 89' lang='lat' dir='ltr'>ad</span> <span class='ocrx_word' id='word_1_139' title='bbox 756 595 869 625; x_wconf 84' lang='lat' dir='ltr'>Festum</span> <span class='ocrx_word' id='word_1_140' title='bbox 892 591 1058 630; x_wconf 67' lang='lat' dir='ltr'>praedieium</span> <span class='ocrx_word' id='word_1_141' title='bbox 1075 611 1085 626; x_wconf 81' lang='lat'>,</span> <span class='ocrx_word' id='word_1_142' title='bbox 1104 589 1149 630; x_wconf 74' lang='lat' dir='ltr'>ieri</span> <span class='ocrx_word' id='word_1_143' title='bbox 1171 584 1267 630; x_wconf 81' lang='lat' dir='ltr'>medio</span> 
     </span>
     <span class='ocr_line' id='line_1_34' title="bbox 209 624 1268 675; baseline -0.015 -8"><span class='ocrx_word' id='word_1_144' title='bbox 209 648 334 675; x_wconf 84' lang='lat' dir='ltr'>tempore</span> <span class='ocrx_word' id='word_1_145' title='bbox 345 660 354 674; x_wconf 90' lang='lat'>,</span> <span class='ocrx_word' id='word_1_146' title='bbox 372 637 390 655; x_wconf 40' lang='grc' dir='ltr'>ἠὲ</span> <span class='ocrx_word' id='word_1_147' title='bbox 411 638 532 667; x_wconf 76' lang='lat' dir='ltr'>minime</span> <span class='ocrx_word' id='word_1_148' title='bbox 542 636 572 666; x_wconf 81' lang='lat' dir='ltr'>sit</span> <span class='ocrx_word' id='word_1_149' title='bbox 581 635 703 666; x_wconf 90' lang='lat' dir='ltr'>solutum</span> <span class='ocrx_word' id='word_1_150' title='bbox 713 657 722 673; x_wconf 85' lang='lat'>,</span> <span class='ocrx_word' id='word_1_151' title='bbox 736 643 804 664; x_wconf 86' lang='lat' dir='ltr'>tunc</span> <span class='ocrx_word' id='word_1_152' title='bbox 819 634 891 662; x_wconf 87' lang='lat' dir='ltr'>bene</span> <span class='ocrx_word' id='word_1_153' title='bbox 906 631 985 660; x_wconf 86' lang='lat' dir='ltr'>liceat</span> <span class='ocrx_word' id='word_1_154' title='bbox 1001 626 1115 665; x_wconf 73' lang='lat' dir='ltr'>praefato</span> <span class='ocrx_word' id='word_1_155' title='bbox 1123 624 1268 668; x_wconf 68' lang='lat' dir='ltr'>Episcopo</span> 
     </span>
     <span class='ocr_line' id='line_1_35' title="bbox 211 661 1270 711; baseline -0.015 -5"><span class='ocrx_word' id='word_1_156' title='bbox 211 677 255 707; x_wconf 86' lang='lat' dir='ltr'>seu</span> <span class='ocrx_word' id='word_1_157' title='bbox 276 676 479 705; x_wconf 83' lang='lat' dir='ltr'>Executoribus</span> <span class='ocrx_word' id='word_1_158' title='bbox 486 675 538 705; x_wconf 89' lang='lat' dir='ltr'>suis</span> <span class='ocrx_word' id='word_1_159' title='bbox 573 674 695 704; x_wconf 67' lang='lat' dir='ltr'>raedietis</span> <span class='ocrx_word' id='word_1_160' title='bbox 717 672 852 711; x_wconf 57' lang='lat' dir='ltr'>praedicta</span> <span class='ocrx_word' id='word_1_161' title='bbox 864 669 972 708; x_wconf 84' lang='lat' dir='ltr'>Jocalia</span> <span class='ocrx_word' id='word_1_162' title='bbox 990 665 1129 701; x_wconf 83' lang='lat' dir='ltr'>vendere,</span> <span class='ocrx_word' id='word_1_163' title='bbox 1144 663 1189 693; x_wconf 92' lang='lat' dir='ltr'>vel</span> <span class='ocrx_word' id='word_1_164' title='bbox 1204 661 1270 704; x_wconf 81' lang='lat' dir='ltr'>inde</span> 
     </span>
     <span class='ocr_line' id='line_1_36' title="bbox 212 699 1272 752; baseline -0.014 -8"><span class='ocrx_word' id='word_1_165' title='bbox 212 714 358 752; x_wconf 84' lang='lat' dir='ltr'>disponere</span> <span class='ocrx_word' id='word_1_166' title='bbox 375 724 426 751; x_wconf 91' lang='lat' dir='ltr'>pro</span> <span class='ocrx_word' id='word_1_167' title='bbox 441 713 522 744; x_wconf 91' lang='lat' dir='ltr'>libito</span> <span class='ocrx_word' id='word_1_168' title='bbox 552 724 596 744; x_wconf 84' lang='lat' dir='ltr'>uae</span> <span class='ocrx_word' id='word_1_169' title='bbox 613 712 762 744; x_wconf 79' lang='lat' dir='ltr'>voluntatis</span> <span class='ocrx_word' id='word_1_170' title='bbox 778 733 788 749; x_wconf 85' lang='lat'>,</span> <span class='ocrx_word' id='word_1_171' title='bbox 813 710 914 748; x_wconf 85' lang='lat' dir='ltr'>absque</span> <span class='ocrx_word' id='word_1_172' title='bbox 934 706 1083 737; x_wconf 74' lang='lat' dir='ltr'>occasione</span> <span class='ocrx_word' id='word_1_173' title='bbox 1104 705 1137 735; x_wconf 70' lang='grc' dir='ltr'>δε</span> <span class='ocrx_word' id='word_1_174' title='bbox 1152 699 1272 739; x_wconf 87' lang='lat' dir='ltr'>impedi-</span> 
     </span>
     <span class='ocr_line' id='line_1_37' title="bbox 211 753 555 790; baseline 0 -8"><span class='ocrx_word' id='word_1_175' title='bbox 211 762 307 783; x_wconf 90' lang='lat' dir='ltr'>mento</span> <span class='ocrx_word' id='word_1_176' title='bbox 323 753 555 790; x_wconf 83' lang='lat' dir='ltr'>quibuscumque.</span> 
     </span>
    </p>

    <p class='ocr_par' dir='ltr' id='par_1_12' title="bbox 244 791 470 829">
     <span class='ocr_line' id='line_1_38' title="bbox 244 791 470 829; baseline -0.009 -6"><span class='ocrx_word' id='word_1_177' title='bbox 244 791 277 823; x_wconf 89' lang='lat' dir='ltr'>In</span> <span class='ocrx_word' id='word_1_178' title='bbox 298 792 375 828; x_wconf 87' lang='lat' dir='ltr'>cujus</span> <span class='ocrx_word' id='word_1_179' title='bbox 385 814 394 829; x_wconf 90' lang='lat'>,</span> <span class='ocrx_word' id='word_1_180' title='bbox 410 792 470 821; x_wconf 64' lang='grc' dir='ltr'>δίε.</span> 
     </span>
    </p>

    <p class='ocr_par' dir='ltr' id='par_1_13' title="bbox 299 819 1142 869">
     <span class='ocr_line' id='line_1_39' title="bbox 299 819 1142 869; baseline -0.018 -7"><span class='ocrx_word' id='word_1_181' title='bbox 299 829 387 860; x_wconf 84' lang='lat' dir='ltr'>Teste</span> <span class='ocrx_word' id='word_1_182' title='bbox 402 829 483 869; x_wconf 86' lang='lat' dir='ltr'><strong>Rege</strong></span> <span class='ocrx_word' id='word_1_183' title='bbox 499 829 571 868; x_wconf 84' lang='lat' dir='ltr'>apud</span> <span class='ocrx_word' id='word_1_184' title='bbox 590 825 849 867; x_wconf 72' lang='lat' dir='ltr'>Wstmonasterrum</span> <span class='ocrx_word' id='word_1_185' title='bbox 864 846 874 862; x_wconf 83' lang='lat'>,</span> <span class='ocrx_word' id='word_1_186' title='bbox 892 822 994 854; x_wconf 87' lang='lat' dir='ltr'>Primo</span> <span class='ocrx_word' id='word_1_187' title='bbox 1007 820 1053 851; x_wconf 87' lang='lat' dir='ltr'>die</span> <span class='ocrx_word' id='word_1_188' title='bbox 1065 819 1142 858; x_wconf 87' lang='lat' dir='ltr'>Julii.</span> 
     </span>
    </p>
   </div>
   <div class='ocr_carea' id='block_1_11' title="bbox 1014 892 1235 927">
    <p class='ocr_par' dir='ltr' id='par_1_14' title="bbox 1014 892 1235 927">
     <span class='ocr_line' id='line_1_40' title="bbox 1014 892 1235 927; baseline -0.032 0"><span class='ocrx_word' id='word_1_189' title='bbox 1014 899 1068 927; x_wconf 86' lang='lat' dir='ltr'>Per</span> <span class='ocrx_word' id='word_1_190' title='bbox 1081 892 1235 925; x_wconf 82' lang='lat' dir='ltr'>Concilium.</span> 
     </span>
    </p>
   </div>
   <div class='ocr_carea' id='block_1_12' title="bbox 478 1024 1054 1069">
    <p class='ocr_par' dir='ltr' id='par_1_15' title="bbox 478 1024 1054 1069">
     <span class='ocr_line' id='line_1_41' title="bbox 478 1024 1054 1069; baseline -0.019 -5"><span class='ocrx_word' id='word_1_191' title='bbox 478 1033 535 1064; x_wconf 86' lang='lat' dir='ltr'>Pro</span> <span class='ocrx_word' id='word_1_192' title='bbox 553 1028 758 1063; x_wconf 79' lang='lat' dir='ltr'>Gubernatore</span> <span class='ocrx_word' id='word_1_193' title='bbox 775 1029 941 1060; x_wconf 76' lang='lat' dir='ltr'>Puerorum</span> <span class='ocrx_word' id='word_1_194' title='bbox 958 1024 1054 1069; x_wconf 79' lang='lat' dir='ltr'>Regis.</span> 
     </span>
    </p>
   </div>
   <div class='ocr_carea' id='block_1_13' title="bbox 208 1110 1280 1654">
    <p class='ocr_par' dir='ltr' id='par_1_16' title="bbox 213 1110 916 1172">
     <span class='ocr_line' id='line_1_42' title="bbox 213 1110 916 1172; baseline -0.014 -23"><span class='ocrx_word' id='word_1_195' title='bbox 213 1117 339 1172; x_wconf 76' lang='lat' dir='ltr'>REX</span> <span class='ocrx_word' id='word_1_196' title='bbox 360 1117 528 1153; x_wconf 76' lang='lat' dir='ltr'>Omnibus,</span> <span class='ocrx_word' id='word_1_197' title='bbox 547 1115 581 1144; x_wconf 87' lang='lat' dir='ltr'>ad</span> <span class='ocrx_word' id='word_1_198' title='bbox 599 1113 675 1151; x_wconf 85' lang='lat' dir='ltr'>quod</span> <span class='ocrx_word' id='word_1_199' title='bbox 685 1115 756 1151; x_wconf 54' lang='grc' dir='ltr'>,δερ</span> <span class='ocrx_word' id='word_1_200' title='bbox 778 1110 916 1142; x_wconf 83' lang='lat' dir='ltr'>Salutem.</span> 
     </span>
    </p>

    <p class='ocr_par' dir='ltr' id='par_1_17' title="bbox 208 1138 1278 1387">
     <span class='ocr_line' id='line_1_43' title="bbox 303 1138 1277 1195; baseline -0.017 -9"><span class='ocrx_word' id='word_1_201' title='bbox 303 1156 401 1186; x_wconf 81' lang='lat' dir='ltr'>Sciatis</span> <span class='ocrx_word' id='word_1_202' title='bbox 416 1155 495 1195; x_wconf 76' lang='lat' dir='ltr'>quod</span> <span class='ocrx_word' id='word_1_203' title='bbox 512 1152 720 1183; x_wconf 89' lang='lat' dir='ltr'>Constituimus</span> <span class='ocrx_word' id='word_1_204' title='bbox 741 1152 774 1181; x_wconf 87' lang='lat'>&amp;</span> <span class='ocrx_word' id='word_1_205' title='bbox 802 1148 1024 1183; x_wconf 73' lang='lat' dir='ltr'>ordinavimus,</span> <span class='ocrx_word' id='word_1_206' title='bbox 1042 1142 1180 1174; x_wconf 63' lang='lat' dir='ltr'>dilcdfimm</span> <span class='ocrx_word' id='word_1_207' title='bbox 1196 1140 1228 1171; x_wconf 72' lang='grc' dir='ltr'>ὃ(</span> <span class='ocrx_word' id='word_1_208' title='bbox 1244 1138 1277 1169; x_wconf 77' lang='lat' dir='ltr'>fi-</span> 
     </span>
     <span class='ocr_line' id='line_1_44' title="bbox 208 1178 1277 1227; baseline -0.019 0"><span class='ocrx_word' id='word_1_209' title='bbox 208 1191 304 1227; x_wconf 86' lang='lat' dir='ltr'>delem</span> <span class='ocrx_word' id='word_1_210' title='bbox 322 1194 444 1224; x_wconf 80' lang='lat' dir='ltr'>Militem</span> <span class='ocrx_word' id='word_1_211' title='bbox 462 1191 607 1227; x_wconf 80' lang='lat' dir='ltr'>nostrum,</span> <span class='ocrx_word' id='word_1_212' title='bbox 627 1192 765 1227; x_wconf 77' lang='lat' dir='ltr'>Hugonem</span> <span class='ocrx_word' id='word_1_213' title='bbox 779 1188 811 1217; x_wconf 81' lang='lat' dir='ltr'>de</span> <span class='ocrx_word' id='word_1_214' title='bbox 830 1190 974 1217; x_wconf 77' lang='lat' dir='ltr'>lVaterton</span> <span class='ocrx_word' id='word_1_215' title='bbox 983 1184 1016 1214; x_wconf 90' lang='lat' dir='ltr'>ad</span> <span class='ocrx_word' id='word_1_216' title='bbox 1033 1178 1277 1225; x_wconf 80' lang='lat' dir='ltr'>commorandum</span> 
     </span>
     <span class='ocr_line' id='line_1_45' title="bbox 210 1219 1276 1266; baseline -0.016 -3"><span class='ocrx_word' id='word_1_217' title='bbox 210 1234 344 1266; x_wconf 82' lang='lat' dir='ltr'>continue</span> <span class='ocrx_word' id='word_1_218' title='bbox 366 1234 394 1261; x_wconf 85' lang='lat' dir='ltr'>iu</span> <span class='ocrx_word' id='word_1_219' title='bbox 419 1231 520 1261; x_wconf 77' lang='lat' dir='ltr'>Castro</span> <span class='ocrx_word' id='word_1_220' title='bbox 543 1229 639 1259; x_wconf 87' lang='lat' dir='ltr'>nostro</span> <span class='ocrx_word' id='word_1_221' title='bbox 655 1229 689 1259; x_wconf 88' lang='lat' dir='ltr'>de</span> <span class='ocrx_word' id='word_1_222' title='bbox 708 1225 941 1262; x_wconf 77' lang='lat' dir='ltr'>Berkhamstede,</span> <span class='ocrx_word' id='word_1_223' title='bbox 965 1223 1048 1261; x_wconf 82' lang='lat' dir='ltr'>usque</span> <span class='ocrx_word' id='word_1_224' title='bbox 1064 1219 1210 1260; x_wconf 66' lang='lat' dir='ltr'>Reditunr</span> <span class='ocrx_word' id='word_1_225' title='bbox 1224 1227 1276 1247; x_wconf 92' lang='lat' dir='ltr'>no-</span> 
     </span>
     <span class='ocr_line' id='line_1_46' title="bbox 213 1257 1277 1307; baseline -0.017 -5"><span class='ocrx_word' id='word_1_226' title='bbox 213 1272 298 1303; x_wconf 85' lang='lat' dir='ltr'>strum</span> <span class='ocrx_word' id='word_1_227' title='bbox 316 1282 329 1301; x_wconf 84' lang='lat' dir='ltr'>a</span> <span class='ocrx_word' id='word_1_228' title='bbox 345 1271 466 1307; x_wconf 76' lang='lat' dir='ltr'>partibus</span> <span class='ocrx_word' id='word_1_229' title='bbox 490 1268 602 1298; x_wconf 75' lang='lat' dir='ltr'>Walliae</span> <span class='ocrx_word' id='word_1_230' title='bbox 619 1291 628 1306; x_wconf 88' lang='lat'>,</span> <span class='ocrx_word' id='word_1_231' title='bbox 647 1269 680 1297; x_wconf 86' lang='lat'>&amp;</span> <span class='ocrx_word' id='word_1_232' title='bbox 702 1267 736 1297; x_wconf 88' lang='lat' dir='ltr'>ad</span> <span class='ocrx_word' id='word_1_233' title='bbox 751 1263 980 1295; x_wconf 88' lang='lat' dir='ltr'>Gubernandum</span> <span class='ocrx_word' id='word_1_234' title='bbox 997 1260 1107 1291; x_wconf 82' lang='lat' dir='ltr'>ibidem</span> <span class='ocrx_word' id='word_1_235' title='bbox 1125 1257 1277 1288; x_wconf 82' lang='lat' dir='ltr'>carisiimos</span> 
     </span>
     <span class='ocr_line' id='line_1_47' title="bbox 212 1294 1278 1349; baseline -0.015 -9"><span class='ocrx_word' id='word_1_236' title='bbox 212 1319 312 1349; x_wconf 85' lang='lat' dir='ltr'>pueros</span> <span class='ocrx_word' id='word_1_237' title='bbox 327 1308 439 1338; x_wconf 76' lang='lat' dir='ltr'>nostros</span> <span class='ocrx_word' id='word_1_238' title='bbox 452 1306 612 1346; x_wconf 69' lang='lat' dir='ltr'>Johannem</span> <span class='ocrx_word' id='word_1_239' title='bbox 625 1307 657 1336; x_wconf 86' lang='lat'>&amp;</span> <span class='ocrx_word' id='word_1_240' title='bbox 675 1304 825 1343; x_wconf 80' lang='lat' dir='ltr'>Philippam</span> <span class='ocrx_word' id='word_1_241' title='bbox 842 1325 851 1341; x_wconf 80' lang='lat'>,</span> <span class='ocrx_word' id='word_1_242' title='bbox 877 1313 910 1334; x_wconf 89' lang='lat' dir='ltr'>ac</span> <span class='ocrx_word' id='word_1_243' title='bbox 925 1297 1179 1332; x_wconf 64' lang='lat' dir='ltr'>etiamariffimos</span> <span class='ocrx_word' id='word_1_244' title='bbox 1194 1294 1278 1325; x_wconf 83' lang='lat' dir='ltr'>Con-</span> 
     </span>
     <span class='ocr_line' id='line_1_48' title="bbox 210 1340 1063 1387; baseline -0.013 -8"><span class='ocrx_word' id='word_1_245' title='bbox 210 1349 372 1387; x_wconf 65' lang='lat' dir='ltr'>ianguineos</span> <span class='ocrx_word' id='word_1_246' title='bbox 382 1346 489 1377; x_wconf 85' lang='lat' dir='ltr'>nostros</span> <span class='ocrx_word' id='word_1_247' title='bbox 504 1349 633 1375; x_wconf 77' lang='lat' dir='ltr'>Comitem</span> <span class='ocrx_word' id='word_1_248' title='bbox 647 1343 781 1374; x_wconf 62' lang='lat' dir='ltr'>,Marchiae</span> <span class='ocrx_word' id='word_1_249' title='bbox 799 1342 831 1372; x_wconf 70' lang='grc' dir='ltr'>δε</span> <span class='ocrx_word' id='word_1_250' title='bbox 849 1341 973 1372; x_wconf 84' lang='lat' dir='ltr'>Fratrem</span> <span class='ocrx_word' id='word_1_251' title='bbox 988 1340 1063 1378; x_wconf 67' lang='lat' dir='ltr'>ejus,</span> 
     </span>
    </p>

    <p class='ocr_par' dir='ltr' id='par_1_18' title="bbox 216 1372 1280 1654">
     <span class='ocr_line' id='line_1_49' title="bbox 252 1372 1277 1416; baseline -0.015 0"><span class='ocrx_word' id='word_1_252' title='bbox 252 1391 360 1416; x_wconf 68' lang='lat' dir='ltr'>nantes</span> <span class='ocrx_word' id='word_1_253' title='bbox 375 1385 489 1416; x_wconf 83' lang='lat' dir='ltr'>firmiter</span> <span class='ocrx_word' id='word_1_254' title='bbox 503 1386 534 1415; x_wconf 90' lang='lat' dir='ltr'>in</span> <span class='ocrx_word' id='word_1_255' title='bbox 551 1383 685 1414; x_wconf 81' lang='lat' dir='ltr'>mandatis</span> <span class='ocrx_word' id='word_1_256' title='bbox 701 1383 758 1413; x_wconf 69' lang='lat' dir='ltr'>tam</span> <span class='ocrx_word' id='word_1_257' title='bbox 773 1380 877 1411; x_wconf 89' lang='lat' dir='ltr'>eisdem</span> <span class='ocrx_word' id='word_1_258' title='bbox 893 1379 990 1410; x_wconf 85' lang='lat' dir='ltr'>Pueris</span> <span class='ocrx_word' id='word_1_259' title='bbox 1005 1379 1037 1409; x_wconf 89' lang='lat'>&amp;</span> <span class='ocrx_word' id='word_1_260' title='bbox 1053 1372 1277 1412; x_wconf 82' lang='lat' dir='ltr'>Consanguineis</span> 
     </span>
     <span class='ocr_line' id='line_1_50' title="bbox 217 1413 1278 1462; baseline -0.015 -6"><span class='ocrx_word' id='word_1_261' title='bbox 217 1425 337 1462; x_wconf 84' lang='lat' dir='ltr'>nostris,</span> <span class='ocrx_word' id='word_1_262' title='bbox 358 1424 436 1462; x_wconf 82' lang='lat' dir='ltr'>quod</span> <span class='ocrx_word' id='word_1_263' title='bbox 453 1423 543 1460; x_wconf 89' lang='lat' dir='ltr'>ipsum</span> <span class='ocrx_word' id='word_1_264' title='bbox 558 1422 715 1461; x_wconf 82' lang='lat' dir='ltr'>Hugonem</span> <span class='ocrx_word' id='word_1_265' title='bbox 732 1422 760 1451; x_wconf 89' lang='lat' dir='ltr'>in</span> <span class='ocrx_word' id='word_1_266' title='bbox 775 1419 1004 1449; x_wconf 74' lang='lat' dir='ltr'>Gubernatorem</span> <span class='ocrx_word' id='word_1_267' title='bbox 1027 1415 1106 1445; x_wconf 88' lang='lat' dir='ltr'>suum</span> <span class='ocrx_word' id='word_1_268' title='bbox 1124 1413 1278 1450; x_wconf 83' lang='lat' dir='ltr'>recipient,</span> 
     </span>
     <span class='ocr_line' id='line_1_51' title="bbox 216 1451 1280 1503; baseline -0.015 -9"><span class='ocrx_word' id='word_1_269' title='bbox 216 1466 303 1503; x_wconf 69' lang='lat' dir='ltr'>quam</span> <span class='ocrx_word' id='word_1_270' title='bbox 321 1464 450 1493; x_wconf 77' lang='lat' dir='ltr'>universis</span> <span class='ocrx_word' id='word_1_271' title='bbox 465 1464 498 1494; x_wconf 82' lang='lat'>&amp;</span> <span class='ocrx_word' id='word_1_272' title='bbox 515 1461 624 1500; x_wconf 81' lang='lat' dir='ltr'>singulis</span> <span class='ocrx_word' id='word_1_273' title='bbox 646 1461 741 1499; x_wconf 67' lang='lat' dir='ltr'>Ligeis</span> <span class='ocrx_word' id='word_1_274' title='bbox 762 1457 880 1493; x_wconf 87' lang='lat' dir='ltr'>nostris,</span> <span class='ocrx_word' id='word_1_275' title='bbox 898 1457 926 1486; x_wconf 92' lang='lat' dir='ltr'>in</span> <span class='ocrx_word' id='word_1_276' title='bbox 949 1454 1053 1486; x_wconf 88' lang='lat' dir='ltr'>eodem</span> <span class='ocrx_word' id='word_1_277' title='bbox 1079 1451 1180 1483; x_wconf 88' lang='lat' dir='ltr'>Castro</span> <span class='ocrx_word' id='word_1_278' title='bbox 1195 1459 1280 1480; x_wconf 92' lang='lat' dir='ltr'>com-</span> 
     </span>
     <span class='ocr_line' id='line_1_52' title="bbox 221 1488 1279 1539; baseline -0.013 -7"><span class='ocrx_word' id='word_1_279' title='bbox 221 1503 414 1539; x_wconf 81' lang='lat' dir='ltr'>morantibus,</span> <span class='ocrx_word' id='word_1_280' title='bbox 432 1500 510 1539; x_wconf 86' lang='lat' dir='ltr'>quod</span> <span class='ocrx_word' id='word_1_281' title='bbox 531 1500 627 1531; x_wconf 84' lang='lat' dir='ltr'>eidem</span> <span class='ocrx_word' id='word_1_282' title='bbox 650 1498 775 1535; x_wconf 80' lang='lat' dir='ltr'>Hugoni</span> <span class='ocrx_word' id='word_1_283' title='bbox 797 1497 829 1527; x_wconf 69' lang='grc' dir='ltr'>ὃ(</span> <span class='ocrx_word' id='word_1_284' title='bbox 854 1492 1088 1525; x_wconf 85' lang='lat' dir='ltr'>Ordinationibus</span> <span class='ocrx_word' id='word_1_285' title='bbox 1103 1489 1154 1521; x_wconf 90' lang='lat' dir='ltr'>suis</span> <span class='ocrx_word' id='word_1_286' title='bbox 1175 1490 1203 1519; x_wconf 89' lang='lat' dir='ltr'>iii</span> <span class='ocrx_word' id='word_1_287' title='bbox 1226 1488 1279 1518; x_wconf 86' lang='lat' dir='ltr'>hac</span> 
     </span>
     <span class='ocr_line' id='line_1_53' title="bbox 224 1536 829 1579; baseline -0.01 -8"><span class='ocrx_word' id='word_1_288' title='bbox 224 1550 300 1579; x_wconf 69' lang='lat' dir='ltr'>parte</span> <span class='ocrx_word' id='word_1_289' title='bbox 313 1549 424 1578; x_wconf 82' lang='lat' dir='ltr'>pareant</span> <span class='ocrx_word' id='word_1_290' title='bbox 444 1541 476 1570; x_wconf 65' lang='grc' dir='ltr'>ὃς</span> <span class='ocrx_word' id='word_1_291' title='bbox 493 1539 628 1570; x_wconf 84' lang='lat' dir='ltr'>obediant</span> <span class='ocrx_word' id='word_1_292' title='bbox 642 1545 724 1575; x_wconf 89' lang='lat' dir='ltr'>prout</span> <span class='ocrx_word' id='word_1_293' title='bbox 740 1536 829 1567; x_wconf 88' lang='lat' dir='ltr'>decet.</span> 
     </span>
     <span class='ocr_line' id='line_1_54' title="bbox 258 1579 487 1616; baseline -0.009 -7"><span class='ocrx_word' id='word_1_294' title='bbox 258 1579 291 1609; x_wconf 89' lang='lat' dir='ltr'>In</span> <span class='ocrx_word' id='word_1_295' title='bbox 313 1579 408 1616; x_wconf 89' lang='lat' dir='ltr'>cujus,</span> <span class='ocrx_word' id='word_1_296' title='bbox 426 1579 487 1609; x_wconf 67' lang='grc' dir='ltr'>ἃς.</span> 
     </span>
     <span class='ocr_line' id='line_1_55' title="bbox 288 1605 1175 1654; baseline -0.014 -6"><span class='ocrx_word' id='word_1_297' title='bbox 288 1617 377 1648; x_wconf 87' lang='lat' dir='ltr'>Teste</span> <span class='ocrx_word' id='word_1_298' title='bbox 398 1617 482 1654; x_wconf 86' lang='lat' dir='ltr'>Rege</span> <span class='ocrx_word' id='word_1_299' title='bbox 499 1614 571 1654; x_wconf 89' lang='lat' dir='ltr'>apud</span> <span class='ocrx_word' id='word_1_300' title='bbox 591 1612 849 1653; x_wconf 69' lang='lat' dir='ltr'>Wstmonasterrum</span> <span class='ocrx_word' id='word_1_301' title='bbox 864 1634 874 1650; x_wconf 86' lang='lat'>,</span> <span class='ocrx_word' id='word_1_302' title='bbox 901 1610 1014 1649; x_wconf 83' lang='lat' dir='ltr'>Quinto</span> <span class='ocrx_word' id='word_1_303' title='bbox 1037 1607 1084 1638; x_wconf 89' lang='lat' dir='ltr'>die</span> <span class='ocrx_word' id='word_1_304' title='bbox 1097 1605 1175 1645; x_wconf 88' lang='lat' dir='ltr'>Julii.</span> 
     </span>
    </p>
   </div>
   <div class='ocr_carea' id='block_1_14' title="bbox 769 1680 1233 1721">
    <p class='ocr_par' dir='ltr' id='par_1_19' title="bbox 769 1680 1233 1721">
     <span class='ocr_line' id='line_1_56' title="bbox 769 1680 1233 1721; baseline -0.019 -2"><span class='ocrx_word' id='word_1_305' title='bbox 769 1692 823 1719; x_wconf 89' lang='lat' dir='ltr'>Per</span> <span class='ocrx_word' id='word_1_306' title='bbox 837 1691 931 1718; x_wconf 84' lang='lat' dir='ltr'>Breve</span> <span class='ocrx_word' id='word_1_307' title='bbox 943 1687 976 1717; x_wconf 83' lang='lat' dir='ltr'>de</span> <span class='ocrx_word' id='word_1_308' title='bbox 997 1687 1117 1716; x_wconf 82' lang='lat' dir='ltr'>Privato</span> <span class='ocrx_word' id='word_1_309' title='bbox 1134 1680 1233 1721; x_wconf 83' lang='lat' dir='ltr'>Sigillo.</span> 
     </span>
    </p>
   </div>
   <div class='ocr_carea' id='block_1_15' title="bbox 270 1809 1235 1865">
    <p class='ocr_par' dir='ltr' id='par_1_20' title="bbox 270 1809 1235 1865">
     <span class='ocr_line' id='line_1_57' title="bbox 270 1809 1235 1865; baseline -0.01 -11"><span class='ocrx_word' id='word_1_310' title='bbox 270 1822 318 1854; x_wconf 83' lang='lat' dir='ltr'>De</span> <span class='ocrx_word' id='word_1_311' title='bbox 332 1832 388 1852; x_wconf 85' lang='lat' dir='ltr'>non</span> <span class='ocrx_word' id='word_1_312' title='bbox 407 1818 621 1862; x_wconf 77' lang='lat' dir='ltr'>Occastonana&#39;o</span> <span class='ocrx_word' id='word_1_313' title='bbox 638 1827 757 1865; x_wconf 85' lang='lat' dir='ltr'>propter</span> <span class='ocrx_word' id='word_1_314' title='bbox 773 1813 945 1849; x_wconf 78' lang='lat' dir='ltr'>Mendacia</span> <span class='ocrx_word' id='word_1_315' title='bbox 959 1815 1131 1846; x_wconf 83' lang='lat' dir='ltr'>Innocenter</span> <span class='ocrx_word' id='word_1_316' title='bbox 1144 1809 1235 1844; x_wconf 56' lang='lat' dir='ltr'>dista.</span> 
     </span>
    </p>
   </div>
   <div class='ocr_carea' id='block_1_16' title="bbox 227 1895 1311 3825">
    <p class='ocr_par' dir='ltr' id='par_1_21' title="bbox 228 1895 1285 1976">
     <span class='ocr_line' id='line_1_58' title="bbox 228 1895 1285 1963; baseline -0.01 -25"><span class='ocrx_word' id='word_1_317' title='bbox 228 1906 355 1963; x_wconf 82' lang='lat' dir='ltr'>REX</span> <span class='ocrx_word' id='word_1_318' title='bbox 381 1905 493 1937; x_wconf 87' lang='lat' dir='ltr'>Ballivis</span> <span class='ocrx_word' id='word_1_319' title='bbox 511 1904 594 1937; x_wconf 84' lang='lat' dir='ltr'>Villae</span> <span class='ocrx_word' id='word_1_320' title='bbox 619 1904 655 1935; x_wconf 88' lang='lat' dir='ltr'>de</span> <span class='ocrx_word' id='word_1_321' title='bbox 679 1902 752 1942; x_wconf 91' lang='lat' dir='ltr'>Bury</span> <span class='ocrx_word' id='word_1_322' title='bbox 777 1903 807 1932; x_wconf 90' lang='lat' dir='ltr'>in</span> <span class='ocrx_word' id='word_1_323' title='bbox 831 1899 983 1931; x_wconf 87' lang='lat' dir='ltr'>Comitatu</span> <span class='ocrx_word' id='word_1_324' title='bbox 1007 1895 1155 1930; x_wconf 74' lang='lat' dir='ltr'>Suffochae</span> <span class='ocrx_word' id='word_1_325' title='bbox 1170 1918 1180 1934; x_wconf 82' lang='lat'>‚</span> <span class='ocrx_word' id='word_1_326' title='bbox 1205 1895 1285 1927; x_wconf 87' lang='lat' dir='ltr'>Salu-</span> 
     </span>
     <span class='ocr_line' id='line_1_59' title="bbox 297 1954 367 1976; baseline -0.029 0"><span class='ocrx_word' id='word_1_327' title='bbox 297 1954 367 1976; x_wconf 89' lang='lat' dir='ltr'>tem.</span> 
     </span>
    </p>

    <p class='ocr_par' dir='ltr' id='par_1_22' title="bbox 265 1984 551 2023">
     <span class='ocr_line' id='line_1_60' title="bbox 265 1984 551 2023; baseline -0.01 -6"><span class='ocrx_word' id='word_1_328' title='bbox 265 1985 346 2017; x_wconf 76' lang='lat' dir='ltr'>Cum</span> <span class='ocrx_word' id='word_1_329' title='bbox 362 1984 432 2015; x_wconf 91' lang='lat' dir='ltr'>Nos</span> <span class='ocrx_word' id='word_1_330' title='bbox 444 1993 551 2023; x_wconf 81' lang='lat' dir='ltr'>nuper,</span> 
     </span>
    </p>

    <p class='ocr_par' dir='ltr' id='par_1_23' title="bbox 227 2011 1290 2413">
     <span class='ocr_line' id='line_1_61' title="bbox 265 2011 1286 2061; baseline -0.012 -6"><span class='ocrx_word' id='word_1_331' title='bbox 265 2024 346 2055; x_wconf 88' lang='lat' dir='ltr'>Licet</span> <span class='ocrx_word' id='word_1_332' title='bbox 359 2023 505 2061; x_wconf 85' lang='lat' dir='ltr'>publicatis</span> <span class='ocrx_word' id='word_1_333' title='bbox 520 2024 553 2054; x_wconf 67' lang='grc' dir='ltr'>ὃς</span> <span class='ocrx_word' id='word_1_334' title='bbox 570 2021 689 2052; x_wconf 83' lang='lat' dir='ltr'>inaniter</span> <span class='ocrx_word' id='word_1_335' title='bbox 705 2018 868 2051; x_wconf 86' lang='lat' dir='ltr'>Praedicatis</span> <span class='ocrx_word' id='word_1_336' title='bbox 882 2014 1022 2047; x_wconf 85' lang='lat' dir='ltr'>nonnullis</span> <span class='ocrx_word' id='word_1_337' title='bbox 1034 2014 1184 2045; x_wconf 87' lang='lat' dir='ltr'>Fabricatis</span> <span class='ocrx_word' id='word_1_338' title='bbox 1197 2011 1286 2045; x_wconf 91' lang='lat' dir='ltr'>Men-</span> 
     </span>
     <span class='ocr_line' id='line_1_62' title="bbox 228 2051 1288 2100; baseline -0.013 -6"><span class='ocrx_word' id='word_1_339' title='bbox 228 2062 333 2100; x_wconf 73' lang='lat' dir='ltr'>dacus,</span> <span class='ocrx_word' id='word_1_340' title='bbox 352 2064 410 2092; x_wconf 76' lang='lat' dir='ltr'>tam</span> <span class='ocrx_word' id='word_1_341' title='bbox 426 2063 455 2091; x_wconf 93' lang='lat' dir='ltr'>in</span> <span class='ocrx_word' id='word_1_342' title='bbox 467 2061 590 2092; x_wconf 86' lang='lat' dir='ltr'>Civitate</span> <span class='ocrx_word' id='word_1_343' title='bbox 605 2059 695 2090; x_wconf 87' lang='lat' dir='ltr'>nostra</span> <span class='ocrx_word' id='word_1_344' title='bbox 712 2057 869 2089; x_wconf 83' lang='lat' dir='ltr'>Londoniae</span> <span class='ocrx_word' id='word_1_345' title='bbox 883 2056 968 2093; x_wconf 68' lang='lat' dir='ltr'>quam</span> <span class='ocrx_word' id='word_1_346' title='bbox 981 2053 1048 2084; x_wconf 89' lang='lat' dir='ltr'>alibi</span> <span class='ocrx_word' id='word_1_347' title='bbox 1061 2051 1132 2082; x_wconf 87' lang='lat' dir='ltr'>infra</span> <span class='ocrx_word' id='word_1_348' title='bbox 1146 2051 1288 2093; x_wconf 88' lang='lat' dir='ltr'>Regnum</span> 
     </span>
     <span class='ocr_line' id='line_1_63' title="bbox 229 2090 1289 2139; baseline -0.011 -7"><span class='ocrx_word' id='word_1_349' title='bbox 229 2101 359 2133; x_wconf 89' lang='lat' dir='ltr'>nostrum</span> <span class='ocrx_word' id='word_1_350' title='bbox 375 2100 504 2139; x_wconf 82' lang='lat' dir='ltr'>Angliae,</span> <span class='ocrx_word' id='word_1_351' title='bbox 522 2110 571 2138; x_wconf 84' lang='lat' dir='ltr'>per</span> <span class='ocrx_word' id='word_1_352' title='bbox 584 2100 661 2129; x_wconf 92' lang='lat' dir='ltr'>viros</span> <span class='ocrx_word' id='word_1_353' title='bbox 673 2096 817 2134; x_wconf 86' lang='lat' dir='ltr'>religiosos</span> <span class='ocrx_word' id='word_1_354' title='bbox 828 2094 1010 2132; x_wconf 86' lang='lat' dir='ltr'>diversos‚&amp;</span> <span class='ocrx_word' id='word_1_355' title='bbox 1024 2091 1091 2123; x_wconf 85' lang='lat' dir='ltr'>alios</span> <span class='ocrx_word' id='word_1_356' title='bbox 1107 2090 1289 2121; x_wconf 66' lang='lat' dir='ltr'>laturreecio-</span> 
     </span>
     <span class='ocr_line' id='line_1_64' title="bbox 231 2129 1288 2174; baseline -0.012 -2"><span class='ocrx_word' id='word_1_357' title='bbox 231 2150 298 2172; x_wconf 89' lang='lat' dir='ltr'>nem</span> <span class='ocrx_word' id='word_1_358' title='bbox 321 2140 354 2171; x_wconf 72' lang='grc' dir='ltr'>δε</span> <span class='ocrx_word' id='word_1_359' title='bbox 377 2138 617 2171; x_wconf 89' lang='lat' dir='ltr'>Commotionem</span> <span class='ocrx_word' id='word_1_360' title='bbox 641 2136 746 2174; x_wconf 89' lang='lat' dir='ltr'>Populi</span> <span class='ocrx_word' id='word_1_361' title='bbox 764 2133 885 2173; x_wconf 89' lang='lat' dir='ltr'>ejusdem</span> <span class='ocrx_word' id='word_1_362' title='bbox 909 2132 1006 2172; x_wconf 82' lang='lat' dir='ltr'>Regni</span> <span class='ocrx_word' id='word_1_363' title='bbox 1024 2129 1114 2161; x_wconf 89' lang='lat' dir='ltr'>nostri</span> <span class='ocrx_word' id='word_1_364' title='bbox 1136 2129 1288 2167; x_wconf 80' lang='lat' dir='ltr'>Felonice‚</span> 
     </span>
     <span class='ocr_line' id='line_1_65' title="bbox 227 2167 1289 2214; baseline -0.012 -4"><span class='ocrx_word' id='word_1_365' title='bbox 227 2180 326 2209; x_wconf 81' lang='lat' dir='ltr'>immo</span> <span class='ocrx_word' id='word_1_366' title='bbox 341 2179 433 2209; x_wconf 81' lang='lat' dir='ltr'>verius</span> <span class='ocrx_word' id='word_1_367' title='bbox 447 2178 607 2209; x_wconf 81' lang='lat' dir='ltr'>Proditorie</span> <span class='ocrx_word' id='word_1_368' title='bbox 620 2199 630 2214; x_wconf 91' lang='lat'>,</span> <span class='ocrx_word' id='word_1_369' title='bbox 647 2185 746 2206; x_wconf 88' lang='lat' dir='ltr'>contra</span> <span class='ocrx_word' id='word_1_370' title='bbox 761 2182 861 2204; x_wconf 88' lang='lat' dir='ltr'>eorum</span> <span class='ocrx_word' id='word_1_371' title='bbox 875 2171 1052 2211; x_wconf 87' lang='lat' dir='ltr'>Ligeantiam</span> <span class='ocrx_word' id='word_1_372' title='bbox 1065 2169 1189 2208; x_wconf 86' lang='lat' dir='ltr'>nequiter</span> <span class='ocrx_word' id='word_1_373' title='bbox 1205 2167 1289 2199; x_wconf 86' lang='lat' dir='ltr'>Con-</span> 
     </span>
     <span class='ocr_line' id='line_1_66' title="bbox 227 2207 1288 2258; baseline -0.013 -8"><span class='ocrx_word' id='word_1_374' title='bbox 227 2219 377 2258; x_wconf 82' lang='lat' dir='ltr'>spirantes,</span> <span class='ocrx_word' id='word_1_375' title='bbox 394 2221 428 2251; x_wconf 88' lang='lat'>&amp;</span> <span class='ocrx_word' id='word_1_376' title='bbox 442 2219 477 2250; x_wconf 90' lang='lat' dir='ltr'>ad</span> <span class='ocrx_word' id='word_1_377' title='bbox 491 2216 629 2249; x_wconf 66' lang='lat' dir='ltr'>effectum</span> <span class='ocrx_word' id='word_1_378' title='bbox 652 2226 705 2254; x_wconf 91' lang='lat' dir='ltr'>pro</span> <span class='ocrx_word' id='word_1_379' title='bbox 720 2222 824 2246; x_wconf 88' lang='lat' dir='ltr'>eorum</span> <span class='ocrx_word' id='word_1_380' title='bbox 847 2212 954 2242; x_wconf 84' lang='lat' dir='ltr'>viribus</span> <span class='ocrx_word' id='word_1_381' title='bbox 968 2208 1184 2248; x_wconf 82' lang='lat' dir='ltr'>dampnabiliter</span> <span class='ocrx_word' id='word_1_382' title='bbox 1199 2207 1288 2237; x_wconf 91' lang='lat' dir='ltr'>dedu-</span> 
     </span>
     <span class='ocr_line' id='line_1_67' title="bbox 229 2244 1289 2297; baseline -0.013 -8"><span class='ocrx_word' id='word_1_383' title='bbox 229 2268 295 2289; x_wconf 86' lang='lat' dir='ltr'>cere</span> <span class='ocrx_word' id='word_1_384' title='bbox 313 2257 482 2297; x_wconf 84' lang='lat' dir='ltr'>Cupientes,</span> <span class='ocrx_word' id='word_1_385' title='bbox 501 2255 631 2296; x_wconf 82' lang='lat' dir='ltr'>Quidam</span> <span class='ocrx_word' id='word_1_386' title='bbox 645 2263 745 2284; x_wconf 88' lang='lat' dir='ltr'>eorum</span> <span class='ocrx_word' id='word_1_387' title='bbox 761 2275 770 2291; x_wconf 77' lang='grc'>,</span> <span class='ocrx_word' id='word_1_388' title='bbox 788 2251 906 2289; x_wconf 86' lang='lat' dir='ltr'>propriis</span> <span class='ocrx_word' id='word_1_389' title='bbox 927 2250 959 2280; x_wconf 64' lang='grc' dir='ltr'>ὃς</span> <span class='ocrx_word' id='word_1_390' title='bbox 974 2249 1097 2287; x_wconf 82' lang='lat' dir='ltr'>publicis</span> <span class='ocrx_word' id='word_1_391' title='bbox 1119 2247 1157 2277; x_wconf 90' lang='lat' dir='ltr'>sui</span> <span class='ocrx_word' id='word_1_392' title='bbox 1179 2244 1289 2277; x_wconf 68' lang='lat' dir='ltr'>Reatfis</span> 
     </span>
     <span class='ocr_line' id='line_1_68' title="bbox 229 2285 1288 2334; baseline -0.014 -5"><span class='ocrx_word' id='word_1_393' title='bbox 229 2297 460 2328; x_wconf 85' lang='lat' dir='ltr'>Confeffionibus</span> <span class='ocrx_word' id='word_1_394' title='bbox 481 2293 721 2334; x_wconf 82' lang='lat' dir='ltr'>praecedentibus,</span> <span class='ocrx_word' id='word_1_395' title='bbox 738 2291 843 2328; x_wconf 86' lang='lat' dir='ltr'>suisque</span> <span class='ocrx_word' id='word_1_396' title='bbox 867 2288 1022 2320; x_wconf 88' lang='lat' dir='ltr'>Demeritis</span> <span class='ocrx_word' id='word_1_397' title='bbox 1041 2286 1216 2324; x_wconf 79' lang='lat' dir='ltr'>exigentibus</span> <span class='ocrx_word' id='word_1_398' title='bbox 1231 2308 1241 2324; x_wconf 85' lang='lat'>,</span> <span class='ocrx_word' id='word_1_399' title='bbox 1259 2285 1288 2314; x_wconf 91' lang='lat' dir='ltr'>in</span> 
     </span>
     <span class='ocr_line' id='line_1_69' title="bbox 227 2325 1288 2394; baseline -0.012 -28"><span class='ocrx_word' id='word_1_400' title='bbox 227 2337 281 2368; x_wconf 88' lang='lat' dir='ltr'>hac</span> <span class='ocrx_word' id='word_1_401' title='bbox 297 2345 391 2376; x_wconf 84' lang='lat' dir='ltr'>parte,</span> <span class='ocrx_word' id='word_1_402' title='bbox 410 2334 551 2366; x_wconf 57' lang='lat' dir='ltr'>Conviffiti</span> <span class='ocrx_word' id='word_1_403' title='bbox 565 2335 598 2365; x_wconf 90' lang='lat'>&amp;</span> <span class='ocrx_word' id='word_1_404' title='bbox 614 2331 706 2361; x_wconf 86' lang='lat' dir='ltr'>Morti</span> <span class='ocrx_word' id='word_1_405' title='bbox 722 2328 871 2365; x_wconf 85' lang='lat' dir='ltr'>adiudicati</span> <span class='ocrx_word' id='word_1_406' title='bbox 888 2328 1029 2358; x_wconf 86' lang='lat' dir='ltr'>extiterint</span> <span class='ocrx_word' id='word_1_407' title='bbox 1039 2325 1288 2394; x_wconf 46' lang='lat' dir='ltr'>,diudiciaquefin</span> 
     </span>
     <span class='ocr_line' id='line_1_70' title="bbox 229 2365 1290 2413; baseline -0.014 -7"><span class='ocrx_word' id='word_1_408' title='bbox 229 2376 284 2405; x_wconf 89' lang='lat' dir='ltr'>hac</span> <span class='ocrx_word' id='word_1_409' title='bbox 309 2384 383 2413; x_wconf 88' lang='lat' dir='ltr'>parte</span> <span class='ocrx_word' id='word_1_410' title='bbox 405 2373 512 2404; x_wconf 85' lang='lat' dir='ltr'>reddita</span> <span class='ocrx_word' id='word_1_411' title='bbox 528 2396 537 2409; x_wconf 91' lang='lat'>,</span> <span class='ocrx_word' id='word_1_412' title='bbox 556 2371 651 2402; x_wconf 75' lang='lat' dir='ltr'>debite</span> <span class='ocrx_word' id='word_1_413' title='bbox 673 2369 776 2399; x_wconf 82' lang='lat' dir='ltr'>fuerint</span> <span class='ocrx_word' id='word_1_414' title='bbox 791 2366 911 2397; x_wconf 87' lang='lat' dir='ltr'>assecuta</span> <span class='ocrx_word' id='word_1_415' title='bbox 930 2389 939 2403; x_wconf 89' lang='lat'>,</span> <span class='ocrx_word' id='word_1_416' title='bbox 975 2365 1052 2395; x_wconf 87' lang='lat' dir='ltr'>consi</span> <span class='ocrx_word' id='word_1_417' title='bbox 1073 2372 1178 2393; x_wconf 84' lang='lat' dir='ltr'>erantes</span> <span class='ocrx_word' id='word_1_418' title='bbox 1193 2372 1290 2393; x_wconf 89' lang='lat' dir='ltr'>tamen</span> 
     </span>
    </p>

    <p class='ocr_par' dir='ltr' id='par_1_24' title="bbox 228 2402 1308 3636">
     <span class='ocr_line' id='line_1_71' title="bbox 252 2402 1291 2453; baseline -0.014 -9"><span class='ocrx_word' id='word_1_419' title='bbox 252 2414 312 2444; x_wconf 75' lang='lat' dir='ltr'>ubd</span> <span class='ocrx_word' id='word_1_420' title='bbox 328 2413 503 2451; x_wconf 86' lang='lat' dir='ltr'>quamplures</span> <span class='ocrx_word' id='word_1_421' title='bbox 519 2410 598 2453; x_wconf 82' lang='lat' dir='ltr'>Ligei</span> <span class='ocrx_word' id='word_1_422' title='bbox 612 2408 700 2439; x_wconf 86' lang='lat' dir='ltr'>nostri</span> <span class='ocrx_word' id='word_1_423' title='bbox 721 2406 851 2436; x_wconf 86' lang='lat' dir='ltr'>Civitatis</span> <span class='ocrx_word' id='word_1_424' title='bbox 874 2405 908 2435; x_wconf 90' lang='lat'>&amp;</span> <span class='ocrx_word' id='word_1_425' title='bbox 923 2404 1022 2441; x_wconf 87' lang='lat' dir='ltr'>Regni</span> <span class='ocrx_word' id='word_1_426' title='bbox 1040 2402 1202 2433; x_wconf 89' lang='lat' dir='ltr'>nostrorum</span> <span class='ocrx_word' id='word_1_427' title='bbox 1217 2410 1291 2439; x_wconf 83' lang='lat' dir='ltr'>prae-</span> 
     </span>
     <span class='ocr_line' id='line_1_72' title="bbox 229 2424 1291 2488; baseline -0.014 -5"><span class='ocrx_word' id='word_1_428' title='bbox 229 2424 374 2483; x_wconf 50' lang='lat' dir='ltr'>diciorum</span> <span class='ocrx_word' id='word_1_429' title='bbox 388 2474 397 2488; x_wconf 86' lang='lat'>,</span> <span class='ocrx_word' id='word_1_430' title='bbox 417 2451 463 2488; x_wconf 84' lang='lat' dir='ltr'>qui</span> <span class='ocrx_word' id='word_1_431' title='bbox 484 2447 646 2486; x_wconf 81' lang='lat' dir='ltr'>hujusmodi</span> <span class='ocrx_word' id='word_1_432' title='bbox 672 2444 823 2476; x_wconf 84' lang='lat' dir='ltr'>Mendacia</span> <span class='ocrx_word' id='word_1_433' title='bbox 837 2442 951 2472; x_wconf 81' lang='lat' dir='ltr'>forsitan</span> <span class='ocrx_word' id='word_1_434' title='bbox 967 2442 1127 2478; x_wconf 88' lang='lat' dir='ltr'>audierunt,</span> <span class='ocrx_word' id='word_1_435' title='bbox 1148 2441 1180 2471; x_wconf 86' lang='lat'>&amp;</span> <span class='ocrx_word' id='word_1_436' title='bbox 1197 2439 1232 2469; x_wconf 90' lang='lat' dir='ltr'>de</span> <span class='ocrx_word' id='word_1_437' title='bbox 1248 2438 1291 2468; x_wconf 85' lang='lat' dir='ltr'>fa-</span> 
     </span>
     <span class='ocr_line' id='line_1_73' title="bbox 230 2477 1273 2523; baseline -0.014 -2"><span class='ocrx_word' id='word_1_438' title='bbox 230 2492 278 2522; x_wconf 88' lang='lat' dir='ltr'>cili</span> <span class='ocrx_word' id='word_1_439' title='bbox 300 2493 463 2521; x_wconf 88' lang='lat' dir='ltr'>innocenter</span> <span class='ocrx_word' id='word_1_440' title='bbox 486 2487 630 2523; x_wconf 80' lang='lat' dir='ltr'>dixerunt,</span> <span class='ocrx_word' id='word_1_441' title='bbox 648 2484 739 2521; x_wconf 85' lang='lat' dir='ltr'>eisque</span> <span class='ocrx_word' id='word_1_442' title='bbox 762 2482 797 2512; x_wconf 87' lang='lat' dir='ltr'>de</span> <span class='ocrx_word' id='word_1_443' title='bbox 818 2481 895 2511; x_wconf 61' lang='lat' dir='ltr'>fadio</span> <span class='ocrx_word' id='word_1_444' title='bbox 911 2480 1064 2509; x_wconf 86' lang='lat' dir='ltr'>nullatenus</span> <span class='ocrx_word' id='word_1_445' title='bbox 1079 2477 1273 2508; x_wconf 88' lang='lat' dir='ltr'>consenserunt</span> 
     </span>
     <span class='ocr_line' id='line_1_74' title="bbox 233 2515 1272 2565; baseline -0.014 -6"><span class='ocrx_word' id='word_1_446' title='bbox 233 2530 271 2560; x_wconf 85' lang='lat' dir='ltr'>set</span> <span class='ocrx_word' id='word_1_447' title='bbox 283 2527 442 2565; x_wconf 85' lang='lat' dir='ltr'>hujusmodi</span> <span class='ocrx_word' id='word_1_448' title='bbox 458 2525 650 2556; x_wconf 75' lang='lat' dir='ltr'>proditoribus</span> <span class='ocrx_word' id='word_1_449' title='bbox 664 2524 697 2554; x_wconf 86' lang='lat'>&amp;</span> <span class='ocrx_word' id='word_1_450' title='bbox 713 2529 812 2551; x_wconf 88' lang='lat' dir='ltr'>eorum</span> <span class='ocrx_word' id='word_1_451' title='bbox 829 2519 930 2556; x_wconf 81' lang='lat' dir='ltr'>iniquis</span> <span class='ocrx_word' id='word_1_452' title='bbox 944 2517 1199 2554; x_wconf 83' lang='lat' dir='ltr'>Imaginationibus</span> <span class='ocrx_word' id='word_1_453' title='bbox 1209 2538 1218 2552; x_wconf 81' lang='lat'>.,</span> <span class='ocrx_word' id='word_1_454' title='bbox 1231 2515 1272 2545; x_wconf 80' lang='lat' dir='ltr'>sia</span> 
     </span>
     <span class='ocr_line' id='line_1_75' title="bbox 234 2554 1294 2605; baseline -0.016 -7"><span class='ocrx_word' id='word_1_455' title='bbox 234 2567 357 2605; x_wconf 88' lang='lat' dir='ltr'>ipsorum</span> <span class='ocrx_word' id='word_1_456' title='bbox 373 2566 501 2595; x_wconf 84' lang='lat' dir='ltr'>notitiam</span> <span class='ocrx_word' id='word_1_457' title='bbox 514 2563 644 2593; x_wconf 63' lang='lat' dir='ltr'>deduetae</span> <span class='ocrx_word' id='word_1_458' title='bbox 660 2556 918 2596; x_wconf 86' lang='lat' dir='ltr'>fuissent,rcsistere</span> <span class='ocrx_word' id='word_1_459' title='bbox 940 2555 1046 2593; x_wconf 84' lang='lat' dir='ltr'>semper</span> <span class='ocrx_word' id='word_1_460' title='bbox 1054 2555 1138 2592; x_wconf 83' lang='lat' dir='ltr'>parati</span> <span class='ocrx_word' id='word_1_461' title='bbox 1160 2554 1272 2583; x_wconf 86' lang='lat' dir='ltr'>fiierunt</span> <span class='ocrx_word' id='word_1_462' title='bbox 1284 2575 1294 2591; x_wconf 75' lang='lat'>,</span> 
     </span>
     <span class='ocr_line' id='line_1_76' title="bbox 675 2590 1292 2629; baseline -0.015 0"><span class='ocrx_word' id='word_1_463' title='bbox 675 2599 779 2629; x_wconf 75' lang='lat' dir='ltr'>Poenas</span> <span class='ocrx_word' id='word_1_464' title='bbox 802 2599 943 2626; x_wconf 86' lang='lat' dir='ltr'>incurrere</span> <span class='ocrx_word' id='word_1_465' title='bbox 960 2592 1141 2625; x_wconf 87' lang='lat' dir='ltr'>verisimiliter</span> <span class='ocrx_word' id='word_1_466' title='bbox 1155 2590 1292 2621; x_wconf 86' lang='lat' dir='ltr'>formida-</span> 
     </span>
     <span class='ocr_line' id='line_1_77' title="bbox 236 2641 1221 2682; baseline -0.016 -7"><span class='ocrx_word' id='word_1_467' title='bbox 236 2654 328 2675; x_wconf 87' lang='lat' dir='ltr'>rentur</span> <span class='ocrx_word' id='word_1_468' title='bbox 336 2666 346 2682; x_wconf 80' lang='lat'>,</span> <span class='ocrx_word' id='word_1_469' title='bbox 360 2642 436 2681; x_wconf 84' lang='lat' dir='ltr'>quod</span> <span class='ocrx_word' id='word_1_470' title='bbox 451 2641 591 2672; x_wconf 84' lang='lat' dir='ltr'>nollemus</span> <span class='ocrx_word' id='word_1_471' title='bbox 600 2663 609 2676; x_wconf 86' lang='lat'>,</span> <span class='ocrx_word' id='word_1_472' title='bbox 1217 2669 1221 2673; x_wconf 29' lang='grc' dir='ltr'>ι</span> 
     </span>
     <span class='ocr_line' id='line_1_78' title="bbox 274 2666 1295 2714; baseline -0.017 -1"><span class='ocrx_word' id='word_1_473' title='bbox 274 2684 327 2713; x_wconf 88' lang='lat' dir='ltr'>Per</span> <span class='ocrx_word' id='word_1_474' title='bbox 348 2681 451 2712; x_wconf 82' lang='lat' dir='ltr'>diversa</span> <span class='ocrx_word' id='word_1_475' title='bbox 475 2679 570 2710; x_wconf 83' lang='lat' dir='ltr'>Brevia</span> <span class='ocrx_word' id='word_1_476' title='bbox 589 2676 807 2714; x_wconf 74' lang='lat' dir='ltr'>Praeceperimus</span> <span class='ocrx_word' id='word_1_477' title='bbox 824 2671 1001 2703; x_wconf 72' lang='lat' dir='ltr'>vicecomiti</span> <span class='ocrx_word' id='word_1_478' title='bbox 1016 2669 1114 2701; x_wconf 89' lang='lat' dir='ltr'>nostro</span> <span class='ocrx_word' id='word_1_479' title='bbox 1134 2666 1295 2699; x_wconf 72' lang='lat' dir='ltr'>Comitatus</span> 
     </span>
     <span class='ocr_line' id='line_1_79' title="bbox 236 2706 1295 2760; baseline -0.017 -8"><span class='ocrx_word' id='word_1_480' title='bbox 236 2721 364 2760; x_wconf 70' lang='lat' dir='ltr'>praedicti</span> <span class='ocrx_word' id='word_1_481' title='bbox 379 2730 411 2750; x_wconf 87' lang='lat' dir='ltr'>ac</span> <span class='ocrx_word' id='word_1_482' title='bbox 430 2720 487 2749; x_wconf 88' lang='lat' dir='ltr'>aliis</span> <span class='ocrx_word' id='word_1_483' title='bbox 502 2716 727 2747; x_wconf 87' lang='lat' dir='ltr'>Vicecomitibus</span> <span class='ocrx_word' id='word_1_484' title='bbox 746 2712 841 2751; x_wconf 84' lang='lat' dir='ltr'>Regni</span> <span class='ocrx_word' id='word_1_485' title='bbox 863 2710 952 2740; x_wconf 90' lang='lat' dir='ltr'>nostri</span> <span class='ocrx_word' id='word_1_486' title='bbox 967 2709 1099 2746; x_wconf 75' lang='lat' dir='ltr'>An‘gliae,</span> <span class='ocrx_word' id='word_1_487' title='bbox 1118 2707 1197 2745; x_wconf 76' lang='lat' dir='ltr'>quod</span> <span class='ocrx_word' id='word_1_488' title='bbox 1214 2706 1295 2745; x_wconf 90' lang='lat' dir='ltr'>quili-</span> 
     </span>
     <span class='ocr_line' id='line_1_80' title="bbox 241 2745 1295 2796; baseline -0.017 -5"><span class='ocrx_word' id='word_1_489' title='bbox 241 2762 413 2796; x_wconf 72' lang='lat' dir='ltr'>beteorum²</span> <span class='ocrx_word' id='word_1_490' title='bbox 434 2759 462 2788; x_wconf 86' lang='lat' dir='ltr'>in</span> <span class='ocrx_word' id='word_1_491' title='bbox 479 2755 589 2793; x_wconf 84' lang='lat' dir='ltr'>singulis</span> <span class='ocrx_word' id='word_1_492' title='bbox 605 2754 674 2784; x_wconf 89' lang='lat' dir='ltr'>locis</span> <span class='ocrx_word' id='word_1_493' title='bbox 696 2754 725 2782; x_wconf 87' lang='lat' dir='ltr'>in</span> <span class='ocrx_word' id='word_1_494' title='bbox 750 2751 853 2781; x_wconf 82' lang='lat' dir='ltr'>Balliva</span> <span class='ocrx_word' id='word_1_495' title='bbox 867 2749 911 2779; x_wconf 90' lang='lat' dir='ltr'>sua</span> <span class='ocrx_word' id='word_1_496' title='bbox 928 2749 975 2778; x_wconf 89' lang='lat' dir='ltr'>ubi</span> <span class='ocrx_word' id='word_1_497' title='bbox 992 2747 1089 2777; x_wconf 89' lang='lat' dir='ltr'>melius</span> <span class='ocrx_word' id='word_1_498' title='bbox 1106 2745 1234 2783; x_wconf 75' lang='lat' dir='ltr'>expedire</span> <span class='ocrx_word' id='word_1_499' title='bbox 1253 2745 1295 2774; x_wconf 90' lang='lat' dir='ltr'>vi-</span> 
     </span>
     <span class='ocr_line' id='line_1_81' title="bbox 237 2782 1298 2836; baseline -0.016 -7"><span class='ocrx_word' id='word_1_500' title='bbox 237 2799 333 2835; x_wconf 86' lang='lat' dir='ltr'>deret,</span> <span class='ocrx_word' id='word_1_501' title='bbox 353 2797 467 2836; x_wconf 75' lang='lat' dir='ltr'>publice</span> <span class='ocrx_word' id='word_1_502' title='bbox 488 2793 657 2825; x_wconf 82' lang='lat' dir='ltr'>Proclamari</span> <span class='ocrx_word' id='word_1_503' title='bbox 679 2791 799 2828; x_wconf 81' lang='lat' dir='ltr'>faceret,</span> <span class='ocrx_word' id='word_1_504' title='bbox 817 2790 849 2820; x_wconf 88' lang='lat'><strong>&amp;</strong></span> <span class='ocrx_word' id='word_1_505' title='bbox 868 2787 902 2817; x_wconf 90' lang='lat' dir='ltr'>ad</span> <span class='ocrx_word' id='word_1_506' title='bbox 918 2786 1065 2816; x_wconf 88' lang='lat' dir='ltr'>Notitiam</span> <span class='ocrx_word' id='word_1_507' title='bbox 1081 2783 1250 2815; x_wconf 89' lang='lat' dir='ltr'>eorumdem</span> <span class='ocrx_word' id='word_1_508' title='bbox 1265 2782 1298 2812; x_wconf 85' lang='lat' dir='ltr'>fi-</span> 
     </span>
     <span class='ocr_line' id='line_1_82' title="bbox 241 2822 1297 2871; baseline -0.017 -3"><span class='ocrx_word' id='word_1_509' title='bbox 241 2838 347 2867; x_wconf 89' lang='lat' dir='ltr'>delium</span> <span class='ocrx_word' id='word_1_510' title='bbox 365 2836 522 2871; x_wconf 71' lang='lat' dir='ltr'>Ligeorum</span> <span class='ocrx_word' id='word_1_511' title='bbox 538 2832 700 2862; x_wconf 86' lang='lat' dir='ltr'>nostrorum</span> <span class='ocrx_word' id='word_1_512' title='bbox 717 2829 816 2865; x_wconf 82' lang='lat' dir='ltr'>Regni</span> <span class='ocrx_word' id='word_1_513' title='bbox 834 2825 921 2856; x_wconf 82' lang='lat' dir='ltr'>nostri</span> <span class='ocrx_word' id='word_1_514' title='bbox 936 2824 1063 2863; x_wconf 66' lang='lat' dir='ltr'>praedicti</span> <span class='ocrx_word' id='word_1_515' title='bbox 1105 2823 1207 2853; x_wconf 89' lang='lat' dir='ltr'>deduci</span> <span class='ocrx_word' id='word_1_516' title='bbox 1222 2822 1297 2851; x_wconf 89' lang='lat' dir='ltr'>face-</span> 
     </span>
     <span class='ocr_line' id='line_1_83' title="bbox 241 2847 1298 2914; baseline -0.017 -8"><span class='ocrx_word' id='word_1_517' title='bbox 241 2885 299 2914; x_wconf 78' lang='lat' dir='ltr'>ret,</span> <span class='ocrx_word' id='word_1_518' title='bbox 320 2873 399 2913; x_wconf 75' lang='lat' dir='ltr'>quod</span> <span class='ocrx_word' id='word_1_519' title='bbox 413 2872 578 2903; x_wconf 81' lang='lat' dir='ltr'>Intentionis</span> <span class='ocrx_word' id='word_1_520' title='bbox 594 2869 697 2899; x_wconf 74' lang='lat' dir='ltr'>nostrae</span> <span class='ocrx_word' id='word_1_521' title='bbox 711 2868 861 2898; x_wconf 85' lang='lat' dir='ltr'>nullatenus</span> <span class='ocrx_word' id='word_1_522' title='bbox 881 2865 968 2894; x_wconf 71' lang='lat' dir='ltr'>extitit</span> <span class='ocrx_word' id='word_1_523' title='bbox 985 2847 1090 2906; x_wconf 37' lang='lat' dir='ltr'>„quod</span> <span class='ocrx_word' id='word_1_524' title='bbox 1106 2862 1189 2899; x_wconf 85' lang='lat' dir='ltr'>aliqui</span> <span class='ocrx_word' id='word_1_525' title='bbox 1203 2859 1298 2897; x_wconf 86' lang='lat' dir='ltr'>hujus-</span> 
     </span>
     <span class='ocr_line' id='line_1_84' title="bbox 242 2897 1300 2948; baseline -0.016 -4"><span class='ocrx_word' id='word_1_526' title='bbox 242 2913 321 2944; x_wconf 90' lang='lat' dir='ltr'>modi</span> <span class='ocrx_word' id='word_1_527' title='bbox 339 2912 440 2943; x_wconf 81' lang='lat' dir='ltr'>Fideles</span> <span class='ocrx_word' id='word_1_528' title='bbox 459 2912 545 2948; x_wconf 80' lang='lat' dir='ltr'>Ligei</span> <span class='ocrx_word' id='word_1_529' title='bbox 561 2908 648 2939; x_wconf 87' lang='lat' dir='ltr'>nostri</span> <span class='ocrx_word' id='word_1_530' title='bbox 663 2907 762 2944; x_wconf 79' lang='lat' dir='ltr'>Regni</span> <span class='ocrx_word' id='word_1_531' title='bbox 776 2903 864 2935; x_wconf 88' lang='lat' dir='ltr'>nostri</span> <span class='ocrx_word' id='word_1_532' title='bbox 881 2902 1027 2940; x_wconf 65' lang='lat' dir='ltr'>praedieh,</span> <span class='ocrx_word' id='word_1_533' title='bbox 1044 2900 1193 2931; x_wconf 80' lang='lat' dir='ltr'>occasione</span> <span class='ocrx_word' id='word_1_534' title='bbox 1207 2897 1300 2936; x_wconf 86' lang='lat' dir='ltr'>hujus-</span> 
     </span>
     <span class='ocr_line' id='line_1_85' title="bbox 242 2937 1301 2987; baseline -0.017 -4"><span class='ocrx_word' id='word_1_535' title='bbox 242 2952 321 2982; x_wconf 90' lang='lat' dir='ltr'>modi</span> <span class='ocrx_word' id='word_1_536' title='bbox 339 2951 543 2987; x_wconf 69' lang='lat' dir='ltr'>Audidonurn,</span> <span class='ocrx_word' id='word_1_537' title='bbox 563 2946 847 2981; x_wconf 70' lang='lat' dir='ltr'>Promulgationum,</span> <span class='ocrx_word' id='word_1_538' title='bbox 864 2941 1076 2977; x_wconf 85' lang='lat' dir='ltr'>Locutionurn‚</span> <span class='ocrx_word' id='word_1_539' title='bbox 1097 2938 1153 2968; x_wconf 89' lang='lat' dir='ltr'>sive</span> <span class='ocrx_word' id='word_1_540' title='bbox 1168 2937 1301 2967; x_wconf 86' lang='lat' dir='ltr'>Publica-</span> 
     </span>
     <span class='ocr_line' id='line_1_86' title="bbox 237 2976 1302 3050; baseline -0.016 -29"><span class='ocrx_word' id='word_1_541' title='bbox 237 2991 352 3021; x_wconf 75' lang='lat' dir='ltr'>‘tionum</span> <span class='ocrx_word' id='word_1_542' title='bbox 370 2988 589 3019; x_wconf 82' lang='lat' dir='ltr'>Mcndaciorum</span> <span class='ocrx_word' id='word_1_543' title='bbox 603 2983 758 3022; x_wconf 81' lang='lat' dir='ltr'>hujusmodi</span> <span class='ocrx_word' id='word_1_544' title='bbox 773 3005 782 3020; x_wconf 87' lang='lat'>,</span> <span class='ocrx_word' id='word_1_545' title='bbox 801 2991 849 3018; x_wconf 88' lang='lat' dir='ltr'>per</span> <span class='ocrx_word' id='word_1_546' title='bbox 856 2979 1013 3050; x_wconf 59' lang='lat' dir='ltr'>Xraedidms</span> <span class='ocrx_word' id='word_1_547' title='bbox 1026 2986 1073 3008; x_wconf 90' lang='lat' dir='ltr'>aut</span> <span class='ocrx_word' id='word_1_548' title='bbox 1085 2977 1151 3007; x_wconf 89' lang='lat' dir='ltr'>alios</span> <span class='ocrx_word' id='word_1_549' title='bbox 1167 2976 1302 3017; x_wconf 80' lang='lat' dir='ltr'>Prodito-</span> 
     </span>
     <span class='ocr_line' id='line_1_87' title="bbox 243 3013 1301 3066; baseline -0.016 -7"><span class='ocrx_word' id='word_1_550' title='bbox 243 3039 285 3059; x_wconf 86' lang='lat' dir='ltr'>res</span> <span class='ocrx_word' id='word_1_551' title='bbox 306 3027 496 3066; x_wconf 86' lang='lat' dir='ltr'>quoscumque</span> <span class='ocrx_word' id='word_1_552' title='bbox 521 3036 550 3056; x_wconf 89' lang='lat' dir='ltr'>iii</span> <span class='ocrx_word' id='word_1_553' title='bbox 578 3024 670 3054; x_wconf 87' lang='lat' dir='ltr'>forma</span> <span class='ocrx_word' id='word_1_554' title='bbox 696 3021 829 3060; x_wconf 63' lang='lat' dir='ltr'>prtedidta</span> <span class='ocrx_word' id='word_1_555' title='bbox 884 3019 1071 3048; x_wconf 84' lang='lat' dir='ltr'>ffirmatorum</span> <span class='ocrx_word' id='word_1_556' title='bbox 1104 3015 1160 3045; x_wconf 90' lang='lat' dir='ltr'>sive</span> <span class='ocrx_word' id='word_1_557' title='bbox 1194 3013 1301 3044; x_wconf 76' lang='lat' dir='ltr'>Praedi-</span> 
     </span>
     <span class='ocr_line' id='line_1_88' title="bbox 243 3053 1302 3104; baseline -0.016 -6"><span class='ocrx_word' id='word_1_558' title='bbox 243 3076 390 3104; x_wconf 76' lang='lat' dir='ltr'>catorum,</span> <span class='ocrx_word' id='word_1_559' title='bbox 409 3065 678 3099; x_wconf 75' lang='lat' dir='ltr'>Occalionarentur,</span> <span class='ocrx_word' id='word_1_560' title='bbox 697 3058 907 3090; x_wconf 88' lang='lat' dir='ltr'>molestarentur</span> <span class='ocrx_word' id='word_1_561' title='bbox 924 3081 933 3095; x_wconf 94' lang='lat'>,</span> <span class='ocrx_word' id='word_1_562' title='bbox 951 3055 1166 3093; x_wconf 85' lang='lat' dir='ltr'>inquietarentur</span> <span class='ocrx_word' id='word_1_563' title='bbox 1181 3053 1227 3083; x_wconf 87' lang='lat' dir='ltr'>seu</span> <span class='ocrx_word' id='word_1_564' title='bbox 1241 3061 1302 3091; x_wconf 80' lang='lat' dir='ltr'>gra-</span> 
     </span>
     <span class='ocr_line' id='line_1_89' title="bbox 243 3114 368 3136; baseline -0.016 0"><span class='ocrx_word' id='word_1_565' title='bbox 243 3114 368 3136; x_wconf 75' lang='lat' dir='ltr'>virentur</span> 
     </span>
     <span class='ocr_line' id='line_1_90' title="bbox 282 3128 1304 3183; baseline -0.015 -9"><span class='ocrx_word' id='word_1_566' title='bbox 282 3128 403 3183; x_wconf 63' lang='lat' dir='ltr'>Jamque</span> <span class='ocrx_word' id='word_1_567' title='bbox 417 3140 631 3173; x_wconf 74' lang='lat' dir='ltr'>intellexerimus</span> <span class='ocrx_word' id='word_1_568' title='bbox 645 3136 723 3176; x_wconf 63' lang='lat' dir='ltr'>quiid</span> <span class='ocrx_word' id='word_1_569' title='bbox 738 3135 854 3174; x_wconf 81' lang='lat' dir='ltr'>quidam</span> <span class='ocrx_word' id='word_1_570' title='bbox 870 3133 1003 3163; x_wconf 84' lang='lat' dir='ltr'>Robertus</span> <span class='ocrx_word' id='word_1_571' title='bbox 1020 3129 1179 3170; x_wconf 76' lang='lat' dir='ltr'>VVestbroom</span> <span class='ocrx_word' id='word_1_572' title='bbox 1194 3128 1229 3159; x_wconf 90' lang='lat' dir='ltr'>de</span> <span class='ocrx_word' id='word_1_573' title='bbox 1248 3129 1304 3159; x_wconf 92' lang='lat' dir='ltr'>Bu-</span> 
     </span>
     <span class='ocr_line' id='line_1_91' title="bbox 250 3167 1304 3221; baseline -0.016 -8"><span class='ocrx_word' id='word_1_574' title='bbox 250 3192 297 3221; x_wconf 85' lang='lat' dir='ltr'>ry,</span> <span class='ocrx_word' id='word_1_575' title='bbox 315 3192 362 3220; x_wconf 84' lang='lat' dir='ltr'>per</span> <span class='ocrx_word' id='word_1_576' title='bbox 376 3180 598 3212; x_wconf 77' lang='lat' dir='ltr'>Accusationem</span> <span class='ocrx_word' id='word_1_577' title='bbox 620 3175 761 3214; x_wconf 79' lang='lat' dir='ltr'>cujusdam</span> <span class='ocrx_word' id='word_1_578' title='bbox 778 3172 918 3203; x_wconf 62' lang='lat' dir='ltr'>Willielmi</span> <span class='ocrx_word' id='word_1_579' title='bbox 939 3170 1022 3211; x_wconf 66' lang='lat' dir='ltr'>Talby</span> <span class='ocrx_word' id='word_1_580' title='bbox 1035 3171 1071 3201; x_wconf 91' lang='lat' dir='ltr'>de</span> <span class='ocrx_word' id='word_1_581' title='bbox 1093 3169 1147 3199; x_wconf 92' lang='lat' dir='ltr'>Bur</span> <span class='ocrx_word' id='word_1_582' title='bbox 1181 3190 1191 3205; x_wconf 90' lang='lat'>,</span> <span class='ocrx_word' id='word_1_583' title='bbox 1209 3167 1304 3197; x_wconf 51' lang='lat' dir='ltr'>Sancii</span> 
     </span>
     <span class='ocr_line' id='line_1_92' title="bbox 251 3206 1305 3253; baseline -0.013 -2"><span class='ocrx_word' id='word_1_584' title='bbox 251 3221 393 3251; x_wconf 63' lang='lat' dir='ltr'>iidniundi</span> <span class='ocrx_word' id='word_1_585' title='bbox 420 3217 599 3249; x_wconf 79' lang='lat' dir='ltr'>Chaundeler</span> <span class='ocrx_word' id='word_1_586' title='bbox 614 3238 624 3253; x_wconf 89' lang='lat'>,</span> <span class='ocrx_word' id='word_1_587' title='bbox 640 3214 780 3246; x_wconf 82' lang='lat' dir='ltr'>asserentis</span> <span class='ocrx_word' id='word_1_588' title='bbox 795 3211 883 3250; x_wconf 89' lang='lat' dir='ltr'>ipsum</span> <span class='ocrx_word' id='word_1_589' title='bbox 907 3210 1068 3240; x_wconf 88' lang='lat' dir='ltr'>Robertum</span> <span class='ocrx_word' id='word_1_590' title='bbox 1083 3207 1128 3237; x_wconf 90' lang='lat' dir='ltr'>die</span> <span class='ocrx_word' id='word_1_591' title='bbox 1176 3206 1305 3237; x_wconf 67' lang='lat' dir='ltr'>ominicfi</span> 
     </span>
     <span class='ocr_line' id='line_1_93' title="bbox 248 3244 1306 3290; baseline -0.013 -1"><span class='ocrx_word' id='word_1_592' title='bbox 248 3261 277 3289; x_wconf 88' lang='lat' dir='ltr'>in</span> <span class='ocrx_word' id='word_1_593' title='bbox 295 3258 375 3288; x_wconf 84' lang='lat' dir='ltr'>Festo</span> <span class='ocrx_word' id='word_1_594' title='bbox 398 3256 577 3287; x_wconf 84' lang='lat' dir='ltr'>Pentecostes</span> <span class='ocrx_word' id='word_1_595' title='bbox 600 3254 702 3284; x_wconf 78' lang='lat' dir='ltr'>ultimo</span> <span class='ocrx_word' id='word_1_596' title='bbox 727 3251 884 3290; x_wconf 69' lang='lat' dir='ltr'>praeterito,</span> <span class='ocrx_word' id='word_1_597' title='bbox 902 3248 975 3286; x_wconf 87' lang='lat' dir='ltr'>apud</span> <span class='ocrx_word' id='word_1_598' title='bbox 999 3247 1101 3286; x_wconf 91' lang='lat' dir='ltr'>Burry,</span> <span class='ocrx_word' id='word_1_599' title='bbox 1121 3247 1150 3275; x_wconf 89' lang='lat' dir='ltr'>in</span> <span class='ocrx_word' id='word_1_600' title='bbox 1164 3244 1306 3283; x_wconf 75' lang='lat' dir='ltr'>praesentia</span> 
     </span>
     <span class='ocr_line' id='line_1_94' title="bbox 249 3284 1306 3337; baseline -0.014 -10"><span class='ocrx_word' id='word_1_601' title='bbox 249 3297 390 3337; x_wconf 80' lang='lat' dir='ltr'>Johanm&#39;s</span> <span class='ocrx_word' id='word_1_602' title='bbox 412 3296 500 3333; x_wconf 69' lang='lat' dir='ltr'>Tlaorp</span> <span class='ocrx_word' id='word_1_603' title='bbox 522 3292 725 3325; x_wconf 82' lang='lat' dir='ltr'>Archidiaeoni</span> <span class='ocrx_word' id='word_1_604' title='bbox 745 3287 908 3325; x_wconf 83' lang='lat' dir='ltr'>Suffolciae,</span> <span class='ocrx_word' id='word_1_605' title='bbox 927 3290 960 3319; x_wconf 88' lang='lat'>&amp;</span> <span class='ocrx_word' id='word_1_606' title='bbox 984 3286 1103 3315; x_wconf 87' lang='lat' dir='ltr'>aliorum</span> <span class='ocrx_word' id='word_1_607' title='bbox 1125 3284 1306 3314; x_wconf 90' lang='lat' dir='ltr'>Servientum</span> 
     </span>
     <span class='ocr_line' id='line_1_95' title="bbox 250 3321 1306 3375; baseline -0.013 -9"><span class='ocrx_word' id='word_1_608' title='bbox 250 3335 374 3375; x_wconf 84' lang='lat' dir='ltr'>ejusdem</span> <span class='ocrx_word' id='word_1_609' title='bbox 387 3334 528 3374; x_wconf 77' lang='lat' dir='ltr'>Joharmis</span> <span class='ocrx_word' id='word_1_610' title='bbox 542 3332 643 3369; x_wconf 84' lang='lat' dir='ltr'>Thorp,</span> <span class='ocrx_word' id='word_1_611' title='bbox 662 3328 780 3368; x_wconf 86' lang='lat' dir='ltr'>praefato</span> <span class='ocrx_word' id='word_1_612' title='bbox 796 3326 958 3357; x_wconf 89' lang='lat' dir='ltr'>Willielmo</span> <span class='ocrx_word' id='word_1_613' title='bbox 972 3325 1199 3363; x_wconf 86' lang='lat' dir='ltr'>incognitorum,</span> <span class='ocrx_word' id='word_1_614' title='bbox 1211 3321 1306 3352; x_wconf 85' lang='lat' dir='ltr'>dixiffe</span> 
     </span>
     <span class='ocr_line' id='line_1_96' title="bbox 250 3360 1307 3412; baseline -0.014 -8"><span class='ocrx_word' id='word_1_615' title='bbox 250 3373 330 3412; x_wconf 82' lang='lat' dir='ltr'>quod</span> <span class='ocrx_word' id='word_1_616' title='bbox 347 3373 489 3402; x_wconf 86' lang='lat' dir='ltr'>Dominus</span> <span class='ocrx_word' id='word_1_617' title='bbox 502 3371 651 3401; x_wconf 77' lang='lat' dir='ltr'>Richardus</span> <span class='ocrx_word' id='word_1_618' title='bbox 665 3377 754 3405; x_wconf 87' lang='lat' dir='ltr'>nuper</span> <span class='ocrx_word' id='word_1_619' title='bbox 768 3368 828 3395; x_wconf 81' lang='lat' dir='ltr'>Rex</span> <span class='ocrx_word' id='word_1_620' title='bbox 843 3363 955 3401; x_wconf 82' lang='lat' dir='ltr'>Angliae</span> <span class='ocrx_word' id='word_1_621' title='bbox 964 3361 1024 3400; x_wconf 83' lang='lat' dir='ltr'>fuit</span> <span class='ocrx_word' id='word_1_622' title='bbox 1039 3366 1138 3391; x_wconf 81' lang='lat' dir='ltr'>vivens</span> <span class='ocrx_word' id='word_1_623' title='bbox 1147 3361 1217 3391; x_wconf 88' lang='lat' dir='ltr'>&amp;in</span> <span class='ocrx_word' id='word_1_624' title='bbox 1232 3360 1307 3390; x_wconf 91' lang='lat' dir='ltr'>bona</span> 
     </span>
     <span class='ocr_line' id='line_1_97' title="bbox 251 3398 1306 3448; baseline -0.015 -5"><span class='ocrx_word' id='word_1_625' title='bbox 251 3414 363 3444; x_wconf 85' lang='lat' dir='ltr'>sanitate</span> <span class='ocrx_word' id='word_1_626' title='bbox 379 3410 516 3448; x_wconf 86' lang='lat' dir='ltr'>Corporis</span> <span class='ocrx_word' id='word_1_627' title='bbox 532 3410 569 3439; x_wconf 88' lang='lat' dir='ltr'>sui</span> <span class='ocrx_word' id='word_1_628' title='bbox 579 3432 588 3447; x_wconf 64' lang='lat'>2</span> <span class='ocrx_word' id='word_1_629' title='bbox 607 3408 731 3444; x_wconf 76' lang='lat' dir='ltr'>Captus,</span> <span class='ocrx_word' id='word_1_630' title='bbox 746 3405 779 3435; x_wconf 88' lang='lat'>&amp;</span> <span class='ocrx_word' id='word_1_631' title='bbox 797 3414 830 3434; x_wconf 85' lang='lat' dir='ltr'>ea</span> <span class='ocrx_word' id='word_1_632' title='bbox 850 3403 999 3433; x_wconf 81' lang='lat' dir='ltr'>occasione</span> <span class='ocrx_word' id='word_1_633' title='bbox 1012 3401 1041 3430; x_wconf 88' lang='lat' dir='ltr'>in</span> <span class='ocrx_word' id='word_1_634' title='bbox 1057 3399 1170 3430; x_wconf 85' lang='lat' dir='ltr'>Prisona</span> <span class='ocrx_word' id='word_1_635' title='bbox 1181 3398 1231 3428; x_wconf 92' lang='lat' dir='ltr'>sub</span> <span class='ocrx_word' id='word_1_636' title='bbox 1246 3398 1306 3429; x_wconf 91' lang='lat' dir='ltr'>cus-</span> 
     </span>
     <span class='ocr_line' id='line_1_98' title="bbox 254 3445 699 3520; baseline -0.018 -38"><span class='ocrx_word' id='word_1_637' title='bbox 254 3452 330 3520; x_wconf 48' lang='lat' dir='ltr'>todi}</span> <span class='ocrx_word' id='word_1_638' title='bbox 344 3449 433 3480; x_wconf 84' lang='lat' dir='ltr'>vestra</span> <span class='ocrx_word' id='word_1_639' title='bbox 449 3449 575 3479; x_wconf 85' lang='lat' dir='ltr'>detentus</span> <span class='ocrx_word' id='word_1_640' title='bbox 589 3445 699 3483; x_wconf 78' lang='lat' dir='ltr'>existat,</span> 
     </span>
     <span class='ocr_line' id='line_1_99' title="bbox 327 3499 359 3518; baseline 0 0"><span class='ocrx_word' id='word_1_641' title='bbox 327 3499 359 3518; x_wconf 89' lang='lat' dir='ltr'>os</span> 
     </span>
     <span class='ocr_line' id='line_1_100' title="bbox 299 3510 1308 3561; baseline -0.014 -4"><span class='ocrx_word' id='word_1_642' title='bbox 299 3530 317 3546; x_wconf 71' lang='lat'>¹*</span> <span class='ocrx_word' id='word_1_643' title='bbox 328 3510 471 3558; x_wconf 65' lang='lat' dir='ltr'>Nolentes</span> <span class='ocrx_word' id='word_1_644' title='bbox 487 3522 577 3561; x_wconf 85' lang='lat' dir='ltr'>ipsum</span> <span class='ocrx_word' id='word_1_645' title='bbox 593 3522 751 3552; x_wconf 88' lang='lat' dir='ltr'>Robertum</span> <span class='ocrx_word' id='word_1_646' title='bbox 761 3519 789 3550; x_wconf 89' lang='lat' dir='ltr'>in</span> <span class='ocrx_word' id='word_1_647' title='bbox 796 3515 1066 3554; x_wconf 61' lang='lat' dir='ltr'>Prisonapraediffli,</span> <span class='ocrx_word' id='word_1_648' title='bbox 1076 3522 1174 3545; x_wconf 87' lang='lat' dir='ltr'>contra</span> <span class='ocrx_word' id='word_1_649' title='bbox 1184 3513 1308 3544; x_wconf 89' lang='lat' dir='ltr'>formam</span> 
     </span>
     <span class='ocr_line' id='line_1_101' title="bbox 228 3552 1308 3597; baseline -0.015 1"><span class='ocrx_word' id='word_1_650' title='bbox 228 3568 233 3574; x_wconf 85' lang='lat'><strong>‘</strong></span> <span class='ocrx_word' id='word_1_651' title='bbox 257 3565 424 3597; x_wconf 80' lang='lat' dir='ltr'>intentionis</span> <span class='ocrx_word' id='word_1_652' title='bbox 450 3563 483 3594; x_wconf 87' lang='lat'>&amp;</span> <span class='ocrx_word' id='word_1_653' title='bbox 511 3560 746 3592; x_wconf 78' lang='lat' dir='ltr'>Proclamationis</span> <span class='ocrx_word' id='word_1_654' title='bbox 768 3558 923 3589; x_wconf 84' lang='lat' dir='ltr'>nostrarum</span> <span class='ocrx_word' id='word_1_655' title='bbox 949 3554 1144 3594; x_wconf 61' lang='lat' dir='ltr'>praedidiarum</span> <span class='ocrx_word' id='word_1_656' title='bbox 1158 3575 1168 3590; x_wconf 83' lang='lat'>,</span> <span class='ocrx_word' id='word_1_657' title='bbox 1195 3552 1308 3583; x_wconf 78' lang='lat' dir='ltr'>ulterius</span> 
     </span>
     <span class='ocr_line' id='line_1_102' title="bbox 254 3605 374 3636; baseline -0.025 0"><span class='ocrx_word' id='word_1_658' title='bbox 254 3605 374 3636; x_wconf 86' lang='lat' dir='ltr'>detineri</span> 
     </span>
    </p>

    <p class='ocr_par' dir='ltr' id='par_1_25' title="bbox 258 3626 1311 3825">
     <span class='ocr_line' id='line_1_103' title="bbox 298 3626 1308 3676; baseline -0.016 -2"><span class='ocrx_word' id='word_1_659' title='bbox 298 3626 391 3674; x_wconf 77' lang='lat' dir='ltr'>Vobis²</span> <span class='ocrx_word' id='word_1_660' title='bbox 416 3638 602 3676; x_wconf 79' lang='lat' dir='ltr'>Praecipimus</span> <span class='ocrx_word' id='word_1_661' title='bbox 625 3636 704 3674; x_wconf 81' lang='lat' dir='ltr'>quod</span> <span class='ocrx_word' id='word_1_662' title='bbox 726 3658 735 3673; x_wconf 80' lang='lat'>‚</span> <span class='ocrx_word' id='word_1_663' title='bbox 768 3637 788 3665; x_wconf 88' lang='lat' dir='ltr'>si</span> <span class='ocrx_word' id='word_1_664' title='bbox 811 3633 963 3672; x_wconf 58' lang='lat' dir='ltr'>praedicitis</span> <span class='ocrx_word' id='word_1_665' title='bbox 990 3631 1136 3661; x_wconf 91' lang='lat' dir='ltr'>Robertus</span> <span class='ocrx_word' id='word_1_666' title='bbox 1165 3638 1199 3659; x_wconf 81' lang='lat' dir='ltr'>ex</span> <span class='ocrx_word' id='word_1_667' title='bbox 1228 3628 1308 3659; x_wconf 86' lang='lat' dir='ltr'>causa</span> 
     </span>
     <span class='ocr_line' id='line_1_104' title="bbox 259 3668 1309 3718; baseline -0.013 -7"><span class='ocrx_word' id='word_1_668' title='bbox 259 3682 394 3718; x_wconf 49' lang='lat' dir='ltr'>praedissta</span> <span class='ocrx_word' id='word_1_669' title='bbox 408 3679 513 3716; x_wconf 85' lang='lat' dir='ltr'>Captus</span> <span class='ocrx_word' id='word_1_670' title='bbox 527 3700 537 3715; x_wconf 95' lang='lat'>,</span> <span class='ocrx_word' id='word_1_671' title='bbox 555 3677 588 3706; x_wconf 89' lang='lat'>&amp;</span> <span class='ocrx_word' id='word_1_672' title='bbox 604 3675 636 3706; x_wconf 68' lang='lat' dir='ltr'>ea</span> <span class='ocrx_word' id='word_1_673' title='bbox 651 3675 801 3704; x_wconf 81' lang='lat' dir='ltr'>occasione</span> <span class='ocrx_word' id='word_1_674' title='bbox 817 3674 849 3703; x_wconf 90' lang='lat'>&amp;</span> <span class='ocrx_word' id='word_1_675' title='bbox 867 3682 923 3701; x_wconf 87' lang='lat' dir='ltr'>non</span> <span class='ocrx_word' id='word_1_676' title='bbox 939 3670 990 3700; x_wconf 72' lang='lat' dir='ltr'>alia</span> <span class='ocrx_word' id='word_1_677' title='bbox 1004 3671 1031 3698; x_wconf 90' lang='lat' dir='ltr'>in</span> <span class='ocrx_word' id='word_1_678' title='bbox 1047 3668 1160 3698; x_wconf 84' lang='lat' dir='ltr'>Prisona</span> <span class='ocrx_word' id='word_1_679' title='bbox 1177 3668 1309 3704; x_wconf 62' lang='lat' dir='ltr'>praeditfita</span> 
     </span>
     <span class='ocr_line' id='line_1_105' title="bbox 258 3705 1311 3752; baseline -0.012 -4"><span class='ocrx_word' id='word_1_680' title='bbox 258 3721 384 3750; x_wconf 74' lang='lat' dir='ltr'>detentus</span> <span class='ocrx_word' id='word_1_681' title='bbox 404 3717 519 3752; x_wconf 82' lang='lat' dir='ltr'>existat,</span> <span class='ocrx_word' id='word_1_682' title='bbox 541 3724 606 3744; x_wconf 86' lang='lat' dir='ltr'>tunc</span> <span class='ocrx_word' id='word_1_683' title='bbox 629 3712 718 3749; x_wconf 89' lang='lat' dir='ltr'>ipsum</span> <span class='ocrx_word' id='word_1_684' title='bbox 739 3712 902 3741; x_wconf 83' lang='lat' dir='ltr'>Robertum</span> <span class='ocrx_word' id='word_1_685' title='bbox 923 3719 938 3738; x_wconf 90' lang='lat' dir='ltr'>a</span> <span class='ocrx_word' id='word_1_686' title='bbox 958 3707 1070 3737; x_wconf 87' lang='lat' dir='ltr'>Prisona</span> <span class='ocrx_word' id='word_1_687' title='bbox 1094 3706 1227 3743; x_wconf 58' lang='lat' dir='ltr'>praedicta</span> <span class='ocrx_word' id='word_1_688' title='bbox 1242 3705 1311 3735; x_wconf 87' lang='lat' dir='ltr'>deli·</span> 
     </span>
     <span class='ocr_line' id='line_1_106' title="bbox 262 3745 1309 3795; baseline -0.012 -8"><span class='ocrx_word' id='word_1_689' title='bbox 262 3759 384 3795; x_wconf 75' lang='lat' dir='ltr'>heretis,</span> <span class='ocrx_word' id='word_1_690' title='bbox 409 3758 442 3788; x_wconf 69' lang='grc' dir='ltr'>δε</span> <span class='ocrx_word' id='word_1_691' title='bbox 467 3756 557 3792; x_wconf 81' lang='lat' dir='ltr'>ipsum</span> <span class='ocrx_word' id='word_1_692' title='bbox 579 3752 612 3782; x_wconf 88' lang='lat' dir='ltr'>ad</span> <span class='ocrx_word' id='word_1_693' title='bbox 639 3752 765 3787; x_wconf 86' lang='lat' dir='ltr'>Largum</span> <span class='ocrx_word' id='word_1_694' title='bbox 792 3759 849 3789; x_wconf 87' lang='lat' dir='ltr'>quo</span> <span class='ocrx_word' id='word_1_695' title='bbox 873 3748 921 3778; x_wconf 82' lang='lat' dir='ltr'>sibi</span> <span class='ocrx_word' id='word_1_696' title='bbox 946 3747 1080 3784; x_wconf 83' lang='lat' dir='ltr'>placuerit</span> <span class='ocrx_word' id='word_1_697' title='bbox 1102 3746 1141 3774; x_wconf 89' lang='lat' dir='ltr'>ire</span> <span class='ocrx_word' id='word_1_698' title='bbox 1164 3745 1309 3781; x_wconf 84' lang='lat' dir='ltr'>permitta-</span> 
     </span>
     <span class='ocr_line' id='line_1_107' title="bbox 260 3804 302 3825; baseline -0.048 0"><span class='ocrx_word' id='word_1_699' title='bbox 260 3804 302 3825; x_wconf 74' lang='lat' dir='ltr'>tis.</span> 
     </span>
    </p>
   </div>
   <div class='ocr_carea' id='block_1_17' title="bbox 295 3820 1087 3872">
    <p class='ocr_par' dir='ltr' id='par_1_26' title="bbox 295 3820 1087 3872">
     <span class='ocr_line' id='line_1_108' title="bbox 295 3820 1087 3872; baseline -0.016 -9"><span class='ocrx_word' id='word_1_700' title='bbox 295 3832 383 3863; x_wconf 78' lang='lat' dir='ltr'>Teste</span> <span class='ocrx_word' id='word_1_701' title='bbox 398 3832 477 3872; x_wconf 81' lang='lat' dir='ltr'>Rege</span> <span class='ocrx_word' id='word_1_702' title='bbox 493 3829 566 3869; x_wconf 82' lang='lat' dir='ltr'>apud</span> <span class='ocrx_word' id='word_1_703' title='bbox 581 3825 836 3867; x_wconf 70' lang='lat' dir='ltr'>Wqstmonasterium</span> <span class='ocrx_word' id='word_1_704' title='bbox 846 3848 856 3864; x_wconf 85' lang='lat'><em>‚</em></span> <span class='ocrx_word' id='word_1_705' title='bbox 875 3824 932 3861; x_wconf 75' lang='lat' dir='ltr'>xiij.</span> <span class='ocrx_word' id='word_1_706' title='bbox 950 3823 995 3853; x_wconf 86' lang='lat' dir='ltr'>die</span> <span class='ocrx_word' id='word_1_707' title='bbox 1011 3820 1087 3860; x_wconf 85' lang='lat' dir='ltr'>Julii.</span> 
     </span>
    </p>
   </div>
   <div class='ocr_carea' id='block_1_18' title="bbox 989 3894 1205 3926">
    <p class='ocr_par' dir='ltr' id='par_1_27' title="bbox 989 3894 1205 3926">
     <span class='ocr_line' id='line_1_109' title="bbox 989 3894 1205 3926; baseline 0 0"><span class='ocrx_word' id='word_1_708' title='bbox 989 3899 1040 3926; x_wconf 79' lang='lat' dir='ltr'>Per</span> <span class='ocrx_word' id='word_1_709' title='bbox 1056 3894 1205 3926; x_wconf 76' lang='lat' dir='ltr'>Concilium.</span> 
     </span>
    </p>
   </div>
   <div class='ocr_carea' id='block_1_19' title="bbox 641 104 1901 168">
    <p class='ocr_par' dir='ltr' id='par_1_28' title="bbox 641 104 1901 168">
     <span class='ocr_line' id='line_1_110' title="bbox 641 104 1901 168; baseline -0.019 0"><span class='ocrx_word' id='word_1_710' title='bbox 641 105 1447 168; x_wconf 85' lang='lat' dir='ltr'>CONVENTIONES,</span> <span class='ocrx_word' id='word_1_711' title='bbox 1506 104 1901 152; x_wconf 88' lang='lat' dir='ltr'>LITERAE,</span> 
     </span>
    </p>
   </div>
   <div class='ocr_carea' id='block_1_20' title="bbox 2364 178 2543 221">
    <p class='ocr_par' dir='ltr' id='par_1_29' title="bbox 2364 178 2543 221">
     <span class='ocr_line' id='line_1_111' title="bbox 2364 178 2543 221; baseline 0.006 -8"><span class='ocrx_word' id='word_1_712' title='bbox 2364 182 2366 184; x_wconf 80' lang='grc'><strong>’</strong></span> <span class='ocrx_word' id='word_1_713' title='bbox 2387 178 2543 221; x_wconf 51' lang='grc' dir='ltr'>Αῐπιζῗῖῠξιζ</span> 
     </span>
    </p>
   </div>
   <div class='ocr_carea' id='block_1_21' title="bbox 2374 228 2523 258">
    <p class='ocr_par' dir='ltr' id='par_1_30' title="bbox 2374 228 2523 258">
     <span class='ocr_line' id='line_1_112' title="bbox 2374 228 2523 258; baseline 0.007 -12"><span class='ocrx_word' id='word_1_714' title='bbox 2374 243 2377 246; x_wconf 76' lang='grc'>,</span> <span class='ocrx_word' id='word_1_715' title='bbox 2410 228 2497 258; x_wconf 83' lang='lat'>1402.</span> <span class='ocrx_word' id='word_1_716' title='bbox 2521 252 2523 254; x_wconf 39' lang='grc'>,</span> 
     </span>
    </p>
   </div>
   <div class='ocr_carea' id='block_1_22' title="bbox 1494 284 2171 332">
    <p class='ocr_par' dir='ltr' id='par_1_31' title="bbox 1494 284 2171 332">
     <span class='ocr_line' id='line_1_113' title="bbox 1494 284 2171 332; baseline -0.001 -13"><span class='ocrx_word' id='word_1_717' title='bbox 1494 288 1600 319; x_wconf 70' lang='lat' dir='ltr'>Litora</span> <span class='ocrx_word' id='word_1_718' title='bbox 1621 284 1660 319; x_wconf 83' lang='lat' dir='ltr'>ab</span> <span class='ocrx_word' id='word_1_719' title='bbox 1681 287 1791 332; x_wconf 76' lang='lat' dir='ltr'>Hanfh</span> <span class='ocrx_word' id='word_1_720' title='bbox 1812 287 1975 319; x_wconf 80' lang='lat' dir='ltr'>Teutonica</span> <span class='ocrx_word' id='word_1_721' title='bbox 1990 284 2035 319; x_wconf 81' lang='lat' dir='ltr'>ad</span> <span class='ocrx_word' id='word_1_722' title='bbox 2054 286 2171 331; x_wconf 80' lang='lat' dir='ltr'>Regem.</span> 
     </span>
    </p>
   </div>
   <div class='ocr_carea' id='block_1_23' title="bbox 1309 369 2383 424">
    <p class='ocr_par' dir='ltr' id='par_1_32' title="bbox 1309 369 2383 424">
     <span class='ocr_line' id='line_1_114' title="bbox 1309 369 2383 424; baseline 0 -24"><span class='ocrx_word' id='word_1_723' title='bbox 1309 369 1530 424; x_wconf 74' lang='lat' dir='ltr'>HUmillimi</span> <span class='ocrx_word' id='word_1_724' title='bbox 1547 371 1705 402; x_wconf 74' lang='lat' dir='ltr'>Famulatsis</span> <span class='ocrx_word' id='word_1_725' title='bbox 1721 371 1809 402; x_wconf 88' lang='lat' dir='ltr'>nostri</span> <span class='ocrx_word' id='word_1_726' title='bbox 1824 370 2145 408; x_wconf 80' lang='lat' dir='ltr'>Recommendatione,</span> <span class='ocrx_word' id='word_1_727' title='bbox 2165 379 2235 401; x_wconf 91' lang='lat' dir='ltr'>cum</span> <span class='ocrx_word' id='word_1_728' title='bbox 2249 370 2383 402; x_wconf 71' lang='lat' dir='ltr'>beniv0-³</span> 
     </span>
    </p>
   </div>
   <div class='ocr_carea' id='block_1_24' title="bbox 1386 407 2312 450">
    <p class='ocr_par' dir='ltr' id='par_1_33' title="bbox 1386 407 2312 450">
     <span class='ocr_line' id='line_1_115' title="bbox 1386 407 2312 450; baseline 0.001 -13"><span class='ocrx_word' id='word_1_729' title='bbox 1386 407 1416 438; x_wconf 91' lang='lat' dir='ltr'>lo</span> <span class='ocrx_word' id='word_1_730' title='bbox 1433 409 1602 448; x_wconf 85' lang='lat' dir='ltr'>singulorum</span> <span class='ocrx_word' id='word_1_731' title='bbox 1619 410 1865 450; x_wconf 87' lang='lat' dir='ltr'>Beneplacitorum</span> <span class='ocrx_word' id='word_1_732' title='bbox 1882 411 1996 447; x_wconf 86' lang='lat' dir='ltr'>animo,</span> <span class='ocrx_word' id='word_1_733' title='bbox 2013 408 2120 448; x_wconf 85' lang='lat' dir='ltr'>semper</span> <span class='ocrx_word' id='word_1_734' title='bbox 2140 408 2312 448; x_wconf 79' lang='lat' dir='ltr'>praegustata.</span> 
     </span>
    </p>
   </div>
   <div class='ocr_carea' id='block_1_25' title="bbox 2391 262 2533 293">
    <p class='ocr_par' dir='ltr' id='par_1_34' title="bbox 2391 262 2533 293">
     <span class='ocr_line' id='line_1_116' title="bbox 2391 262 2533 293; baseline 0.007 -8"><span class='ocrx_word' id='word_1_735' title='bbox 2391 262 2456 287; x_wconf 84' lang='lat' dir='ltr'>Hen.</span> <span class='ocrx_word' id='word_1_736' title='bbox 2472 264 2533 293; x_wconf 71' lang='lat'>4.·⁶·</span> 
     </span>
    </p>
   </div>
   <div class='ocr_carea' id='block_1_26' title="bbox 2392 361 2525 400">
    <p class='ocr_par' dir='ltr' id='par_1_35' title="bbox 2392 361 2525 400">
     <span class='ocr_line' id='line_1_117' title="bbox 2392 361 2525 400; baseline -0.015 -6"><span class='ocrx_word' id='word_1_737' title='bbox 2392 361 2467 394; x_wconf 90' lang='lat' dir='ltr'>Ann.</span> <span class='ocrx_word' id='word_1_738' title='bbox 2481 361 2525 400; x_wconf 53' lang='lat' dir='ltr'>Dq·</span> 
     </span>
    </p>
   </div>
   <div class='ocr_carea' id='block_1_27' title="bbox 2412 411 2499 441">
    <p class='ocr_par' dir='ltr' id='par_1_36' title="bbox 2412 411 2499 441">
     <span class='ocr_line' id='line_1_118' title="bbox 2412 411 2499 441; baseline 0.011 -10"><span class='ocrx_word' id='word_1_739' title='bbox 2412 411 2499 441; x_wconf 87' lang='lat'>1402.</span> 
     </span>
    </p>
   </div>
   <div class='ocr_carea' id='block_1_28' title="bbox 1347 444 2488 480">
    <p class='ocr_par' dir='ltr' id='par_1_37' title="bbox 1347 444 2488 480">
     <span class='ocr_line' id='line_1_119' title="bbox 1347 444 2488 480; baseline 0.002 -5"><span class='ocrx_word' id='word_1_740' title='bbox 1347 444 1697 479; x_wconf 70' lang='lat' dir='ltr'>GLoniosissIME</span> <span class='ocrx_word' id='word_1_741' title='bbox 1717 447 1937 479; x_wconf 77' lang='lat' dir='ltr'>PRiNcEPs</span> <span class='ocrx_word' id='word_1_742' title='bbox 1959 457 2007 478; x_wconf 70' lang='lat' dir='ltr'>iic</span> <span class='ocrx_word' id='word_1_743' title='bbox 2024 444 2370 480; x_wconf 59' lang='lat' dir='ltr'>liiusrnissiua</span> <span class='ocrx_word' id='word_1_744' title='bbox 2390 444 2443 469; x_wconf 83' lang='lat' dir='ltr'>An.</span> <span class='ocrx_word' id='word_1_745' title='bbox 2462 450 2488 477; x_wconf 87' lang='lat'>3·</span> 
     </span>
    </p>
   </div>
   <div class='ocr_carea' id='block_1_29' title="bbox 1313 482 1518 523">
    <p class='ocr_par' dir='ltr' id='par_1_38' title="bbox 1313 482 1518 523">
     <span class='ocr_line' id='line_1_120' title="bbox 1313 482 1518 523; baseline 0.015 -11"><span class='ocrx_word' id='word_1_746' title='bbox 1313 482 1518 523; x_wconf 78' lang='lat' dir='ltr'>DOMINE,</span> 
     </span>
    </p>
   </div>
   <div class='ocr_carea' id='block_1_30' title="bbox 2389 483 2469 515">
    <p class='ocr_par' dir='ltr' id='par_1_39' title="bbox 2389 483 2469 515">
     <span class='ocr_line' id='line_1_121' title="bbox 2389 483 2469 515; baseline 0 -8"><span class='ocrx_word' id='word_1_747' title='bbox 2389 483 2425 507; x_wconf 88' lang='lat' dir='ltr'>H.</span> <span class='ocrx_word' id='word_1_748' title='bbox 2439 489 2469 515; x_wconf 91' lang='lat'>4.</span> 
     </span>
    </p>
   </div>
   <div class='ocr_carea' id='block_1_31' title="bbox 1314 521 2487 602">
    <p class='ocr_par' dir='ltr' id='par_1_40' title="bbox 1314 521 2487 602">
     <span class='ocr_line' id='line_1_122' title="bbox 1351 521 2463 567; baseline 0.004 -15"><span class='ocrx_word' id='word_1_749' title='bbox 1351 521 1462 553; x_wconf 77' lang='lat' dir='ltr'>Vestrae</span> <span class='ocrx_word' id='word_1_750' title='bbox 1478 523 1560 562; x_wconf 86' lang='lat' dir='ltr'>regali</span> <span class='ocrx_word' id='word_1_751' title='bbox 1576 523 1795 567; x_wconf 81' lang='lat' dir='ltr'>Dominationi,</span> <span class='ocrx_word' id='word_1_752' title='bbox 1813 524 1992 556; x_wconf 73' lang='lat' dir='ltr'>Praesentium</span> <span class='ocrx_word' id='word_1_753' title='bbox 2008 533 2058 563; x_wconf 87' lang='lat' dir='ltr'>per</span> <span class='ocrx_word' id='word_1_754' title='bbox 2070 531 2202 555; x_wconf 86' lang='lat' dir='ltr'>tenorem</span> <span class='ocrx_word' id='word_1_755' title='bbox 2217 546 2227 563; x_wconf 85' lang='lat'>‚</span> <span class='ocrx_word' id='word_1_756' title='bbox 2243 525 2375 562; x_wconf 75' lang='lat' dir='ltr'>cupimus</span> <span class='ocrx_word' id='word_1_757' title='bbox 2390 522 2463 546; x_wconf 76' lang='lat' dir='ltr'>Penes</span> 
     </span>
     <span class='ocr_line' id='line_1_123' title="bbox 1314 556 2487 602; baseline 0.003 -12"><span class='ocrx_word' id='word_1_758' title='bbox 1314 558 1376 591; x_wconf 81' lang='lat' dir='ltr'>fore</span> <span class='ocrx_word' id='word_1_759' title='bbox 1390 570 1492 591; x_wconf 91' lang='lat' dir='ltr'>notum</span> <span class='ocrx_word' id='word_1_760' title='bbox 1509 562 1624 600; x_wconf 84' lang='lat' dir='ltr'>qualiter</span> <span class='ocrx_word' id='word_1_761' title='bbox 1637 563 1778 594; x_wconf 74' lang='lat' dir='ltr'>nonnullae</span> <span class='ocrx_word' id='word_1_762' title='bbox 1792 563 1900 594; x_wconf 89' lang='lat' dir='ltr'>Gentes</span> <span class='ocrx_word' id='word_1_763' title='bbox 1916 563 2000 598; x_wconf 86' lang='lat' dir='ltr'>vestri</span> <span class='ocrx_word' id='word_1_764' title='bbox 2016 563 2207 602; x_wconf 83' lang='lat' dir='ltr'>Regni,cum</span> <span class='ocrx_word' id='word_1_765' title='bbox 2218 562 2376 593; x_wconf 86' lang='lat' dir='ltr'>tribusNa—</span> <span class='ocrx_word' id='word_1_766' title='bbox 2394 556 2487 587; x_wconf 59' lang='lat' dir='ltr'>Cleric-</span> 
     </span>
    </p>
   </div>
   <div class='ocr_carea' id='block_1_32' title="bbox 1314 599 2396 1986">
    <p class='ocr_par' dir='ltr' id='par_1_41' title="bbox 1314 599 2385 993">
     <span class='ocr_line' id='line_1_124' title="bbox 1314 599 2379 644; baseline 0.003 -16"><span class='ocrx_word' id='word_1_767' title='bbox 1314 599 1396 629; x_wconf 80' lang='lat' dir='ltr'>vrbus</span> <span class='ocrx_word' id='word_1_768' title='bbox 1416 600 1515 637; x_wconf 71' lang='lat' dir='ltr'>(dichs</span> <span class='ocrx_word' id='word_1_769' title='bbox 1535 600 1667 644; x_wconf 82' lang='lat' dir='ltr'>Baertzen</span> <span class='ocrx_word' id='word_1_770' title='bbox 1684 601 1694 638; x_wconf 94' lang='lat'><em>)</em></span> <span class='ocrx_word' id='word_1_771' title='bbox 1716 601 1801 632; x_wconf 88' lang='lat' dir='ltr'>vestri</span> <span class='ocrx_word' id='word_1_772' title='bbox 1816 601 1911 640; x_wconf 87' lang='lat' dir='ltr'>Regni</span> <span class='ocrx_word' id='word_1_773' title='bbox 1928 602 2125 633; x_wconf 86' lang='lat' dir='ltr'>Devastatores</span> <span class='ocrx_word' id='word_1_774' title='bbox 2140 602 2169 632; x_wconf 89' lang='lat' dir='ltr'>in</span> <span class='ocrx_word' id='word_1_775' title='bbox 2185 600 2264 632; x_wconf 89' lang='lat' dir='ltr'>Mari</span> <span class='ocrx_word' id='word_1_776' title='bbox 2277 601 2379 639; x_wconf 87' lang='lat' dir='ltr'>quaeri-</span> 
     </span>
     <span class='ocr_line' id='line_1_125' title="bbox 1316 637 2376 681; baseline 0.003 -15"><span class='ocrx_word' id='word_1_777' title='bbox 1316 644 1402 668; x_wconf 89' lang='lat' dir='ltr'>tantes</span> <span class='ocrx_word' id='word_1_778' title='bbox 1422 640 1556 681; x_wconf 83' lang='lat' dir='ltr'>(quarum</span> <span class='ocrx_word' id='word_1_779' title='bbox 1578 637 1746 676; x_wconf 84' lang='lat' dir='ltr'>Capitaneus</span> <span class='ocrx_word' id='word_1_780' title='bbox 1769 640 1914 671; x_wconf 83' lang='lat' dir='ltr'>dicebatur</span> <span class='ocrx_word' id='word_1_781' title='bbox 1940 643 2063 677; x_wconf 73' lang='lat' dir='ltr'>Marcus&#39;</span> <span class='ocrx_word' id='word_1_782' title='bbox 2077 642 2173 670; x_wconf 81' lang='lat' dir='ltr'>Mixto</span> <span class='ocrx_word' id='word_1_783' title='bbox 2195 641 2227 670; x_wconf 85' lang='lat' dir='ltr'>de</span> <span class='ocrx_word' id='word_1_784' title='bbox 2251 639 2376 677; x_wconf 83' lang='lat' dir='ltr'>Vowyck)</span> 
     </span>
     <span class='ocr_line' id='line_1_126' title="bbox 1318 677 2380 722; baseline 0.001 -16"><span class='ocrx_word' id='word_1_785' title='bbox 1318 686 1388 706; x_wconf 89' lang='lat' dir='ltr'>cum</span> <span class='ocrx_word' id='word_1_786' title='bbox 1403 686 1458 706; x_wconf 89' lang='lat' dir='ltr'>una</span> <span class='ocrx_word' id='word_1_787' title='bbox 1473 677 1555 722; x_wconf 82' lang='lat' dir='ltr'>Navi</span> <span class='ocrx_word' id='word_1_788' title='bbox 1570 677 1606 707; x_wconf 91' lang='lat' dir='ltr'>de</span> <span class='ocrx_word' id='word_1_789' title='bbox 1628 678 1770 715; x_wconf 61' lang='lat' dir='ltr'>praedietis</span> <span class='ocrx_word' id='word_1_790' title='bbox 1791 678 1895 709; x_wconf 83' lang='lat' dir='ltr'>Tribus</span> <span class='ocrx_word' id='word_1_791' title='bbox 1916 679 2015 717; x_wconf 84' lang='lat' dir='ltr'>(cujus</span> <span class='ocrx_word' id='word_1_792' title='bbox 2032 678 2172 718; x_wconf 65' lang='lat' dir='ltr'>&#39;Magister</span> <span class='ocrx_word' id='word_1_793' title='bbox 2196 686 2254 710; x_wconf 90' lang='lat' dir='ltr'>erat</span> <span class='ocrx_word' id='word_1_794' title='bbox 2268 677 2380 709; x_wconf 81' lang='lat' dir='ltr'>Wlkok</span> 
     </span>
     <span class='ocr_line' id='line_1_127' title="bbox 1318 714 2379 755; baseline 0.006 -13"><span class='ocrx_word' id='word_1_795' title='bbox 1318 714 1350 742; x_wconf 84' lang='lat' dir='ltr'>de</span> <span class='ocrx_word' id='word_1_796' title='bbox 1366 717 1444 744; x_wconf 82' lang='lat' dir='ltr'>Meer</span> <span class='ocrx_word' id='word_1_797' title='bbox 1458 715 1489 744; x_wconf 85' lang='lat' dir='ltr'>de</span> <span class='ocrx_word' id='word_1_798' title='bbox 1504 715 1662 754; x_wconf 70' lang='lat' dir='ltr'>Trirouwe)</span> <span class='ocrx_word' id='word_1_799' title='bbox 1684 724 1760 746; x_wconf 82' lang='lat' dir='ltr'>extra</span> <span class='ocrx_word' id='word_1_800' title='bbox 1779 717 1918 747; x_wconf 89' lang='lat' dir='ltr'>terminos</span> <span class='ocrx_word' id='word_1_801' title='bbox 1939 716 2081 748; x_wconf 87' lang='lat' dir='ltr'>Valumde</span> <span class='ocrx_word' id='word_1_802' title='bbox 2104 717 2204 749; x_wconf 86' lang='lat' dir='ltr'>Water</span> <span class='ocrx_word' id='word_1_803' title='bbox 2220 738 2230 755; x_wconf 87' lang='lat'>,</span> <span class='ocrx_word' id='word_1_804' title='bbox 2252 715 2379 754; x_wconf 84' lang='lat' dir='ltr'>superve-</span> 
     </span>
     <span class='ocr_line' id='line_1_128' title="bbox 1320 753 2380 797; baseline 0.003 -15"><span class='ocrx_word' id='word_1_805' title='bbox 1320 761 1422 784; x_wconf 90' lang='lat' dir='ltr'>nerunt</span> <span class='ocrx_word' id='word_1_806' title='bbox 1436 753 1576 797; x_wconf 77' lang='lat' dir='ltr'>quandam</span> <span class='ocrx_word' id='word_1_807' title='bbox 1591 754 1674 785; x_wconf 88' lang='lat' dir='ltr'>aliam</span> <span class='ocrx_word' id='word_1_808' title='bbox 1690 754 1811 784; x_wconf 91' lang='lat' dir='ltr'>Navem</span> <span class='ocrx_word' id='word_1_809' title='bbox 1854 755 1930 786; x_wconf 88' lang='lat' dir='ltr'>cirea</span> <span class='ocrx_word' id='word_1_810' title='bbox 1949 755 2071 786; x_wconf 87' lang='lat' dir='ltr'>Terram</span> <span class='ocrx_word' id='word_1_811' title='bbox 2093 755 2180 787; x_wconf 85' lang='lat' dir='ltr'>altam</span> <span class='ocrx_word' id='word_1_812' title='bbox 2200 754 2327 794; x_wconf 65' lang='lat' dir='ltr'>(dieram</span> <span class='ocrx_word' id='word_1_813' title='bbox 2341 754 2380 785; x_wconf 88' lang='lat' dir='ltr'>de</span> 
     </span>
     <span class='ocr_line' id='line_1_129' title="bbox 1320 790 2381 835; baseline 0.003 -14"><span class='ocrx_word' id='word_1_814' title='bbox 1320 790 1464 835; x_wconf 80' lang='lat' dir='ltr'>Fontena)</span> <span class='ocrx_word' id='word_1_815' title='bbox 1486 802 1565 830; x_wconf 78' lang='lat' dir='ltr'>cujus</span> <span class='ocrx_word' id='word_1_816' title='bbox 1579 791 1720 830; x_wconf 85' lang='lat' dir='ltr'>Magister</span> <span class='ocrx_word' id='word_1_817' title='bbox 1736 802 1791 823; x_wconf 88' lang='lat' dir='ltr'>erat</span> <span class='ocrx_word' id='word_1_818' title='bbox 1835 792 1953 823; x_wconf 85' lang='lat' dir='ltr'>ohannes</span> <span class='ocrx_word' id='word_1_819' title='bbox 1966 797 2074 824; x_wconf 87' lang='lat' dir='ltr'>Barrat</span> <span class='ocrx_word' id='word_1_820' title='bbox 2087 794 2123 826; x_wconf 91' lang='lat' dir='ltr'>de</span> <span class='ocrx_word' id='word_1_821' title='bbox 2137 793 2272 832; x_wconf 84' lang='lat' dir='ltr'>Roffele,</span> <span class='ocrx_word' id='word_1_822' title='bbox 2288 803 2381 825; x_wconf 86' lang='lat' dir='ltr'>nona-</span> 
     </span>
     <span class='ocr_line' id='line_1_130' title="bbox 1321 829 2381 870; baseline 0.005 -12"><span class='ocrx_word' id='word_1_823' title='bbox 1321 838 1401 866; x_wconf 87' lang='lat' dir='ltr'>ginta</span> <span class='ocrx_word' id='word_1_824' title='bbox 1415 829 1523 861; x_wconf 91' lang='lat' dir='ltr'>duobus</span> <span class='ocrx_word' id='word_1_825' title='bbox 1538 831 1614 862; x_wconf 85' lang='lat' dir='ltr'>Vasis</span> <span class='ocrx_word' id='word_1_826' title='bbox 1631 831 1771 862; x_wconf 89' lang='lat' dir='ltr'>Vinorum</span> <span class='ocrx_word' id='word_1_827' title='bbox 1788 830 1920 862; x_wconf 88' lang='lat' dir='ltr'>onustam</span> <span class='ocrx_word' id='word_1_828' title='bbox 1940 841 1975 861; x_wconf 87' lang='lat' dir='ltr'>ex</span> <span class='ocrx_word' id='word_1_829' title='bbox 1992 840 2068 869; x_wconf 86' lang='lat' dir='ltr'>parte</span> <span class='ocrx_word' id='word_1_830' title='bbox 2082 835 2188 870; x_wconf 79' lang='lat' dir='ltr'>Georgii</span> <span class='ocrx_word' id='word_1_831' title='bbox 2201 833 2324 863; x_wconf 84' lang='lat' dir='ltr'>Beteken</span> <span class='ocrx_word' id='word_1_832' title='bbox 2340 831 2381 866; x_wconf 60' lang='grc' dir='ltr'>ό</span> 
     </span>
     <span class='ocr_line' id='line_1_131' title="bbox 1321 868 2383 914; baseline 0.005 -17"><span class='ocrx_word' id='word_1_833' title='bbox 1321 868 1443 899; x_wconf 79' lang='lat' dir='ltr'>Arnoldi</span> <span class='ocrx_word' id='word_1_834' title='bbox 1453 869 1485 898; x_wconf 85' lang='lat' dir='ltr'>de</span> <span class='ocrx_word' id='word_1_835' title='bbox 1498 868 1623 914; x_wconf 76' lang='lat' dir='ltr'>Daffele,</span> <span class='ocrx_word' id='word_1_836' title='bbox 1643 869 1841 900; x_wconf 84' lang='lat' dir='ltr'>Mercatorum</span> <span class='ocrx_word' id='word_1_837' title='bbox 1858 870 1999 900; x_wconf 87' lang='lat' dir='ltr'>Almaniae</span> <span class='ocrx_word' id='word_1_838' title='bbox 2006 870 2307 902; x_wconf 79' lang='lat' dir='ltr'>HansaeTheutonicae</span> <span class='ocrx_word' id='word_1_839' title='bbox 2319 892 2330 909; x_wconf 83' lang='lat'>,</span> <span class='ocrx_word' id='word_1_840' title='bbox 2345 870 2383 902; x_wconf 89' lang='lat' dir='ltr'>de</span> 
     </span>
     <span class='ocr_line' id='line_1_132' title="bbox 1321 905 2385 947; baseline 0.004 -11"><span class='ocrx_word' id='word_1_841' title='bbox 1321 905 1412 936; x_wconf 82' lang='lat' dir='ltr'>Terra</span> <span class='ocrx_word' id='word_1_842' title='bbox 1431 906 1544 937; x_wconf 76' lang='lat' dir='ltr'>Pruffiae</span> <span class='ocrx_word' id='word_1_843' title='bbox 1559 908 1746 939; x_wconf 88' lang='lat' dir='ltr'>oriundorum</span> <span class='ocrx_word' id='word_1_844' title='bbox 1762 930 1772 947; x_wconf 67' lang='lat'>2</span> <span class='ocrx_word' id='word_1_845' title='bbox 1790 908 1890 946; x_wconf 90' lang='lat' dir='ltr'>quibus</span> <span class='ocrx_word' id='word_1_846' title='bbox 1905 908 2040 946; x_wconf 69' lang='lat' dir='ltr'>praedista</span> <span class='ocrx_word' id='word_1_847' title='bbox 2053 908 2129 940; x_wconf 84' lang='lat' dir='ltr'>Vina</span> <span class='ocrx_word' id='word_1_848' title='bbox 2143 910 2280 947; x_wconf 87' lang='lat' dir='ltr'>pertinent</span> <span class='ocrx_word' id='word_1_849' title='bbox 2293 931 2304 947; x_wconf 86' lang='lat'>,</span> <span class='ocrx_word' id='word_1_850' title='bbox 2320 919 2385 940; x_wconf 83' lang='lat' dir='ltr'>ver-</span> 
     </span>
     <span class='ocr_line' id='line_1_133' title="bbox 1321 944 2138 993; baseline 0.001 -17"><span class='ocrx_word' id='word_1_851' title='bbox 1321 944 1365 976; x_wconf 82' lang='lat' dir='ltr'>sus</span> <span class='ocrx_word' id='word_1_852' title='bbox 1379 954 1468 988; x_wconf 75' lang='lat' dir='ltr'>partes</span> <span class='ocrx_word' id='word_1_853' title='bbox 1481 944 1598 993; x_wconf 52' lang='lat' dir='ltr'>lffruffiae</span> <span class='ocrx_word' id='word_1_854' title='bbox 1615 949 1723 978; x_wconf 90' lang='lat' dir='ltr'>ratione</span> <span class='ocrx_word' id='word_1_855' title='bbox 1737 948 1808 977; x_wconf 86' lang='lat' dir='ltr'>lucri</span> <span class='ocrx_word' id='word_1_856' title='bbox 1815 946 2068 986; x_wconf 88' lang='lat' dir='ltr'>deducendorum,</span> <span class='ocrx_word' id='word_1_857' title='bbox 2132 966 2138 969; x_wconf 68' lang='lat'><em>„</em></span> 
     </span>
    </p>

    <p class='ocr_par' dir='ltr' id='par_1_42' title="bbox 1318 982 2386 1252">
     <span class='ocr_line' id='line_1_134' title="bbox 1360 982 2382 1025; baseline 0.003 -12"><span class='ocrx_word' id='word_1_858' title='bbox 1360 982 1451 1021; x_wconf 79' lang='lat' dir='ltr'>Iplam</span> <span class='ocrx_word' id='word_1_859' title='bbox 1465 992 1549 1015; x_wconf 86' lang='lat' dir='ltr'>etiam</span> <span class='ocrx_word' id='word_1_860' title='bbox 1573 985 1691 1015; x_wconf 82' lang='lat' dir='ltr'>Navem</span> <span class='ocrx_word' id='word_1_861' title='bbox 1714 996 1798 1016; x_wconf 88' lang='lat' dir='ltr'>manu</span> <span class='ocrx_word' id='word_1_862' title='bbox 1820 985 1912 1016; x_wconf 89' lang='lat' dir='ltr'>hostili</span> <span class='ocrx_word' id='word_1_863' title='bbox 1928 984 2097 1017; x_wconf 89' lang='lat' dir='ltr'>Invadentes</span> <span class='ocrx_word' id='word_1_864' title='bbox 2111 1008 2121 1024; x_wconf 87' lang='lat'>,</span> <span class='ocrx_word' id='word_1_865' title='bbox 2138 995 2222 1025; x_wconf 85' lang='lat' dir='ltr'>quam</span> <span class='ocrx_word' id='word_1_866' title='bbox 2237 984 2382 1024; x_wconf 64' lang='lat' dir='ltr'>praedistae</span> 
     </span>
     <span class='ocr_line' id='line_1_135' title="bbox 1323 1019 2384 1068; baseline 0.004 -18"><span class='ocrx_word' id='word_1_867' title='bbox 1323 1019 1431 1064; x_wconf 71' lang='lat' dir='ltr'>Gentes</span> <span class='ocrx_word' id='word_1_868' title='bbox 1444 1021 1537 1052; x_wconf 90' lang='lat' dir='ltr'>secum</span> <span class='ocrx_word' id='word_1_869' title='bbox 1550 1045 1561 1061; x_wconf 80' lang='lat'>,</span> <span class='ocrx_word' id='word_1_870' title='bbox 1578 1033 1648 1053; x_wconf 89' lang='lat' dir='ltr'>cum</span> <span class='ocrx_word' id='word_1_871' title='bbox 1671 1023 1751 1068; x_wconf 67' lang='lat' dir='ltr'>Vinis</span> <span class='ocrx_word' id='word_1_872' title='bbox 1772 1024 1805 1055; x_wconf 88' lang='lat'>&amp;</span> <span class='ocrx_word' id='word_1_873' title='bbox 1826 1023 1954 1054; x_wconf 87' lang='lat' dir='ltr'>Arnaldo</span> <span class='ocrx_word' id='word_1_874' title='bbox 1969 1024 2004 1055; x_wconf 91' lang='lat' dir='ltr'>de</span> <span class='ocrx_word' id='word_1_875' title='bbox 2025 1024 2141 1055; x_wconf 88' lang='lat' dir='ltr'>Dassele</span> <span class='ocrx_word' id='word_1_876' title='bbox 2159 1025 2384 1063; x_wconf 75' lang='lat' dir='ltr'>praenominato,</span> 
     </span>
     <span class='ocr_line' id='line_1_136' title="bbox 1323 1060 2386 1103; baseline 0.004 -15"><span class='ocrx_word' id='word_1_877' title='bbox 1323 1068 1352 1088; x_wconf 92' lang='lat' dir='ltr'>in</span> <span class='ocrx_word' id='word_1_878' title='bbox 1367 1060 1466 1103; x_wconf 86' lang='lat' dir='ltr'>eadem</span> <span class='ocrx_word' id='word_1_879' title='bbox 1490 1069 1556 1090; x_wconf 93' lang='lat' dir='ltr'>tunc</span> <span class='ocrx_word' id='word_1_880' title='bbox 1580 1069 1716 1100; x_wconf 86' lang='lat' dir='ltr'>temporis</span> <span class='ocrx_word' id='word_1_881' title='bbox 1732 1062 1862 1092; x_wconf 88' lang='lat' dir='ltr'>existenti</span> <span class='ocrx_word' id='word_1_882' title='bbox 1884 1062 2025 1100; x_wconf 88' lang='lat' dir='ltr'>captivato</span> <span class='ocrx_word' id='word_1_883' title='bbox 2042 1085 2053 1101; x_wconf 82' lang='lat'>‚</span> <span class='ocrx_word' id='word_1_884' title='bbox 2074 1063 2182 1101; x_wconf 89' lang='lat' dir='ltr'>suisque</span> <span class='ocrx_word' id='word_1_885' title='bbox 2204 1062 2305 1094; x_wconf 88' lang='lat' dir='ltr'>Rebus</span> <span class='ocrx_word' id='word_1_886' title='bbox 2326 1063 2386 1093; x_wconf 82' lang='lat' dir='ltr'>aliis</span> 
     </span>
     <span class='ocr_line' id='line_1_137' title="bbox 1323 1097 2385 1142; baseline 0.004 -15"><span class='ocrx_word' id='word_1_887' title='bbox 1323 1097 1435 1136; x_wconf 81' lang='lat' dir='ltr'>ablatis,</span> <span class='ocrx_word' id='word_1_888' title='bbox 1451 1098 1485 1142; x_wconf 81' lang='lat' dir='ltr'>ad</span> <span class='ocrx_word' id='word_1_889' title='bbox 1501 1098 1622 1129; x_wconf 86' lang='lat' dir='ltr'>Portum</span> <span class='ocrx_word' id='word_1_890' title='bbox 1637 1099 1722 1130; x_wconf 86' lang='lat' dir='ltr'>vestri</span> <span class='ocrx_word' id='word_1_891' title='bbox 1735 1099 1854 1138; x_wconf 83' lang='lat' dir='ltr'>Regni,</span> <span class='ocrx_word' id='word_1_892' title='bbox 1871 1101 1958 1131; x_wconf 89' lang='lat' dir='ltr'>veluti</span> <span class='ocrx_word' id='word_1_893' title='bbox 1970 1102 2005 1132; x_wconf 90' lang='lat' dir='ltr'>ad</span> <span class='ocrx_word' id='word_1_894' title='bbox 2026 1101 2155 1133; x_wconf 87' lang='lat' dir='ltr'>nostrum</span> <span class='ocrx_word' id='word_1_895' title='bbox 2168 1101 2297 1133; x_wconf 90' lang='lat' dir='ltr'>auditum</span> <span class='ocrx_word' id='word_1_896' title='bbox 2311 1110 2385 1132; x_wconf 89' lang='lat' dir='ltr'>voce</span> 
     </span>
     <span class='ocr_line' id='line_1_138' title="bbox 1323 1137 2386 1183; baseline 0.003 -17"><span class='ocrx_word' id='word_1_897' title='bbox 1323 1137 1469 1183; x_wconf 75' lang='lat' dir='ltr'>querulosa</span> <span class='ocrx_word' id='word_1_898' title='bbox 1493 1147 1654 1181; x_wconf 85' lang='lat' dir='ltr'>pervenerat</span> <span class='ocrx_word' id='word_1_899' title='bbox 1669 1161 1679 1176; x_wconf 88' lang='lat'>,</span> <span class='ocrx_word' id='word_1_900' title='bbox 1703 1137 1874 1168; x_wconf 85' lang='lat' dir='ltr'>a&#39;dduxerunt</span> <span class='ocrx_word' id='word_1_901' title='bbox 1890 1161 1899 1176; x_wconf 82' lang='lat'>,</span> <span class='ocrx_word' id='word_1_902' title='bbox 1917 1140 1950 1169; x_wconf 89' lang='lat'>&amp;</span> <span class='ocrx_word' id='word_1_903' title='bbox 1973 1139 2065 1170; x_wconf 85' lang='lat' dir='ltr'>adhuc</span> <span class='ocrx_word' id='word_1_904' title='bbox 2079 1150 2110 1170; x_wconf 88' lang='lat' dir='ltr'>ea</span> <span class='ocrx_word' id='word_1_905' title='bbox 2124 1140 2250 1171; x_wconf 88' lang='lat' dir='ltr'>detinent</span> <span class='ocrx_word' id='word_1_906' title='bbox 2265 1162 2275 1178; x_wconf 83' lang='lat'>‚</span> <span class='ocrx_word' id='word_1_907' title='bbox 2292 1140 2386 1170; x_wconf 81' lang='lat' dir='ltr'>minus</span> 
     </span>
     <span class='ocr_line' id='line_1_139' title="bbox 1318 1174 2386 1252; baseline 0.004 -47"><span class='ocrx_word' id='word_1_908' title='bbox 1318 1174 1413 1252; x_wconf 36' lang='lat' dir='ltr'>fiuike,</span> <span class='ocrx_word' id='word_1_909' title='bbox 1434 1186 1463 1205; x_wconf 93' lang='lat' dir='ltr'>in</span> <span class='ocrx_word' id='word_1_910' title='bbox 1483 1176 1685 1214; x_wconf 62' lang='lat' dir='ltr'>praedrftorum</span> <span class='ocrx_word' id='word_1_911' title='bbox 1707 1176 1904 1208; x_wconf 83' lang='lat' dir='ltr'>Mercatorum</span> <span class='ocrx_word' id='word_1_912' title='bbox 1920 1176 2092 1217; x_wconf 86' lang='lat' dir='ltr'>Dampnum</span> <span class='ocrx_word' id='word_1_913' title='bbox 2110 1189 2170 1210; x_wconf 91' lang='lat' dir='ltr'>non</span> <span class='ocrx_word' id='word_1_914' title='bbox 2184 1178 2336 1209; x_wconf 87' lang='lat' dir='ltr'>modicum</span> <span class='ocrx_word' id='word_1_915' title='bbox 2351 1178 2386 1209; x_wconf 66' lang='grc' dir='ltr'>δῖ</span> 
     </span>
    </p>

    <p class='ocr_par' dir='ltr' id='par_1_43' title="bbox 1340 1223 1480 1244">
     <span class='ocr_line' id='line_1_140' title="bbox 1340 1223 1480 1244; baseline -0.007 0"><span class='ocrx_word' id='word_1_916' title='bbox 1340 1224 1371 1244; x_wconf 65' lang='grc' dir='ltr'>αι.</span> <span class='ocrx_word' id='word_1_917' title='bbox 1387 1223 1480 1244; x_wconf 81' lang='lat' dir='ltr'>uram:</span> 
     </span>
    </p>

    <p class='ocr_par' dir='ltr' id='par_1_44' title="bbox 1324 1251 2387 1398">
     <span class='ocr_line' id='line_1_141' title="bbox 1363 1251 2387 1299; baseline 0.005 -17"><span class='ocrx_word' id='word_1_918' title='bbox 1363 1251 1450 1299; x_wconf 53' lang='lat' dir='ltr'>Cum=</span> <span class='ocrx_word' id='word_1_919' title='bbox 1466 1252 1605 1297; x_wconf 83' lang='lat' dir='ltr'>speramus</span> <span class='ocrx_word' id='word_1_920' title='bbox 1627 1253 1697 1283; x_wconf 84' lang='lat' dir='ltr'>inter</span> <span class='ocrx_word' id='word_1_921' title='bbox 1713 1252 1836 1284; x_wconf 86' lang='lat' dir='ltr'>vestram</span> <span class='ocrx_word' id='word_1_922' title='bbox 1861 1252 2006 1291; x_wconf 83' lang='lat' dir='ltr'>Regalem</span> <span class='ocrx_word' id='word_1_923' title='bbox 2022 1252 2260 1285; x_wconf 88' lang='lat' dir='ltr'>Dominationem</span> <span class='ocrx_word' id='word_1_924' title='bbox 2284 1256 2318 1287; x_wconf 89' lang='lat'>&amp;</span> <span class='ocrx_word' id='word_1_925' title='bbox 2338 1266 2387 1287; x_wconf 90' lang='lat' dir='ltr'>ve-</span> 
     </span>
     <span class='ocr_line' id='line_1_142' title="bbox 1328 1290 2386 1330; baseline 0.005 -10"><span class='ocrx_word' id='word_1_926' title='bbox 1328 1290 1398 1320; x_wconf 90' lang='lat' dir='ltr'>stros</span> <span class='ocrx_word' id='word_1_927' title='bbox 1432 1292 1566 1322; x_wconf 70' lang='lat' dir='ltr'>bubdnos</span> <span class='ocrx_word' id='word_1_928' title='bbox 1596 1301 1631 1322; x_wconf 82' lang='lat' dir='ltr'>ex</span> <span class='ocrx_word' id='word_1_929' title='bbox 1663 1300 1740 1330; x_wconf 89' lang='lat' dir='ltr'>parte</span> <span class='ocrx_word' id='word_1_930' title='bbox 1762 1303 1815 1323; x_wconf 92' lang='lat' dir='ltr'>una</span> <span class='ocrx_word' id='word_1_931' title='bbox 1828 1315 1838 1330; x_wconf 86' lang='lat'>,</span> <span class='ocrx_word' id='word_1_932' title='bbox 1855 1293 1887 1323; x_wconf 74' lang='grc' dir='ltr'>ὃ(</span> <span class='ocrx_word' id='word_1_933' title='bbox 1902 1292 2014 1322; x_wconf 92' lang='lat' dir='ltr'>nostros</span> <span class='ocrx_word' id='word_1_934' title='bbox 2033 1291 2210 1323; x_wconf 88' lang='lat' dir='ltr'>Mercatores</span> <span class='ocrx_word' id='word_1_935' title='bbox 2235 1293 2271 1324; x_wconf 92' lang='lat' dir='ltr'>de</span> <span class='ocrx_word' id='word_1_936' title='bbox 2295 1294 2386 1325; x_wconf 83' lang='lat' dir='ltr'>Terra</span> 
     </span>
     <span class='ocr_line' id='line_1_143' title="bbox 1324 1328 2385 1398; baseline 0.005 -40"><span class='ocrx_word' id='word_1_937' title='bbox 1324 1328 1441 1398; x_wconf 45' lang='lat' dir='ltr'>{ruffine</span> <span class='ocrx_word' id='word_1_938' title='bbox 1463 1339 1496 1360; x_wconf 82' lang='lat' dir='ltr'>ex</span> <span class='ocrx_word' id='word_1_939' title='bbox 1514 1339 1590 1370; x_wconf 79' lang='lat' dir='ltr'>parte</span> <span class='ocrx_word' id='word_1_940' title='bbox 1605 1330 1703 1369; x_wconf 85' lang='lat' dir='ltr'>altera,</span> <span class='ocrx_word' id='word_1_941' title='bbox 1723 1339 1819 1362; x_wconf 87' lang='lat' dir='ltr'>mutua</span> <span class='ocrx_word' id='word_1_942' title='bbox 1846 1330 1926 1362; x_wconf 84' lang='lat' dir='ltr'>Pacis</span> <span class='ocrx_word' id='word_1_943' title='bbox 1943 1332 1977 1362; x_wconf 84' lang='lat'>&amp;</span> <span class='ocrx_word' id='word_1_944' title='bbox 1996 1330 2145 1362; x_wconf 82' lang='lat' dir='ltr'>Amicitiae</span> <span class='ocrx_word' id='word_1_945' title='bbox 2170 1331 2290 1363; x_wconf 86' lang='lat' dir='ltr'>Foedera</span> <span class='ocrx_word' id='word_1_946' title='bbox 2314 1341 2385 1363; x_wconf 90' lang='lat' dir='ltr'>con-</span> 
     </span>
    </p>

    <p class='ocr_par' dir='ltr' id='par_1_45' title="bbox 1358 1378 1432 1406">
     <span class='ocr_line' id='line_1_144' title="bbox 1358 1378 1432 1406; baseline -0.014 -8"><span class='ocrx_word' id='word_1_947' title='bbox 1358 1378 1414 1398; x_wconf 86' lang='lat' dir='ltr'>veri</span> <span class='ocrx_word' id='word_1_948' title='bbox 1424 1391 1432 1406; x_wconf 89' lang='lat'>,</span> 
     </span>
    </p>

    <p class='ocr_par' dir='ltr' id='par_1_46' title="bbox 1325 1406 2390 1524">
     <span class='ocr_line' id='line_1_145' title="bbox 1362 1406 2387 1455; baseline 0.003 -19"><span class='ocrx_word' id='word_1_949' title='bbox 1362 1406 1446 1451; x_wconf 73' lang='lat' dir='ltr'><strong>N.².¹m</strong></span> <span class='ocrx_word' id='word_1_950' title='bbox 1465 1406 1569 1455; x_wconf 71' lang='lat' dir='ltr'>praefati</span> <span class='ocrx_word' id='word_1_951' title='bbox 1583 1407 1665 1452; x_wconf 82' lang='lat' dir='ltr'>vestri</span> <span class='ocrx_word' id='word_1_952' title='bbox 1680 1407 1792 1438; x_wconf 87' lang='lat' dir='ltr'>Subditi</span> <span class='ocrx_word' id='word_1_953' title='bbox 1805 1409 1839 1440; x_wconf 72' lang='grc' dir='ltr'>δε</span> <span class='ocrx_word' id='word_1_954' title='bbox 1857 1407 2049 1446; x_wconf 87' lang='lat' dir='ltr'>Mercatores,</span> <span class='ocrx_word' id='word_1_955' title='bbox 2067 1407 2239 1446; x_wconf 83' lang='lat' dir='ltr'>Favoribus,</span> <span class='ocrx_word' id='word_1_956' title='bbox 2258 1408 2387 1446; x_wconf 88' lang='lat' dir='ltr'>compla—</span> 
     </span>
     <span class='ocr_line' id='line_1_146' title="bbox 1325 1445 2390 1489; baseline 0.001 -13"><span class='ocrx_word' id='word_1_957' title='bbox 1325 1454 1443 1483; x_wconf 86' lang='lat' dir='ltr'>centus,</span> <span class='ocrx_word' id='word_1_958' title='bbox 1460 1449 1492 1489; x_wconf 61' lang='lat' dir='ltr'>oc</span> <span class='ocrx_word' id='word_1_959' title='bbox 1507 1445 1674 1476; x_wconf 83' lang='lat' dir='ltr'>honorificis</span> <span class='ocrx_word' id='word_1_960' title='bbox 1689 1446 1976 1484; x_wconf 85' lang='lat' dir='ltr'>Conversationibus,</span> <span class='ocrx_word' id='word_1_961' title='bbox 1994 1448 2024 1477; x_wconf 91' lang='lat' dir='ltr'>in</span> <span class='ocrx_word' id='word_1_962' title='bbox 2039 1448 2160 1485; x_wconf 86' lang='lat' dir='ltr'>partibus</span> <span class='ocrx_word' id='word_1_963' title='bbox 2173 1445 2290 1477; x_wconf 85' lang='lat' dir='ltr'>Pruffiae</span> <span class='ocrx_word' id='word_1_964' title='bbox 2305 1447 2390 1479; x_wconf 86' lang='lat' dir='ltr'>ubili-</span> 
     </span>
     <span class='ocr_line' id='line_1_147' title="bbox 1326 1484 1896 1524; baseline 0 -10"><span class='ocrx_word' id='word_1_965' title='bbox 1326 1484 1390 1521; x_wconf 78' lang='lat' dir='ltr'>bet,</span> <span class='ocrx_word' id='word_1_966' title='bbox 1409 1484 1541 1515; x_wconf 76' lang='lat' dir='ltr'>benivole</span> <span class='ocrx_word' id='word_1_967' title='bbox 1557 1484 1663 1524; x_wconf 89' lang='lat' dir='ltr'>semper</span> <span class='ocrx_word' id='word_1_968' title='bbox 1680 1485 1896 1523; x_wconf 63' lang='lat' dir='ltr'>pertradiantur:</span> 
     </span>
    </p>

    <p class='ocr_par' dir='ltr' id='par_1_47' title="bbox 1326 1522 2390 1759">
     <span class='ocr_line' id='line_1_148' title="bbox 1361 1522 2390 1569; baseline 0.002 -17"><span class='ocrx_word' id='word_1_969' title='bbox 1361 1523 1462 1569; x_wconf 61' lang='lat' dir='ltr'>Quare</span> <span class='ocrx_word' id='word_1_970' title='bbox 1477 1522 1574 1567; x_wconf 63' lang='lat' dir='ltr'>vestrae</span> <span class='ocrx_word' id='word_1_971' title='bbox 1597 1523 1783 1554; x_wconf 81' lang='lat' dir='ltr'>Serenissimae</span> <span class='ocrx_word' id='word_1_972' title='bbox 1805 1523 2019 1554; x_wconf 88' lang='lat' dir='ltr'>Dominationis</span> <span class='ocrx_word' id='word_1_973' title='bbox 2033 1522 2228 1561; x_wconf 87' lang='lat' dir='ltr'>limpiditatem</span> <span class='ocrx_word' id='word_1_974' title='bbox 2249 1523 2390 1555; x_wconf 87' lang='lat' dir='ltr'>cordinti-</span> 
     </span>
     <span class='ocr_line' id='line_1_149' title="bbox 1326 1561 2389 1607; baseline 0.002 -16"><span class='ocrx_word' id='word_1_975' title='bbox 1326 1571 1374 1605; x_wconf 82' lang='lat' dir='ltr'>me</span> <span class='ocrx_word' id='word_1_976' title='bbox 1397 1562 1527 1605; x_wconf 81' lang='lat' dir='ltr'>duximus</span> <span class='ocrx_word' id='word_1_977' title='bbox 1548 1562 1758 1607; x_wconf 74' lang='lat' dir='ltr'>implorandum</span> <span class='ocrx_word' id='word_1_978' title='bbox 1782 1563 1925 1601; x_wconf 85' lang='lat' dir='ltr'>quatinus,</span> <span class='ocrx_word' id='word_1_979' title='bbox 1943 1562 2019 1592; x_wconf 90' lang='lat' dir='ltr'>Zelo</span> <span class='ocrx_word' id='word_1_980' title='bbox 2033 1561 2169 1601; x_wconf 81' lang='lat' dir='ltr'>Justitiae,</span> <span class='ocrx_word' id='word_1_981' title='bbox 2189 1561 2276 1592; x_wconf 91' lang='lat' dir='ltr'>nostri</span> <span class='ocrx_word' id='word_1_982' title='bbox 2297 1572 2331 1593; x_wconf 91' lang='lat' dir='ltr'>ue</span> <span class='ocrx_word' id='word_1_983' title='bbox 2348 1564 2389 1593; x_wconf 92' lang='lat' dir='ltr'>ob</span> 
     </span>
     <span class='ocr_line' id='line_1_150' title="bbox 1326 1600 2388 1644; baseline 0.001 -15"><span class='ocrx_word' id='word_1_984' title='bbox 1326 1610 1421 1643; x_wconf 74' lang='lat' dir='ltr'>exigui</span> <span class='ocrx_word' id='word_1_985' title='bbox 1438 1600 1595 1644; x_wconf 55' lang='lat' dir='ltr'>stimulatus</span> <span class='ocrx_word' id='word_1_986' title='bbox 1612 1609 1747 1632; x_wconf 90' lang='lat' dir='ltr'>intuitum</span> <span class='ocrx_word' id='word_1_987' title='bbox 1762 1623 1771 1639; x_wconf 96' lang='lat'>,</span> <span class='ocrx_word' id='word_1_988' title='bbox 1788 1600 1909 1638; x_wconf 72' lang='lat' dir='ltr'>praefatis</span> <span class='ocrx_word' id='word_1_989' title='bbox 1924 1600 2055 1641; x_wconf 84' lang='lat' dir='ltr'>Georgio</span> <span class='ocrx_word' id='word_1_990' title='bbox 2070 1602 2103 1632; x_wconf 90' lang='lat'>&amp;</span> <span class='ocrx_word' id='word_1_991' title='bbox 2120 1601 2251 1631; x_wconf 88' lang='lat' dir='ltr'>Arnoldo</span> <span class='ocrx_word' id='word_1_992' title='bbox 2286 1609 2388 1632; x_wconf 89' lang='lat' dir='ltr'>uorum</span> 
     </span>
     <span class='ocr_line' id='line_1_151' title="bbox 1327 1638 2389 1683; baseline 0.001 -15"><span class='ocrx_word' id='word_1_993' title='bbox 1327 1638 1469 1669; x_wconf 89' lang='lat' dir='ltr'>Vmorum</span> <span class='ocrx_word' id='word_1_994' title='bbox 1486 1638 1700 1683; x_wconf 66' lang='lat' dir='ltr'>praedidltorum,</span> <span class='ocrx_word' id='word_1_995' title='bbox 1722 1640 1755 1670; x_wconf 90' lang='lat'><strong>&amp;</strong></span> <span class='ocrx_word' id='word_1_996' title='bbox 1770 1641 1887 1669; x_wconf 84' lang='lat' dir='ltr'>aliarum</span> <span class='ocrx_word' id='word_1_997' title='bbox 1902 1639 2011 1670; x_wconf 89' lang='lat' dir='ltr'>Rerum</span> <span class='ocrx_word' id='word_1_998' title='bbox 2029 1639 2160 1669; x_wconf 88' lang='lat' dir='ltr'>Arnoldo</span> <span class='ocrx_word' id='word_1_999' title='bbox 2175 1639 2327 1678; x_wconf 62' lang='lat' dir='ltr'>saepediQo</span> <span class='ocrx_word' id='word_1_1000' title='bbox 2339 1640 2389 1670; x_wconf 88' lang='lat' dir='ltr'>ab·</span> 
     </span>
     <span class='ocr_line' id='line_1_152' title="bbox 1328 1677 2390 1721; baseline 0.002 -15"><span class='ocrx_word' id='word_1_1001' title='bbox 1328 1677 1464 1721; x_wconf 78' lang='lat' dir='ltr'>latarum,</span> <span class='ocrx_word' id='word_1_1002' title='bbox 1484 1677 1708 1721; x_wconf 73' lang='lat' dir='ltr'>Restitutioneni</span> <span class='ocrx_word' id='word_1_1003' title='bbox 1722 1679 1930 1709; x_wconf 88' lang='lat' dir='ltr'>condecentem</span> <span class='ocrx_word' id='word_1_1004' title='bbox 1946 1677 2005 1708; x_wconf 85' lang='lat' dir='ltr'>fieri</span> <span class='ocrx_word' id='word_1_1005' title='bbox 2019 1679 2201 1717; x_wconf 82' lang='lat' dir='ltr'>permittaris,</span> <span class='ocrx_word' id='word_1_1006' title='bbox 2217 1677 2319 1717; x_wconf 84' lang='lat' dir='ltr'>absque</span> <span class='ocrx_word' id='word_1_1007' title='bbox 2335 1677 2390 1708; x_wconf 53' lang='lat' dir='ltr'>imss</span> 
     </span>
     <span class='ocr_line' id='line_1_153' title="bbox 1329 1715 2357 1759; baseline 0.002 -14"><span class='ocrx_word' id='word_1_1008' title='bbox 1329 1715 1497 1759; x_wconf 84' lang='lat' dir='ltr'>pedimento</span> <span class='ocrx_word' id='word_1_1009' title='bbox 1511 1716 1637 1756; x_wconf 77' lang='lat' dir='ltr'>aliquali,</span> <span class='ocrx_word' id='word_1_1010' title='bbox 2354 1723 2357 1727; x_wconf 73' lang='grc'><strong><em>’</em></strong></span> 
     </span>
    </p>

    <p class='ocr_par' dir='ltr' id='par_1_48' title="bbox 1329 1753 2396 1908">
     <span class='ocr_line' id='line_1_154' title="bbox 1364 1753 2388 1799; baseline 0.001 -15"><span class='ocrx_word' id='word_1_1011' title='bbox 1364 1753 1400 1798; x_wconf 42' lang='grc' dir='ltr'>,Ιη</span> <span class='ocrx_word' id='word_1_1012' title='bbox 1415 1756 1468 1785; x_wconf 89' lang='lat' dir='ltr'>hiis</span> <span class='ocrx_word' id='word_1_1013' title='bbox 1486 1754 1573 1799; x_wconf 75' lang='lat' dir='ltr'>vestra</span> <span class='ocrx_word' id='word_1_1014' title='bbox 1588 1755 1704 1792; x_wconf 82' lang='lat' dir='ltr'>Regalis</span> <span class='ocrx_word' id='word_1_1015' title='bbox 1721 1754 1860 1794; x_wconf 81' lang='lat' dir='ltr'>Magestas</span> <span class='ocrx_word' id='word_1_1016' title='bbox 1877 1754 1903 1785; x_wconf 91' lang='lat' dir='ltr'>se</span> <span class='ocrx_word' id='word_1_1017' title='bbox 1916 1754 2043 1785; x_wconf 82' lang='lat' dir='ltr'>exhibeat</span> <span class='ocrx_word' id='word_1_1018' title='bbox 2056 1754 2141 1785; x_wconf 88' lang='lat' dir='ltr'>veluti</span> <span class='ocrx_word' id='word_1_1019' title='bbox 2157 1777 2168 1793; x_wconf 95' lang='lat'>,</span> <span class='ocrx_word' id='word_1_1020' title='bbox 2185 1753 2305 1785; x_wconf 84' lang='lat' dir='ltr'>Nobilis</span> <span class='ocrx_word' id='word_1_1021' title='bbox 2322 1753 2388 1785; x_wconf 91' lang='lat' dir='ltr'>Do-</span> 
     </span>
     <span class='ocr_line' id='line_1_155' title="bbox 1330 1791 2395 1834; baseline 0.001 -12"><span class='ocrx_word' id='word_1_1022' title='bbox 1330 1802 1424 1823; x_wconf 88' lang='lat' dir='ltr'>minus</span> <span class='ocrx_word' id='word_1_1023' title='bbox 1438 1816 1448 1832; x_wconf 89' lang='lat'>,</span> <span class='ocrx_word' id='word_1_1024' title='bbox 1466 1792 1614 1824; x_wconf 85' lang='lat' dir='ltr'>Dominus</span> <span class='ocrx_word' id='word_1_1025' title='bbox 1635 1793 1771 1834; x_wconf 85' lang='lat' dir='ltr'>Magister</span> <span class='ocrx_word' id='word_1_1026' title='bbox 1784 1816 1794 1831; x_wconf 80' lang='lat'>,</span> <span class='ocrx_word' id='word_1_1027' title='bbox 1812 1803 1927 1824; x_wconf 90' lang='lat' dir='ltr'>necnon</span> <span class='ocrx_word' id='word_1_1028' title='bbox 1951 1793 2130 1824; x_wconf 87' lang='lat' dir='ltr'>honorabiles</span> <span class='ocrx_word' id='word_1_1029' title='bbox 2150 1793 2215 1824; x_wconf 89' lang='lat' dir='ltr'>Viri</span> <span class='ocrx_word' id='word_1_1030' title='bbox 2236 1791 2395 1824; x_wconf 87' lang='lat' dir='ltr'>Civitatum</span> 
     </span>
     <span class='ocr_line' id='line_1_156' title="bbox 1329 1830 2396 1876; baseline 0.001 -15"><span class='ocrx_word' id='word_1_1031' title='bbox 1329 1831 1429 1875; x_wconf 80' lang='lat' dir='ltr'>Terrae</span> <span class='ocrx_word' id='word_1_1032' title='bbox 1443 1831 1611 1876; x_wconf 39' lang='lat' dir='ltr'>pruma&amp;</span> <span class='ocrx_word' id='word_1_1033' title='bbox 1627 1832 1693 1863; x_wconf 89' lang='lat' dir='ltr'>Nos</span> <span class='ocrx_word' id='word_1_1034' title='bbox 1706 1834 1736 1863; x_wconf 91' lang='lat' dir='ltr'>in</span> <span class='ocrx_word' id='word_1_1035' title='bbox 1751 1832 1842 1863; x_wconf 88' lang='lat' dir='ltr'>vestra</span> <span class='ocrx_word' id='word_1_1036' title='bbox 1856 1832 2031 1863; x_wconf 87' lang='lat' dir='ltr'>Sereniffima</span> <span class='ocrx_word' id='word_1_1037' title='bbox 2039 1831 2246 1863; x_wconf 85' lang='lat' dir='ltr'>Dominatione</span> <span class='ocrx_word' id='word_1_1038' title='bbox 2261 1830 2396 1862; x_wconf 87' lang='lat' dir='ltr'>fiduciam</span> 
     </span>
     <span class='ocr_line' id='line_1_157' title="bbox 1329 1870 1644 1908; baseline 0 -8"><span class='ocrx_word' id='word_1_1039' title='bbox 1329 1878 1454 1908; x_wconf 88' lang='lat' dir='ltr'>gerimus</span> <span class='ocrx_word' id='word_1_1040' title='bbox 1467 1870 1644 1908; x_wconf 87' lang='lat' dir='ltr'>ampliorem.</span> 
     </span>
    </p>

    <p class='ocr_par' dir='ltr' id='par_1_49' title="bbox 1331 1907 2396 1986">
     <span class='ocr_line' id='line_1_158' title="bbox 1368 1907 2396 1953; baseline -0.001 -14"><span class='ocrx_word' id='word_1_1041' title='bbox 1368 1907 1524 1939; x_wconf 87' lang='lat' dir='ltr'>Altiffimus</span> <span class='ocrx_word' id='word_1_1042' title='bbox 1535 1908 1659 1953; x_wconf 79' lang='lat' dir='ltr'>vestrum</span> <span class='ocrx_word' id='word_1_1043' title='bbox 1673 1908 1784 1940; x_wconf 90' lang='lat' dir='ltr'>Statum</span> <span class='ocrx_word' id='word_1_1044' title='bbox 1793 1908 2026 1947; x_wconf 73' lang='lat' dir='ltr'>benignissimum</span> <span class='ocrx_word' id='word_1_1045' title='bbox 2035 1908 2155 1939; x_wconf 87' lang='lat' dir='ltr'>feliciter</span> <span class='ocrx_word' id='word_1_1046' title='bbox 2168 1907 2306 1946; x_wconf 87' lang='lat' dir='ltr'>dignetur</span> <span class='ocrx_word' id='word_1_1047' title='bbox 2321 1916 2396 1943; x_wconf 72' lang='lat' dir='ltr'>con-7</span> 
     </span>
     <span class='ocr_line' id='line_1_159' title="bbox 1331 1946 2117 1986; baseline 0 -9"><span class='ocrx_word' id='word_1_1048' title='bbox 1331 1946 1436 1978; x_wconf 88' lang='lat' dir='ltr'>servare</span> <span class='ocrx_word' id='word_1_1049' title='bbox 1452 1948 1485 1979; x_wconf 90' lang='lat'>&amp;</span> <span class='ocrx_word' id='word_1_1050' title='bbox 1501 1949 1600 1979; x_wconf 82' lang='lat' dir='ltr'>votive</span> <span class='ocrx_word' id='word_1_1051' title='bbox 1611 1970 1622 1986; x_wconf 90' lang='lat'>‚</span> <span class='ocrx_word' id='word_1_1052' title='bbox 1638 1947 1739 1978; x_wconf 90' lang='lat' dir='ltr'>Nobis</span> <span class='ocrx_word' id='word_1_1053' title='bbox 1753 1949 1893 1978; x_wconf 83' lang='lat' dir='ltr'>continue</span> <span class='ocrx_word' id='word_1_1054' title='bbox 1908 1948 2117 1986; x_wconf 74' lang='lat' dir='ltr'>praecipientes:</span> 
     </span>
    </p>
   </div>
   <div class='ocr_carea' id='block_1_33' title="bbox 1332 2016 2396 2103">
    <p class='ocr_par' dir='ltr' id='par_1_50' title="bbox 1332 2016 2396 2103">
     <span class='ocr_line' id='line_1_160' title="bbox 1370 2016 2396 2069; baseline 0.001 -15"><span class='ocrx_word' id='word_1_1055' title='bbox 1370 2022 1480 2055; x_wconf 87' lang='lat' dir='ltr'>Datum</span> <span class='ocrx_word' id='word_1_1056' title='bbox 1504 2024 1603 2068; x_wconf 76' lang='lat' dir='ltr'>nostris</span> <span class='ocrx_word' id='word_1_1057' title='bbox 1624 2024 1799 2069; x_wconf 35' lang='lat' dir='ltr'>sub&#39;SigilIis</span> <span class='ocrx_word' id='word_1_1058' title='bbox 1815 2048 1825 2063; x_wconf 85' lang='lat'>,</span> <span class='ocrx_word' id='word_1_1059' title='bbox 1851 2024 2073 2061; x_wconf 87' lang='lat' dir='ltr'>Quartadecima</span> <span class='ocrx_word' id='word_1_1060' title='bbox 2101 2024 2148 2056; x_wconf 88' lang='lat' dir='ltr'>die</span> <span class='ocrx_word' id='word_1_1061' title='bbox 2174 2016 2282 2055; x_wconf 87' lang='lat' dir='ltr'>Mensis</span> <span class='ocrx_word' id='word_1_1062' title='bbox 2300 2022 2396 2063; x_wconf 83' lang='lat' dir='ltr'>Julii;</span> 
     </span>
     <span class='ocr_line' id='line_1_161' title="bbox 1332 2062 2033 2103; baseline 0.001 -10"><span class='ocrx_word' id='word_1_1063' title='bbox 1332 2062 1422 2094; x_wconf 89' lang='lat' dir='ltr'>Anno</span> <span class='ocrx_word' id='word_1_1064' title='bbox 1438 2062 1560 2093; x_wconf 87' lang='lat' dir='ltr'>Domini</span> <span class='ocrx_word' id='word_1_1065' title='bbox 1577 2063 1868 2103; x_wconf 82' lang='lat' dir='ltr'>Qiadringentesimo</span> <span class='ocrx_word' id='word_1_1066' title='bbox 1881 2063 2033 2103; x_wconf 71' lang='lat' dir='ltr'>Secundo,</span> 
     </span>
    </p>
   </div>
   <div class='ocr_carea' id='block_1_34' title="bbox 1368 2139 2293 2173">
    <p class='ocr_par' dir='ltr' id='par_1_51' title="bbox 1368 2139 2293 2173">
     <span class='ocr_line' id='line_1_162' title="bbox 1368 2139 2293 2173; baseline -0.002 -1"><span class='ocrx_word' id='word_1_1067' title='bbox 1368 2139 1555 2172; x_wconf 78' lang='lat' dir='ltr'>VEsTRAE</span> <span class='ocrx_word' id='word_1_1068' title='bbox 1576 2149 1992 2173; x_wconf 80' lang='lat' dir='ltr'>EXCELLENTISSIMAE</span> <span class='ocrx_word' id='word_1_1069' title='bbox 2011 2139 2293 2172; x_wconf 73' lang='lat' dir='ltr'>DIGNITATis</span> 
     </span>
    </p>
   </div>
   <div class='ocr_carea' id='block_1_35' title="bbox 1378 2215 2401 2259">
    <p class='ocr_par' dir='ltr' id='par_1_52' title="bbox 1378 2215 2401 2259">
     <span class='ocr_line' id='line_1_163' title="bbox 1378 2215 2401 2259; baseline -0.001 -11"><span class='ocrx_word' id='word_1_1070' title='bbox 1378 2221 1547 2259; x_wconf 82' lang='lat' dir='ltr'>Servitores,</span> <span class='ocrx_word' id='word_1_1071' title='bbox 1564 2220 1731 2250; x_wconf 78' lang='lat' dir='ltr'>Aldermani</span> <span class='ocrx_word' id='word_1_1072' title='bbox 1745 2231 1777 2249; x_wconf 82' lang='lat' dir='ltr'>ac</span> <span class='ocrx_word' id='word_1_1073' title='bbox 1790 2219 1890 2258; x_wconf 82' lang='lat' dir='ltr'>Jurati</span> <span class='ocrx_word' id='word_1_1074' title='bbox 1903 2221 2086 2248; x_wconf 77' lang='lat' dir='ltr'>Communium</span> <span class='ocrx_word' id='word_1_1075' title='bbox 2098 2220 2284 2248; x_wconf 82' lang='lat' dir='ltr'>Mercatorum</span> <span class='ocrx_word' id='word_1_1076' title='bbox 2297 2215 2401 2247; x_wconf 48' lang='lat' dir='ltr'>Alma?</span> 
     </span>
    </p>
   </div>
   <div class='ocr_carea' id='block_1_36' title="bbox 1410 2254 2403 2337">
    <p class='ocr_par' dir='ltr' id='par_1_53' title="bbox 1410 2254 2403 2337">
     <span class='ocr_line' id='line_1_164' title="bbox 1414 2254 2403 2297; baseline 0 -10"><span class='ocrx_word' id='word_1_1077' title='bbox 1414 2260 1468 2287; x_wconf 85' lang='lat' dir='ltr'>niae</span> <span class='ocrx_word' id='word_1_1078' title='bbox 1483 2280 1492 2295; x_wconf 79' lang='lat'>‚</span> <span class='ocrx_word' id='word_1_1079' title='bbox 1517 2260 1594 2289; x_wconf 83' lang='lat' dir='ltr'>Sacri</span> <span class='ocrx_word' id='word_1_1080' title='bbox 1622 2261 1737 2288; x_wconf 81' lang='lat' dir='ltr'>Romani</span> <span class='ocrx_word' id='word_1_1081' title='bbox 1756 2261 1864 2297; x_wconf 84' lang='lat' dir='ltr'>Imperii</span> <span class='ocrx_word' id='word_1_1082' title='bbox 1886 2255 1992 2296; x_wconf 83' lang='lat' dir='ltr'>Hansae</span> <span class='ocrx_word' id='word_1_1083' title='bbox 2018 2260 2160 2288; x_wconf 82' lang='lat' dir='ltr'>Teutonica</span> <span class='ocrx_word' id='word_1_1084' title='bbox 2173 2279 2184 2296; x_wconf 84' lang='lat'>,</span> <span class='ocrx_word' id='word_1_1085' title='bbox 2203 2265 2254 2296; x_wconf 84' lang='lat' dir='ltr'>pro</span> <span class='ocrx_word' id='word_1_1086' title='bbox 2274 2254 2403 2295; x_wconf 70' lang='lat' dir='ltr'>praesenti</span> 
     </span>
     <span class='ocr_line' id='line_1_165' title="bbox 1410 2296 1835 2337; baseline 0.005 -13"><span class='ocrx_word' id='word_1_1087' title='bbox 1410 2298 1511 2334; x_wconf 80' lang='lat' dir='ltr'>Brugis</span> <span class='ocrx_word' id='word_1_1088' title='bbox 1525 2297 1664 2328; x_wconf 77' lang='lat' dir='ltr'>Flandriae</span> <span class='ocrx_word' id='word_1_1089' title='bbox 1677 2296 1835 2337; x_wconf 75' lang='lat' dir='ltr'>Residentes.</span> 
     </span>
    </p>
   </div>
   <div class='ocr_carea' id='block_1_37' title="bbox 1337 2375 2403 2529">
    <p class='ocr_par' dir='ltr' id='par_1_54' title="bbox 1373 2379 1453 2405">
     <span class='ocr_line' id='line_1_166' title="bbox 1373 2379 1453 2405; baseline 0 0"><span class='ocrx_word' id='word_1_1090' title='bbox 1373 2379 1433 2405; x_wconf 91' lang='lat' dir='ltr'>Dor</span> <span class='ocrx_word' id='word_1_1091' title='bbox 1448 2400 1453 2405; x_wconf 91' lang='lat'>.</span> 
     </span>
    </p>

    <p class='ocr_par' dir='ltr' id='par_1_55' title="bbox 1337 2375 2403 2529">
     <span class='ocr_line' id='line_1_167' title="bbox 1377 2375 2401 2458; baseline -0.003 -14"><span class='ocrx_word' id='word_1_1092' title='bbox 1377 2375 1557 2458; x_wconf 46' lang='lat' dir='ltr'>Giossofiffimo</span> <span class='ocrx_word' id='word_1_1093' title='bbox 1589 2415 1706 2452; x_wconf 80' lang='lat' dir='ltr'>Principi</span> <span class='ocrx_word' id='word_1_1094' title='bbox 1735 2411 1946 2452; x_wconf 84' lang='lat' dir='ltr'>Sereniffimoque</span> <span class='ocrx_word' id='word_1_1095' title='bbox 1966 2414 2084 2441; x_wconf 85' lang='lat' dir='ltr'>Domino</span> <span class='ocrx_word' id='word_1_1096' title='bbox 2098 2434 2108 2451; x_wconf 86' lang='lat'>‚</span> <span class='ocrx_word' id='word_1_1097' title='bbox 2133 2413 2250 2441; x_wconf 84' lang='lat' dir='ltr'>Domino</span> <span class='ocrx_word' id='word_1_1098' title='bbox 2269 2409 2401 2441; x_wconf 81' lang='lat' dir='ltr'>Henrico</span> 
     </span>
     <span class='ocr_line' id='line_1_168' title="bbox 1339 2448 2403 2491; baseline -0.004 -9"><span class='ocrx_word' id='word_1_1099' title='bbox 1339 2452 1417 2490; x_wconf 80' lang='lat' dir='ltr'>Regi</span> <span class='ocrx_word' id='word_1_1100' title='bbox 1433 2453 1545 2491; x_wconf 84' lang='lat' dir='ltr'>Angliae</span> <span class='ocrx_word' id='word_1_1101' title='bbox 1561 2454 1593 2484; x_wconf 67' lang='grc' dir='ltr'>ὃς</span> <span class='ocrx_word' id='word_1_1102' title='bbox 1610 2452 1735 2482; x_wconf 79' lang='lat' dir='ltr'>Franciae</span> <span class='ocrx_word' id='word_1_1103' title='bbox 1750 2454 1783 2482; x_wconf 88' lang='lat'>&amp;</span> <span class='ocrx_word' id='word_1_1104' title='bbox 1802 2454 1916 2481; x_wconf 87' lang='lat' dir='ltr'>Domino</span> <span class='ocrx_word' id='word_1_1105' title='bbox 1931 2449 2072 2480; x_wconf 79' lang='lat' dir='ltr'>Hiberniae</span> <span class='ocrx_word' id='word_1_1106' title='bbox 2086 2470 2097 2486; x_wconf 84' lang='lat'>‚</span> <span class='ocrx_word' id='word_1_1107' title='bbox 2118 2451 2230 2478; x_wconf 81' lang='lat' dir='ltr'>Domino</span> <span class='ocrx_word' id='word_1_1108' title='bbox 2247 2448 2323 2478; x_wconf 82' lang='lat' dir='ltr'>nobis</span> <span class='ocrx_word' id='word_1_1109' title='bbox 2335 2459 2403 2486; x_wconf 84' lang='lat' dir='ltr'>gra-</span> 
     </span>
     <span class='ocr_line' id='line_1_169' title="bbox 1337 2487 2375 2529; baseline -0.008 -9"><span class='ocrx_word' id='word_1_1110' title='bbox 1337 2491 1420 2529; x_wconf 70' lang='lat' dir='ltr'>tioso,</span> <span class='ocrx_word' id='word_1_1111' title='bbox 1438 2491 1587 2522; x_wconf 62' lang='lat' dir='ltr'>omnimoda*</span> <span class='ocrx_word' id='word_1_1112' title='bbox 1602 2489 1769 2520; x_wconf 56' lang='lat' dir='ltr'>Reverentia*</span> <span class='ocrx_word' id='word_1_1113' title='bbox 1780 2513 1789 2528; x_wconf 95' lang='lat'>,</span> <span class='ocrx_word' id='word_1_1114' title='bbox 1805 2492 1920 2519; x_wconf 83' lang='lat' dir='ltr'>Littera</span> <span class='ocrx_word' id='word_1_1115' title='bbox 1929 2487 2110 2525; x_wconf 80' lang='lat' dir='ltr'>praesentata.</span> <span class='ocrx_word' id='word_1_1116' title='bbox 2373 2497 2375 2500; x_wconf 93' lang='lat'>·</span> 
     </span>
    </p>
   </div>
   <div class='ocr_carea' id='block_1_38' title="bbox 1585 2561 2227 2573">
    <p class='ocr_par' dir='ltr' id='par_1_56' title="bbox 1585 2561 2227 2573">
     <span class='ocr_line' id='line_1_170' title="bbox 1585 2561 2227 2573; baseline 0 0"><span class='ocrx_word' id='word_1_1117' title='bbox 1585 2561 2227 2573; x_wconf 95' lang='lat' dir='ltr'> </span> 
     </span>
    </p>
   </div>
   <div class='ocr_carea' id='block_1_39' title="bbox 1587 2610 2191 2658">
    <p class='ocr_par' dir='ltr' id='par_1_57' title="bbox 1587 2610 2191 2658">
     <span class='ocr_line' id='line_1_171' title="bbox 1587 2610 2191 2658; baseline -0.003 -10"><span class='ocrx_word' id='word_1_1118' title='bbox 1587 2614 1616 2641; x_wconf 58' lang='lat'>³*</span> <span class='ocrx_word' id='word_1_1119' title='bbox 1641 2617 1758 2648; x_wconf 80' lang='lat' dir='ltr'>Littera</span> <span class='ocrx_word' id='word_1_1120' title='bbox 1772 2610 1811 2646; x_wconf 80' lang='lat' dir='ltr'>ab</span> <span class='ocrx_word' id='word_1_1121' title='bbox 1828 2610 1936 2658; x_wconf 70' lang='lat' dir='ltr'>eisidem</span> <span class='ocrx_word' id='word_1_1122' title='bbox 1955 2610 1999 2644; x_wconf 82' lang='lat' dir='ltr'>ad</span> <span class='ocrx_word' id='word_1_1123' title='bbox 2015 2611 2191 2646; x_wconf 81' lang='lat' dir='ltr'>Concilium.</span> 
     </span>
    </p>
   </div>
   <div class='ocr_carea' id='block_1_40' title="bbox 1341 2696 2411 3508">
    <p class='ocr_par' dir='ltr' id='par_1_58' title="bbox 1341 2696 2402 2778">
     <span class='ocr_line' id='line_1_172' title="bbox 1341 2696 2402 2762; baseline -0.004 -30"><span class='ocrx_word' id='word_1_1124' title='bbox 1341 2701 1481 2762; x_wconf 87' lang='lat' dir='ltr'>PRono</span> <span class='ocrx_word' id='word_1_1125' title='bbox 1496 2699 1740 2738; x_wconf 80' lang='lat' dir='ltr'>Obsequio,cum</span> <span class='ocrx_word' id='word_1_1126' title='bbox 1753 2698 1888 2730; x_wconf 78' lang='lat' dir='ltr'>benivolo</span> <span class='ocrx_word' id='word_1_1127' title='bbox 1904 2698 2002 2728; x_wconf 86' lang='lat' dir='ltr'>animo</span> <span class='ocrx_word' id='word_1_1128' title='bbox 2016 2697 2047 2727; x_wconf 92' lang='lat' dir='ltr'>in</span> <span class='ocrx_word' id='word_1_1129' title='bbox 2061 2696 2172 2737; x_wconf 84' lang='lat' dir='ltr'>singulis</span> <span class='ocrx_word' id='word_1_1130' title='bbox 2188 2697 2402 2737; x_wconf 79' lang='lat' dir='ltr'>complacendi,</span> 
     </span>
     <span class='ocr_line' id='line_1_173' title="bbox 1407 2739 1690 2778; baseline -0.007 -8"><span class='ocrx_word' id='word_1_1131' title='bbox 1407 2740 1513 2778; x_wconf 88' lang='lat' dir='ltr'>semper</span> <span class='ocrx_word' id='word_1_1132' title='bbox 1529 2739 1690 2769; x_wconf 84' lang='lat' dir='ltr'>antemiffo.</span> 
     </span>
    </p>

    <p class='ocr_par' dir='ltr' id='par_1_59' title="bbox 1379 2772 2186 2813">
     <span class='ocr_line' id='line_1_174' title="bbox 1379 2772 2186 2813; baseline -0.006 -4"><span class='ocrx_word' id='word_1_1133' title='bbox 1379 2778 1412 2808; x_wconf 90' lang='lat' dir='ltr'><strong>H</strong></span> <span class='ocrx_word' id='word_1_1134' title='bbox 1421 2789 1441 2809; x_wconf 93' lang='lat' dir='ltr'>o</span> <span class='ocrx_word' id='word_1_1135' title='bbox 1453 2788 1475 2809; x_wconf 84' lang='lat' dir='ltr'>N</span> <span class='ocrx_word' id='word_1_1136' title='bbox 1485 2790 1505 2809; x_wconf 94' lang='lat' dir='ltr'>o</span> <span class='ocrx_word' id='word_1_1137' title='bbox 1516 2786 1539 2808; x_wconf 81' lang='lat' dir='ltr'>R</span> <span class='ocrx_word' id='word_1_1138' title='bbox 1550 2788 1567 2807; x_wconf 81' lang='lat' dir='ltr'>A</span> <span class='ocrx_word' id='word_1_1139' title='bbox 1578 2787 1597 2807; x_wconf 80' lang='lat' dir='ltr'>B</span> <span class='ocrx_word' id='word_1_1140' title='bbox 1606 2786 1617 2807; x_wconf 91' lang='lat'>1</span> <span class='ocrx_word' id='word_1_1141' title='bbox 1628 2786 1649 2807; x_wconf 79' lang='lat' dir='ltr'>t.</span> <span class='ocrx_word' id='word_1_1142' title='bbox 1661 2787 1679 2807; x_wconf 84' lang='lat' dir='ltr'>E</span> <span class='ocrx_word' id='word_1_1143' title='bbox 1688 2787 1700 2806; x_wconf 92' lang='lat' dir='ltr'>s</span> <span class='ocrx_word' id='word_1_1144' title='bbox 1718 2775 1845 2806; x_wconf 89' lang='lat' dir='ltr'>Domini</span> <span class='ocrx_word' id='word_1_1145' title='bbox 1860 2775 1893 2805; x_wconf 93' lang='lat'>&amp;</span> <span class='ocrx_word' id='word_1_1146' title='bbox 1910 2774 2010 2805; x_wconf 90' lang='lat' dir='ltr'>Amici</span> <span class='ocrx_word' id='word_1_1147' title='bbox 2025 2772 2186 2813; x_wconf 83' lang='lat' dir='ltr'>Cariffimi,</span> 
     </span>
    </p>

    <p class='ocr_par' dir='ltr' id='par_1_60' title="bbox 1344 2812 2407 3122">
     <span class='ocr_line' id='line_1_175' title="bbox 1378 2812 2405 2852; baseline -0.004 -5"><span class='ocrx_word' id='word_1_1148' title='bbox 1378 2817 1486 2847; x_wconf 81' lang='lat' dir='ltr'>Vestrae</span> <span class='ocrx_word' id='word_1_1149' title='bbox 1509 2815 1684 2846; x_wconf 72' lang='lat' dir='ltr'>industriosae</span> <span class='ocrx_word' id='word_1_1150' title='bbox 1706 2814 1846 2852; x_wconf 89' lang='lat' dir='ltr'>Dignitati</span> <span class='ocrx_word' id='word_1_1151' title='bbox 1869 2812 2001 2851; x_wconf 82' lang='lat' dir='ltr'>patefiat,</span> <span class='ocrx_word' id='word_1_1152' title='bbox 2019 2822 2068 2850; x_wconf 88' lang='lat' dir='ltr'>per</span> <span class='ocrx_word' id='word_1_1153' title='bbox 2091 2813 2240 2843; x_wconf 74' lang='lat' dir='ltr'>Praesentes</span> <span class='ocrx_word' id='word_1_1154' title='bbox 2253 2836 2262 2850; x_wconf 83' lang='lat'>,</span> <span class='ocrx_word' id='word_1_1155' title='bbox 2290 2814 2405 2851; x_wconf 86' lang='lat' dir='ltr'>qualiter</span> 
     </span>
     <span class='ocr_line' id='line_1_176' title="bbox 1344 2851 2406 2891; baseline -0.003 -6"><span class='ocrx_word' id='word_1_1156' title='bbox 1344 2855 1485 2886; x_wconf 78' lang='lat' dir='ltr'>nonnullae</span> <span class='ocrx_word' id='word_1_1157' title='bbox 1504 2854 1611 2885; x_wconf 88' lang='lat' dir='ltr'>Gentes</span> <span class='ocrx_word' id='word_1_1158' title='bbox 1631 2854 1668 2884; x_wconf 93' lang='lat' dir='ltr'>de</span> <span class='ocrx_word' id='word_1_1159' title='bbox 1690 2853 1797 2891; x_wconf 90' lang='lat' dir='ltr'>Regno</span> <span class='ocrx_word' id='word_1_1160' title='bbox 1814 2852 1946 2890; x_wconf 79' lang='lat' dir='ltr'>Angliae,</span> <span class='ocrx_word' id='word_1_1161' title='bbox 1965 2861 2032 2882; x_wconf 88' lang='lat' dir='ltr'>cum</span> <span class='ocrx_word' id='word_1_1162' title='bbox 2048 2852 2135 2882; x_wconf 90' lang='lat' dir='ltr'>tribus</span> <span class='ocrx_word' id='word_1_1163' title='bbox 2150 2851 2284 2882; x_wconf 87' lang='lat' dir='ltr'>Navibus</span> <span class='ocrx_word' id='word_1_1164' title='bbox 2303 2851 2406 2889; x_wconf 62' lang='lat' dir='ltr'>(dietis</span> 
     </span>
     <span class='ocr_line' id='line_1_177' title="bbox 1344 2889 2406 2931; baseline -0.004 -7"><span class='ocrx_word' id='word_1_1165' title='bbox 1344 2894 1481 2924; x_wconf 86' lang='lat' dir='ltr'>Baertzen</span> <span class='ocrx_word' id='word_1_1166' title='bbox 1497 2894 1506 2930; x_wconf 94' lang='lat'><em>)</em></span> <span class='ocrx_word' id='word_1_1167' title='bbox 1528 2892 1666 2923; x_wconf 86' lang='lat' dir='ltr'>Inimicos</span> <span class='ocrx_word' id='word_1_1168' title='bbox 1680 2915 1690 2931; x_wconf 82' lang='lat'>‚</span> <span class='ocrx_word' id='word_1_1169' title='bbox 1709 2891 1885 2923; x_wconf 81' lang='lat' dir='ltr'>Illustriffimi</span> <span class='ocrx_word' id='word_1_1170' title='bbox 1908 2890 2047 2927; x_wconf 91' lang='lat' dir='ltr'>Principis</span> <span class='ocrx_word' id='word_1_1171' title='bbox 2063 2900 2097 2921; x_wconf 89' lang='lat' dir='ltr'>ac</span> <span class='ocrx_word' id='word_1_1172' title='bbox 2121 2889 2260 2927; x_wconf 80' lang='lat' dir='ltr'>Domini,</span> <span class='ocrx_word' id='word_1_1173' title='bbox 2279 2889 2406 2920; x_wconf 88' lang='lat' dir='ltr'>Domini</span> 
     </span>
     <span class='ocr_line' id='line_1_178' title="bbox 1345 2928 2406 2969; baseline -0.001 -8"><span class='ocrx_word' id='word_1_1174' title='bbox 1345 2934 1459 2961; x_wconf 75' lang='lat' dir='ltr'>Hem-ici</span> <span class='ocrx_word' id='word_1_1175' title='bbox 1472 2935 1549 2969; x_wconf 77' lang='lat' dir='ltr'>Regis</span> <span class='ocrx_word' id='word_1_1176' title='bbox 1561 2930 1675 2968; x_wconf 82' lang='lat' dir='ltr'>Angliae</span> <span class='ocrx_word' id='word_1_1177' title='bbox 1691 2932 1718 2960; x_wconf 90' lang='lat' dir='ltr'>in</span> <span class='ocrx_word' id='word_1_1178' title='bbox 1734 2929 1811 2960; x_wconf 89' lang='lat' dir='ltr'>Mari</span> <span class='ocrx_word' id='word_1_1179' title='bbox 1827 2929 2142 2968; x_wconf 83' lang='lat' dir='ltr'>quaeritantes(quarum</span> <span class='ocrx_word' id='word_1_1180' title='bbox 2150 2928 2264 2967; x_wconf 89' lang='lat' dir='ltr'>quidem</span> <span class='ocrx_word' id='word_1_1181' title='bbox 2273 2928 2406 2960; x_wconf 89' lang='lat' dir='ltr'>Navium</span> 
     </span>
     <span class='ocr_line' id='line_1_179' title="bbox 1346 2967 2407 3007; baseline -0.003 -6"><span class='ocrx_word' id='word_1_1182' title='bbox 1346 2970 1514 3001; x_wconf 84' lang='lat' dir='ltr'>Admirallus</span> <span class='ocrx_word' id='word_1_1183' title='bbox 1535 2969 1591 3000; x_wconf 88' lang='lat' dir='ltr'>sive</span> <span class='ocrx_word' id='word_1_1184' title='bbox 1611 2969 1779 3007; x_wconf 86' lang='lat' dir='ltr'>Capitaneus</span> <span class='ocrx_word' id='word_1_1185' title='bbox 1799 2968 1944 2999; x_wconf 88' lang='lat' dir='ltr'>dicebatur</span> <span class='ocrx_word' id='word_1_1186' title='bbox 1967 2969 2080 2996; x_wconf 81' lang='lat' dir='ltr'>Marcus</span> <span class='ocrx_word' id='word_1_1187' title='bbox 2102 2968 2197 2995; x_wconf 75' lang='lat' dir='ltr'>Mxto</span> <span class='ocrx_word' id='word_1_1188' title='bbox 2219 2967 2250 2996; x_wconf 87' lang='lat' dir='ltr'>de</span> <span class='ocrx_word' id='word_1_1189' title='bbox 2274 2968 2407 3004; x_wconf 76' lang='lat' dir='ltr'>Vowrck)</span> 
     </span>
     <span class='ocr_line' id='line_1_180' title="bbox 1348 3002 2406 3046; baseline -0.003 -7"><span class='ocrx_word' id='word_1_1190' title='bbox 1348 3019 1416 3039; x_wconf 91' lang='lat' dir='ltr'>cum</span> <span class='ocrx_word' id='word_1_1191' title='bbox 1430 3019 1484 3039; x_wconf 92' lang='lat' dir='ltr'>una</span> <span class='ocrx_word' id='word_1_1192' title='bbox 1498 3008 1580 3039; x_wconf 83' lang='lat' dir='ltr'>Navi</span> <span class='ocrx_word' id='word_1_1193' title='bbox 1595 3007 1630 3039; x_wconf 92' lang='lat' dir='ltr'>de</span> <span class='ocrx_word' id='word_1_1194' title='bbox 1647 3007 1787 3046; x_wconf 73' lang='lat' dir='ltr'>praediffls</span> <span class='ocrx_word' id='word_1_1195' title='bbox 1808 3006 1916 3036; x_wconf 90' lang='lat' dir='ltr'>Tribus</span> <span class='ocrx_word' id='word_1_1196' title='bbox 1931 3027 1941 3043; x_wconf 96' lang='lat'>,</span> <span class='ocrx_word' id='word_1_1197' title='bbox 1959 3006 2035 3043; x_wconf 84' lang='lat' dir='ltr'>cujus</span> <span class='ocrx_word' id='word_1_1198' title='bbox 2056 3002 2198 3040; x_wconf 89' lang='lat' dir='ltr'>Magister</span> <span class='ocrx_word' id='word_1_1199' title='bbox 2212 3013 2268 3035; x_wconf 88' lang='lat' dir='ltr'>erat</span> <span class='ocrx_word' id='word_1_1200' title='bbox 2285 3005 2406 3036; x_wconf 80' lang='lat' dir='ltr'>Wlkock</span> 
     </span>
     <span class='ocr_line' id='line_1_181' title="bbox 1347 3042 2406 3122; baseline -0.002 -46"><span class='ocrx_word' id='word_1_1201' title='bbox 1347 3047 1379 3076; x_wconf 83' lang='lat' dir='ltr'>de</span> <span class='ocrx_word' id='word_1_1202' title='bbox 1394 3050 1472 3114; x_wconf 50' lang='lat' dir='ltr'>{stef</span> <span class='ocrx_word' id='word_1_1203' title='bbox 1487 3047 1518 3076; x_wconf 89' lang='lat' dir='ltr'>de</span> <span class='ocrx_word' id='word_1_1204' title='bbox 1531 3050 1672 3122; x_wconf 69' lang='lat' dir='ltr'>7)&#39;rirowe,</span> <span class='ocrx_word' id='word_1_1205' title='bbox 1691 3043 1750 3080; x_wconf 66' lang='lat' dir='ltr'>&amp;a</span> <span class='ocrx_word' id='word_1_1206' title='bbox 1762 3052 1845 3084; x_wconf 82' lang='lat' dir='ltr'>prout</span> <span class='ocrx_word' id='word_1_1207' title='bbox 1853 3042 2079 3083; x_wconf 72' lang='lat' dir='ltr'>stapra,mutatis</span> <span class='ocrx_word' id='word_1_1208' title='bbox 2094 3042 2336 3083; x_wconf 61' lang='lat' dir='ltr'>mutandis,uJ{ue</span> <span class='ocrx_word' id='word_1_1209' title='bbox 2349 3043 2406 3074; x_wconf 84' lang='lat' dir='ltr'>haec</span> 
     </span>
     <span class='ocr_line' id='line_1_182' title="bbox 1350 3096 1560 3116; baseline 0 -1"><span class='ocrx_word' id='word_1_1210' title='bbox 1350 3096 1401 3115; x_wconf 65' lang='lat' dir='ltr'>&#39;Uer</span> <span class='ocrx_word' id='word_1_1211' title='bbox 1421 3099 1438 3115; x_wconf 82' lang='lat' dir='ltr'><em>a</em></span> <span class='ocrx_word' id='word_1_1212' title='bbox 1477 3097 1530 3116; x_wconf 72' lang='lat' dir='ltr'>Ulz</span> <span class='ocrx_word' id='word_1_1213' title='bbox 1555 3110 1560 3115; x_wconf 89' lang='lat'>.</span> 
     </span>
    </p>

    <p class='ocr_par' dir='ltr' id='par_1_61' title="bbox 1352 3119 2411 3315">
     <span class='ocr_line' id='line_1_183' title="bbox 1392 3119 2409 3164; baseline -0.003 -9"><span class='ocrx_word' id='word_1_1214' title='bbox 1392 3125 1489 3164; x_wconf 79' lang='lat' dir='ltr'>Quare</span> <span class='ocrx_word' id='word_1_1215' title='bbox 1504 3124 1604 3154; x_wconf 78' lang='lat' dir='ltr'>vestrae</span> <span class='ocrx_word' id='word_1_1216' title='bbox 1618 3121 1792 3153; x_wconf 57' lang='lat' dir='ltr'>honorandae</span> <span class='ocrx_word' id='word_1_1217' title='bbox 1804 3120 1993 3152; x_wconf 86' lang='lat' dir='ltr'>Discretionis</span> <span class='ocrx_word' id='word_1_1218' title='bbox 2006 3119 2210 3157; x_wconf 90' lang='lat' dir='ltr'>providentiam</span> <span class='ocrx_word' id='word_1_1219' title='bbox 2226 3119 2335 3151; x_wconf 85' lang='lat' dir='ltr'>fincero</span> <span class='ocrx_word' id='word_1_1220' title='bbox 2349 3122 2409 3152; x_wconf 82' lang='lat' dir='ltr'>ani-</span> 
     </span>
     <span class='ocr_line' id='line_1_184' title="bbox 1352 3157 2408 3202; baseline -0.003 -9"><span class='ocrx_word' id='word_1_1221' title='bbox 1352 3175 1402 3195; x_wconf 88' lang='lat' dir='ltr'>mo</span> <span class='ocrx_word' id='word_1_1222' title='bbox 1417 3165 1545 3193; x_wconf 80' lang='lat' dir='ltr'>duximus</span> <span class='ocrx_word' id='word_1_1223' title='bbox 1558 3161 1738 3202; x_wconf 82' lang='lat' dir='ltr'>rogitandam</span> <span class='ocrx_word' id='word_1_1224' title='bbox 1753 3160 1898 3198; x_wconf 77' lang='lat' dir='ltr'>quatinus,</span> <span class='ocrx_word' id='word_1_1225' title='bbox 1915 3167 2001 3188; x_wconf 83' lang='lat' dir='ltr'>merae</span> <span class='ocrx_word' id='word_1_1226' title='bbox 2013 3157 2132 3194; x_wconf 85' lang='lat' dir='ltr'>Justitiae</span> <span class='ocrx_word' id='word_1_1227' title='bbox 2144 3160 2408 3199; x_wconf 84' lang='lat' dir='ltr'>amore,nostrique</span> 
     </span>
     <span class='ocr_line' id='line_1_185' title="bbox 1353 3196 2408 3242; baseline -0.005 -9"><span class='ocrx_word' id='word_1_1228' title='bbox 1353 3203 1477 3242; x_wconf 87' lang='lat' dir='ltr'>perpetui</span> <span class='ocrx_word' id='word_1_1229' title='bbox 1491 3201 1603 3231; x_wconf 90' lang='lat' dir='ltr'>Servitii</span> <span class='ocrx_word' id='word_1_1230' title='bbox 1619 3201 1659 3229; x_wconf 91' lang='lat' dir='ltr'>ob</span> <span class='ocrx_word' id='word_1_1231' title='bbox 1675 3199 1846 3235; x_wconf 71' lang='lat' dir='ltr'>reIpecstum,</span> <span class='ocrx_word' id='word_1_1232' title='bbox 1862 3196 1982 3236; x_wconf 70' lang='lat' dir='ltr'>praefatis</span> <span class='ocrx_word' id='word_1_1233' title='bbox 1996 3196 2131 3234; x_wconf 87' lang='lat' dir='ltr'>Georgio</span> <span class='ocrx_word' id='word_1_1234' title='bbox 2147 3198 2180 3228; x_wconf 91' lang='lat'>&amp;</span> <span class='ocrx_word' id='word_1_1235' title='bbox 2196 3196 2328 3228; x_wconf 85' lang='lat' dir='ltr'>Arnoldo</span> <span class='ocrx_word' id='word_1_1236' title='bbox 2342 3198 2408 3229; x_wconf 90' lang='lat' dir='ltr'>suo-</span> 
     </span>
     <span class='ocr_line' id='line_1_186' title="bbox 1352 3234 2411 3275; baseline -0.005 -4"><span class='ocrx_word' id='word_1_1237' title='bbox 1352 3251 1417 3271; x_wconf 88' lang='lat' dir='ltr'>rum</span> <span class='ocrx_word' id='word_1_1238' title='bbox 1438 3241 1569 3270; x_wconf 91' lang='lat' dir='ltr'>vinorum</span> <span class='ocrx_word' id='word_1_1239' title='bbox 1594 3237 1796 3275; x_wconf 67' lang='lat' dir='ltr'>praedictorum</span> <span class='ocrx_word' id='word_1_1240' title='bbox 1818 3236 1851 3266; x_wconf 91' lang='lat'>&amp;</span> <span class='ocrx_word' id='word_1_1241' title='bbox 1873 3236 1986 3266; x_wconf 86' lang='lat' dir='ltr'>aliarum</span> <span class='ocrx_word' id='word_1_1242' title='bbox 2008 3234 2136 3274; x_wconf 84' lang='lat' dir='ltr'>Rerum,</span> <span class='ocrx_word' id='word_1_1243' title='bbox 2154 3236 2257 3266; x_wconf 88' lang='lat' dir='ltr'>eodem</span> <span class='ocrx_word' id='word_1_1244' title='bbox 2279 3235 2411 3267; x_wconf 90' lang='lat' dir='ltr'>Arnoldo</span> 
     </span>
     <span class='ocr_line' id='line_1_187' title="bbox 1356 3273 2253 3315; baseline -0.004 -6"><span class='ocrx_word' id='word_1_1245' title='bbox 1356 3275 1765 3315; x_wconf 66' lang='lat' dir='ltr'>oblatarum2Restitutionem</span> <span class='ocrx_word' id='word_1_1246' title='bbox 1781 3273 1987 3304; x_wconf 88' lang='lat' dir='ltr'>condecentem</span> <span class='ocrx_word' id='word_1_1247' title='bbox 2003 3273 2060 3303; x_wconf 84' lang='lat' dir='ltr'>fieri</span> <span class='ocrx_word' id='word_1_1248' title='bbox 2075 3275 2253 3312; x_wconf 73' lang='lat' dir='ltr'>permittatis3</span> 
     </span>
    </p>

    <p class='ocr_par' dir='ltr' id='par_1_62' title="bbox 1354 3310 2409 3427">
     <span class='ocr_line' id='line_1_188' title="bbox 1392 3310 2409 3354; baseline -0.004 -7"><span class='ocrx_word' id='word_1_1249' title='bbox 1392 3316 1425 3347; x_wconf 90' lang='lat' dir='ltr'>In</span> <span class='ocrx_word' id='word_1_1250' title='bbox 1446 3317 1498 3346; x_wconf 89' lang='lat' dir='ltr'>hiis</span> <span class='ocrx_word' id='word_1_1251' title='bbox 1517 3323 1627 3354; x_wconf 85' lang='lat' dir='ltr'>agentes</span> <span class='ocrx_word' id='word_1_1252' title='bbox 1644 3313 1747 3351; x_wconf 85' lang='lat' dir='ltr'>veluti,</span> <span class='ocrx_word' id='word_1_1253' title='bbox 1766 3312 1887 3343; x_wconf 91' lang='lat' dir='ltr'>Nobilis</span> <span class='ocrx_word' id='word_1_1254' title='bbox 1902 3311 2065 3350; x_wconf 80' lang='lat' dir='ltr'>Dominus,</span> <span class='ocrx_word' id='word_1_1255' title='bbox 2083 3312 2231 3343; x_wconf 88' lang='lat' dir='ltr'>Dominus</span> <span class='ocrx_word' id='word_1_1256' title='bbox 2247 3310 2409 3352; x_wconf 79' lang='lat' dir='ltr'>Magister,</span> 
     </span>
     <span class='ocr_line' id='line_1_189' title="bbox 1354 3349 2408 3389; baseline -0.003 -4"><span class='ocrx_word' id='word_1_1257' title='bbox 1354 3357 1388 3388; x_wconf 68' lang='grc' dir='ltr'>ὃς</span> <span class='ocrx_word' id='word_1_1258' title='bbox 1404 3353 1564 3385; x_wconf 89' lang='lat' dir='ltr'>Industriosi</span> <span class='ocrx_word' id='word_1_1259' title='bbox 1588 3354 1640 3384; x_wconf 90' lang='lat' dir='ltr'>viri</span> <span class='ocrx_word' id='word_1_1260' title='bbox 1660 3351 1816 3382; x_wconf 87' lang='lat' dir='ltr'>Civitatum</span> <span class='ocrx_word' id='word_1_1261' title='bbox 1836 3350 1938 3381; x_wconf 88' lang='lat' dir='ltr'>Terrae</span> <span class='ocrx_word' id='word_1_1262' title='bbox 1964 3349 2079 3381; x_wconf 87' lang='lat' dir='ltr'>Pruffiae</span> <span class='ocrx_word' id='word_1_1263' title='bbox 2092 3373 2102 3389; x_wconf 87' lang='lat'>,</span> <span class='ocrx_word' id='word_1_1264' title='bbox 2120 3352 2153 3382; x_wconf 93' lang='lat'>&amp;</span> <span class='ocrx_word' id='word_1_1265' title='bbox 2173 3350 2241 3381; x_wconf 90' lang='lat' dir='ltr'>Nos</span> <span class='ocrx_word' id='word_1_1266' title='bbox 2268 3351 2297 3380; x_wconf 87' lang='lat' dir='ltr'>in</span> <span class='ocrx_word' id='word_1_1267' title='bbox 2317 3350 2408 3382; x_wconf 85' lang='lat' dir='ltr'>vestra</span> 
     </span>
     <span class='ocr_line' id='line_1_190' title="bbox 1357 3388 2199 3427; baseline -0.006 -3"><span class='ocrx_word' id='word_1_1268' title='bbox 1357 3393 1485 3425; x_wconf 87' lang='lat' dir='ltr'>laudabili</span> <span class='ocrx_word' id='word_1_1269' title='bbox 1499 3391 1709 3422; x_wconf 90' lang='lat' dir='ltr'>Dominatione</span> <span class='ocrx_word' id='word_1_1270' title='bbox 1724 3388 1855 3420; x_wconf 86' lang='lat' dir='ltr'>fiduciam</span> <span class='ocrx_word' id='word_1_1271' title='bbox 1872 3390 1994 3427; x_wconf 81' lang='lat' dir='ltr'>gerimus</span> <span class='ocrx_word' id='word_1_1272' title='bbox 2008 3389 2070 3419; x_wconf 88' lang='lat' dir='ltr'>satis</span> <span class='ocrx_word' id='word_1_1273' title='bbox 2079 3389 2199 3426; x_wconf 83' lang='lat' dir='ltr'>plenam.</span> 
     </span>
    </p>

    <p class='ocr_par' dir='ltr' id='par_1_63' title="bbox 1353 3426 2411 3508">
     <span class='ocr_line' id='line_1_191' title="bbox 1392 3426 2411 3475; baseline -0.003 -13"><span class='ocrx_word' id='word_1_1274' title='bbox 1392 3430 1544 3475; x_wconf 71' lang='lat' dir='ltr'>Altiffimus</span> <span class='ocrx_word' id='word_1_1275' title='bbox 1570 3440 1621 3461; x_wconf 83' lang='lat' dir='ltr'>vos</span> <span class='ocrx_word' id='word_1_1276' title='bbox 1645 3429 1762 3461; x_wconf 87' lang='lat' dir='ltr'>feliciter</span> <span class='ocrx_word' id='word_1_1277' title='bbox 1790 3429 1823 3459; x_wconf 89' lang='lat'>&amp;</span> <span class='ocrx_word' id='word_1_1278' title='bbox 1850 3428 1948 3458; x_wconf 79' lang='lat' dir='ltr'>votive</span> <span class='ocrx_word' id='word_1_1279' title='bbox 1972 3427 2104 3465; x_wconf 88' lang='lat' dir='ltr'>dignetur</span> <span class='ocrx_word' id='word_1_1280' title='bbox 2125 3426 2290 3458; x_wconf 83' lang='lat' dir='ltr'>conservare</span> <span class='ocrx_word' id='word_1_1281' title='bbox 2311 3427 2411 3459; x_wconf 87' lang='lat' dir='ltr'>Nobis</span> 
     </span>
     <span class='ocr_line' id='line_1_192' title="bbox 1353 3477 1559 3508; baseline -0.019 -8"><span class='ocrx_word' id='word_1_1282' title='bbox 1353 3477 1559 3508; x_wconf 80' lang='lat' dir='ltr'>praeclplentes.</span> 
     </span>
    </p>
   </div>
   <div class='ocr_carea' id='block_1_41' title="bbox 1353 3541 2414 3622">
    <p class='ocr_par' dir='ltr' id='par_1_64' title="bbox 1353 3541 2414 3622">
     <span class='ocr_line' id='line_1_193' title="bbox 1394 3541 2414 3589; baseline -0.002 -13"><span class='ocrx_word' id='word_1_1283' title='bbox 1394 3545 1506 3589; x_wconf 85' lang='lat' dir='ltr'>Datum</span> <span class='ocrx_word' id='word_1_1284' title='bbox 1523 3544 1624 3589; x_wconf 81' lang='lat' dir='ltr'>nostris</span> <span class='ocrx_word' id='word_1_1285' title='bbox 1637 3543 1685 3587; x_wconf 84' lang='lat' dir='ltr'>sub</span> <span class='ocrx_word' id='word_1_1286' title='bbox 1701 3542 1819 3586; x_wconf 76' lang='lat' dir='ltr'>SIgilIis,</span> <span class='ocrx_word' id='word_1_1287' title='bbox 1835 3542 2056 3582; x_wconf 83' lang='lat' dir='ltr'>Qiartadecima</span> <span class='ocrx_word' id='word_1_1288' title='bbox 2070 3541 2116 3572; x_wconf 87' lang='lat' dir='ltr'>die</span> <span class='ocrx_word' id='word_1_1289' title='bbox 2131 3541 2238 3572; x_wconf 88' lang='lat' dir='ltr'>Menfis</span> <span class='ocrx_word' id='word_1_1290' title='bbox 2248 3541 2334 3581; x_wconf 87' lang='lat' dir='ltr'>Julii,</span> <span class='ocrx_word' id='word_1_1291' title='bbox 2351 3542 2414 3574; x_wconf 90' lang='lat' dir='ltr'>An-</span> 
     </span>
     <span class='ocr_line' id='line_1_194' title="bbox 1353 3581 1987 3622; baseline -0.009 -7"><span class='ocrx_word' id='word_1_1292' title='bbox 1353 3594 1393 3616; x_wconf 90' lang='lat' dir='ltr'>no</span> <span class='ocrx_word' id='word_1_1293' title='bbox 1408 3584 1529 3614; x_wconf 92' lang='lat' dir='ltr'>Domini</span> <span class='ocrx_word' id='word_1_1294' title='bbox 1544 3581 1830 3622; x_wconf 78' lang='lat' dir='ltr'>Quadringenteiimo</span> <span class='ocrx_word' id='word_1_1295' title='bbox 1844 3581 1987 3612; x_wconf 78' lang='lat' dir='ltr'>Secundo.</span> 
     </span>
    </p>
   </div>
   <div class='ocr_carea' id='block_1_42' title="bbox 1394 3655 2410 3775">
    <p class='ocr_par' dir='ltr' id='par_1_65' title="bbox 1394 3655 2410 3775">
     <span class='ocr_line' id='line_1_195' title="bbox 1394 3655 2410 3697; baseline -0.003 -9"><span class='ocrx_word' id='word_1_1296' title='bbox 1394 3659 1581 3690; x_wconf 80' lang='lat' dir='ltr'>Aldermanm‘</span> <span class='ocrx_word' id='word_1_1297' title='bbox 1596 3669 1628 3687; x_wconf 83' lang='lat' dir='ltr'>ac</span> <span class='ocrx_word' id='word_1_1298' title='bbox 1642 3658 1745 3697; x_wconf 84' lang='lat' dir='ltr'>Jurati</span> <span class='ocrx_word' id='word_1_1299' title='bbox 1760 3661 1940 3688; x_wconf 84' lang='lat' dir='ltr'>Communium</span> <span class='ocrx_word' id='word_1_1300' title='bbox 1957 3659 2144 3686; x_wconf 80' lang='lat' dir='ltr'>Mercatorum</span> <span class='ocrx_word' id='word_1_1301' title='bbox 2161 3655 2319 3694; x_wconf 77' lang='lat' dir='ltr'>Almaniae,</span> <span class='ocrx_word' id='word_1_1302' title='bbox 2335 3658 2410 3685; x_wconf 82' lang='lat' dir='ltr'>Sam·</span> 
     </span>
     <span class='ocr_line' id='line_1_196' title="bbox 1430 3693 2407 3736; baseline -0.004 -9"><span class='ocrx_word' id='word_1_1303' title='bbox 1430 3701 1543 3727; x_wconf 84' lang='lat' dir='ltr'>Romani</span> <span class='ocrx_word' id='word_1_1304' title='bbox 1560 3700 1666 3734; x_wconf 75' lang='lat' dir='ltr'>Imperii</span> <span class='ocrx_word' id='word_1_1305' title='bbox 1687 3697 1790 3736; x_wconf 76' lang='lat' dir='ltr'>Hanfie</span> <span class='ocrx_word' id='word_1_1306' title='bbox 1811 3697 1977 3727; x_wconf 69' lang='lat' dir='ltr'>Tl&#39;heutonicae</span> <span class='ocrx_word' id='word_1_1307' title='bbox 1992 3717 2001 3731; x_wconf 96' lang='lat'>,</span> <span class='ocrx_word' id='word_1_1308' title='bbox 2013 3703 2064 3732; x_wconf 84' lang='lat' dir='ltr'>pro</span> <span class='ocrx_word' id='word_1_1309' title='bbox 2074 3693 2200 3732; x_wconf 59' lang='lat' dir='ltr'>praesenti</span> <span class='ocrx_word' id='word_1_1310' title='bbox 2214 3697 2312 3730; x_wconf 84' lang='lat' dir='ltr'>Brugis</span> <span class='ocrx_word' id='word_1_1311' title='bbox 2325 3694 2407 3724; x_wconf 85' lang='lat' dir='ltr'>Flan-</span> 
     </span>
     <span class='ocr_line' id='line_1_197' title="bbox 1430 3733 2108 3775; baseline -0.004 -10"><span class='ocrx_word' id='word_1_1312' title='bbox 1430 3736 1499 3765; x_wconf 80' lang='lat' dir='ltr'>drt&#39;ae</span> <span class='ocrx_word' id='word_1_1313' title='bbox 1516 3734 1674 3775; x_wconf 69' lang='lat' dir='ltr'>residentes,</span> <span class='ocrx_word' id='word_1_1314' title='bbox 1692 3736 1731 3765; x_wconf 83' lang='lat' dir='ltr'>ad</span> <span class='ocrx_word' id='word_1_1315' title='bbox 1742 3734 1834 3774; x_wconf 82' lang='lat' dir='ltr'>vestra</span> <span class='ocrx_word' id='word_1_1316' title='bbox 1850 3733 1993 3764; x_wconf 85' lang='lat' dir='ltr'>Mandata</span> <span class='ocrx_word' id='word_1_1317' title='bbox 2003 3736 2108 3770; x_wconf 81' lang='lat' dir='ltr'>parati.</span> 
     </span>
    </p>
   </div>
   <div class='ocr_carea' id='block_1_43' title="bbox 1356 3811 2412 3965">
    <p class='ocr_par' dir='ltr' id='par_1_66' title="bbox 1394 3814 1475 3841">
     <span class='ocr_line' id='line_1_198' title="bbox 1394 3814 1475 3841; baseline -0.012 0"><span class='ocrx_word' id='word_1_1318' title='bbox 1394 3814 1454 3841; x_wconf 85' lang='lat' dir='ltr'>Dor</span> <span class='ocrx_word' id='word_1_1319' title='bbox 1469 3835 1475 3840; x_wconf 95' lang='lat'>.</span> 
     </span>
    </p>

    <p class='ocr_par' dir='ltr' id='par_1_67' title="bbox 1356 3811 2412 3965">
     <span class='ocr_line' id='line_1_199' title="bbox 1394 3811 2412 3895; baseline -0.001 -17"><span class='ocrx_word' id='word_1_1320' title='bbox 1394 3811 1601 3895; x_wconf 47' lang='lat' dir='ltr'>Horgralfilibus</span> <span class='ocrx_word' id='word_1_1321' title='bbox 1616 3849 1816 3895; x_wconf 61' lang='lat' dir='ltr'>Illustribusque</span> <span class='ocrx_word' id='word_1_1322' title='bbox 1830 3850 1900 3877; x_wconf 80' lang='lat' dir='ltr'>Viris</span> <span class='ocrx_word' id='word_1_1323' title='bbox 1915 3858 1946 3876; x_wconf 89' lang='lat' dir='ltr'>ac</span> <span class='ocrx_word' id='word_1_1324' title='bbox 1956 3847 2078 3876; x_wconf 79' lang='lat' dir='ltr'>Dominis</span> <span class='ocrx_word' id='word_1_1325' title='bbox 2084 3847 2227 3889; x_wconf 57' lang='lat' dir='ltr'>,Dominis</span> <span class='ocrx_word' id='word_1_1326' title='bbox 2240 3845 2412 3886; x_wconf 75' lang='lat' dir='ltr'>Confiliariis,</span> 
     </span>
     <span class='ocr_line' id='line_1_200' title="bbox 1356 3882 2410 3930; baseline -0.004 -12"><span class='ocrx_word' id='word_1_1327' title='bbox 1356 3887 1518 3930; x_wconf 71' lang='lat' dir='ltr'>Illrcstrffnz</span> <span class='ocrx_word' id='word_1_1328' title='bbox 1536 3892 1665 3925; x_wconf 72' lang='lat' dir='ltr'>Principis</span> <span class='ocrx_word' id='word_1_1329' title='bbox 1687 3900 1719 3917; x_wconf 88' lang='lat' dir='ltr'>ac</span> <span class='ocrx_word' id='word_1_1330' title='bbox 1741 3889 1868 3923; x_wconf 83' lang='lat' dir='ltr'>Domini,</span> <span class='ocrx_word' id='word_1_1331' title='bbox 1884 3888 1996 3914; x_wconf 84' lang='lat' dir='ltr'>Domini</span> <span class='ocrx_word' id='word_1_1332' title='bbox 2011 3882 2131 3913; x_wconf 86' lang='lat' dir='ltr'>Henrici</span> <span class='ocrx_word' id='word_1_1333' title='bbox 2143 3882 2232 3923; x_wconf 88' lang='lat' dir='ltr'>Regis</span> <span class='ocrx_word' id='word_1_1334' title='bbox 2247 3885 2359 3919; x_wconf 74' lang='lat' dir='ltr'>Angliae</span> <span class='ocrx_word' id='word_1_1335' title='bbox 2376 3886 2410 3917; x_wconf 70' lang='lat' dir='ltr'>&amp;c</span> 
     </span>
     <span class='ocr_line' id='line_1_201' title="bbox 1358 3922 2336 3965; baseline -0.002 -9"><span class='ocrx_word' id='word_1_1336' title='bbox 1358 3926 1502 3963; x_wconf 71' lang='lat' dir='ltr'>Franmae,</span> <span class='ocrx_word' id='word_1_1337' title='bbox 1523 3930 1645 3957; x_wconf 81' lang='lat' dir='ltr'>Dominis</span> <span class='ocrx_word' id='word_1_1338' title='bbox 1659 3927 1731 3956; x_wconf 80' lang='lat' dir='ltr'>nobis</span> <span class='ocrx_word' id='word_1_1339' title='bbox 1738 3924 1841 3965; x_wconf 57' lang='lat' dir='ltr'>fini-er?</span> <span class='ocrx_word' id='word_1_1340' title='bbox 1856 3922 2149 3959; x_wconf 70' lang='lat' dir='ltr'>reverendis,Littera</span> <span class='ocrx_word' id='word_1_1341' title='bbox 2155 3924 2336 3960; x_wconf 65' lang='lat' dir='ltr'>presentata.</span> 
     </span>
    </p>
   </div>
   <div class='ocr_carea' id='block_1_44' title="bbox 2339 4037 2405 4073">
    <p class='ocr_par' dir='ltr' id='par_1_68' title="bbox 2339 4037 2405 4073">
     <span class='ocr_line' id='line_1_202' title="bbox 2339 4037 2405 4073; baseline 0.015 -10"><span class='ocrx_word' id='word_1_1342' title='bbox 2339 4037 2405 4073; x_wconf 20' lang='lat' dir='ltr'>*De</span> 
     </span>
    </p>
   </div>
   <div class='ocr_carea' id='block_1_45' title="bbox 2395 593 2454 624">
    <p class='ocr_par' dir='ltr' id='par_1_69' title="bbox 2395 593 2454 624">
     <span class='ocr_line' id='line_1_203' title="bbox 2395 593 2454 624; baseline -0.051 0"><span class='ocrx_word' id='word_1_1343' title='bbox 2395 593 2454 624; x_wconf 85' lang='lat' dir='ltr'>Pell.</span> 
     </span>
    </p>
   </div>
   <div class='ocr_carea' id='block_1_46' title="bbox 2420 2608 2537 2687">
    <p class='ocr_par' dir='ltr' id='par_1_70' title="bbox 2420 2608 2537 2687">
     <span class='ocr_line' id='line_1_204' title="bbox 2420 2608 2537 2638; baseline 0.009 -1"><span class='ocrx_word' id='word_1_1344' title='bbox 2420 2608 2439 2630; x_wconf 62' lang='lat'>⁴²</span> <span class='ocrx_word' id='word_1_1345' title='bbox 2451 2611 2537 2638; x_wconf 80' lang='lat' dir='ltr'>VIII·-</span> 
     </span>
     <span class='ocr_line' id='line_1_205' title="bbox 2442 2658 2507 2687; baseline 0 -11"><span class='ocrx_word' id='word_1_1346' title='bbox 2442 2658 2507 2687; x_wconf 81' lang='lat'>270.</span> 
     </span>
    </p>
   </div>
   <div class='ocr_carea' id='block_1_47' title="bbox 2422 2713 2555 2865">
    <p class='ocr_par' dir='ltr' id='par_1_71' title="bbox 2423 2713 2555 2790">
     <span class='ocr_line' id='line_1_206' title="bbox 2423 2713 2555 2745; baseline -0.015 0"><span class='ocrx_word' id='word_1_1347' title='bbox 2423 2714 2498 2745; x_wconf 84' lang='lat' dir='ltr'>Ann.</span> <span class='ocrx_word' id='word_1_1348' title='bbox 2510 2713 2555 2744; x_wconf 92' lang='lat' dir='ltr'>D.</span> 
     </span>
     <span class='ocr_line' id='line_1_207' title="bbox 2442 2760 2528 2790; baseline 0.012 -8"><span class='ocrx_word' id='word_1_1349' title='bbox 2442 2760 2528 2790; x_wconf 90' lang='lat'>1402.</span> 
     </span>
    </p>

    <p class='ocr_par' dir='ltr' id='par_1_72' title="bbox 2422 2794 2516 2828">
     <span class='ocr_line' id='line_1_208' title="bbox 2422 2794 2516 2828; baseline 0.011 -10"><span class='ocrx_word' id='word_1_1350' title='bbox 2422 2794 2474 2818; x_wconf 86' lang='lat' dir='ltr'>An.</span> <span class='ocrx_word' id='word_1_1351' title='bbox 2492 2801 2516 2828; x_wconf 87' lang='lat'>3.</span> 
     </span>
    </p>

    <p class='ocr_par' dir='ltr' id='par_1_73' title="bbox 2423 2834 2497 2865">
     <span class='ocr_line' id='line_1_209' title="bbox 2423 2834 2497 2865; baseline 0 -8"><span class='ocrx_word' id='word_1_1352' title='bbox 2423 2834 2497 2865; x_wconf 80' lang='lat' dir='ltr'>H.4.</span> 
     </span>
    </p>
   </div>
  </div>
 </body>
</html>
