2562 4274
758 135 860 176 ET
942 134 1207 174 ACTA
1291 135 1763 179 PUBLICA.

2217 155 2232 181 1
2247 157 2260 182 ι
2270 155 2294 190 5·

13 226 88 257 Ann.
103 222 148 254 D.
1247 218 1467 264 Praeparamenta
1479 220 1582 252 eisdem
1601 221 1812 260 ministrabunt,
1829 231 1875 254 aut
1889 222 2009 256 Favoroe
2030 224 2098 255 alios
2119 223 2291 257 adhibebunt
2310 234 2367 255 rr-
2382 248 2385 252 .
2403 224 2431 253 J·

43 269 127 302 1419.
1247 259 1452 297 quowsmodo,
1470 259 1584 290 durante
1598 269 1727 297 tempore
1742 262 1905 299 supradicto.
2335 274 2366 301 17
2379 278 2383 290 l
2394 278 2401 296 χ

15 307 78 331 Hm.
95 309 123 336 5.
1285 295 1373 326 ITEM
1384 320 1394 334 ,
1413 298 1490 336 quod
1504 299 1692 335 Appuncfi‘etur
1704 300 1735 330 ὃς
1750 299 1929 330 Concludatur
1939 300 2009 331 Una
2024 299 2191 331 Conventio
2202 324 2211 339 ,
2224 301 2293 332 fien-
2309 307 2370 330 Hm.
2398 312 2419 331 s.

230 331 279 363 De
298 325 514 374 Appum‘luatis
531 327 635 360 Primo
651 327 712 359 Die
732 326 763 359 C
779 337 802 359 o
816 337 837 359 Ν
850 338 873 360 ν
885 338 903 359 E
916 339 939 360 N
952 338 975 360 T
988 339 1001 361 1
1015 340 1038 361 o
1052 339 1075 361 N
1090 339 1102 361 1
1116 338 1144 361 s.
1247 332 1284 364 da
1304 334 1464 366 durantibus
1486 336 1683 368 Securitatibus
1705 338 1844 375 praedietis
1858 363 1866 376 ,
1895 339 2133 370 Ambaffiatorum
2157 340 2298 378 utriusque

1250 372 1336 402 Partis
1355 374 1466 405 circiter
1490 372 1604 404 Festum
1627 373 1829 413 Ass'umptionis
1851 377 1896 407 vel
1912 377 2077 408 Nativitatis
2091 378 2179 409 beatae
2195 377 2297 409 Marrae

1251 409 1391 450 Virginis,
1405 414 1433 442 in
1455 421 1509 451 qua
1531 412 1691 449 prolixiores
1713 414 1875 445 Securitates
1894 415 1949 445 sive
1968 416 2092 455 Treugae
2110 417 2180 447 inter
2205 415 2301 446 Partes

15 426 69 451 Aa.
88 430 114 456 7.
166 415 283 474 REX
297 414 444 453 univerfis,
460 414 604 459 praesentes
617 414 719 445 Literas
732 415 909 453 inspeeturis,
922 415 1056 447 Salutem.
1333 451 1337 455 ,
1464 453 1469 457 ,
1567 452 1571 456 ,
1798 454 1801 458 ,
1819 454 1823 458 .
1868 454 1872 459 ⁴
1979 456 1983 459 ³
2164 456 2169 461 ,

16 465 45 490 Η
74 468 88 493 5
1252 450 1396 493 praedictas
1410 461 1471 488 capr
1483 458 1622 489 poterint,
1641 460 1708 480 curn
1730 451 1927 482 Additionibus
1951 455 2063 484 aliarum
2084 454 2301 492 Provisionum,

268 452 386 484 Notum
407 453 536 484 Facimus
556 452 636 490 quod
658 451 717 483 Die
770 454 854 485 Datae
876 453 1057 486 Praesentium
1070 476 1081 494 ,
1107 453 1212 485 fuimus

15 481 101 526 ,dd-⁶
164 501 233 523 cum
253 489 428 523 sereniss-lma
452 490 633 528 principissa,
650 475 766 529 Ifhbel'la
785 495 904 523 pruna-,2
924 492 1139 532 consanguinea
1159 502 1214 523 no-
1252 497 1315 530 quae
1332 490 1442 532 interim
1457 489 1610 533 eitcogitari
1623 488 1742 519 debeant
1751 512 1766 533 ,Ι
1778 499 1829 526 pro
1847 491 1945 534 majori
1968 492 2120 535 Securitate
2141 493 2175 524 &
2197 493 2302 524 Obser-

17 546 53 565 m.
70 544 118 571 43.
165 530 220 561 stra
232 529 396 569 Cariffima,
413 530 447 561 &
461 529 563 560 Illustri
574 529 704 567 Principe
716 530 847 568 Johanne
862 534 937 562 Duce
949 532 1111 570 Burgundiae
1131 530 1214 561 Con-
1251 533 1363 555 vatione
1377 527 1485 558 meliori
1499 526 1660 558 earumdem
1675 527 1874 564 Securitatum,
1890 530 1957 558 hinc
1974 531 2005 559 &
2022 530 2094 560 inde.

163 568 319 607 sanguineo
332 569 430 600 nostro
466 566 672 598 Commissa-iis
683 569 716 599 ὃς
729 568 900 600 potestatem
914 571 942 599 in
954 580 987 600 ea
1000 579 1075 607 parte
1088 570 1215 600 habenu-
1291 563 1335 594 ΙΤ
1345 574 1362 594 Ε
1374 573 1419 603 M,
1436 564 1544 596 Instent
1561 565 1744 609 effectualiter
1762 566 1831 595 dieti
1845 565 2033 597 Commiffarii
2050 579 2101 605 pro
2115 568 2301 606 Reparatione

163 607 217 638 bus
229 608 244 637 a
257 607 399 638 cariffimo
413 589 632 642 (fonsanguineo
646 606 744 637 nostro
756 608 898 645 Franciae,
915 618 975 638 con
996 609 1081 646 regati
1103 609 1130 637 in
1153 608 1214 637 Lo-
1254 601 1511 645 Arremmamrum,
1536 605 1574 648 &‚
1591 604 1740 642 Psaesel'ssm
1755 614 1815 647 ,ΡΥΟ
1837 602 2027 635 Restitutione
2049 608 2158 650 Qecem
2184 607 2300 639 Milium

164 655 203 677 co
220 647 311 684 prope
327 647 359 678 &
372 644 467 675 subtus
482 642 638 682 Meullent‚
656 654 709 682 pro
721 649 904 676 Conventione
916 617 1055 686 Perfimali
1073 645 1166 676 nostra
1179 647 1213 677 &
1255 639 1404 671 Librarum
1414 665 1430 685 ,¹
1438 652 1491 685 pro
1507 651 1588 673 certis
1614 640 1794 685 Mercandisis
1812 641 1920 672 dudum
1943 643 2085 674 Arrestatrs
2110 647 2138 675 in
2157 645 2243 676 Portu
2265 647 2302 677 de

162 683 233 715 dieti
247 683 459 720 consanguinei
472 681 560 712 nostri
575 682 702 713 Franciae
714 684 860 724 ordinato,
877 685 957 720 super
971 684 1127 714 intentione
1139 684 1215 714 Tra-
1254 677 1350 715 50103,
1370 680 1403 709 ὃ(
1423 680 1529 724 undem
1550 679 1696 723 diffipaus,
1711 688 1808 710 contra
1830 680 1951 711 formam
1968 682 2302 724 APPUflffiffiamefflorum

163 722 260 753 &andi
281 721 317 752 de
339 721 416 752 Pace
433 720 508 750 finali
531 721 602 750 inter
624 721 692 752 Nos
706 723 739 754 δε
752 723 874 753 eundem
888 722 1137 762 Consanguineum
1159 732 1214 753 no-
1254 723 1322 746 tunc
1339 717 1538 761 pendentium,
1556 718 1593 748 de
1608 718 1706 756 quibus
1717 717 1892 748 Mercatores
1905 719 2014 758 Angltae
2028 721 2182 758 pleniorem
2197 722 2303 753 dabunt

164 760 254 792 strum
268 760 292 790 F
293 761 395 790 ranciae
408 768 441 789 ac
456 757 556 798 Regna
572 758 681 799 Anglioe
693 760 726 791 &
741 761 765 791 F
766 763 882 792 ranciae:
1254 753 1513 799 Informationem..
1590 794 1594 800 Ι
1706 794 1712 800 ,
1870 795 1876 800 ,

200 798 234 829 In
257 798 359 836 quibus
377 797 495 836 quidem
518 797 577 828 Die
597 807 682 836 atque
705 798 789 830 Loco
809 800 861 830 fuit
874 799 1041 829 unanimiter
1060 799 1132 829 inter
1145 797 1215 828 Nos
1293 791 1327 822 In
1341 802 1420 836 cujus
1432 794 1645 824 Testimonium
1664 793 1730 825 huic
1752 794 1877 832 praesenn
1905 793 2153 839 Insrnucwrout
2178 797 2307 836 praefatus

163 837 199 868 &
220 835 351 874 praefatos
371 836 618 873 consanguineam
636 837 670 867 &
690 835 824 876 Ducem,
840 838 913 868 Vice
935 838 968 866 &
991 837 1125 867 Nomine
1145 836 1214 866 dicti
1256 830 1402 875 Dominus
1418 831 1512 863 noster
1524 834 1586 862 Rex
1603 841 1661 864 tam
1676 831 1818 873 Magnum
1833 842 1917 871 quam
1932 833 2078 866 Privatum
2093 837 2189 873 Sigilla
2200 838 2244 868 sua
2259 847 2308 874 ap-

165 873 280 906 Consan
301 876 375 906 uinei
403 874 491 904 nostri
510 873 634 905 Franciae
648 898 658 912 ,
689 874 907 906 Concordatum
925 875 957 905 &
981 875 1214 913 Appunctuatum
1257 879 1325 907 POm
1343 869 1418 901 fCC1t-
1631 908 1636 914 ¹
1728 909 1732 913 ⁴
1823 910 1838 915 ..

162 913 246 952 quod
293 921 488 950 οΝνΕΝτῙο,
503 913 560 951 jam
580 913 691 950 incepta
712 913 865 944 secundum
885 913 1049 944 Securitates
1066 914 1148 950 alias,
1168 923 1216 950 per
1292 906 1361 952 ¹Dat.
1378 907 1450 952 apud
1465 906 1689 952 Wssm.Pr1mo
1705 907 1750 939 die
1762 909 1858 948 Junn,
1873 908 1961 941 Anno
1983 909 2079 950 Regni
2097 911 2218 951 ejusdem
2239 911 2307 945 Do-

163 950 234 983 Nos
253 952 286 983 &
306 951 453 989 praefatum
475 949 724 988 Consanguineum
742 951 871 982 nostrum
901 951 1026 982 Franciae
1052 951 1197 989 promissas
1208 974 1218 990 ,
1259 955 1329 977 mm!
1344 947 1433 978 nostn
1447 946 1537 985 Regls
1553 945 1690 985 Septimo-

166 989 196 1021 C
205 1001 225 1021 ο
235 998 258 1020 N
270 999 293 1021 τ
302 999 314 1020 1
323 998 343 1020 N
352 999 376 1020 υ
387 999 407 1019 A
416 998 436 1021 Β
444 998 456 1019 1
466 997 488 1018 τ
497 996 520 1018 u
528 997 552 1018 R
573 989 718 1027 quousque
729 989 817 1028 aliqua
834 989 919 1020 finalis
932 990 965 1020 &
979 991 1074 1020 votiva
1087 989 1219 1021 Conclu-

166 1030 206 1060 fio
219 1029 319 1070 fuerit,
338 1027 472 1058 Domino
485 1026 676 1066 concedente,
696 1028 775 1066 super
796 1028 850 1067 ipsa
874 1028 993 1059 Materia
1016 1037 1096 1068 capta
1115 1030 1148 1061 &
1168 1028 1218 1059 ha·
2186 1042 2304 1046 j*

164 1069 259 1144 built,
274 1104 293 1135 fi
306 1114 358 1135 nos
373 1113 433 1134 non
445 1103 594 1146 vellemus,
611 1103 656 1134 vel
670 1103 760 1135 dictus
773 1104 1006 1141 consanguineus
1019 1103 1112 1135 noster
1133 1105 1219 1135 Fran·
1318 1087 1344 1113 δὲ
1369 1090 1401 1121 D
1402 1101 1418 1122 e
1427 1088 1565 1134 finaliter
1584 1088 1782 1123 C⁰nc⁰rdandi
1800 1102 1870 1123 cum
1886 1093 2096 1139 C⁰mmiffi¹r¹75
2112 1098 2253 1134 FranCiae·
2330 1092 2361 1157 *6
2369 1092 2419 1122 lx·

168 1145 222 1175 ciae
234 1153 294 1174 non
310 1143 393 1173 vellet
406 1142 496 1179 (quod
509 1142 588 1178 abfit)
604 1143 632 1172 in
646 1142 780 1180 Negotio
798 1142 923 1181 praesenti
943 1153 1041 1173 vacare
1062 1152 1108 1174 aut
1127 1145 1219 1174 inten-
2326 1140 2340 1166 7
2369 1140 2390 1158 ¹·
2459 1174 2462 1177 ,

168 1183 252 1220 dere,
271 1180 339 1211 Nos
351 1181 442 1211 eidem
457 1179 677 1218 consanguineo
690 1181 788 1211 nostro
802 1181 940 1218 Franciae,
958 1191 1007 1219 per
1030 1180 1111 1212 Oc‘to
1132 1180 1219 1219 Dies,
1262 1181 1375 1238 REX
1389 1183 1541 1222 omnibus,
1559 1183 1594 1214 ad
1615 1194 1706 1223 qu08‚
1722 1185 1783 1216 &c.
1800 1185 1934 1217 Salutem.
2331 1167 2460 1200 Ann’D·

168 1229 233 1251 ante
254 1218 384 1250 nostrum
406 1219 520 1249 totalem
539 1219 700 1250 Disceffum
722 1222 754 1250 de
778 1221 912 1249 Medonta
926 1241 935 1257 ,
966 1229 1016 1257 per
1043 1220 1145 1250 Literas
1166 1229 1221 1250 no-
1355 1220 1453 1252 Sciatis
1467 1222 1567 1260 quod,
2170 1259 2171 1262 Ἰ
2350 1216 2437 1246 ¹4¹9·

170 1258 237 1289 stras
260 1257 405 1294 Patentes,
424 1256 535 1296 Magno
556 1257 653 1296 Sigillo
672 1257 770 1289 nostro
791 1258 927 1297 sigillatas,
946 1257 1090 1288 notificare
1110 1258 1220 1289 tenebi-
1299 1256 1380 1288 Cum
1394 1261 1466 1290 inter
1478 1259 1547 1290 Nos
1559 1261 1593 1291 δε
1608 1259 1720 1290 Consan
1742 1262 1857 1292 uineum
1872 1262 2000 1293 nostrum
2023 1263 2122 1296 Franc.
2139 1275 2229 1304 nuper
2251 1267 2312 1307 Ap·
2329 1250 2382 1274 An.
2400 1255 2427 1281 ⁷⁸

168 1306 262 1340 mur„
481 1335 486 1339 ἱ
772 1336 777 1341 .
907 1335 912 1340 ¹
1167 1335 1172 1340 .
1261 1297 1448 1333 punctuaturn
1463 1297 1555 1329 fuisset
1573 1298 1608 1328 de
1623 1298 1703 1329 fimul
1718 1269 1926 1332 {onveniendo
1937 1325 1946 1338 ,
1964 1301 1997 1331 ad
2017 1300 2300 1337 Communicandum
2329 1287 2363 1310 H.
2381 1293 2410 1319 ς’

207 1334 244 1365 Et
256 1334 311 1371 ipse
326 1333 556 1373 Consanguineus
571 1333 666 1364 noster
679 1334 805 1365 Francrae
826 1333 943 1372 Nobis,
962 1343 1011 1372 per
1030 1333 1112 1365 Octo
1132 1333 1219 1373 Dies,
1261 1335 1473 1374 Tractandum,
1500 1338 1533 1368 ὅ(
1555 1335 1802 1367 Concordandum
1824 1338 1904 1375 super
1927 1340 2067 1370 nonnullis
2093 1342 2209 1381 Rebus,
2236 1331 2314 1377 undg
2330 1326 2387 1349 1⁷³²·
2461 1366 2464 1367 ⁷

168 1381 232 1404 ante
255 1371 337 1412 ipfius
357 1372 471 1402 totalem
493 1372 652 1403 Disceffum
672 1373 707 1404 de
727 1373 882 1411 Pontisara,
901 1383 950 1410 per
966 1372 1072 1403 Literas
1086 1373 1143 1404 suas
1166 1372 1220 1403 Pa-
1261 1373 1334 1404 inter
1351 1383 1442 1405 certos
1462 1372 1678 1406 Commiffarios
1692 1376 1726 1406 ὅ(
1740 1375 1898 1413 Deputatos
1912 1377 2023 1409 nostros
2044 1389 2076 1409 ac
2101 1380 2311 1415 Ambaffatores
2330 1365 2418 1388 Nom*
2436 1370 2463 1395 γ’

170 1420 275 1449 tenreS,
295 1409 346 1440 Ma
367 1421 406 1441 no
421 1410 518 1447 Sigillo
531 1411 580 1441 suo
596 1410 737 1450 sigillatas,
753 1410 896 1441 notificare
909 1412 1061 1441 tenebitur:
1262 1412 1295 1442 δε
1308 1411 1465 1451 Deputatos
1483 1413 1612 1451 praedicti
1627 1411 1837 1454 Consanguinei
1852 1413 1939 1445 nostri
1956 1425 2006 1455 per
2027 1425 2106 1448 antea
2125 1418 2313 1457 praelocutum
2330 1404 2363 1426 H.
2375 1405 2463 1435 5'p'1'

28 2138 46 2156 ⁰
65 2139 119 2169 lx.

28 2180 93 2210 760.

26 2792 104 2824 Ann.
120 2792 162 2823 D.

56 2839 141 2870 1419.

30 2873 84 2898 An.
99 2880 125 2905 7.

29 2950 104 2991 Penes

28 2986 118 3012 Cieric.

29 3022 90 3050 Pell.

242 1450 321 1480 uibus

175 1450 288 1526 pocs}&
303 1487 465 1518 immediate
480 1487 638 1525 sequentes,
656 1487 781 1527 Treugae
796 1489 828 1519 ὃς
844 1488 1019 1518 Abstinentia
1036 1487 1157 1518 Guerrae
1175 1489 1222 1518 in-

169 1534 211 1557 ter
234 1525 302 1556 Nos
321 1526 354 1556 &
373 1525 542 1564 praedi&um
565 1525 813 1566 Consanguineum
835 1526 963 1556 nostrum
992 1526 1015 1555 F
1017 1527 1118 1556 ranciae
1140 1526 1222 1557 dura-

170 1565 260 1601 bunt,
271 1565 305 1594 &
319 1572 370 1602 per
382 1563 449 1594 Nos
464 1565 497 1595 &
511 1564 601 1601 ipsum
614 1564 861 1601 Consanguineum
874 1564 1003 1594 nostrum
1019 1564 1160 1603 Franciae,
1174 1573 1224 1602 per

170 1601 293 1633 modum
306 1602 378 1632 inter
392 1602 504 1632 nostros
516 1603 549 1632 &
561 1602 642 1640 ipsius
656 1602 871 1633 Ambaffiatores
884 1604 916 1633 δε
934 1601 1148 1633 Commiffizrios
1162 1604 1224 1634 alias

170 1639 349 1671 conclusum
363 1641 396 1671 &
410 1639 641 1679 concordatum,
660 1642 854 1678 servabuntur;

209 1677 301 1715 Quod
316 1677 431 1716 quidem
448 1678 749 1716 Appunetuamentum
764 1680 880 1710 Tenere
893 1679 926 1709 ὅ(
938 1678 1112 1717 Observare,
1125 1689 1159 1710 ac
1174 1689 1224 1717 per

171 1717 283 1749 nostros
296 1716 385 1747 facere
399 1716 507 1746 Teneri
520 1717 553 1747 &
568 1716 735 1756 observari,
750 1717 827 1748 bona
841 1717 911 1755 fide,
930 1717 1129 1756 Promifimus,
1142 1726 1226 1756 atque

170 1755 367 1786 Promittimus
383 1764 432 1791 per
447 1753 605 1785 Praesentes.

209 1792 242 1824 In
257 1794 334 1830 cujus
349 1794 388 1823 rei
403 1792 618 1824 Testimonium
634 1793 682 1824 has
697 1793 802 1825 Literas
815 1793 921 1824 nostras
938 1792 1040 1832 Magni
1059 1793 1149 1831 Sigilli
1172 1804 1226 1824 no-

172 1831 222 1862 stri
237 1831 417 1869 Appensione
433 1830 554 1861 fecimus
566 1831 702 1862 roborari.

173 1906 201 1938 d·
211 1869 279 1939 Dffi.
298 1870 327 1898 in
343 1871 414 1899 Loco
423 1868 553 1908 praedidlo
574 1872 665 1908 prope
680 1872 713 1902 &
735 1870 831 1902 subtus
846 1868 985 1900 Meullent
999 1869 1134 1902 vicesimo
1147 1880 1228 1901 nono

194 1917 219 1938 ie
271 1917 316 1938 an.

370 1450 420 1480 <sto
433 1449 543 1479 Diebus
557 1449 734 1487 durantibus,
758 1459 871 1480 necnon
887 1460 936 1487 per
956 1449 1024 1479 alios
1038 1449 1120 1479 Otsto
1134 1449 1220 1488 Dies,

806 1997 859 2026 Per
872 1992 954 2035 ipfhm
966 1996 1069 2033 Regem.

457 2124 484 2152 *ε
509 2131 603 2175 Super
620 2130 770 2162 Trastatu
786 2128 944 2164 Flandriae.

175 2223 231 2257 IN
245 2234 326 2258 STR
342 2235 366 2257 u
384 2234 463 2258 οτι
478 2235 500 2256 ο
521 2250 530 2266 ,
566 2223 639 2257 data
665 2224 843 2258 Willielmo
866 2223 1002 2258 Bardolf
1035 2226 1138 2259 Militi
1169 2226 1228 2258 Lo-

220 2275 398 2305 cumtenenti
431 2274 584 2318 Capitanei
612 2273 648 2304 V
647 2273 699 2305 illae
731 2274 832 2317 CalesZi
852 2300 862 2316 ‚
906 2272 1059 2320 Magistro
1086 2272 1228 2321 Johanni

224 2317 361 2354 Escourt
380 2324 411 2352 in
430 2317 558 2367 Legibus
577 2321 780 2361 Baccallario‚
808 2321 949 2356 Ricardo
979 2321 1141 2356 Bokeland
1166 2324 1229 2355 Vi-

222 2368 338 2402 tellario
363 2368 486 2411 Calrssi,
522 2367 670 2415 Aqagislro
695 2369 870 2404 Willielmo
900 2371 981 2416 Bray
1007 2371 1137 2412 clerico,
1167 2368 1229 2415 Jo-

222 2415 315 2450 hanni
333 2415 477 2450 Chirche
494 2418 715 2450 Locumtenenti
741 2420 876 2464 Adajoris
898 2419 1023 2464 Stapnlae
1047 2420 1167 2460 Calezi,
1189 2422 1226 2456 ὠ·

218 2463 356 2512 Johanni
377 2464 571 2510 Pykcryng‚
599 2466 811 2510 Commifflzriis
830 2478 884 2513 per
914 2470 1073 2499 Dominum
1099 2466 1228 2509 nostrum

224 2516 332 2559 Regem
357 2516 517 2559 Deputatis
544 2512 587 2545 ad
600 2514 828 2556 Tractandum,
852 2518 888 2553 ώ-
909 2513 1124 2548 Renovandnm
1141 2519 1230 2547 Secu-

219 2565 323 2594 ritates
354 2560 623 2606 Mercandtfizrum
636 2589 645 2604 ‚
678 2566 913 2605 Mera-aterum,
948 2563 1128 2595 elericorum
1149 2589 1158 2604 ,
1191 2566 1228 2601 «ῥ’

219 2612 469 2656 Peregrinarum,
500 2613 536 2647 (ῤ’
570 2611 752 2655 Piftatorum
773 2638 782 2652 ‚
817 2615 853 2649 ᾤ’
885 2611 1088 2644 Familiarum
1113 2623 1230 2643 eorum-

218 2656 309 2738 ᾔτην,
332 2669 400 2690 cum
423 2661 583 2703 Deputatis
607 2671 645 2691 ex
669 2661 759 2691 Parte
786 2659 918 2705 adversis
938 2670 991 2705 pro
1019 2663 1111 2693 Parte
1137 2660 1230 2692 Flan-

211 2731 215 2732 r
242 2717 299 2738 7¹1ae-

212 2792 245 2824 N
262 2801 399 2831 PRtMIS,
414 2794 493 2832 quod
507 2795 619 2826 videant
633 2795 807 2827 Potestatem
819 2794 907 2826 Partis
924 2794 1055 2826 Adversae
1072 2796 1133 2827 fore
1156 2796 1233 2826 suffi-

228 2833 350 2863 cientem
367 2832 401 2862 ad
419 2834 516 2862 omnia
529 2835 600 2864 inter
622 2844 669 2864 eos
687 2834 898 2872 concludenda,
916 2843 973 2864 tam
992 2843 1044 2873 pro
1060 2834 1231 2873 Adversario

178 2872 315 2909 Franciae,
335 2879 421 2908 quam
433 2874 507 2901 Duce
521 2873 699 2911 Burgundiae,
716 2883 748 2903 ac
766 2873 849 2903 etiam
861 2874 989 2913 Quatuor
1005 2873 1137 2903 Membris
1149 2874 1234 2903 Flan-

179 2907 245 2938 driae
256 2909 403 2947 praedic‘i'ae.

216 2946 343 2985 ITEM,
363 2947 441 2986 quod
464 2947 646 2986 securitates,
662 2958 750 2986 nuper
771 2956 875 2986 captae,
894 2948 928 2978 &
948 2949 1006 2987 jam
1029 2950 1057 2979 in
1075 2949 1159 2979 Festo
1179 2949 1233 2979 Pa-

178 2982 254 3014 schae
275 2985 375 3016 ultimo
396 2987 536 3023 praeterito
556 2986 641 3017 finitae
656 3011 666 3024 ,
696 2987 889 3016 transferantur
921 2986 1037 3018 fideliter
1070 2988 1101 3016 de
1124 2991 1233 3026 Lingua

178 3021 287 3052 Gallica
301 3024 340 3052 ad
349 3026 499 3054 Latinam:
517 3026 550 3055 &
564 3025 640 3061 quod
657 3024 725 3055 dieti
741 3024 946 3062 Commiss'arii,
967 3035 1018 3063 pro
1032 3034 1108 3062 parte
1126 3026 1232 3056 Domi-

178 3061 208 3103 ni
231 3060 318 3090 nostri
341 3059 444 3100 Regis,
464 3064 559 3093 omnia
580 3065 613 3095 δε
636 3064 756 3101 singula,
773 3065 972 3094 concernentia
996 3064 1164 3094 Tractatum
1180 3065 1233 3095 hu-

172 3098 314 3137 jusmodi,
331 3099 486 3138 Tractent,
504 3100 751 3139 Communicent,
774 3102 919 3139 Scribant,
943 3103 975 3132 &
997 3101 1181 3133 Concludant
1203 3104 1231 3133 in

176 3139 286 3174 Lingua
299 3139 423 3175 Latina,
442 3138 475 3168 &
491 3148 551 3168 non
565 3140 591 3168 in
605 3139 729 3178 Gallica,
748 3139 817 3170 sicut
831 3140 894 3169 alias
909 3140 1016 3170 facium
1029 3141 1127 3170 fuerat.
1181 3173 1185 3175 ,

212 3175 260 3205 Ιτ
273 3184 290 3205 Ε
302 3183 329 3205 Μ
339 3199 348 3212 ,
363 3183 469 3206 attento
495 3176 571 3214 quod
587 3177 760 3208 Flandrcnses
777 3178 897 3208 multum
913 3178 1015 3209 instant
1032 3189 1082 3215 pro
1098 3178 1231 3210 Renova-

173 3213 254 3244 tione
276 3213 462 3244 Securitatum
482 3214 694 3254 praediCtarum,
719 3217 752 3247 &
777 3216 854 3254 quod
875 3217 1001 3254 expediat
1026 3217 1233 3248 Mercatoribus

170 3251 285 3291 Angliae
298 3251 376 3289 quod
392 3252 455 3288 ipsse
469 3252 632 3283 Securitates
648 3263 715 3283 cum
730 3254 814 3285 Bonis
829 3254 1040 3285 provisionibus
1061 3255 1230 3294 habeantur,

174 3299 243 3328 quas
266 3289 442 3320 Provifiones
465 3300 531 3320 cum
556 3290 632 3320 Bona
652 3293 810 3322 maturitate
829 3292 887 3322 fieri
909 3295 1069 3331 oportebit,
1089 3294 1149 3324 vult
1166 3293 1230 3323 Do-

174 3329 267 3358 minus
289 3327 384 3358 noster
403 3331 463 3358 Rex
486 3327 564 3366 quod
589 3328 781 3359 Commissarii
803 3331 841 3360 sui
858 3341 910 3367 pro
926 3342 1001 3362 nunc
1018 3341 1156 3362 renovent
1170 3357 1179 3368 ,
1196 3334 1230 3363 &

174 3367 210 3397 de
226 3377 305 3397 novo
318 3367 428 3404 capiant
443 3367 606 3397 Securitates
630 3377 682 3402 pro
708 3367 926 3405 Mercatoribus,
948 3369 1146 3407 Mer-candifis‚
1162 3370 1231 3401 Cle-

172 3406 255 3444 ricis,
274 3404 430 3443 Pereginis,
449 3405 481 3436 &
496 3404 697 3442 Piscatoribus,
713 3416 745 3436 ac
763 3416 863 3436 eorum
885 3407 1090 3446 Familiaribus,
1109 3408 1157 3438 sub
1179 3410 1230 3438 eis-

172 3443 239 3474 dem
260 3443 351 3474 modo
372 3443 406 3474 &
423 3443 516 3473 forma
532 3444 560 3473 in
583 3443 666 3473 dietis
691 3443 886 3474 Securitatibus
909 3445 1065 3483 expressatis
1084 3469 1093 3483 ,
1127 3447 1142 3475 a
1172 3446 1230 3476 Die

173 3480 376 3512 conclusionis
399 3481 566 3511 eorumdem
592 3481 678 3519 usque
699 3482 734 3512 ad
760 3482 874 3512 Festum
903 3485 1034 3513 omniurn
1059 3484 1228 3514 Sanctorum

173 3521 307 3565 proximo
322 3520 449 3551 futurum
464 3520 614 3558 duraturis3
629 3520 726 3550 additis
743 3529 838 3550 tamen
855 3520 1063 3553 Provisionibus
1076 3522 1229 3560 infrascrip—

174 3566 224 3595 t1s3
243 3566 298 3588 viz.

213 3596 305 3633 Quod
315 3620 325 3634 ,
342 3596 457 3628 durante
470 3596 618 3633 Tempore
632 3596 817 3626 Securitatum
833 3596 1046 3635 praedictarum,
1061 3598 1130 3628 nulli
1147 3598 1229 3628 Flan-

175 3632 297 3672 drenses,
316 3645 362 3666 aut
378 3635 564 3665 inhabitantes
580 3634 699 3664 Patriam
716 3634 868 3672 Flandriae,
885 3635 986 3665 saciant
1004 3636 1146 3667 Guerram
1164 3636 1228 3667 Do-

176 3673 256 3702 mino
271 3673 369 3703 nostro
385 3676 452 3711 Regi
466 3683 516 3711 per
528 3674 650 3704 Terram
668 3672 710 3702 vel
726 3682 774 3710 per
798 3672 892 3702 Mare:
912 3683 964 3703 nec
987 3674 1107 3712 aliquam
1130 3675 1229 3704 Arma-

175 3716 235 3739 tam
256 3711 362 3742 facient
375 3735 384 3751 ,
408 3720 453 3742 aut
474 3711 532 3741 fieri
556 3713 735 3749 permittent,
757 3712 784 3740 in
805 3710 948 3749 Partibus,
966 3712 1124 3749 Portubus,
1141 3712 1228 3750 Ripa-

176 3747 243 3790 riis,
261 3747 380 3787 Hauris,
397 3760 443 3780 aut
459 3749 516 3780 aliis
537 3750 623 3779 Locis
637 3750 860 3787 quibuscumque
873 3748 997 3779 Paruum
1012 3749 1147 3781 Flandriae
1156 3773 1165 3788 ,
1183 3761 1228 3781 aut

176 3794 251 3814 exrre
264 3785 300 3815 de
312 3787 413 3818 eisdem
427 3787 460 3818 ad
478 3788 637 3818 faciendum
656 3788 794 3818 Guerram
811 3797 909 3818 contra
919 3787 1085 3818 Dominum
1099 3789 1228 3820 nostrum

175 3822 289 3860 Regem
307 3825 499 3864 antedictum,
514 3834 561 3856 aut
578 3826 712 3856 Subdiro's
727 3826 856 3864 ejusdem.

213 3861 319 3899 ITEM,
341 3864 369 3892 in
386 3863 460 3892 Casu
476 3873 536 3900 quo
551 3865 649 3903 aliquae
664 3864 772 3894 Gentes
793 3864 967 3902 Armorum,
985 3864 1072 3902 super>
1087 3864 1169 3896 Mare
1190 3866 1229 3896 la-

174 3899 305 3929 borantes
320 3908 417 3930 contra
432 3900 598 3932 Dominum
613 3902 740 3933 nostrum
764 3902 892 3941 Regem,
913 3903 940 3932 in
964 3902 1084 3941 Portus,
1101 3903 1229 3942 Hauras,

176 3937 323 3980 RiPfflflaS’
340 3945 387 3968 aut
399 3938 479 3969 Loca
495 3938 619 3970 Partium
644 3941 780 3971 Fiandrite
803 3940 1001 3978 praedictarum
1020 3943 1229 3981 applicuerunt,

177 3976 242 4012 iplae
258 3976 365 4005 ibidem
382 3976 536 4007 nullatenus
551 3980 786 4017 receptabuntur3
797 3989 859 4009 -nec
877 3978 987 4010 Gentes
1002 3978 1126 4010 Partium
1148 3981 1230 4010 Flan—

176 4014 244 4045 driae
264 4013 407 4053 praedistae
428 4014 518 4052 aliqua
539 4014 692 4057 ViCtualia,
721 4018 887 4057 Artelarias,
910 4025 957 4049 aut
978 4016 1030 4049 alia
1054 4016 1230 4051 Guerrarum

1261 1450 1314 1481 fuit

1302 1473 1346 1520 A’c
1359 1489 1434 1520 idem
1450 1489 1681 1529 Consanguineus
1692 1490 1807 1529 noster,
1827 1489 1914 1522 Prout
1940 1500 1988 1529 per
2006 1491 2112 1525 Literas
2136 1495 2193 1526 suas
2212 1497 2317 1530 Paten-

1265 1535 1305 1558 tes
1321 1527 1445 1566 plenarie
1459 1539 1476 1559 a
1512 1529 1638 1567 epimus,
1656 1528 1692 1559 de
1713 1529 1840 1567 praesenti
1863 1537 1938 1560 extet
1957 1530 2126 1570 impeditus,
2142 1543 2201 1571 quo
2225 1539 2318 1568 minus

1265 1565 1321 1605 ipse
1335 1566 1370 1597 ad
1386 1565 1474 1598 Conv
1513 1567 1631 1598 iendum
1644 1567 1698 1597 una
1719 1566 1887 1598 Nobiscum
1907 1567 2088 1601 Personaliter
2111 1572 2239 1605 iutereffe
2256 1585 2319 1607 non

1265 1604 1368 1643 poffit,

1302 1643 1391 1673 Nosi
1411 1644 1483 1683 itur,

1304 1680 1354 1711 De
1374 1652 1526 1720 fiffielitatffi
1551 1682 1804 1720 circumspectione
1817 1704 1826 1721 ,
1853 1681 1887 1713 &
1912 1682 2043 1714 industria
2062 1707 2072 1722 ,
2101 1684 2320 1721 Cariffimorurn

1268 1719 1396 1751 Fratrum
1418 1720 1580 1751 nostrorum
1590 1743 1600 1758 ,
1616 1720 1722 1751 Thomae
1738 1723 1822 1751 Ducis
1837 1720 1982 1751 Clarcnciae
1997 1744 2006 1758 ,
2023 1722 2056 1752 ὃς
2074 1724 2217 1764 Humfridi
2237 1730 2323 1758 Ducis

1267 1757 1451 1799 Gloucestriae,
1469 1769 1501 1789 ac
1524 1758 1760 1789 Reverendiffimi
1781 1761 1809 1789 in
1834 1758 1951 1789 Christo
1972 1759 2056 1790 Patris
2071 1764 2182 1793 Henrici
2198 1769 2322 1796 Cantua-

1267 1797 1358 1836 rienfir
1382 1796 1599 1836 Archieptsc‘opi‚
1625 1807 1756 1836 necnon,
1781 1797 1998 1828 Cariffimorum
2024 1799 2242 1833 Avunculorum
2267 1815 2323 1835 no-

1269 1835 1411 1874 strorum,
1428 1835 1533 1866 Thomae
1550 1837 1633 1866 Ducis
1646 1838 1762 1866 Exom‘ae
1777 1836 1810 1867 &
1831 1838 1944 1867 Henrici
1965 1836 2083 1876 Episcopi
2108 1841 2322 1882 Wintonienfir,

1269 1874 1378 1912 plenius
1390 1873 1564 1905 confidentes
1572 1898 1581 1913 ,

1308 1911 1387 1950 Ipsos
1404 1913 1540 1952 Quinque
1554 1935 1564 1951 ‚
1587 1912 1720 1950 Quatuor
1734 1935 1743 1951 ‚
1768 1921 1814 1943 aut
1837 1911 1911 1943 Tres
1934 1923 2033 1943 eorum
2059 1913 2266 1948 Constituimus
2288 1919 2323 1950 <Sc

1270 1951 1492 1990 ordinavimus,
1508 1960 1559 1988 ac,
1575 1951 1695 1982 Tenore
1709 1950 1905 1989 Praesentium,
1922 1951 2130 1984 Censtituimus
2143 1955 2177 1986 &
2199 1955 2324 1987 Ordina-

1270 2000 1334 2020 mus
1349 2013 1360 2028 ,
1382 1989 1495 2020 nostros
1516 1999 1600 2021 veros
1621 1989 1653 2020 &
1677 1988 1808 2020 indubios
1832 1989 2063 2029 Commiffarbs,
2087 1991 2262 2033 Deputatos‚
2289 1995 2325 2026 &-

1270 2029 1409 2060 Nuncios
1424 2027 1568 2066 speciales,

1307 2067 1353 2098 Ad
1369 2065 1629 2103 Conveniendum,
1645 2064 1859 2103 Trafflndum,
1875 2064 2137 2106 Componendum,
2153 2068 2325 2109 Transigen.

1270 2104 1359 2143 dum,
1376 2104 1598 2142 Paciscendum,
1616 2114 1649 2134 ac
1665 2103 1786 2142 plenarie
1803 2104 1836 2134 &
1850 2103 1965 2134 finaliter
1991 2103 2233 2138 Concordandum
2254 2119 2323 2141 cum

1270 2143 1523 2175 Ambaffiatoribus
1537 2143 1582 2177 seu
1596 2142 1743 2180 Deputatis
1756 2142 1882 2180 praedic'ti
1907 2142 2120 2181 Consanguinei
2139 2145 2243 2184 nostri,
2269 2148 2325 2178 suf..

1270 2182 1412 2214 ficientem
1435 2183 1463 2212 in
1485 2182 1536 2212 hac
1560 2190 1636 2219 parte
1654 2179 1826 2211 Potestatem
1854 2181 2034 2220 habentibus,
2052 2184 2082 2212 in
2098 2184 2324 2224 quibuscumque

1272 2220 1358 2251 Locis
1373 2221 1406 2251 ὃ(
1421 2219 1543 2256 Placeis‚
1562 2220 1627 2257 ubi,
1645 2228 1698 2256 pro
1713 2218 1770 2248 Co
1780 2227 1803 2248 N
1814 2228 1859 2249 vn
1869 2228 1891 2249 N
1902 2228 1924 2249 Τ
1935 2229 2003 2250 1οΝ
2015 2230 2033 2250 E
2049 2221 2181 2258 praedicta
2191 2246 2200 2261 ‚
2220 2224 2254 2254 δε
2270 2234 2324 2262 pro

1272 2259 1362 2290 Fauo
1379 2257 1532 2288 Tractatfis
1548 2257 1626 2288 Pacis
1640 2258 1711 2287 inter
1727 2256 1796 2287 Nos
1808 2258 1841 2288 &
1857 2257 1980 2288 eundem
1999 2258 2248 2299 Consanguineum
2271 2258 2326 2293 ηοξ·

1271 2297 1361 2328 strum
1370 2319 1380 2332 2
1398 2296 1495 2326 melius
1509 2297 1546 2326 eis
1561 2296 1721 2333 videbitur,
1738 2295 1816 2334 super
1830 2297 1963 2326 omnibus
1977 2296 2009 2326 &
2026 2297 2136 2337 lingulis
2150 2298 2326 2331 Contentio-

1271 2337 1370 2373 nibus,
1388 2334 1621 2372 Quaestionibus,
1640 2333 1778 2369 Guerris,
1799 2332 1909 2371 Riotis,
1930 2334 1963 2365 &
1982 2334 2155 2374 Discordiis,
2174 2339 2261 2369 motis
2277 2339 2325 2370 vel

1272 2374 1439 2410 movendis,
1460 2373 1514 2403 una
1527 2382 1594 2403 cum
1612 2373 1746 2402 omnibus
1759 2372 1809 2401 suis
1822 2371 1977 2410 Articulis,
1988 2373 2230 2413 Circumstantiis,
2247 2376 2325 2408 Inci-

1271 2412 1417 2450 dentibus,
1442 2411 1676 2449 Emergentibus,
1701 2411 1734 2441 &
1757 2409 1976 2448 Dependentiis,
2006 2413 2076 2442 inter
2095 2412 2185 2452 Nos,
2205 2414 2325 2455 Regna,

1271 2450 1423 2486 Subditos,
1441 2449 1598 2486 Dorninia,
1618 2450 1752 2486 Amicos,
1770 2448 1923 2487 Alligatos,
1951 2450 2118 2480 Auxiliantes
2160 2452 2193 2483 ὃς
2217 2453 2326 2488 Adhae-

1272 2498 1362 2519 rentes
1378 2488 1489 2518 nostros
1506 2488 1715 2525 quoscumque,
1733 2496 1790 2516 tam
1807 2487 1893 2524 citra,
1911 2489 1996 2525 quam
2014 2488 2083 2519 ultra
2096 2474 2176 2521 Mare
2187 2515 2196 2526 ,
2214 2501 2247 2521 ex
2271 2503 2326 2523 una

1272 2537 1363 2565 parte,
1380 2528 1411 2557 ὃ(
1426 2525 1592 2564 ρηεάἰξῒυιῃ
1614 2524 1863 2562 consanguineum
1885 2526 2031 2563 nostrum,
2048 2525 2200 2566 subditos,
2218 2526 2327 2560 Domiss

1273 2567 1333 2603 nia,
1353 2566 1486 2602 Amicos,
1507 2564 1663 2602 Alligatos,
1687 2563 1870 2601 Auxiliantes‚
1894 2565 1927 2595 &
1953 2564 2134 2596 Adhaerentes
2157 2566 2220 2598 suos
2241 2578 2329 2606 quos-

1274 2613 1416 2641 cumque,
1432 2612 1465 2633 εκ
1482 2602 1563 2633 altera
1574 2625 1584 2640 ,

1309 2642 1347 2673 Et
1363 2642 1473 2672 ulterius
1487 2641 1630 2678 Facimus,
1650 2639 1872 2678 Constituimus,
1891 2641 1923 2671 ὃς
1939 2639 2128 2681 Ordinamus‚
2141 2653 2188 2680 per
2204 2643 2329 2679 Praesen-

1273 2689 1313 2712 tes
1324 2703 1333 2718 ‚
1351 2680 1478 2719 praefatos
1493 2680 1601 2710 Fratres
1616 2679 1742 2716 nostros,
1763 2678 2032 2718 Archiepiscopum,
2044 2681 2077 2711 &
2092 2681 2260 2712 Avunculos
2274 2694 2328 2714 no-

1273 2719 1360 2756 stros,
1379 2719 1536 2757 Qinque,
1555 2718 1702 2756 Qatuor,
1720 2726 1765 2747 aut
1782 2717 1854 2748 Tres
1869 2727 1987 2756 eorum,
2005 2718 2118 2749 nostros
2147 2729 2230 2753 veros
2254 2721 2327 2752 Pro-

1274 2766 1415 2788 curatores
1430 2758 1462 2787 &
1480 2756 1613 2787 Nuncios
1628 2755 1773 2793 speciales,

1313 2795 1349 2826 Et
1364 2795 1426 2833 ipris
1442 2795 1596 2834 Qiinque,
1616 2794 1763 2832 Qatuor,
1781 2793 1824 2824 vel
1839 2793 1944 2825 Tribus
1959 2794 2129 2825 eorumdem
2144 2795 2254 2827 Damus
2268 2797 2326 2834 ple-

1275 2843 1339 2864 nam
1353 2834 1385 2864 ὃς
1404 2834 1521 2864 liberam
1538 2832 1709 2864 Potestatem
1720 2855 1730 2870 ,
1747 2833 1779 2862 &
1796 2831 1965 2863 Mandatum
1980 2832 2119 2870 speciale,
2130 2834 2163 2864 ad
2189 2835 2219 2865 Τ
2223 2834 2328 2867 metam

1273 2873 1361 2910 dum,
1379 2872 1512 2902 Nomine
1533 2871 1649 2908 nostro,
1664 2881 1732 2901 cum
1750 2870 1888 2908 praedietis
1913 2871 2155 2902 Ambaffatoribus
2168 2872 2214 2903 seu
2226 2873 2328 2912 Depu-¹

1274 2912 1334 2941 tatis
1353 2910 1476 2947 praedit‘ti
1498 2909 1707 2948 Consanguinei
1728 2908 1815 2938 nostri
1830 2933 1839 2946 ,
1862 2908 1898 2938 de
1923 2909 1955 2939 δε
1979 2909 2058 2946 super
2081 2910 2327 2950 Sponsalibuslper

1274 2950 1358 2979 verba
1377 2948 1412 2980 de
1435 2949 1549 2986 futuro,
1573 2948 1618 2978 seu
1643 2946 1834 2977 Matrimonio
1857 2957 1906 2985 per
1927 2948 2012 2977 verba
2032 2948 2068 2978 de
2091 2949 2230 2987 praesenti,
2259 2951 2328 2982 in't'er

1273 2989 1334 3017 Nor
1355 2989 1387 3017 ὃ(
1410 2987 1536 3017 Inclitam
1563 2985 1685 3016 Puellam
1712 2984 1868 3015 Dominam
1889 2987 2053 3016 Katerinam
2082 2987 2179 3017 Filiam
2207 2989 2327 3026 ejusdem

1274 3026 1483 3064 Consanguiuei
1504 3023 1608 3062 nostri,
1635 3033 1719 3061 prout
1741 3025 1826 3062 magis
1853 3024 2027 3064 commode,
2048 3025 2173 3064 firmius,
2197 3027 2230 3057 &
2254 3036 2326 3059 con-

1276 3064 1432 3094 venientius
1448 3064 1509 3093 fore
1525 3063 1644 3093 viderint
1658 3062 1839 3098 faciendum,
2102 3078 2104 3080 ·
2288 3065 2290 3067 ’

1311 3103 1441 3132 Necnon
1457 3101 1490 3130 ad
1506 3103 1604 3131 omnia
1617 3101 1650 3131 &
1668 3101 1786 3138 singula,
1803 3109 1856 3138 pro
1870 3099 1969 3129 Nobis
1984 3101 2017 3132 &
2035 3100 2116 3132 Parte
2130 3101 2239 3140 nostra,
2258 3113 2326 3134 cum

1273 3139 1514 3171 Ambafl'atoribus
1527 3139 1572 3170 seu
1589 3139 1736 3176 Deputatis
1752 3138 1879 3176 praedieti
1897 3138 2108 3176 Consanguinei
2128 3139 2232 3178 nostri,
2252 3140 2328 3209 susp·
2354 3139 2375 3161 ‘⁴'-

1274 3180 1395 3209 cientem
1419 3180 1448 3208 in
1465 3179 1517 3208 hac
1533 3187 1608 3214 parte
1622 3177 1789 3214 potestatem
1804 3177 1985 3215 habentibus,
2006 3178 2291 3217 Trac'tata,‘Comp0
2303 3190 2328 3210 ι-
2365 3198 2379 3208 υ
2390 3196 2407 3205 ·»

1273 3225 1318 3254 ta,
1337 3217 1506 3253 Transacla,
1524 3218 1556 3247 &
1574 3215 1773 3253 Concordata,
1793 3225 1841 3252 per
1857 3215 1925 3246 Nos
1938 3216 2011 3246 bene
2031 3217 2064 3246 &
2085 3216 2202 3247 fideliter
2221 3214 2328 3249 Ob‘ser-
2372 3211 2398 3244 Ϊ-

1272 3255 1380 3293 vanda,
1398 3256 1426 3284 in
1443 3255 1577 3286 Animam
1591 3254 1715 3284 nostram
1729 3254 1863 3291 jurandi,
2288 3258 2317 3280 :22

1311 3294 1415 3324 Literas
1438 3296 1521 3324 etiam
1542 3293 1679 3330 sigillatas,
1699 3291 1912 3331 obligationes,
1931 3291 2147 3331 Promiffiones',
2165 3293 2199 3324 ὃς
2219 3290 2327 3326 alterius

1274 3332 1477 3370 cujuscumque
1494 3332 1600 3370 generis
1622 3331 1788 3361 Securitates
1811 3332 1844 3362 &
1868 3330 2038 3368 Cautione's,
2056 3331 2084 3360 in
2098 3332 2149 3362 hac
2163 3340 2240 3370 parte
2254 3342 2327 3363 con-

1272 3379 1384 3407 ventas,
1402 3370 1604 3407 concordatas,
1622 3370 1666 3399 seu
1691 3368 1847 3406 requisitas,
1867 3368 2003 3399 Dandum
2025 3371 2056 3400 ὅ(
2079 3369 2345 3410 (Ξοηεθάεηάυῐηζ.
2374 3389 2386 3394 -«
2420 3372 2423 3377 ’

1272 3418 1338 3446 quas
1357 3418 1450 3445 parem
1467 3410 1500 3439 &
1517 3408 1640 3438 eundem
1655 3406 1802 3437 Effedfflm
1825 3408 1859 3438 δε
1883 3407 2020 3446 vigorem
2045 3407 2147 3438 habere
2168 3408 2324 3447 Volumus,
2345 3407 2352 3430 ἶ

1270 3457 1303 3477 ac
1321 3447 1339 3476 li
1353 3446 1420 3476 Nos
1434 3447 1463 3476 in
1475 3447 1596 3477 Persona
1610 3445 1703 3476 nostra
1718 3454 1762 3476 eas
1775 3444 1932 3484 Daremus,
1949 3445 2105 3477 faceremus
2115 3468 2124 3484 ,
2138 3447 2186 3477 vseu
2201 3454 2324 3485 exponet-
2371 3450 2374 3452 '

1272 3494 1365 3514 remus
1993 3506 1995 3509 -
2309 3507 2312 3509 Α

1307 3522 1346 3553 Et
1361 3507 1537 3566 *generaliter
1554 3523 1650 3552 omnia
1672 3523 1707 3553 δε
1728 3521 1831 3561 singula
1852 3519 2040 3559 Faciendum,
2069 3523 2271 3560 exercendum,
2291 3522 2324 3552 ὃς

1270 3560 1474 3599 expediendum
1490 3571 1553 3598 quae
1567 3563 1595 3590 in
1611 3559 1771 3598 praemiffis,
1788 3561 1833 3591 vel
1849 3562 1924 3589 circa
1938 3569 1985 3598 ea,
2000 3561 2151 3591 necessaria
2163 3562 2265 3591 fuerint
2277 3560 2328 3593 seu,
2342 3578 2345 3583 ·
2369 3570 2386 3582 .:
2420 3581 2422 3585 ψ
2445 3576 2453 3586 1

1271 3597 1488 3666 quclimodolibet
1509 3607 1666 3637 oportuna,
1683 3599 1767 3628 etiam
1790 3598 1810 3628 fi
1834 3597 2002 3629 Mandatum
2025 3598 2238 3637 exigmt'magis
2262 3596 2324 3636 spe—

1271 3647 1312 3667 cta
1324 3648 1349 3667 e.
2306 3651 2308 3655 ‚

1307 3675 1525 3711 Promittentes‚
1541 3673 1618 3704 bona
1637 3672 1691 3704 fide
1712 3674 1745 3704 &
1766 3675 1796 3703 in
1817 3674 1907 3704 verbo
1920 3674 2036 3712 Regio,
2055 3674 2122 3704 Nos
2137 3673 2265 3703 Firmum
2286 3673 2321 3705 &

1272 3713 1394 3743 Gratum
1415 3714 1553 3752 perpetuo
1573 3713 1715 3743 habituros
1738 3712 1870 3751 quicquid
1891 3723 1939 3750 per
1960 3714 2089 3749 praefatos
2104 3710 2322 3743 Commiffarios

1271 3752 1316 3782 seu
1333 3751 1491 3788 Deputatos
1508 3749 1618 3781 nostros
1633 3751 1791 3789 Quinque,
1808 3751 1940 3789 Qatuor
1959 3759 2004 3780 ait
2027 3751 2098 3779 Tres
2118 3759 2215 3779 eorum
2226 3772 2235 3787 ,
2251 3749 2320 3780 No-

1272 3790 1350 3820 mine
1370 3788 1485 3826 nostro,
1503 3789 1610 3819 Αξὶ-υῐη
1634 3789 1716 3819 fuerit
1738 3790 1766 3818 in
1790 3788 1952 3824 Praernissrs,
1977 3788 2022 3817 vel
2043 3789 2138 3824 aliquo
2160 3788 2323 3819 Praemisso-

1272 3837 1335 3857 rum
1351 3850 1360 3865 ,
1386 3827 1420 3858 &
1439 3827 1518 3865 quod
1541 3827 1668 3857 dabimus
1692 3827 1796 3856 Lireras
1818 3827 1923 3856 nostras
1945 3823 2195 3866 Confirmatorias,
2222 3826 2322 3858 nostro

1273 3864 1385 3904 Magno
1409 3865 1506 3904 Sigillo
1521 3866 1650 3905 ·ligillatas
1665 3888 1675 3904 ,
1702 3866 1778 3903 siper
1796 3865 1847 3894 hiis
1872 3873 1935 3901 quae
1959 3865 1997 3893 lic
2019 3862 2201 3894 Concordata
2221 3873 2322 3903 erunt,

1271 3905 1305 3935 &
1324 3914 1354 3934 ea
1369 3926 1379 3941 ,
1402 3913 1536 3941 quantum
1559 3907 1587 3934 in
1611 3905 1693 3934 nobis
1712 3904 1769 3941 est,
1793 3904 1894 3939 abique
1918 3901 2012 3930 fraude
2031 3901 2075 3931 vel
2096 3903 2170 3931 malo
2189 3904 2322 3943 ingenio,

1271 3943 1300 3972 in
1322 3942 1456 3972 omnibus
1478 3944 1577 3980 exequi
1598 3943 1746 3979 faciemus,
1771 3950 1824 3970 nec
1850 3949 1973 3976 unquam
1995 3938 2152 3978 Dicemus,
2169 3940 2322 3981 faciemus,

1272 3981 1317 4010 seu
1341 3990 1550 4018 proponemus,
1577 3981 1605 4011 in
1623 3980 1740 4019 Judicio
1757 4001 1767 4017 ,
1790 3978 1837 4009 vel
1863 3986 1936 4008 eXtra
1950 4000 1960 4015 ,
1984 3979 2138 4016 quicquam
2162 3978 2191 4009 in
2213 3989 2325 4010 contra-

1272 4019 1344 4049 rium
1352 4040 1361 4056 ‚
2234 4057 2253 4075 'R
2271 4055 2332 4085 Da-

2327 1448 2364 1467 m.
2383 1446 2430 1474 43.

2450 3392 2455 3396 -
2436 3340 2464 3360 c
