2562 4274
704 167 813 207 ET
895 169 1164 210 ACTA

0 243 64 274 ann.
83 241 121 272 D·
143 246 286 278 dilationes
305 249 338 280 &
362 250 587 287 prorogationes‚
614 252 792 282 continentes
810 253 889 291 quod
912 264 965 284 nec
990 256 1049 284 Nos
1065 265 1120 285 nec
1143 254 1199 291 ipsa

10 290 95 320 14¹4·
145 290 264 316 Domina
280 287 297 305 ²*
312 290 449 317 Katerina
463 288 496 317 ad
511 289 584 318 aliud
605 288 822 319 Matrimonium
845 292 903 320 ullo
927 293 1014 322 modo
1029 295 1199 324 consentire-

0 328 100 366 ‘1222'35-
146 335 223 364 mus,
244 335 296 355 nec
313 325 558 364 contraheremus,
575 326 625 355 nili
639 327 729 356 solum
750 329 820 358 inter
837 329 903 359 Nos
919 329 1018 367 Duos,
1035 333 1105 362 intra
1127 340 1202 362 certa

0 368 7 379 ι
32 360 81 386 ιλ.
147 373 289 400 tempora,
305 363 364 401 jam
383 363 484 400 elapsa,
505 363 523 392 fi
537 364 693 394 commode
707 365 764 394 fieri
780 367 923 404 potuisset,
943 370 1185 408 contrahendum,

0 400 57 431 ¹67·
181 402 249 431 Nos
264 410 348 438 vero,
366 403 447 431 certis
463 411 495 431 ex
511 403 610 440 causis,
630 402 727 432 Nobis
743 405 771 432 in
790 404 841 434 hac
860 414 933 442 parte
949 408 1092 446 expositis,

183 440 328 478 Sperantes
342 440 370 468 in
387 438 521 469 Domino
534 441 614 478 quOd
627 441 718 472 adhuc
732 441 766 472 ad
782 442 888 473 Pacem
903 444 1012 475 finalem
1025 456 1074 483 per
1090 448 1145 478 vias
1161 446 1205 476 su-

147 477 283 517 pradictas
298 478 399 514 poterit
415 478 558 516 deveniri,

183 516 231 546 De
245 515 372 546 fidelitate
389 515 513 554 sincera,
528 518 561 547 ὃς
575 517 780 556 circumspecsta
800 519 962 560 prudentia,
981 522 1076 553 dileeti
1099 521 1203 553 Consi-

146 555 213 585 liarii
236 554 340 592 nostri,
358 554 484 593 Magistri
502 554 643 591 Johanm's
669 556 815 594 Propheta,
835 558 946 589 Decani
968 560 1103 591 Ecclesiae
1125 560 1205 590 Ebo-

147 603 227 630 rum,
245 593 278 624 &
294 592 381 631 Sigilli
393 591 481 622 nostri
493 592 598 622 Privati
613 592 763 632 Custodis,
783 596 938 634 plurimum
954 599 1144 637 confidentes,

188 633 234 664 Ad
255 630 485 662 Promittendum
508 631 540 660 &
555 629 730 671 Jurandum,
750 643 801 670 pro
822 634 934 673 Nobis,
950 638 982 667 &
1000 637 1132 667 Nomine
1152 647 1206 666 no-

151 671 225 709 stro,
244 671 277 702 &
300 671 405 700 Literas
425 669 480 712 suas
500 668 576 706 super
593 669 649 699 hoc
672 671 702 700 in
724 675 897 711 competenti
917 675 1011 705 forma
1029 676 1207 712 faciendum,

149 711 246 749 qubd,
266 709 349 747 usque
363 708 396 737 ad
410 708 485 737 diem
495 729 504 745 ,
521 717 568 744 per
584 708 674 745 ipsum
688 709 721 739 ad
737 710 793 740 hoc
807 711 1001 751 limitandum,
1020 714 1129 744 nullum
1138 723 1205 743 cum

150 757 330 787 quacumque
347 745 484 783 Muliere,
502 745 553 776 alia
565 747 579 775 a
593 746 668 776 dieta
679 749 817 778 Katerina
827 771 836 786 ,
854 750 1071 781 Matrimonium
1094 760 1207 781 contra-

150 789 265 824 hemus,
283 794 328 816 aut
350 783 429 823 super
456 784 512 814 hoc
535 785 751 823 quomodolibet
773 788 992 826 concludemus,
1009 790 1125 827 praefato
1141 789 1208 819 Ma—

151 825 238 894 gssstro
253 823 398 863 Johanni‚
413 823 530 854 Tenore
552 823 746 863 praesentium,
763 825 875 863 plenam
897 828 1102 857 committimus
1122 826 1208 857 Pote-

180 873 264 894 atem*

192 887 391 931 Pi-or'nittentes
406 901 435 930 in
447 899 523 930 bona
541 899 594 930 fide
608 901 641 931 &
657 901 746 931 verbo
761 901 873 940 Regio,
890 903 968 940 quod
990 901 1208 934 promissionem

154 942 187 972 &
199 939 395 978 juramentum
410 938 587 976 hujusmodi,
602 947 651 977 per
665 939 755 977 ipsum
771 940 927 976 Johannem
936 962 945 977 ‚
965 943 1081 971 nomine
1100 941 1209 979 nostro,

155 979 260 1017 fienda,
280 987 416 1017 quantum
431 976 465 1006 ad
482 976 550 1006 Nos
565 978 680 1014 attinet,
696 976 812 1007 fideliter
831 979 1009 1017 implebimus
1033 982 1066 1011 δε
1080 981 1210 1011 observa—

155 1019 247 1048 bimus
262 1015 437 1047 inconcuffe.

196 1056 230 1086 In
245 1057 322 1093 cujus
337 1056 375 1084 rei
390 1053 602 1083 Testimonium
616 1052 663 1082 has
678 1052 784 1083 Lireras
807 1053 914 1085 nostras
936 1055 1064 1087 Patentes
1084 1055 1159 1095 fieri,
1177 1057 1210 1087 &

161 1094 263 1132 Magni
281 1093 366 1124 nostri
382 1092 471 1127 Sigilli
485 1090 651 1129 appensione
665 1092 781 1122 fecimus
796 1096 977 1124 communiri.

201 1132 275 1162 Data
288 1133 315 1161 in
333 1130 442 1160 Palatio
458 1128 542 1167 nostro
556 1128 660 1167 lVestm.
677 1131 750 1161 xviii.
768 1130 812 1162 die
831 1130 938 1162 Menfis
952 1132 1105 1171 octobris,
1124 1133 1211 1163 Anno

163 1171 288 1201 Domini
305 1169 476 1206 Millesimo‚
495 1167 798 1207 Quadringenteiimo,
816 1169 929 1208 Quarto
950 1171 1082 1209 decimo,
1098 1172 1131 1202 δε
1151 1171 1211 1202 Re-

162 1211 210 1248 gni
224 1208 313 1239 nostri
323 1206 464 1239 Secundo.

808 1248 863 1276 Per
881 1247 961 1286 ipfizm
980 1250 1080 1285 Regem.

161 1378 209 1410 De
232 1373 419 1421 Intereffindo
442 1377 477 1412 ὠ
501 1374 671 1407 Ἱνιῑὲἶηηᾶο
694 1378 724 1407 in
749 1374 886 1407 Generali
904 1376 1050 1418 Concilio,
1077 1373 1215 1418 Constan-

564 1427 607 1456 tia:
631 1421 810 1457 celebrando.

11 1512 86 1542 Arm.
102 1510 143 1541 D.

41 1558 126 1588 1414.

10 1594 63 1616 Aa.
80 1599 106 1615 2·

167 1510 291 1568 REX
309 1509 468 1543 Omnibus,
489 1507 522 1540 ad
538 1519 625 1549 quos,
641 1509 702 1541 &ct
722 1505 854 1541 Salutem.
1196 1545 1201 1552 Α

265 1550 355 1588 Qiia,
373 1558 431 1578 tam
445 1558 492 1587 per
508 1549 628 1587 Literas,
648 1545 817 1579 Sanetiffimi
830 1549 858 1578 in
872 1546 969 1578 Cristo
985 1545 1089 1586 Patris,
1109 1547 1215 1578 Domi-

165 1588 194 1617 ni
208 1587 347 1625 Johannis
361 1589 442 1624 Papae
460 1586 578 1626 Vicqfimi
590 1590 690 1625 Tertii,
709 1588 794 1625 quam
808 1596 856 1625 per
872 1587 930 1625 ejus
945 1586 1080 1617 Oratores
1095 1586 1213 1624 solemp-

165 1636 212 1656 nes
228 1625 325 1655 Nobis
348 1626 377 1655 in
399 1628 451 1655 hac
464 1634 542 1671 parte
565 1624 749 1662 transmissos,
763 1625 822 1655 satis
844 1625 970 1662 constat,
989 1625 1068 1663 quOd
1084 1633 1135 1662 pro
1155 1623 1216 1655 Re-

165 1664 350 1701 formatione,
369 1663 477 1693 Divina
492 1663 618 1700 favente,
632 1663 764 1694 Ecclesiae
775 1663 936 1700 Militantis,
947 1663 1107 1694 Clementia
1117 1662 1216 1700 ,Con-

164 1702 260 1732 cilium
275 1710 469 1732 convocatum
485 1700 525 1731 est
540 1700 686 1739 Generale,
706 1701 905 1732 celebrandum
919 1703 1078 1731 incivitate
1088 1701 1216 1740 Constan-

164 1739 256 1780 tienfi,
271 1742 304 1770 &
319 1739 511 1778 incipiendum
525 1740 571 1770 die
585 1741 680 1778 primo
695 1739 801 1769 Mensis
814 1739 994 1771 Novembris
1009 1741 1142 1777 proximo
1158 1741 1214 1777 jam

163 1778 260 1809 futuro
275 1802 284 1817 ,
311 1788 377 1810 cum
399 1777 623 1808 Continuatione
645 1779 678 1809 &
700 1778 899 1816 prorogatione
919 1778 1027 1808 dierum
1054 1778 1216 1817 subsequen-

162 1819 232 1847 tium
243 1840 251 1854 ,
271 1818 290 1847 fi
306 1817 447 1855 expediat,
465 1818 548 1846 etiam
562 1817 595 1847 &
612 1816 779 1854 Locorum,
798 1818 827 1846 in
844 1827 919 1854 quo,
938 1817 956 1847 si
973 1816 1059 1846 causae
1075 1818 1157 1847 variae
1174 1827 1214 1846 ra-

162 1856 307 1886 tionabiles
320 1866 380 1886 non
395 1854 557 1893 obstarent,
574 1863 609 1885 ex
624 1855 689 1885 totis
706 1855 866 1892 praecordiis
882 1854 1058 1893 personaliter
1075 1855 1215 1885 interesse-

163 1904 226 1924 mus

200 1918 248 1963 Se't
267 1933 331 1970 quia
351 1931 440 1962 taliter
463 1930 608 1969 praepediti
626 1931 706 1970 quod
729 1931 835 1962 ibidem
881 1932 959 1970 juxta
984 1939 1084 1962 votum
1111 1930 1214 1961 nostrae

164 1971 280 2008 mentis,
299 1970 475 2010 personaliter
498 1970 624 2000 interesse
646 1971 810 2008 nequimus,
863 1970 1012 2000 enerabiles
1037 1970 1146 2007 Patres,
1163 1971 1218 1999 Ni-

163 2008 283 2039 cholaum
305 2007 423 2038 Bathon.
445 2006 483 2042 ὦ·
508 2007 621 2038 ῙῶἓΙΙεη.
643 2009 786 2038 Robertum
809 2012 922 2044 Sarum,
939 2007 1098 2046 Johannem
1119 2011 1217 2038 Mene-

163 2059 227 2077 ven.
248 2046 303 2078 Dei
326 2046 427 2083 gratia,
445 2045 615 2085 Episcopos,
633 2056 678 2083 ac,
707 2046 875 2077 cariffimum
896 2046 1145 2085 Consanguineum
1163 2056 1217 2076 no-

164 2086 269 2122 strum,
293 2084 435 2114 Ricardum
458 2088 584 2114 Comitem
616 2087 792 2122 Warrwt‘cae,
815 2085 849 2116 &
863 2107 874 2123 ,
897 2084 1074 2121 Religiosum
1097 2084 1217 2120 Virum,

165 2122 342 2154 Willielmum
351 2122 490 2153 Abbatem
506 2122 798 2163 Westmonasterienfi’m
808 2146 817 2160 ‚
834 2133 885 2160 ac,
902 2117 1040 2154 dilec'tum
1056 2125 1088 2154 &
1104 2123 1215 2154 fidelem

165 2163 312 2200 nostrum,
331 2164 477 2191 Henricum
495 2164 641 2190 Dominum
662 2165 728 2191 Fitz
748 2161 831 2199 Hugh
855 2161 1049 2192 Camerarium
1070 2161 1216 2200 nostrum,

166 2210 280 2231 necnon
294 2222 303 2238 ,
328 2200 488 2237 religiosum
510 2199 629 2238 Virum,
653 2199 813 2237 Johannem
837 2202 957 2230 Priorem
979 2202 1144 2238 Wsgorniae,
1163 2210 1215 2238 ac,

166 2239 299 2270 Dilectos
313 2240 345 2268 &
361 2238 465 2268 Fideles
479 2237 608 2276 nostros,
628 2237 779 2268 Walterum
801 2238 979 2277 Hungerford
994 2239 1026 2269 &
1048 2237 1216 2276 Radulphum

166 2275 335 2316 Rochesord,
353 2276 479 2313 Milites,
497 2278 530 2308 &
553 2276 690 2306 dilectum
710 2276 856 2307 Clericum
875 2277 1024 2315 nostrum,
1043 2276 1216 2316 Magistrum

166 2315 324 2355 Johannem
346 2314 523 2354 Honyngham
546 2314 657 2353 Legum
678 2314 867 2345 Professorem
885 2315 1136 2346 Prothonotarium
1163 2325 1218 2345 no-

166 2355 275 2389 strum,
291 2353 401 2383 nostros
416 2351 648 2391 Ambaffiatores,
663 2353 815 2392 Oratores,
832 2363 913 2384 veros
923 2355 956 2386 δε
969 2354 1137 2384 indubitatos
1144 2352 1217 2385 Pro·

168 2401 324 2429 curatores,
345 2392 482 2429 Adtores,
508 2390 654 2429 Faciores,
672 2392 705 2422 &
733 2391 868 2422 Nuncios
887 2391 1032 2430 speciales,
1056 2391 1216 2422 Constitui-

167 2441 247 2469 mus,
264 2430 410 2466 Facimus,
426 2430 459 2461 &
469 2429 605 2460 Creamus
619 2439 668 2469 per
683 2429 845 2468 Praesentes,
864 2431 897 2460 ad
911 2430 1146 2469 Interessendum,
1164 2440 1218 2470 pro

165 2469 264 2500 Nobis
279 2469 310 2498 &
326 2468 461 2498 Nomine
475 2467 592 2504 nostre,
609 2468 638 2497 in
651 2468 790 2506 praedieto
806 2467 944 2499 Concilio
956 2469 1108 2506 Generali,

204 2507 331 2536 Necnon
355 2507 388 2536 ad
409 2506 605 2537 Traetandum
622 2530 631 2541 ,
655 2505 959 2545 communicandum,
977 2509 1010 2538 ὃς
1033 2507 1219 2538 Concluden-

168 2545 256 2583 dum,
273 2544 309 2574 de
323 2546 355 2576 &
370 2544 447 2582 super
463 2544 677 2575 Reformatione
691 2544 859 2576 Universalis
870 2545 1022 2584 Ecclesiae‚
1040 2554 1096 2576 tam
1115 2547 1144 2576 in
1161 2545 1219 2577 Ca-

173 2585 248 2622 pite,
266 2584 354 2620 quam
367 2584 395 2612 in
413 2583 571 2620 Membris,

208 2622 254 2652 Ad
276 2620 517 2652 Consentiendum
538 2622 637 2659 etiam,
659 2621 809 2660 Agendum
824 2645 833 2660 ,
852 2622 897 2654 vel
916 2622 1143 2654 Diffentiendum
1161 2633 1220 2654 non

169 2659 281 2695 fiendis,
296 2660 372 2698 juxta
390 2659 627 2690 Deliberationem
642 2659 712 2690 dieti
726 2660 848 2692 Concilii
858 2684 867 2700 ,
886 2663 919 2694 &
933 2670 1017 2700 prout
1029 2663 1067 2692 eis
1082 2672 1134 2700 pro
1149 2660 1221 2693 Uti-

169 2699 244 2729 litate
257 2698 390 2728 Ecclesiae
406 2698 545 2730 videbitur
558 2697 732 2734 faciendum,

210 2736 420 2774 promittentes,
448 2738 524 2767 bona
546 2736 616 2774 fide,
634 2736 701 2766 Nos
720 2737 847 2774 Ratum,
866 2737 1010 2776 Gratum,
1035 2740 1069 2770 ὃς
1091 2738 1221 2769 Firmum

170 2777 307 2814 perpetuo
331 2775 470 2805 habituros
488 2783 579 2806 toturn
600 2776 633 2806 δί
650 2776 783 2814 quicquid
794 2798 803 2813 ,
823 2786 870 2814 per
884 2776 976 2806 dictos
990 2777 1222 2816 Ambaffiatores,

171 2814 319 2851 Oratores,
339 2813 540 2844 Procuratores
554 2813 681 2851 nostros,
699 2823 745 2844 aut
758 2815 894 2852 majorem
910 2814 1021 2845 Partem
1038 2816 1225 2855 eorumdem,

172 2853 298 2889 Actum,
314 2851 449 2890 Factum,
467 2851 511 2882 seu
534 2850 656 2882 Gestum
677 2853 760 2884 fuerit
778 2853 808 2882 in
830 2852 993 2892 Praemiffis‚
1012 2855 1044 2885 &
1068 2855 1096 2884 in
1115 2854 1225 2894 singulis

172 2890 403 2927 Praemifforum,

207 2929 245 2959 Er
258 2929 315 2959 hoc
330 2929 422 2966 idem,
442 2928 510 2959 cum
524 2927 560 2960 de
575 2938 610 2958 eo
631 2929 768 2959 certiorati
790 2929 938 2969 fuerimus,
957 2939 1091 2968 quantum
1104 2931 1138 2961 ad
1157 2930 1227 2961 Nos

173 2966 208 3035 gc
223 2966 414 3035 Chiistianum
436 2966 599 3006 Principem
617 2968 732 3006 attinet,
750 2967 918 2999 Executioni
940 2968 1043 3000 debitae
1065 2970 1225 3000 curabimus

194 3013 274 3034 eman
294 3015 347 3035 are.

212 3042 246 3072 In
261 3043 337 3085 cujus
352 3045 389 3073 rei
402 3043 619 3077 Testimonium
632 3043 679 3074 has
702 3044 807 3075 Literas
828 3045 932 3075 nostras
945 3045 1078 3076 Patentes
1096 3044 1174 3084 fieri,
1192 3046 1225 3077 &

175 3080 277 3118 Magni
290 3081 377 3119 Sigilli
393 3081 479 3111 nostri
492 3083 651 3113 munimine
667 3082 782 3113 fecimus
796 3085 929 3114 roborari.

211 3119 280 3149 Dat.
297 3119 326 3148 in
341 3119 448 3149 Palatio
467 3121 551 3160 nostro
568 3120 674 3160 Westm.
694 3122 831 3153 vicesimo
847 3122 891 3153 die
906 3121 1050 3152 octobris.

10 1654 97 1695 franc:-

13 1715 39 1734 2.
57 1711 89 1732 H.
100 1714 126 1739 ἲ.

10 1754 48 1772 m·
70 1753 114 1780 15·

306 3241 333 3268 ’k
346 3243 392 3274 De
415 3242 582 3276 Trafbando
596 3244 685 3291 fitper
704 3248 789 3293 Ligis
811 3259 879 3280 cum
900 3250 1094 3294 Imperatore.

176 3328 302 3387 REX
321 3328 483 3366 Omnibus,
502 3328 535 3360 ad
551 3339 638 3368 quos,
656 3332 716 3362 &c.
734 3331 868 3362 Salutem.

292 3367 409 3398 Notum
424 3368 504 3398 vobis
519 3368 636 3398 facimus
648 3370 728 3405 quod
744 3370 828 3405 Nos,

215 3406 263 3436 De
277 3406 419 3437 Fidelitate
432 3406 564 3444 probata,
581 3406 734 3445 Industria,
752 3409 784 3437 ὃς
801 3408 1067 3446 Circumspefflone
1085 3411 1207 3448 providis
1220 3433 1230 3449 ,

179 3443 389 3475 Venerabilium
405 3446 433 3474 in
457 3444 573 3474 Christo
594 3444 707 3475 Patrum
723 3468 732 3483 ,
757 3445 884 3475 Nicholai
906 3447 1025 3478 Bathon.
1053 3446 1091 3482 ὁ·
1117 3449 1230 3478 Wllm.

151 3508 156 3514 .
177 3482 288 3512 Robertt‘
299 3487 413 3520 Sarum,
430 3484 463 3514 ὃς
478 3482 619 3521 Johanm's
637 3487 783 3513 Meneven.
808 3484 1028 3523 Episcoporum,
1051 3497 1102 3525 ac,
1128 3487 1230 3518 cariffi-

181 3523 222 3551 mi
237 3521 443 3561 Consanguinei
457 3522 559 3558 nostri,
579 3522 685 3551 Ricardi
699 3525 807 3551 Comitis
819 3525 996 3560 lsVarrwicae,
1013 3527 1125 3554 Henrici
1136 3529 1231 3555 Domi-

178 3563 211 3589 ni
223 3563 289 3589 Fitz
301 3560 384 3597 Hugh
399 3560 553 3590 Camerarii
568 3560 671 3599 nostri,
691 3560 806 3589 Walteri
819 3560 1006 3601 Hungerford,
1024 3564 1159 3602 Radulphi
1176 3567 1229 3593 Ro-

181 3597 303 3636 chey‘ord,
322 3599 470 3635 Militum,
489 3600 521 3630 ὃς
533 3621 541 3636 ,
559 3598 654 3629 dilecti
675 3598 782 3628 Clerici
805 3599 915 3637 nostri,
943 3601 1070 3639 Magistri
1091 3602 1230 3640 Johannis

175 3637 357 3704 ffonyngham
370 3637 482 3677 Legum
495 3637 632 3667 DoCtoris
647 3637 856 3667 Protbonotarii
873 3638 976 3678 nostri,
998 3640 1117 3677 plenarie
1142 3641 1233 3670 confi-

199 3684 292 3713 enteS,

176 3750 197 3780 d
213 3712 259 3781 Agl
272 3713 482 3752 Tractandum,
500 3713 757 3752 Conveniendum,
778 3712 1040 3754 Concordandum,
1060 3717 1092 3747 &
1105 3715 1235 3747 Conclu-

198 3760 233 3781 en
255 3761 304 3782 um

171 3804 180 3807 -
217 3774 404 3820 Invic'tiffimo
419 3791 453 3822 δῦ
467 3790 740 3829 Superillustriffimo
756 3792 782 3820 in
799 3789 915 3820 Christo
931 3790 1074 3829 Principe,
1092 3792 1236 3832 Sigifinun-

181 3825 233 3864 do,
251 3826 306 3856 Dei
317 3828 421 3866 gratia,
435 3832 627 3867 Romanorum,
645 3830 678 3860 ὃς
690 3832 835 3866 Ungariae,
853 3829 1017 3866 Dalmaciae,
1037 3834 1170 3868 Croaciae,
1184 3835 1236 3860 Re-

178 3875 228 3907 ge,
247 3864 293 3894 seu
310 3865 344 3894 ad
359 3866 417 3896 hoc
433 3877 480 3904 per
494 3877 561 3898 eum
574 3868 737 3908 DeputatiS,
763 3867 933 3897 Mandatum
956 3869 986 3898 in
1006 3878 1038 3898 ea
1061 3878 1136 3908 parte
1160 3870 1237 3901 suffi-

166 3919 168 3921 -
186 3911 261 3932 ciens
276 3903 457 3943 habentibus,

221 3940 311 3977 Super
320 3942 549 3984 ¹quibuscumque
567 3945 663 3982 Ligis,
692 3943 1012 3982 Confoederationibus,
1036 3946 1069 3976 &
1096 3946 1237 3977 Amicitiis

185 3987 243 4009 tarn
261 3979 396 4017 realibus,
415 3982 499 4017 quam
516 3983 718 4020 personalibus,

1266 171 1742 224 PUBLrCA.
2262 200 2313 241 91

1241 265 1313 294 que,
1331 268 1365 288 ex
1381 262 1452 299 una,
1470 262 1503 292 &
1518 263 1625 302 ipsum,
1644 265 1860 300 Inviffimmum
1881 271 1915 302 ὃς
1938 272 2242 310 Superillustrisfimum
2265 276 2293 305 in
2323 272 2394 302 Anii.
2411 270 2453 301 D.

1240 294 1359 359 {bristo
1376 299 1537 343 Principem
1548 324 1557 338 ,
1574 305 1765 344 Romanorum,
1784 308 1817 337 &
1834 312 1968 349 Ungariae,
1987 311 2149 351 Dalmaciae,
2166 317 2294 351 Croaciae,
2339 318 2426 347 1414„

1267 344 1336 369 egem
1344 357 1352 372 a
1372 337 1550 369 Succeliores
1562 339 1623 369 suos
1632 364 1640 377 ,

1242 369 1261 399 S
1326 374 1329 377 Ι
1453 376 1461 382 ⁷
1660 341 1861 375 Romanorum
1882 348 1974 387 Reges
1991 372 1999 386 ,
2018 350 2071 380 sive
2095 350 2297 389 Imperatores,
2319 353 2381 376 Hm-
2398 358 2425 382 5—

1266 373 1375 403 ubditos
1390 378 1422 405 &
1437 376 1567 406 vaisallos
1580 378 1656 415 suOS,
1673 380 1789 420 Regna,
1806 384 1926 423 Terras,
1945 388 1977 417 ἃ
1994 387 2133 419 Dominia
2155 390 2198 419 sua
2223 399 2301 426 quie·

1242 418 1438 487 {ciiimetffilquex
1452 415 1537 445 altera
1551 425 1643 454 parte,
1663 417 1870 452 Contrahendis
1885 425 1918 455 &
1934 424 2081 464 ineundis,
2101 429 2249 466 perpetuo,
2258 427 2303 458 vel

1406 475 1413 488 ³

1280 486 1326 516 Ac
1342 498 1430 531 nuper
1443 492 1518 521 initis
1530 492 1563 522 &
1578 491 1738 524 Contractis
1750 495 1951 537 prorogandis,

1260 562 1264 567 ⁵
1282 524 1328 569 Ac
1340 536 1423 569 etiam
1437 529 1472 558 de
1490 530 1595 574 modo,
1607 532 1775 574 '&·ibrma,
1799 535 1832 564 δε
1852 540 2001 573 quantitate
2020 539 2140 580 Amulii,
2165 541 2296 573 Subven-

1246 570 1345 602 tionis‚
1365 569 1407 596 ieu
1429 567 1565 606 Subsidii,
1583 569 1717 599 hincinde
1734 574 1835 602 mutuo
1850 574 2095 608 ministrandorum

1286 601 1415 647 Necnon
1430 605 1507 649 super
1524 606 1658 636 omnibus
1672 609 1705 638 &
1726 609 1835 648 singulis
1856 611 1988 643 Articulis
2001 636 2010 650 ,
2039 604 2302 655 quaritumcumque

1245 642 1423 680 specialibus,
1442 653 1489 681 qui
1507 644 1605 688 Ligas,
1624 645 1911 687 Confoederationes‚
1931 651 1974 680 seu
1989 652 2226 693 Amicitias,inter
2235 657 2303 687 Nos

1247 680 1441 723 &uprirfatum
1457 705 1467 717 ,
1494 682 1711 713 invictissimum
1731 687 1765 716 &
1786 685 1876 723 Super
1898 688 2108 722 illustrissimum
2129 695 2157 723 in
2182 693 2302 724 Christo

1247 718 1426 755 Princ1pem,
1443 722 1636 762 Romqnorum,
1654 719 1692 756 ό·
1707 725 1850 762 Ungariae,
1869 725 2020 756 Dalmaciae
2033 750 2042 765 ,
2067 732 2184 760 Croaciae
2206 735 2300 769 Regem

1247 757 1449 800 contrahendas
1462 758 1498 800 &²
1512 760 1672 797 firmandas,
1688 770 1859 792 concernere
1872 766 1993 801 poterint
2008 768 2107 802 quovis
2122 769 2210 799 modo
2233 780 2303 800 cum

1247 803 1346 824 eorum
1361 794 1570 838 Iiicidentibus,
1585 796 1817 837 Emergentibus,
1838 800 2072 838 Dependentibus
2095 807 2128 835 ὃ(
2153 793 2275 837 Ann'exis

1287 832 1332 861 Ac
1344 841 1441 875 omnia
1456 834 1489 863 &
1505 833 1610 878 singula
1645 845 1708 873 quae
1722 837 1760 866 fic
1776 839 1906 877 transsata,
1925 842 2112 881 concordata,
2130 843 2163 873 ὃς
2177 833 2306 875 conver’i-

1247 877 1275 899 ta
1293 870 1414 914 fuerint,
1431 881 1499 901 cum
1512 882 1593 902 omni
1631 875 1778 913 ecuritate,
1797 876 1889 907 debita
1905 879 1937 909 ὃς
1952 879 2066 910 honesta
2080 881 2110 910 in
2130 882 2187 912 hoc
2215 881 2286 913 Casu

1249 907 1382 939 Nomine
1399 909 1514 947 nostro,
1536 910 1736 950 Firmandum,
2294 905 2304 921 '

1286 946 1333 990 Ac¹
1346 957 1446 979 omnes
1460 949 1499 992 &¹
1508 949 1688 980 omnimodas
1702 951 1886 991 Securitates,
1905 954 1988 986 reales
2003 955 2037 986 δε
2089 956 2221 995 rsonales,
2247 968 2302 995 pro

1247 983 1346 1029 Nobis
1359 986 1392 1017 ὃς
1406 986 1537 1016 Nomine
1552 987 1666 1026 nostro,
1685 988 1840 1020 Petendum
1851 1014 1860 1029 ,
1876 992 1908 1022 &
1922 992 2046 1032 Stipulan
2069 1005 2134 1033 um,
2154 997 2188 1027 ὃς
2217 995 2307 1028 Reci-

1248 1023 1384 1060 piendum
1397 1047 1405 1061 ,
1420 1024 1652 1068 Jurandumque,
1671 1027 1698 1056 in
1716 1028 1851 1059 Animam
1868 1030 1991 1061 nostram
2001 1054 2010 1070 ,
2030 1034 2110 1070 quod
2124 1033 2256 1065 Tractata
2271 1035 2307 1067 δε

1248 1060 1430 1092 Concordata
1446 1063 1602 1099 hujusmodi
1615 1064 1688 1095 Rata
1701 1065 1865 1098 habebimus
1884 1069 1916 1098 &z
1933 1069 2037 1108 Grata,
2055 1081 2109 1102 nec
2123 1073 2224 1111 aliquid
2239 1083 2306 1112 pro-

1247 1101 1407 1144 curabimus
1422 1102 1626 1144 velfacienius,
1647 1112 1694 1140 per
1709 1104 1784 1142 quod
1799 1106 1912 1137 tractata
1928 1108 1961 1139 &
1976 1110 2149 1141 concordata
2161 1110 2305 1149 hujusmo-

1247 1138 1276 1168 di
1292 1138 1398 1169 effeetu
1411 1140 1507 1169 debito
1520 1139 1639 1170 trustrari
1657 1150 1803 1181 poterunt,
1821 1143 1866 1174 seu
1882 1147 2098 1182 quomodolibet
2122 1150 2270 1188 impediri,

1286 1177 1331 1219 Ac
1344 1177 1541 1220 juramentum
1557 1179 1702 1210 consimile
1717 1181 1752 1210 ab
1767 1182 1887 1220 eodem,
1905 1184 2089 1216 invictiffimo
2107 1195 2140 1217 ac
2162 1188 2303 1224 superillu-

1247 1214 1380 1244 striffimo
1395 1225 1423 1244 in
1439 1215 1557 1245 Christo
1572 1216 1721 1255 Principe,
1740 1220 1933 1260 Romanorum,
1958 1222 1997 1258 ὠ·
2018 1228 2163 1264 Ungariae,
2185 1225 2307 1255 Dalma-

1249 1255 1311 1290 ciae,
1329 1255 1446 1282 Croaciae
1461 1256 1547 1297 Rege,
1565 1253 1609 1284 seu
1621 1256 1677 1292 ejus
1691 1256 1725 1286 ad
1740 1255 1797 1287 hoc
1812 1256 1973 1298 Deputatis,
1991 1261 2162 1301 Petendum‚
2181 1263 2303 1304 Exigen-

1247 1291 1316 1320 dum
1325 1313 1334 1327 ,
1351 1291 1385 1320 δε
1399 1291 1605 1329 Recipiendum
1616 1314 1625 1330 ,
1989 1308 1992 1310 ·

1286 1328 1449 1373 Caeteraque
1463 1330 1601 1373 omnia&
1616 1330 1719 1370 lingula
1733 1332 1905 1364 Faciendum
1915 1358 1925 1374 ,
1945 1335 2172 1378 Excercendum,
2189 1341 2223 1371 δε
2243 1340 2303 1371 Ex-

1251 1366 1439 1412 pediendum,
1456 1378 1518 1406 qua:
1543 1378 1571 1398 in
1596 1368 1747 1400 Praemiffis
1767 1372 1800 1401 ὃ(
1824 1373 1898 1403 circa
1916 1384 1947 1404 ea
1969 1377 2118 1408 neceffaria
2137 1378 2240 1409 fuerint
2259 1380 2305 1411 seu

1252 1405 1468 1449 quomodolibet
1481 1415 1637 1451 oportnna,
1655 1418 1687 1439 ac
1701 1418 1766 1447 quae
1782 1410 1895 1447 qualitas
1909 1412 1943 1441 &
1956 1422 2051 1444 natura
2065 1415 2221 1452 hujusmodi
2234 1417 2269 1447 N
2271 1428 2300 1448 e-

1253 1453 1323 1480 gotii
1338 1453 1449 1488 exigunt
1465 1445 1497 1475 ὅ(
1512 1455 1655 1482 requirunt
1666 1469 1675 1484 ,
1692 1447 1725 1478 &
1739 1457 1803 1486 quae
1829 1449 1988 1489 nosmetipsi
2009 1451 2102 1482 facere
2122 1455 2263 1492 possemus
2284 1457 2304 1487 si

1252 1482 1426 1519 personaliter
1437 1483 1644 1522 interessemus,
1661 1486 1743 1515 etiam
1758 1484 1778 1515 fi
1793 1486 1854 1518 talia
1869 1487 1960 1518 forent
1976 1499 2040 1527 quae
2064 1490 2229 1523 Mandatum
2244 1496 2304 1525 exi-

1249 1529 1347 1560 gerent
1366 1530 1627 1561 quantumcumque
1640 1524 1755 1561 speciale
1764 1546 1773 1561 ,

1289 1559 1394 1590 Dictos
1410 1560 1588 1591 Venerabiles
1601 1562 1631 1590 in
1656 1560 1773 1592 Christo
1797 1561 1891 1594 Patres
1905 1587 1914 1602 ,
1941 1563 2103 1595 Nicholaum
2125 1567 2246 1599 Bathon.
2264 1568 2303 1604 ό

1252 1597 1363 1628 Wellen.
1382 1599 1524 1628 Robertum
1540 1602 1654 1637 Sarum,
1671 1601 1704 1631 &
1718 1599 1875 1638 Johannem
1892 1605 2038 1633 Meneven.
2059 1603 2221 1644 Episcopos,
2238 1614 2307 1638 neci

1251 1647 1308 1666 non
1324 1637 1434 1666 dic‘ium
1450 1636 1698 1676 Consanguineum
1712 1638 1841 1669 nostrum
1854 1642 2000 1670 Ricardum
2014 1645 2159 1680 Comitem,
2179 1645 2212 1675 &
2234 1655 2306 1683 prae-

1251 1675 1336 1713 fms,
1357 1677 1501 1705 Hem-icum
1516 1679 1660 1706 Dominum
1674 1680 1740 1706 Fitz
1754 1678 1838 1714 Hugh
1854 1679 2048 1710 Camerarium
2073 1681 2216 1721 nostrum,
2229 1683 2306 1713 Wal-

1250 1719 1337 1742 terum
1354 1715 1387 1745 &
1404 1714 1572 1752 Radulphum
1607 1714 1729 1751 Milites,
1746 1716 1779 1746 ὅ(
1792 1717 1900 1747 dietum
1917 1717 2062 1749 Clericum
2077 1720 2223 1759 nostrum,
2242 1721 2308 1753 Ma-

1251 1752 1368 1790 gistrum
1390 1753 1549 1791 Johannem
1597 1762 1680 1792 egum
1702 1753 1864 1785 Doctorem
1884 1755 2132 1787 Prothonotarium
2152 1759 2282 1792 nostrum
2297 1783 2310 1800 ‚

1251 1792 1384 1828 Septem,
1399 1792 1470 1828 SeX,
1490 1791 1628 1830 Qiinque
1644 1814 1653 1830 ,
1679 1792 1711 1822 &
1735 1792 1869 1830 Quatuor
1887 1804 1988 1825 eorum
2008 1797 2152 1833 (quorum
2174 1798 2308 1836 Quatuor

1252 1829 1335 1859 Duos
1347 1830 1382 1859 de
1398 1830 1515 1869 praefatis
1529 1833 1648 1867 Comite,
1667 1833 1800 1868 Hetzrico,
1821 1831 1941 1862 Wltero
1955 1834 1988 1863 &
2000 1834 2140 1872 Radulpho
2161 1837 2219 1867 ess'e
2243 1837 2304 1867 Vo-

1251 1867 1364 1905 lumus)
1384 1867 1494 1898 nostros
1515 1867 1656 1905 legitimos
1679 1870 1712 1900 &
1733 1869 1902 1900 indubitatos
1923 1871 2136 1911 Procuratores,
2159 1873 2307 1913 Negotio-

1253 1915 1315 1936 rum
1330 1906 1480 1944 Gestores,
1498 1905 1731 1944 Commiffiirios,
1750 1906 1925 1947 Deputatos,
1952 1911 1984 1940 ὃς
2007 1910 2041 1941 N
2045 1913 2143 1942 uncios
2163 1911 2306 1952 speciales,

1252 1944 1398 1982 Facimus,
1414 1944 1564 1982 Creamus,
1584 1944 1756 1975 Ordinamus
1770 1945 1802 1975 ὅ(
1815 1945 2023 1978 Constituimus
2041 1958 2091 1985 per
2112 1951 2269 1986 praesentes.

1289 1982 1507 2021 PromittenteS,
1523 1983 1602 2013 bona
1615 1982 1669 2013 fide
1691 1983 1724 2014 &
1744 1984 1834 2013 verbo
1856 1986 1932 2024 regio
1944 2009 1954 2024 ,
1979 1996 2012 2017 ac
2033 1987 2083 2017 sub
2103 1987 2253 2026 Ypotheca
2271 1990 2306 2021 δε

1252 2019 1437 2060 Obligatione
1451 2022 1583 2051 omnium
1598 2020 1743 2052 Bonorum
1765 2021 1927 2053 nostrorum
1949 2024 2126 2062 praesentium
2149 2027 2182 2058 &
2200 2027 2310 2058 futuro-

1252 2069 1331 2097 rum,
1351 2069 1402 2090 nos
1415 2060 1522 2089 Ratum
1537 2059 1569 2089 δε
1583 2059 1706 2090 Gratum
1720 2059 1861 2090 habituros
1877 2063 2009 2101 quicquid
2022 2073 2071 2101 per
2085 2064 2177 2094 dictos
2197 2064 2306 2096 Procu-

1251 2107 1353 2128 ratores
1367 2098 1477 2129 nostros
1509 2097 1634 2136 Septem,
1650 2097 1723 2136 Sex,
1739 2098 1904 2137 *Qinque
1919 2101 1952 2131 ὃ(
1968 2101 2097 2139 Qatuor
2110 2111 2210 2133 eorum
2221 2104 2304 2142 (quo-
2321 2109 2340 2130 ἢ*
2360 2111 2414 2139 ῙΧ,·

1252 2145 1314 2166 rum
1333 2136 1463 2174 Qatuor
1511 2146 1561 2166 uos
1574 2136 1610 2166 de
1625 2136 1741 2173 praefatis
1756 2140 1871 2175 Comite,
1888 2140 2021 2176 Henrico,
2041 2140 2179 2178 Waltero,
2196 2142 2229 2173 &
2247 2145 2305 2172 Ra·
2323 2150 2385 2184 159,

1250 2174 1348 2212 dulpho
1363 2174 1419 2206 esse
1433 2174 1591 2214 Volumus)
1615 2174 1740 2212 Aetum,
1756 2174 1898 2215 Gestum,
1917 2177 1963 2208 seu
1979 2177 2200 2210 Procuratorum
2222 2180 2308 2216 fuerit

1251 2215 1280 2243 in
1298 2212 1447 2243 Praemiffis
1463 2213 1495 2243 ὃ(
1510 2213 1618 2251 lingulis
1634 2212 1856 2252 Praemissorum,
2239 2220 2247 2224 “

1290 2251 1324 2281 In
1339 2252 1417 2286 cuius
1431 2252 1470 2280 rei
1482 2250 1696 2281 Testimonium
1713 2251 1760 2281 has
1779 2252 1886 2283 Literas
1906 2253 2012 2284 nostras
2032 2254 2159 2287 Patentes
2180 2254 2253 2294 fieri,
2271 2257 2305 2289 &

1254 2289 1354 2327 Magni
1369 2289 1458 2326 Sigilli
1472 2288 1559 2318 nostri
1571 2289 1726 2319 munimine
1739 2289 1858 2321 fecimus
1871 2291 2004 2322 roborari.

1290 2328 1356 2360 Dat.
1370 2328 1400 2357 in
1413 2326 1524 2358 Palatio
1538 2326 1624 2368 nostro
1640 2327 1746 2369 Wstm.
1759 2328 1893 2360 vicesimo
1907 2329 1954 2361 die
1966 2330 2114 2362 Oetobris.

1874 2415 1927 2445 Per
1942 2414 2024 2454 ipsimi
2042 2420 2146 2456 Regem.

1258 2550 1305 2582 De
1324 2545 1442 2581 Abbate
1461 2546 1616 2590 Eboram,
1652 2545 1934 2591 Ambaffiatoribus‚
1963 2548 2006 2582 ad
2028 2549 2253 2596 Intereffbndum
2278 2554 2310 2584 in

1513 2598 1639 2630 Concilio
1658 2595 1883 2640 Constancicnst,
1909 2598 2054 2643 afflictata.

1262 2682 1386 2738 REX
1402 2682 1563 2720 Omnibus,
1581 2682 1614 2713 ad
1629 2692 1718 2721 quos,
1734 2682 1794 2713 δίε.
1813 2682 1943 2714 Salutem.
2330 2706 2357 2738 Α
2417 2705 2449 2737 D

1379 2721 1476 2752 Sciatis
1489 2721 1566 2759 quod
1577 2743 1586 2758 ,
2360 2716 2408 2737 ‘¹¹¹‘
2454 2728 2463 2736 ⁴

1298 2759 1379 2790 Cum
1393 2769 1480 2798 nuper
1493 2759 1748 2796 constituerimus,
1767 2759 1943 2799 Fecerimus,
1961 2760 1994 2791 ὃς
2010 2760 2209 2792 Creaverimus
2224 2785 2235 2801 ,
2253 2762 2314 2794 Ve-
2352 2754 2439 2783 ¹7¹4·

1260 2800 1394 2829 nerabiles
1408 2798 1517 2835 Patres,
1538 2796 1698 2827 Nicholaum
1713 2797 1836 2827 Bathon.
1853 2797 1891 2833 ό
1908 2798 2018 2829 Wellen.
2033 2799 2178 2830 Robertum
2200 2803 2313 2839 Sarum,
2329 2788 2381 2812 An.
2399 2793 2426 2810 ²¹

1259 2836 1418 2874 Johannem
1435 2839 1581 2866 Meneven.
1601 2835 1658 2865 Dei
1671 2837 1771 2874 gratia,
1791 2836 1959 2876 Episcopos,
1978 2847 2027 2875 ac,
2044 2839 2218 2868 cariffimum
2233 2839 2316 2869 Con-
2330 2827 2364 2888 ξ
2381 2830 2410 2857 5'
2449 2864 2455 2872 ,

1261 2875 1443 2912 sanguineum
1459 2874 1604 2911 nostrum,
1619 2874 1762 2904 Ricardum
1775 2878 1902 2904 Comitem
1917 2877 2090 2914 Wrriwici,
2110 2877 2160 2914 δε,
2186 2876 2313 2916 Religio-
2350 2868 2460 2912 '‘³⁷¹⁶‘²⁴‚

1263 2914 1322 2943 sum
1337 2913 1457 2951 Virum,
1477 2915 1517 2942 W
1518 2912 1655 2942 illielmum
1669 2913 1809 2942 Abbatem
1828 2913 2070 2953 lW’stmonasterii,
2089 2925 2122 2945 ac
2142 2938 2152 2952 ,
2177 2915 2313 2946 dilctfmm
2333 2903 2367 2927 H·
2388 2906 2415 2932 5¹

1263 2953 1296 2983 &
1309 2952 1418 2982 fidelem
1434 2951 1579 2989 nostrum,
1596 2953 1741 2980 Henricum
1761 2953 1904 2980 Dominum
1926 2955 1991 2981 Fitz
2012 2952 2095 2990 Hugh
2118 2952 2316 2985 Camerarium
2332 2947 2368 2965 m·
2385 2944 2427 2963 ¹¹*

1263 2990 1407 3029 nostrum,
1425 2999 1537 3020 necnon
1547 3012 1555 3028 ‚
1571 2989 1728 3027 religiosum
1744 2989 1862 3027 Virum,
1881 2991 2000 3019 Priorem
2015 2992 2164 3029 Wgorniae
2174 3014 2183 3029 ,
2200 3002 2245 3030 ac,
2262 2991 2320 3022 Di-

1264 3029 1351 3059 le&os
1365 3029 1398 3059 ὃς
1413 3028 1520 3060 Fideles
1532 3027 1655 3065 nostros,
1675 3026 1826 3056 Wlterum
1839 3027 2017 3068 Hungerford
2029 3030 2061 3059 ὃς
2080 3029 2250 3066 Radulphum
2262 3033 2318 3060 Ro-

1264 3065 1390 3106 cheford,
1410 3067 1535 3104 Milites,
1553 3066 1586 3096 &
1599 3065 1738 3096 diledmm
1754 3065 1900 3096 Clericum
1915 3066 2062 3104 nostrum,
2079 3067 2247 3107 Magistrum
2264 3068 2321 3107 Jo-

1263 3105 1380 3135 hannem
1397 3103 1575 3145 Honyngham
1591 3103 1700 3142 Legum
1716 3103 1905 3134 Profefforem
1920 3104 2171 3136 Prothonotarium
2183 3106 2321 3145 nostrum,

1265 3143 1376 3173 nostros
1392 3143 1624 3180 Ambaffiatores,
1641 3141 1791 3179 Oratores,
1808 3152 1889 3172 veros
1903 3143 1935 3173 &
1957 3143 2126 3174 indubitatos
2148 3145 2320 3176 Procurato-

1267 3191 1326 3219 res,
1346 3182 1480 3219 Aetores,
1499 3181 1648 3218 Faetores‚
1666 3181 1699 3210 &
1716 3180 1851 3210 Nuncios
1863 3181 2004 3218 speciales,
2022 3182 2055 3212 ad
2076 3181 2320 3222 Intereffendum,

1266 3230 1318 3258 pro
1330 3219 1428 3250 Nobis
1443 3221 1476 3251 &
1492 3219 1627 3249 Nomine
1641 3218 1756 3256 nostro,
1773 3220 1801 3248 in
1818 3218 1931 3249 Concilio
1948 3219 2078 3249 Generali
2101 3221 2268 3251 celebrando
2287 3222 2318 3251 in

1267 3262 1391 3288 civitate
1408 3256 1620 3297 Constancienfi,
1639 3258 1672 3287 &
1688 3258 1852 3294 incipiendo
1872 3258 1917 3287 die
1941 3257 2038 3287 Primo
2059 3258 2159 3288 menfis
2183 3259 2321 3289 Novem-

1266 3298 1323 3327 bris
1337 3298 1470 3335 proximo
1483 3298 1539 3334 jam
1553 3296 1742 3334 futur0,cum
1757 3294 1976 3327 Continuatione
1992 3296 2025 3326 &
2041 3295 2242 3335 Prorogatione
2250 3297 2324 3328 Die-

1268 3345 1332 3365 rum
1347 3335 1588 3373 subsequentium,

1303 3373 1432 3403 Necnon
1447 3374 1481 3404 ad
1496 3371 1700 3410 Tractandum,
1717 3370 2052 3410 Communicandum‚&
2068 3371 2325 3413 concludendum,

1270 3412 1352 3459 dex&
1366 3411 1449 3480 suplerl
1470 3411 1688 3478 Rgformatione
1709 3409 1881 3442 Universalis
1900 3411 2048 3450 Eccleliae,
2073 3420 2132 3442 tam
2154 3413 2183 3442 in
2205 3411 2323 3453 Capite,

1289 3460 1397 3480 namin
1452 3460 1499 3480 em
1521 3459 1556 3478 ris

1267 3461 1286 3489 q
1306 3488 1351 3518 Ad
1364 3471 1608 3518 Consentiend'um
1621 3487 1722 3525 etiam,
1746 3487 1896 3525 Agendum
1913 3510 1922 3525 ,
1939 3488 1984 3518 vel
2009 3486 2240 3520 Dissentiendum
2258 3499 2319 3519 non

1268 3526 1384 3564 fiendis,
1402 3527 1472 3556 ‘uxta
1487 3526 1728 3556 Deliberationem
1741 3525 1812 3556 dieti
1827 3525 1973 3564 Concilii,
1990 3525 2024 3556 δε
2039 3535 2124 3566 prout
2136 3529 2174 3557 eis
2196 3537 2249 3565 pro
2270 3525 2319 3557 U-

1272 3566 1367 3595 tilitate
1407 3564 1515 3594 cclesiae
1528 3564 1667 3593 videbitur
1680 3563 1841 3594 faciendum
1850 3586 1859 3601 ,

1304 3602 1393 3632 Prout
1409 3604 1438 3633 in
1455 3602 1555 3634 Literis
1568 3600 1669 3632 nostris
1684 3600 1860 3640 Patentibus,
1876 3601 1940 3633 inde
1952 3601 2112 3641 confectis,
2130 3602 2237 3642 plenius
2252 3611 2323 3632 con-

1270 3642 1389 3678 tinetur,

1308 3679 1389 3717 Nos,

1311 3717 1358 3747 De
1372 3716 1534 3754 Fidelitate,
1552 3715 1833 3755 Circumspeffione,
1851 3716 2031 3747 &Industria
2045 3739 2055 3754 ,
2073 3716 2177 3746 Dileeti
2193 3715 2276 3745 nobis
2295 3715 2326 3746 in

1273 3754 1408 3792 Christo,
1426 3754 1548 3788 religiosi
1563 3755 1629 3792 viri,
1647 3754 1754 3785 Thomae
1768 3754 1889 3794 Spoffier
1897 3755 2019 3785 Abbatis
2044 3755 2129 3784 beatae
2155 3755 2256 3782 Mariae
2282 3755 2326 3782 Ε-

1273 3795 1364 3824 borum
1373 3815 1382 3831 ,
1398 3793 1506 3831 plenius
1523 3792 1714 3831 confidentes,

1312 3831 1518 3862 Affociavimus
1529 3832 1611 3870 ipsism
1626 3831 1768 3861 Abbatem
1784 3831 1900 3869 praefatis
1914 3829 2045 3896 Epifiofis
2058 3851 2067 3867 ,
2085 3832 2196 3866 comiti,
2214 3827 2328 3860 Abbati

1277 3869 1513 3908 westmonasterii,
1530 3872 1682 3899 Camerario
1696 3868 1799 3908 nostro,
1815 3871 1919 3906 Priori,
1947 3870 1998 3897 Wa
2010 3875 2078 3904 tero,
2109 3866 2248 3904 Radulpho
2264 3891 2273 3905 ,
2292 3869 2327 3899 &

1277 3906 1421 3947 Jo'hanni,
1438 3907 1472 3936 ad
1485 3907 1698 3946 Tractandum,
1713 3905 2011 3943 Communicandum,
2029 3905 2062 3935 &
2077 3904 2330 3944 Concludendum,

1278 3947 1313 3976 de
1327 3947 1359 3975 &
1375 3945 1451 3984 super
1463 3944 1630 3983 Praemiffis,
1649 3947 1682 3977 &
1696 3946 1822 3984 quolibet
1837 3944 2060 3980 Praemifforum,
2077 3944 2132 3972 una
2146 3952 2214 3973 cum
2228 3944 2333 3975 eisdem

1282 3983 1428 4022 Epifiopis,
1445 3986 1564 4020 Comite‚
1583 3984 1698 4014 Abbate
1715 3982 1951 4022 Wstmonqsterii,
1971 3984 2125 4011 Camerario
2142 3981 2238 4021 nostro,
2256 3985 2334 4013 Prio-

223 4016 300 4046 Inter
317 4019 389 4054 Nox,
411 4018 444 4048 &
459 4019 637 4052 Successores
652 4021 777 4058 nostros,
797 4021 891 4058 Reges
907 4020 1033 4059 Angliae,
1058 4021 1190 4054 Subditos
1208 4024 1242 4056 &
1283 4033 1329 4058 re,
1348 4021 1486 4058 Waltero,
1502 4021 1641 4059 Radulpho
1652 4044 1661 4059 ,
1678 4023 1711 4052 &
1725 4020 1877 4058 Johanm,
1891 4020 1968 4056 juxta
1981 4020 2129 4050 Tenorem
2148 4020 2181 4051 δε
2198 4019 2337 4051 effectum

185 4054 322 4092 Vass'allos
338 4055 467 4094 nostros,
486 4056 606 4099 Regna,
624 4059 742 4099 Terras,
767 4060 800 4091 &
821 4058 966 4091 Dominia
986 4059 1080 4091 nostra
1099 4070 1246 4100 quaecum-
1289 4060 1444 4091 Literarum
1458 4059 1614 4091 nostrarum
1628 4059 1841 4100 praedie‘tarum,

249 4096 320 4123 Tom.
337 4096 383 4124 IV,
404 4096 435 4123 Ρ.
462 4097 505 4124 ΙΙ,

1836 4093 1876 4127 Μ
1892 4104 1911 4126 z
2273 4094 2344 4128 Pro·¹
