2562 4274
62 429 141 462 Ann.
155 431 197 464 D.
222 430 278 484 R

83 478 170 510 1414.

60 511 114 535 An.
136 519 159 537 i.

60 550 95 573 H.
110 555 138 581 5.

60 588 147 612 franc.

58 669 94 687 m.
111 673 140 697 4.

49 1316 68 1335 *
90 1317 141 1345 IX.

52 1364 111 1384 112.

41 1682 118 1713 Ann.

66 1731 120 1760 141

40 1765 93 1790 An.
115 1772 136 1790 ι.

126 2655 143 2700 J
184 2670 236 2698 pro
251 2663 365 2702 Nobis,
383 2664 482 2695 Terris

226 140 278 179 70

68 205 147 236 Ann.
160 203 199 235 D.

87 252 175 282 ¹4¹4-

67 286 131 310 ΗΜ·
149 291 177 318 5·
221 298 270 331 De
301 298 539 332 Proclamatione
570 297 732 331 earundem
762 301 793 331 in
827 302 863 333 V
861 299 914 332 illae
939 298 1041 333 Caleti
1062 300 1098 337 ὠ·
1124 292 1281 331 Marchii5

588 347 731 380 Picardiae
745 347 902 392 facienda.

216 505 236 534 ti'
253 505 359 537 ibidem
367 530 377 546 ,
395 508 529 539 Salutem.

235 541 329 575 .Cum
344 569 353 584 ,
373 555 423 585 per
437 547 656 578 Ambaffiatores
671 549 704 580 δε
718 549 855 579 Nuncios
871 548 982 579 nostros
991 572 1000 586 ,
1014 558 1067 587 pro
1074 547 1189 584 Nobis,
1203 544 1281 575 Ter-

213 581 263 620 ris,
285 583 337 613 Do
348 585 458 622 miniis,
476 585 619 624 Subditis,
638 587 671 618 &
689 587 812 625 Alligatis
834 586 952 623 nostris,
971 597 1004 617 ac
1021 596 1069 624 per
1091 583 1280 617 Ambasfiato-

63 631 86 648 ¹·
103 632 139 654 H.
148 632 176 658 5.
212 629 265 659 res,
281 622 355 652 Nun
366 624 424 654 cios
436 625 469 656 &
483 624 702 655 Commiffarios
719 626 879 663 Advershri
892 625 984 665 nostrii
1001 627 1136 662 Franciae,
1154 633 1208 662 pro
1221 621 1258 652 Se
1269 645 1278 660 ,

209 657 334 699 Regnis,
352 661 466 701 Terris,
486 662 643 701 DominiiS,
658 663 798 702 Subditis,
816 664 981 703 &Alligatis
997 663 1065 701 suis,
1082 673 1130 700 per
1139 662 1279 699 Terram,

210 697 244 728 &
261 709 308 736 per
331 699 428 738 Mare,
453 711 486 731 ac
506 703 574 731 citra
596 703 629 732 &
649 702 715 731 ultra
743 701 845 739 Mare,
870 712 956 732 certae
974 702 1101 745 Treugae
1125 700 1265 746 generales

209 745 263 775 pro
281 747 341 768 uno
361 739 466 777 Anno,
486 740 637 778 incipiente
651 740 687 770 ab
700 739 776 771 Ortu
792 740 865 771 Solis
877 740 945 771 Diei
959 740 1165 771 Purificationis
1179 739 1252 770 beati
1264 757 1277 762 -

209 775 288 806 siinae
301 777 334 806 &
347 777 475 816 gloriosae
490 777 616 815 Virginis
630 780 763 816 proximo
780 779 900 817 fururae,
919 779 1004 817 usque
1016 779 1051 809 ad
1067 778 1212 809 Occasum
1221 777 1276 807 So-

208 813 242 844 lis
256 813 323 845 Diei
339 816 459 850 eiusdem
481 815 685 847 Purificationis
700 817 789 847 Anno
810 818 956 855 revoluto,
977 818 1023 855 qui
1038 818 1088 847 erit
1105 818 1192 847 Anno
1208 815 1274 846 Do-

207 853 282 883 mini
297 852 452 885 Millesimo
470 854 755 894 Quadringentesimo
780 856 1030 893 Qiartodecimo,
1048 855 1099 885 sub
1121 853 1198 897 certa
1216 855 1275 884 for·

207 891 273 930 ma,
293 893 322 922 iii
343 892 445 923 eisdem
460 893 581 932 Treugis
596 894 748 932 contentfi,
765 895 858 932 initae,
876 894 976 931 fa&ae,
993 892 1136 931 promiffae
1150 895 1219 929 lint,
1239 892 1273 923 &

208 930 413 969 concordatae,
433 931 502 961 sicut
524 941 572 970 per
592 931 838 963 irrotulamentum
859 932 1019 963 Literarum
1040 931 1197 962 nostrarum
1216 930 1272 961 Pa-

206 969 344 1006 tentium,
361 970 396 999 de
409 968 637 1000 Confirmatione
656 970 721 1000 inde
735 970 873 1000 factarum
894 971 984 1008 (cujus
1006 970 1120 1009 quidem
1137 969 1271 999 irrotula-

207 1008 297 1036 menti
311 1007 459 1037 Tenorem
476 1009 557 1038 vobis
571 1009 710 1038 mittimus
721 1008 907 1039 Praesentibus
921 1012 1076 1044 annexum)
1096 1008 1203 1046 plenius
1218 1017 1270 1048 po-

205 1052 269 1074 terit
285 1055 299 1074 a
339 1055 415 1076 arere

239 1082 277 1112 Et
290 1053 353 1121 qliiia
367 1068 494 1123 Tre'ugas
507 1084 652 1123 praedidias
667 1084 700 1114 ad
713 1083 861 1116 Notitiam
875 1086 1006 1115 omnium
1027 1085 1060 1116 &
1077 1085 1266 1123 fingulorum‚

199 1129 321 1158 quorum
336 1121 466 1159 interest,
481 1124 509 1152 in
532 1122 605 1153 Villa
621 1123 773 1162 praediita,
792 1133 825 1155 ac
848 1123 992 1156 Marcheis
1015 1123 1153 1155 Picardiae
1172 1123 1266 1155 eidem

201 1158 284 1190 Villae
298 1159 505 1199 adjacentibus,
523 1161 627 1192 deduci
641 1162 788 1201 volumus,

235 1196 327 1228 Vobi»¹
349 1197 518 1230 Mandamus
541 1200 641 1238 quod,
659 1200 718 1230 viso
732 1200 852 1231 Tenore
870 1200 1027 1240 praedicto,
1044 1200 1172 1238 Treugas
1191 1200 1264 1239 illas,

199 1234 229 1265 in
246 1235 357 1275 singulis
371 1237 439 1268 locis
456 1237 537 1268 Villae
550 1239 583 1269 &
600 1238 793 1270 Marchiarum
809 1240 1027 1280 praedictarum,
1043 1240 1092 1270 ubi
1114 1240 1201 1279 magis
1216 1249 1264 1269 ex-

198 1273 312 1312 pediens
334 1275 417 1306 fuerit
438 1277 472 1307 &
493 1276 621 1315 necesse,
646 1277 765 1308 Publice
790 1278 963 1309 Proclamari
984 1279 1016 1309 &
1039 1277 1212 1315 Notificari,
1229 1288 1263 1308 ac

196 1322 242 1342 eas
260 1312 376 1344 firmiter
391 1314 423 1344 δε
439 1315 634 1346 inviolabiliter
649 1315 799 1346 Observari
820 1317 853 1347 &
867 1318 886 1337 ³*
906 1317 1014 1348 Teneri
1036 1317 1159 1355 faciatis,
1178 1326 1264 1355 prout

193 1351 270 1390 juitta
285 1352 407 1382 formam
423 1355 586 1385 earumdem
601 1355 684 1385 fuerit
699 1355 870 1386 faciendum.

235 1389 324 1433 Teste
344 1389 427 1431 Rege
445 1392 519 1432 apud
543 1391 816 1433 Wstmonasterium,
846 1393 1006 1425 Tricefimo
1029 1392 1130 1424 Primo
1149 1394 1196 1426 die
1213 1392 1263 1433 Ja—

195 1437 292 1459 nuatii.

850 1473 906 1501 Per
923 1471 1005 1510 ipft1m
1024 1473 1130 1512 Regem.

449 1597 508 1628 Pro
536 1596 665 1627 Nmaciis
690 1596 786 1628 Ducis
810 1593 998 1641 Bmgundiae.

135 1683 176 1714 D,
194 1676 273 1734 RE
284 1676 332 1716 X,
352 1689 401 1717 per
417 1679 521 1711 Literas
534 1680 590 1711 suas
606 1680 748 1725 Parentes,
767 1679 851 1719 usque
867 1679 982 1712 Festum
995 1679 1108 1712 Paschae
1123 1682 1258 1720 proximo

124 1732 154 1761 4,
263 1718 388 1762 futuru-m
403 1718 557 1763 duraturas,
572 1719 689 1758 suscepit
704 1729 734 1763 iii
746 1718 853 1749 salvum
874 1720 906 1750 ὃ(
922 1719 1049 1750 securum
1066 1718 1258 1751 Conductum

190 1752 288 1830 {iffi-3
306 1756 824 1835 &533133’1353‘223'522'1223352523
833 1757 1257 1834 ῬῗὲξοῖἶῗὲξζοὲἓἙεῖἓῖἯὲζ

38 1822 102 1866 ibid.
119 1848 154 1867 m,
189 1841 236 1861 nas
261 1832 297 1862 de
324 1832 427 1872 Bruges
455 1835 487 1865 ὃ(
503 1834 714 1865 Cancellarium
741 1834 894 1873 Flandriae,
919 1835 1032 1874 Thierry
1057 1838 1205 1867 Dominum
1221 1837 1254 1866 de

187 1870 407 1910 Disquevimine,
435 1874 547 1902 Petrum
568 1876 716 1903 Dominum
732 1873 765 1903 de
789 1873 818 1902 la
842 1872 989 1912 Vieslville,
1015 1873 1198 1906 Guillielmum
1221 1877 1255 1906 de

184 1910 325 1948 Halewyn
352 1910 517 1941 Dominum
540 1911 718 1950 Dutkierke,
734 1913 767 1944 &
791 1911 955 1951 Johannem
979 1915 1124 1942 Dominum
1146 1913 1179 1943 de
1198 1916 1253 1944 Ro-

183 1947 257 1986 hais,
279 1949 434 1988 Quinque,
454 1949 589 1989 Qiatuor
608 1951 641 1982 &
663 1951 738 1981 Tres
755 1960 875 1988 eorum,
893 1951 1031 1981 Nuncios
1050 1951 1084 1982 &
1105 1950 1254 1984 Commis-

183 1986 266 2017 sarios
279 1986 419 2026 Johannis
435 1990 518 2018 Ducis
531 1989 711 2027 Burgundiae,
727 1989 839 2020 insimul
855 1990 888 2020 &
901 1989 1030 2027 divisim,
1045 1999 1114 2021 cum
1122 1988 1251 2023 Centum

182 2024 314 2056 Personis
331 2025 497 2065 Equitibus,
518 2028 562 2057 vel
576 2028 666 2065 infra,
687 2029 716 2058 in
741 2026 887 2059 Comitiva
909 2029 972 2065 sua,
990 2038 1075 2066 penes
1098 2027 1251 2061 Personam

182 2062 296 2103 Regis,
314 2065 356 2094 ob
370 2072 456 2095 certas
482 2064 582 2097 Causas
604 2067 638 2098 &
661 2065 810 2105 Materias‚
829 2067 900 2098 infra
922 2066 1059 2105 Regnum
1076 2066 1168 2106 Regis
1189 2069 1253 2100 An-

181 2102 265 2142 gliae,
283 2112 331 2141 per
344 2103 483 2142 Terram,
499 2106 533 2136 &
548 2114 596 2143 per
613 2104 714 2142 Mare,
733 2105 890 2144 veniendo,
910 2105 1017 2136 ibidem
1042 2107 1200 2147 morando,
1217 2110 1252 2140 δι’.

180 2141 284 2172 exinde
299 2141 333 2172 ad
348 2151 435 2181 partes
449 2142 505 2173 suas
520 2144 645 2182 proprias
659 2144 821 2181 redeundo,
830 2154 944 2175 necnon
952 2144 1127 2184 Familiares,
1141 2145 1252 2186 Equos,

182 2177 344 2219 Manticas‚
356 2179 481 2220 Jocalia,
500 2181 595 2221 Bona,
614 2182 688 2222 Res,
706 2182 740 2213 &
755 2181 890 2214 Hemesia
904 2183 952 2213 sua
966 2192 1171 2222 quaecumque,

222 2218 343 2249 Proviso
366 2220 474 2258 semper
498 2221 579 2260 quod
602 2221 708 2260 praefati
729 2220 861 2260 Nuncii,
880 2220 940 2259 &c.
963 2229 994 2252 ut
1015 2225 1046 2252 in
1069 2223 1205 2255 Similibus
1217 2224 1250 2256 de

180 2257 322 2287 conduHu
336 2260 453 2296 Literis,

218 2294 311 2328 Teste
324 2294 408 2336 Rege
419 2297 493 2337 apud
510 2297 788 2341 Wstmonasterium,
804 2300 878 2331 xxix.
895 2299 942 2330 die
955 2297 1089 2338 Januarii.

853 2379 907 2408 Per
924 2376 1007 2418 ipfiaem
1023 2379 1127 2417 Regem.

344 2504 392 2535 De
415 2504 652 2539 Proclamatione
676 2508 868 2553 Treugarum
891 2508 1065 2541 Britanniae.

159 2615 166 2622 ,
184 2585 266 2642 RE
277 2585 328 2624 X,
345 2585 576 2621 vicecomitibus
592 2590 772 2631 Londoniae,
790 2591 927 2623 Salutem.

279 2624 377 2664 (Ζιὶῐη,
403 2636 451 2663 per
473 2626 691 2668 Procuratores,
715 2630 869 2668 Nuncios,
887 2631 920 2661 &
942 2629 1098 2669 Deputatos
1117 2630 1247 2671 nostr08,

525 2666 685 2706 Dominiis,
709 2667 824 2706 Patriis,
846 2668 1024 2707 Territoriis,
1039 2669 1246 2706 Jurisdidtioni-

184 2701 253 2739 bus,
272 2701 457 2741 Civitatibus,
475 2688 571 2742 Villis,
591 2704 712 2744 Castris,
732 2707 898 2745 FortalitiiS,
913 2707 946 2737 &
963 2707 1097 2738 omnibus
1113 2708 1247 2739 Territo-

115 2770 122 2777 ,
164 2771 169 2777 ,
184 2739 230 2768 riis
246 2739 359 2771 Ditioni
373 2741 478 2772 nostrae
493 2743 650 2781 Subjeffls,
668 2755 701 2775 ac
718 2744 856 2782 Vasiallis,
876 2745 986 2784 Ligeis‚
1003 2746 1036 2776 &
1056 2745 1178 2777 Subditis
1191 2757 1246 2777 no·-

186 2776 248 2808 stris
269 2779 491 2818 quibuscumque
506 2803 515 2818 ,
541 2791 594 2820 pro
618 2792 696 2820 parte
718 2783 813 2814 nostra
828 2808 837 2820 ,
862 2784 895 2815 &
918 2793 966 2820 per
988 2783 1188 2816 Procuratores
1210 2787 1244 2817 &

143 2847 149 2855 ,
184 2815 322 2848 Nuncios
336 2817 459 2856 Joannir
480 2822 563 2849 Ducis
586 2823 742 2851 Britanniae
762 2825 871 2852 Comitis
895 2822 1099 2862 Montiiforti5‚
1116 2832 1169 2862 pro
1187 2823 1242 2862 Se,

185 2853 302 2886 Ducatu
317 2857 367 2886 suo
383 2856 550 2896 Britanni-se,
568 2859 682 2897 Terris,
706 2860 819 2898 Patriis,
838 2860 1000 2899 Dominiis,
1019 2862 1052 2892 &
1066 2861 1245 2900 Territoriis,

180 2891 441 2933 Jurisdictionibus,
456 2895 653 2937 Civitatibus,
677 2899 775 2938 Villis,
801 2898 926 2936 Castris,
951 2899 1116 2937 FortalitiiS,
1140 2899 1244 2938 Opidis

181 2932 218 2963 &
231 2942 331 2964 eorum
344 2933 510 2973 Suburbiis,
528 2934 639 2974 Patriis,
657 2937 767 2975 Terris,
785 2936 947 2974 Dominiis,
966 2938 1000 2968 &
1015 2937 1178 2969 Territoriis
1186 2938 1243 2968 Di-

182 2971 254 3001 tioni
270 2972 325 3002 suae
346 2971 503 3011 subjectis,
517 2983 550 3004 ac
574 2974 684 3014 Ligeis‚
706 2975 845 3014 Vaffallis‚
864 2976 897 3007 ὃ(
918 2975 1043 3006 Subditis
1063 2976 1113 3006 suis
1132 2977 1243 3016 quibus-

181 3019 323 3049 cumque,
341 3020 395 3049 pro
416 3019 492 3047 parte
513 3011 574 3051 sua,
594 3014 696 3052 bonae,
711 3014 819 3053 firmae,
837 3015 870 3045 &
892 3014 992 3051 legales
1007 3013 1135 3051 Treugae
1156 3025 1244 3051 gene-

182 3048 269 3086 rales,
282 3055 340 3079 tam
355 3058 404 3087 per
422 3048 561 3088 Terram,
581 3052 666 3089 quam
689 3062 738 3091 per
762 3052 862 3090 Mare,
888 3062 941 3092 pro
960 3052 1104 3082 Termino
1127 3052 1242 3084 Decem

183 3086 354 3125 Annorum,
373 3088 389 3117 ὲ
401 3087 503 3117 Tertio
517 3087 561 3118 die
577 3089 697 3128 januarii
711 3091 812 3121 ultimo
827 3093 968 3129 praeterito
993 3091 1128 3121 continue
1143 3101 1244 3122 nume-

184 3123 356 3162 randorum,
378 3125 534 3164 duraturae,
551 3127 600 3158 sub
621 3129 698 3159 certa
719 3129 842 3168 Forma,
859 3131 888 3159 in
904 3129 1007 3160 eisdem
1029 3129 1149 3168 Treugis
1171 3139 1243 3161 con-

186 3163 281 3201 tenti,
301 3163 378 3194 initae
392 3164 463 3202 sirit,
477 3173 587 3204 captae,
604 3167 637 3196 δε
655 3165 791 3205 firmatae,

222 3200 261 3231 Et
275 3202 339 3240 quia
353 3201 484 3239 Treugas
498 3203 554 3233 illas
565 3203 600 3234 ad
615 3203 760 3236 Notitiam
773 3206 904 3236 omnium
917 3206 950 3237 &
961 3205 1148 3244 singulorum,
1169 3216 1243 3245 quo-

185 3247 252 3269 rum
266 3239 396 3278 interest,
414 3240 513 3271 deduci
526 3242 674 3281 volumus,

225 3276 516 3319 VobisPraecipimus
558 3280 616 3310 uod
639 3279 749 3320 statim,
769 3282 831 3312 visis
852 3281 1055 3320 Praesentibus,
1071 3282 1195 3321 Treugas
1208 3284 1236 3313 il-

184 3314 242 3352 laS,
258 3315 288 3344 in
304 3316 414 3353 singulis
431 3316 519 3347 Locis
564 3319 663 3350 ivitatis
676 3320 821 3357 praedictae
836 3321 869 3352 &
884 3320 1092 3351 Suburbiorum
1107 3321 1244 3360 ejusdem,

185 3353 238 3384 ubi
254 3353 344 3390 magis
357 3354 505 3391 expediens
520 3355 602 3387 fuerit
619 3358 652 3388 δε
667 3358 792 3394 neceffe,
810 3358 928 3389 Publice
950 3357 1118 3388 Proclamari
1127 3382 1136 3397 ,
1151 3369 1184 3390 ac
1200 3369 1244 3390 eas

187 3390 304 3421 firmiter
319 3392 561 3424 &inviolabiliter
583 3395 723 3425 observari
744 3397 864 3435 faciatis,
880 3398 955 3435 juxta
975 3396 1112 3427 Formam
1135 3407 1245 3429 earum-

186 3428 272 3467 dem,
288 3427 322 3459 δε
335 3429 393 3460 hoc
408 3431 560 3462 nullatenus
575 3434 718 3464 omittatis.

224 3466 314 3499 Teste
328 3467 410 3508 Rege
424 3469 497 3507 apud
511 3471 785 3513 Westmonasterium,
809 3472 921 3512 Qarto
929 3472 975 3504 die
990 3472 1140 3505 Februarii.

866 3551 919 3579 Per
935 3547 1018 3589 ipſsmz
1034 3551 1139 3588 Regem.

201 3628 368 3661 Consimilia
389 3629 488 3662 Brevia
502 3631 853 3702 dirigunturdsilibscriptis,
877 3632 927 3663 sub
949 3632 1048 3664 eadem
1062 3632 1156 3673 Data,
1182 3635 1226 3666 vi·

679 3680 776 3709 eicet‚

188 3745 315 3776 vicecom.
334 3744 483 3784 Norff-z’r
499 3744 568 3785 Suffi

189 3783 218 3810 V
219 3785 317 3812 icerom.
339 3786 427 3814 Kane.

188 3820 316 3850 Vicecom.
338 3822 464 3853 Eborum.

188 3858 217 3885 V
219 3860 317 3886 icecom.
337 3860 435 3898 Suffi‘x.

188 3895 316 3924 Vicocom.
335 3897 490 3937 Suthampt.

188 3936 317 3963 Vicesom.
337 3936 446 3965 Devon.

195 3974 223 4001 V
224 3975 322 4000 icecom.
341 3972 458 4010 Brfioll.

191 4011 319 4040 Vicecom.
338 4010 449 4041 cvrnub.

735 3749 764 3777 V
763 3750 864 3776 icecom.
882 3747 1004 3776 Lincoln.

735 3788 862 3815 Vicecom.
881 3787 910 3813 V
910 3783 964 3814 illae
984 3786 1063 3815 Novi
1089 3785 1180 3826 castri
1192 3784 1243 3826 fit-

768 3831 816 3860 per
834 3825 943 3862 Tynam.

735 3862 764 3891 V
764 3864 861 3890 icecom.
876 3859 989 3897 Somers
999 3859 1037 3895 ό
1056 3862 1142 3902 Dens

738 3897 895 3974 Cancellarst
903 3897 954 3936 fico
972 3901 1000 3928 in
1026 3903 1097 3928 Com.
1118 3899 1243 3931 Palatini

775 3939 872 3966 Lanca
896 3946 919 3965 r.

738 3975 845 4011 Majori
880 3973 919 4008 ό·
947 3973 1069 4006 Ballivir
1095 3979 1123 4007 V
1123 3976 1180 4008 illae
1208 3976 1241 4007 de

774 4011 937 4053 Wymouth.

665 120 1472 174 coNvENTioNEs‚

282 430 307 462 E
318 429 366 468 X,
385 431 536 462 Carissimo
553 430 775 470 Consanguineo
792 433 891 464 nostro
901 456 910 471 ,
926 433 1061 464 Richardo
1069 434 1166 463 Comiti
1181 431 1281 461 Warr-

300 472 374 498 wicae
385 492 395 508 ,
414 468 574 509 Capitaneo
588 470 672 501 Villae
685 471 789 502 nostrae
806 471 922 510 Calesii,
939 473 972 503 &
989 473 1047 511 ejus
1062 472 1282 502 Locumtenen-

1527 122 1925 171 LITERAE,

2406 206 2486 241 Ami.
2494 208 2536 240 D.

2424 257 2511 289 1414.

2399 291 2465 316 Hm.
2484 297 2512 324 5.

2401 324 2421 344 ¹*
2439 326 2495 364 lx,

1387 378 1470 417 Ex,
1484 379 1606 412 Diiestis
1629 380 1696 419 fibi,
1715 378 1858 420 Magistro
1878 381 2035 411 seruando
2057 381 2090 410 de
2110 379 2185 421 Asta
2205 380 2334 412 Doaori
2351 381 2381 426 in
2401 372 2501 431 ἕξ).

1323 452 1343 483 S
1359 453 1366 482 ¹
1403 417 1549 458 Decretis,
1568 419 1601 451 ὃς
1623 418 1765 460 Magistro
1783 419 1914 460 Johanni
1936 419 1970 450 de
1988 419 2094 451 Bardili
2111 419 2221 460 Legum
2236 419 2383 460 Dostori,
2400 422 2469 475 H}
2490 426 2498 433 “

1344 461 1457 486 autem.
2417 483 2427 491 r
2472 463 2479 470 '
2514 484 2517 489 ·

1360 491 1457 525 Sciatis
1473 495 1571 534 quod,
2402 479 2472 545 ἔφ’
2490 489 2516 510 ¹⁸

1360 529 1441 562 Ctirn
1461 534 1490 563 in
1511 534 1636 572 quodam
1653 534 1782 575 Placito,
2400 538 2439 584 ,η’
2454 527 2485 584 ξ

1358 567 1433 600 Inter
1451 573 1600 602 Henricum
1621 576 1740 612 Bowet,
1759 582 1850 614 nuper
1868 574 2118 607 Constabularium
2134 573 2263 606 Civitatis
2276 576 2384 608 nostrae
2433 576 2441 586 '
2474 576 2482 583 '

1321 605 1506 647 Burdegaliae,
1522 612 1581 648 jam
1600 610 1851 652 Arcbiepiscopum
1874 613 2022 653 Eborum,
2091 613 2268 645 Willielmum
2280 617 2386 655 Faryn-

1322 645 1374 675 don
1392 646 1526 679 Chivaler
1561 659 1658 680 coram
1672 650 1755 680 nobis
1767 652 1796 681 iti
1811 650 1985 682 Cancellaria
2000 663 2040 683 no
2068 663 2093 683 ra
2109 653 2262 690 pendente,

1358 684 1502 731 Qiaedam
1518 671 1737 732 Controverlia,
1751 688 1830 728 super
1843 689 2007 729 quibusdam
2022 689 2245 722 conditionibus
2259 690 2385 724 &Con-

1321 723 1474 764 tractibus,
1492 735 1564 757 inter
1580 726 1652 764 ipsos
1665 727 1765 766 mistis,

1357 761 1418 801 Qui
1438 764 1512 802 apud
1535 764 1690 796 Civitatem
1713 765 1895 805 praedit‘tam,
1921 773 1951 796 ut
1971 766 2113 806 assentur,
2138 778 2187 808 per
2209 767 2382 807 Magiſtrum

1317 797 1480 836 Johannem
1503 803 1655 843 Morehay,
1672 814 1761 843 nuper
1784 803 2043 836 Locumtenentem
2059 806 2141 844 ipsius
2155 816 2245 847 nuper
2260 806 2385 840 Consta-

1318 838 1416 870 bularii
1425 863 1434 878 ,
1452 841 1599 880 adimpleri
1613 843 1789 880 debuerunt,

1353 877 1461 945 §uper
1474 889 1553 912 mota
1572 881 1606 912 ὃς
1624 889 1720 913 exorta
1737 880 1849 920 fuisset,

1390 926 1423 947 os

1352 952 1410 1021 Pro
1429 940 1540 996 ’Majori
1560 957 1746 990 declaratione
1767 959 1942 1000 cognitionis
1960 958 2082 998 ejusdem
2106 960 2231 991 materiae
2244 960 2384 993 certiorari

1313 1000 1354 1021 vo
1365 1002 1457 1032 ente5‚

1341 1030 1396 1086 ”Ac
1416 1031 1452 1063 de
1471 1032 1616 1065 Fidelitate
1639 1036 1672 1067 ὃς
1691 1035 1958 1077 circumspectione
1980 1036 2077 1067 vestris
2098 1036 2206 1076 plenius
2227 1036 2376 1068 confiden-

1597 295 1693 330 *Pro
1716 295 1941 344 Archiepiscopo
1964 293 2109 331 Ebornm.

1312 1075 1369 1106 tes,

1351 1108 1559 1148 Affignavimus
1577 1110 1656 1150 Vos,
1671 1112 1868 1151 conjunctim,
1883 1112 1918 1144 &
1939 1111 2068 1153 divisim,
2085 1113 2118 1145 ad
2134 1117 2266 1144 Simonem
2285 1118 2378 1153 Sprot-

1309 1144 1365 1185 ley,
1380 1149 1543 1179 Nandinum
1569 1150 1602 1180 de
1622 1153 1751 1189 Campes,
1775 1150 1935 1190 Johannem
1956 1151 2074 1190 Holme,
2090 1151 2250 1190 Johannem
2271 1154 2378 1191 Iching-

1309 1190 1375 1223 ton,
1393 1188 1426 1218 &
1445 1187 1590 1218 Robertum
1614 1191 1748 1228 Martyn,
1766 1190 1794 1219 iri
1812 1189 1935 1227 partibus
1949 1189 2109 1228 Aquitaniae
2122 1191 2156 1222 &
2171 1192 2229 1222 aliis
2246 1190 2375 1222 Partibus

1308 1221 1436 1263 Exteris,
1454 1227 1488 1257 &
1509 1227 1577 1257 alios
1597 1226 1700 1258 Testes
1722 1228 1933 1267 quoscumque,
1959 1227 2031 1258 infra
2052 1226 2177 1259 nostram
2198 1229 2376 1269 Ligeantiam

1308 1262 1482 1304 ubicumque
1505 1275 1660 1304 moranteS,
1678 1275 1754 1306 parte
1775 1267 1844 1297 dieti
1866 1264 2010 1297 Willielmi
2027 1266 2159 1304 primitiis
2173 1267 2209 1297 ad
2228 1269 2287 1300 hoc
2301 1279 2376 1307 prae-

1308 1303 1433 1340 munita,
1462 1304 1510 1342 qui
1529 1304 1564 1334 de
1589 1304 1739 1335 Praemiffis
1758 1305 1863 1336 claram
1881 1305 1988 1336 habent
2007 1305 2156 1342 notitiam,
2174 1314 2272 1336 coram
2291 1308 2376 1338 vobis

1306 1340 1403 1370 venire
1425 1341 1603 1382 faciendum,
1620 1343 1653 1374 &
1677 1343 1711 1374 ad
1726 1353 1792 1382 eos,
1810 1353 1861 1383 per
1874 1352 1976 1374 eorum
1991 1343 2186 1381 Sacramenta,
2203 1343 2285 1383 super
2300 1346 2376 1375 veri-

1306 1385 1361 1408 tate
1384 1378 1598 1412 Praemilsorum
1611 1382 1747 1421 dicenda,
1767 1383 1913 1422 diligenter
1925 1381 2159 1420 examinandum,
2176 1384 2183 1412 i
2204 1382 2300 1414 sorum
2315 1383 2375 1414 Di-

1304 1416 1351 1447 c‘ta
1364 1417 1398 1448 &
1414 1417 1627 1459 Depositiones,
1666 1430 1779 1452 uatenus
1795 1420 2050 1459 concordaverint,
2060 1429 2172 1451 concor
2191 1421 2313 1459 andum,
2327 1423 2374 1460 &,

1304 1464 1441 1493 quatenus
1463 1458 1631 1497 discrepant,
1661 1461 1801 1498 peciali'ter
1818 1459 2030 1498 affirmandum,
2047 1468 2162 1491 necnon
2183 1460 2216 1490 ad
2233 1459 2317 1498 Nos,
2336 1459 2373 1492 de

1305 1503 1370 1526 toto
1386 1495 1475 1527 Fac'to
1491 1496 1585 1528 vestro
1596 1498 1623 1527 in
1637 1497 1691 1529 hac
1704 1507 1782 1537 parte
1806 1499 1835 1529 in
1847 1484 2051 1529 (fancellariam
2063 1497 2265 1536 nostram‚sub
2272 1498 2373 1537 sigillis

1304 1533 1415 1572 vestris,
1432 1535 1474 1566 vel
1490 1536 1599 1566 alterius
1614 1535 1761 1575 vestrfim,
1775 1521 1910 1567 ‹iistinett›
1926 1537 1959 1568 &
1973 1537 2069 1580 aperte
2085 1535 2315 1580 certificandum,

1340 1571 1377 1604 Et
1398 1573 1462 1605 ideo
1479 1573 1572 1605 Vobis
1585 1574 1758 1606 Mandamus
1771 1576 1850 1614 quod
1864 1577 1939 1606 circa
1954 1574 2100 1606 Praemiffa
2112 1574 2259 1614 diligenter
2273 1573 2371 1607 Inten-

1304 1610 1392 1649 datis,
1410 1613 1444 1643 &c
1460 1622 1490 1642 ea
1504 1613 1609 1644 faciatis
1624 1615 1658 1645 &
1670 1616 1846 1653 exequamini
1859 1615 1887 1643 in
1901 1613 1994 1644 forma
2009 1613 2144 1651 praedidta
2163 1623 2170 1642 :

1342 1649 1454 1682 Damus
1468 1660 1560 1682 autem
1573 1651 1712 1690 praefatis,
1728 1655 1843 1691 Simoni,
1861 1652 1995 1682 Nandino
2004 1673 2015 1690 ,
2029 1650 2161 1689 Johanni
2176 1651 2292 1692 Holme,
2309 1651 2368 1692 Jo-

1301 1686 1388 1718 hanm'
1406 1689 1573 1728 lchyngton,
1597 1690 1632 1720 &
1649 1690 1781 1730 Roberto,
1805 1692 1839 1722 &
1857 1692 1990 1721 omnibus
2012 1691 2069 1721 aliis
2090 1700 2215 1729 quorum
2236 1691 2367 1730 interest,

1301 1726 1419 1757 Tenore
1440 1726 1640 1765 Praesentium,
1656 1728 1776 1759 firmiter
1798 1729 1828 1759 in
1851 1727 1991 1760 Mandatis
2011 1728 2092 1767 quod
2119 1728 2227 1767 Vobis,
2244 1730 2278 1762 δε
2291 1730 2369 1760 alteri

1299 1765 1446 1834 gestffim,
1464 1767 1495 1796 iii
1509 1767 1677 1800 executione
1695 1766 1932 1807 Praemifforum,
1945 1774 2058 1806 pareant
2073 1768 2107 1799 δε
2120 1767 2268 1800 intendant
2281 1775 2367 1807 prout

1321 1813 1391 1835 ecet.

1338 1841 1373 1873 In
1391 1843 1469 1879 cuius
1504 1843 1566 1874 &c.

1369 1881 1459 1914 Teste
1476 1866 1563 1921 kege
1580 1883 1656 1922 apud
1675 1880 1952 1925 Wstmimasterium,
1970 1883 2029 1915 viii.
2046 1880 2094 1913 die
2112 1879 2265 1914 Februarii.

1296 2031 1356 2064 Pro
1379 2029 1508 2065 Nunciis
1540 2027 1578 2064 de
1598 2032 1716 2073 Scotia,
1733 2030 1827 2076 fhper
1847 2032 1936 2062 certis
1961 2027 2069 2063 arduis
2085 2031 2258 2072 filateriis,
2276 2038 2364 2076 penes

1596 2080 1782 2126 praefintiam
1800 2080 1890 2126 Regis
1904 2080 2051 2112 venturis.

1297 2163 1422 2219 REX
1437 2187 1447 2204 ,
1470 2173 1520 2203 per
1543 2163 1664 2198 Litteras
1683 2165 1742 2196 suas
1762 2163 1894 2196 Patentes
1906 2187 1918 2203 ,
1938 2163 2026 2203 usque
2047 2162 2193 2207 Quintum
2213 2163 2360 2195 decimum
2377 2163 2455 2197 Ami.
2470 2166 2512 2200 D.

1372 2203 1452 2234 diem
1477 2203 1573 2234 Martii
1592 2205 1727 2244 proximo
1745 2203 1867 2234 futuram
1885 2203 2043 2242 duraturas,
2068 2204 2184 2241 suscepit
2204 2204 2234 2234 in
2253 2203 2359 2234 salvum
2401 2214 2488 2245 1414·

1294 2239 1329 2270 &
1351 2241 1481 2273 securum
1507 2241 1697 2275 Conductum
1720 2243 1816 2280 suum,
1833 2242 1908 2273 acin
1924 2241 2156 2280 Protectionem,
2171 2241 2360 2286 Tuitioriem,
2377 2248 2430 2272 An.
2449 2254 2474 2272 i.

1295 2279 1329 2309 &
1352 2279 1560 2312 Defenfionem
1577 2281 1636 2313 suas
1655 2282 1784 2322 speciales
1797 2304 1808 2319 ,
1838 2280 1984 2311 Robertum
2002 2280 2035 2310 de
2054 2278 2200 2310 Maxwell
2215 2279 2362 2319 Militem,
2378 2288 2413 2311 H.
2425 2291 2455 2319 5.

1294 2317 1329 2348 &
1346 2317 1518 2359 Magistrum
1535 2320 1682 2351 Robertum
1699 2320 1732 2350 de
1747 2322 1830 2359 Lany
1853 2317 2040 2358 Praepositum
2062 2318 2160 2350 Sancti
2173 2318 2314 2357 Andreae,
2330 2320 2360 2349 in
2376 2326 2443 2350 Scor.
2460 2322 2487 2348 i:

1293 2355 1434 2397 Regnum
1455 2357 1542 2398 Regis
1562 2357 1891 2429 Angliae,·coggn{tim
1913 2359 1947 2390 ὅ(
1968 2357 2096 2397 divifim,
2114 2366 2184 2389 cum
2204 2356 2360 2402 Viginti&
2375 2364 2410 2387 Η.
2426 2367 2456 2395 5.

1293 2405 1414 2441 quatuor
1435 2396 1565 2429 Personis
1583 2398 1681 2430 secum
1699 2407 1729 2429 in
1799 2405 1897 2428 mitiva
1914 2396 1979 2437 sua,
1997 2406 2083 2436 penes
2100 2395 2281 2428 Praesentiam
2298 2395 2362 2427 Re·
2377 2407 2414 2428 m.
2434 2407 2458 2427 i.

1293 2445 1391 2519 glsPro
1417 2475 1502 2506 certis
1516 2474 1606 2520 arduis
1624 2474 1753 2520 Materiis
1766 2499 1777 2516 ,
1794 2475 1911 2520 ‘Statum
1931 2474 1967 2506 δε
1988 2472 2150 2505 Utilitatem
2170 2472 2240 2504 dieti
2263 2471 2362 2512 Regni

1293 2511 1323 2543 R
1361 2524 1381 2544 is
1397 2524 1430 2544 ac
1444 2514 1537 2554 Regni
1550 2513 1656 2546 Scotiae
1672 2515 1868 2552 tangentibus,

1325 2522 1499 2591 ῧεηίεῃάο,
1518 2553 1626 2583 ibidem
1650 2553 1789 2584 morando
1825 2553 1860 2583 δε
1882 2550 1983 2582 exinde
2004 2550 2096 2581 versus
2119 2557 2209 2587 pai-tes
2222 2548 2281 2579 suas
2294 2558 2361 2588 pro-

1291 2591 1362 2659 ἔξω
1383 2590 1409 2620 se
1427 2590 1614 2628 divertendo,
1629 2592 1663 2623 &
1677 2575 1839 2630 redeunde,
1857 2598 1973 2621 necnon
1988 2587 2104 2628 Equos,
2121 2587 2218 2627 Bona,
2233 2587 2310 2625 Res,
2324 2587 2360 2619 δι

1327 2628 1430 2660 ernesia
1448 2629 1492 2660 sua
1511 2638 1716 2668 quaecumque‚
2200 2667 2204 2672 ι
2237 2667 2242 2671 ,
2259 2667 2262 2671 ⁴

1329 2667 1447 2697 Proviso
1464 2667 1573 2704 semper
1591 2668 1671 2705 quod
1692 2667 1776 2698 iidem
1800 2665 1946 2698 Robertus
1958 2688 1970 2705 ,
1996 2664 2058 2701 &aa
2077 2671 2108 2695 ut
2129 2668 2159 2695 in
2175 2662 2311 2695 similibus
2326 2663 2359 2694 de

1291 2705 1429 2735 Condub't‘u
1446 2708 1562 2734 Literis.
2289 2741 2305 2747 ..

1325 2742 1415 2774 Teste
1430 2742 1515 2782 Rege
1529 2741 1603 2782 apud
1618 2741 1877 2784 Wstmonasterium
1885 2767 1897 2783 ,
1913 2742 2086 2775 Undecimo
2100 2740 2147 2772 die
2163 2740 2315 2773 Februarii.

1926 2821 1980 2850 Per
1994 2817 2076 2858 ipfitm
2089 2819 2194 2855 Regem.

1334 2961 1362 2989 ’κ’
1387 2964 1434 2996 De
1470 2962 1635 3010 apparendo
1665 2974 1766 2996 coram
1802 2962 2063 3044 Cznsbrvatoribus
2095 2965 2302 3009 Provisionum

1747 3012 1824 3045 Flan
1847 3015 1904 3045 riae.

2371 2977 2389 2995 ξ
2408 2980 2462 3010 ῙΧ.

2378 3027 2439 3055 114.

2336 3135 2341 3138 -
2371 3112 2448 3144 Ann.
2458 3113 2500 3145 D.

1292 3096 1376 3152 RE
1387 3096 1417 3127 X
1427 3120 1437 3135 ,
1455 3097 1680 3128 vicecomitibus
1696 3095 1876 3135 Londoniae,
1891 3096 2024 3129 Salutem.

2206 3138 2240 3170 &
2252 3137 2347 3170 Gom-
2389 3161 2476 3192 1414.

2394 3202 2409 3218 n
2441 3201 2450 3218 1

1403 3134 1484 3165 Cum
1509 3137 1578 3165 inter
1602 3134 1816 3167 Ambaffiatores
1837 3135 1964 3174 nostros,
1982 3146 2015 3167 ex
2030 3146 2084 3168 una
2097 3145 2189 3177 parte,

1287 3173 1423 3204 missarios
1440 3172 1566 3203 Partium
1579 3172 1734 3211 Flandriae,
1751 3183 1783 3203 ex
1802 3174 1901 3212 altera,

1324 3210 1382 3241 Pro
1403 3210 1593 3249 Reparatione
1615 3213 1648 3243 &
1663 3211 1881 3244 Reformatione
1896 3213 2156 3253 Attemptatorum,
2175 3224 2274 3246 contra
2289 3215 2346 3246 for-

1287 3259 1363 3279 mam
1383 3248 1582 3280 Provilionum
1605 3251 1637 3280 &
1662 3250 1866 3288 Securitatum,
1885 3253 1957 3282 inter
1978 3252 2113 3291 Regnum
2133 3253 2261 3284 nostrum
2282 3253 2344 3284 An-

1287 3288 1350 3326 gliae
1371 3287 1404 3317 &
1420 3288 1442 3317 F
1444 3287 1579 3318 landriam
1595 3289 1741 3327 imitatum,
1758 3290 1792 3320 &
1807 3290 1899 3320 adhuc
1911 3291 2112 3330 pendentium,
2134 3291 2310 3330 Deputatos,

1325 3325 1559 3365 Appunifmatum
1582 3327 1612 3357 sit
1632 3327 1665 3358 ὅτ
1685 3325 1902 3360 Concordatum
1921 3329 2000 3368 quod
2014 3329 2233 3360 Conservatores
2244 3329 2346 3360 Provi-

1289 3363 1401 3394 sionum
1423 3366 1457 3395 &
1481 3364 1667 3395 Securitatum
1686 3366 1902 3406 praedictarum,
1920 3367 1965 3398 vel
1984 3367 2029 3398 alii
2050 3367 2161 3398 Nuncii
2183 3367 2230 3398 seu
2252 3366 2346 3398 Com-

1289 3402 1402 3433 miffarii
1418 3403 1451 3433 ad
1473 3403 1530 3434 hoc
1543 3403 1693 3441 specialiter
1708 3403 1876 3444 deputandi,
1895 3407 1928 3437 &
1940 3406 1975 3436 de
1989 3405 2098 3444 singulis
2113 3404 2240 3474 Qffigsslis
2254 3404 2346 3436 infor-

1289 3441 1376 3477 mati,
1393 3440 1508 3480 Qinto
1530 3441 1647 3472 decimo
1669 3442 1716 3472 die
1735 3442 1808 3473 Maii
1823 3445 1954 3482 proximo
1971 3443 2080 3481 futuro,
2099 3443 2129 3472 in
2209 3442 2278 3474 chiis
2295 3443 2345 3475 Pi-

1290 3478 1392 3509 cardiae
1405 3479 1449 3509 vel
1461 3480 1540 3517 alibi,
1560 3481 1596 3517 fi,
1614 3481 1646 3511 ὃς
1662 3481 1711 3510 ubi
1724 3482 1874 3521 expedierit
1909 3481 2106 3518 Conveniam,

1327 3516 1365 3547 Et
1377 3517 1455 3554 super
1471 3518 1601 3557 Qerelis
1613 3520 1698 3549 etiam
1713 3520 1745 3550 &
1758 3521 1832 3558 aliis,
1852 3506 2003 3551 Materiam
2019 3519 2260 3562 Attetnptarorum
2274 3529 2347 3551 con-

1289 3556 1486 3594 cernentibus,
1503 3566 1566 3596 quae
1580 3557 1614 3587 ad
1627 3565 1735 3595 tempus
1747 3559 1814 3589 illud
1827 3558 1886 3588 fieri
1900 3559 1934 3589 8(-
1948 3556 2097 3587 ministrari
2109 3558 2277 3597 contigerit,
2303 3559 2342 3590 le-

1289 3603 1356 3623 nam
1375 3593 1517 3631 justitiam
1537 3594 1656 3633 faciant,
1674 3597 1743 3627 sicut
1763 3597 1797 3627 &
1815 3604 1901 3634 prout
1913 3596 2014 3626 virtute
2027 3594 2216 3626 Securitatum
2228 3597 2262 3627 &
2299 3607 2346 3629 ro-

1288 3632 1427 3662 visionum
1442 3632 1600 3671 hujusmodi
1612 3635 1771 3671 obligantur
1779 3657 1789 3672 ,

1326 3669 1418 3700 Vobis
1435 3669 1616 3709 Praecipirnus
1634 3673 1712 3711 quod
1731 3673 1761 3702 iii
1780 3669 1889 3709 singulis
1904 3670 1974 3701 locis
1994 3668 2125 3702 Civitatis
2146 3671 2291 3710 praedi&ae
2308 3683 2343 3706 ac

1289 3707 1498 3739 Suburbiorum
1513 3709 1653 3747 ejusdem,
1671 3711 1721 3740 ubi
1737 3710 1826 3746 magis
1842 3708 1989 3753 eitpediens
2002 3709 2085 3740 fuerit
2098 3710 2131 3740 &
2146 3711 2272 3751 necesse,
2285 3711 2344 3744 Pu-

1290 3746 1366 3776 blice
1382 3756 1417 3776 ex
1431 3756 1506 3784 parte
1520 3747 1612 3778 nostra
1627 3747 1800 3779 Proclamari
1814 3748 1934 3784 factatis,

1327 3784 1422 3823 Qiod
1440 3795 1540 3816 ornnes
1559 3787 1593 3817 &
1612 3786 1725 3823 singuli,
1752 3786 1800 3822 qui
1822 3784 1857 3815 de
1878 3784 2014 3829 aliquibus
2035 3785 2226 3827 Attemptatis,
2241 3796 2343 3820 contra

1287 3822 1412 3852 formam
1431 3822 1617 3855 Securitatum
1639 3825 1672 3855 &
1692 3823 1891 3855 Provifionum
1910 3822 2128 3863 Praedieiarum,
2145 3826 2172 3856 se
2186 3826 2281 3858 Laesos
2294 3836 2343 3859 aut

1287 3859 1515 3897 Dampnificatos
1533 3862 1662 3892 senserint
1680 3862 1725 3893 seu
1750 3870 1893 3900 gravatOS,
1909 3870 2006 3891 coram
2028 3862 2111 3893 dietis
2129 3863 2343 3896 Conservatori-

1287 3899 1356 3935 bus,
1373 3899 1418 3928 seu
1441 3899 1667 3938 Commissariis,
1683 3901 1716 3931 &
1739 3899 1881 3936 Nunciis,
1899 3898 1936 3929 fic
1950 3898 2129 3940 deputandis,
2145 3904 2322 3942 personaliter

1286 3938 1331 3968 vel
1352 3946 1400 3974 per
1424 3935 1620 3968 Procuratores
1639 3937 1820 3974 sufficientes,
1843 3946 2039 3982 compareant,
2065 3939 2099 3970 &
2120 3941 2244 3972 intersint
2265 3925 2340 3980 apud

1285 3974 1447 4012 Calesium,
1463 3975 1496 4005 ad
1521 3976 1597 4006 diem
1640 3975 1805 4013 raedictum,
1821 3984 1889 4005 cum
1911 3976 1960 4005 suis
1975 3975 2130 4008 Evidentiis
2142 3979 2176 4009 &
2190 3979 2341 4010 Probatio-

1285 4012 1368 4044 nibus
1388 4022 1452 4051 quae
1469 4014 1520 4045 sibi
1538 4022 1571 4045 ex
1629 4015 1714 4045 ientes
1731 4013 1850 4052 fuerint,
1875 4012 1910 4045 ad
1925 4013 2064 4047 effectum
2083 4015 2186 4049 debitae
2201 4017 2341 4085 Justitffi,

2368 3233 2401 3256 H.
2422 3238 2449 3264 5.

2367 3267 2453 3304 Claus.

2369 3313 2392 3332 i.
2416 3310 2451 3334 H.
2466 3315 2495 3341 5.

2363 3352 2399 3370 m.
2418 3353 2443 3380 3.

2362 3382 2424 3419 dvij.
