2562 4274
229 118 309 160 134

76 190 154 222 Ann.
166 192 206 223 D.
261 189 300 222 Et
317 189 447 229 Johanni
465 188 561 220 Bliton
579 187 635 218 sels.

97 240 180 270 1415.
258 228 304 260 1¹1*
314 239 331 260 E
343 237 370 259 M
382 252 391 267 ,
408 228 535 267 Jolmnm⁴
551 226 704 266 Plumpton‚

73 273 136 298 Hm.
162 278 189 307 5.
260 267 393 306 Johanm‘
412 268 497 304 Vudy,

258 306 297 337 Et
310 305 427 336 Ricardo
447 306 541 342 Vasur,

258 345 297 374 Et
314 343 444 373 Nicholao
463 341 608 373 Clericulo
626 339 767 378 Capellae,
786 341 898 378 singulo
918 350 1020 372 eorum
1036 352 1054 369 v
1072 338 1195 371 Mamas.

258 380 302 412 Ιτ
315 390 387 419 EM,
404 381 533 419 Johanm·
552 381 649 410 Pocork
665 380 784 418 seniori,
808 381 841 411 &
861 380 966 410 cuilibet
992 380 1107 408 Valletto
1125 403 1134 416 ,
1151 389 1284 410 commo-

223 421 293 450 ranti
309 421 336 449 in
353 420 476 450 Servitio
494 430 577 456 meo,
597 420 625 448 in
641 418 774 456 Hospitio
789 419 835 449 die
851 419 937 448 Paffae
953 419 1068 455 ultimo,
1088 419 1180 448 xxvix.
1201 419 1247 448 viii
1255 417 1282 448 d.

222 466 323 498 praeter
342 458 399 489 hoc
413 459 491 496 quod
507 458 657 496 specialiter
675 459 885 497 praenominatis
903 458 996 495 legavi.

260 495 274 526 Ι
282 505 305 526 Τ
314 505 331 527 ε
343 505 370 526 M
379 519 388 535 ,
409 497 435 526 L
446 505 464 527 1:
475 505 525 526 oo
543 495 689 526 Willielmo
707 495 846 536 Alanson,
860 496 1005 535 quondam
1021 495 1213 525 commoranti
1223 504 1282 525 rne-

221 543 311 572 cum,
329 544 376 563 κς.

258 572 296 603 Et
315 571 421 603 Thmzae
440 575 589 603 Heuxman
607 584 653 604 cs.

258 611 373 640 Roberto
391 615 495 653 Illaryn
515 620 578 642 xxs.

252 649 384 718 {ohanni
402 651 550 680 Heuxham
570 644 635 680 xxls.

282 697 292 718 t
314 687 462 718 li'illielmo
481 692 550 727 Pope
568 699 603 719 xx
611 700 632 718 s.

255 729 299 756 W
300 726 408 757 illielmo
426 729 458 757 de
474 731 592 768 Coquina
611 737 677 758 xxx.

251 763 292 795 Et
304 765 431 803 Johanni
450 767 566 796 chamot
583 767 658 796 xiiis.
678 763 742 795 ivd.

254 803 293 833 Et
306 803 436 841 Joharmi
454 805 556 834 Seland
567 805 622 835 xit.

252 840 327 871 Ιτε
339 851 384 881 Μ,
405 843 518 874 LEGo
536 843 664 882 Johanm'
683 841 820 871 Gard‘ner
837 841 909 879 apud
928 839 1049 871 Faxflete
1065 862 1075 875 .,
1099 839 1132 869 &
1157 838 1272 883 cuilibet

218 877 400 911 Garcionum
415 882 616 919 generosorum
633 905 641 916 ,
659 882 692 911 ὃ(
709 881 823 910 cuilibet
841 880 934 910 Puero
953 880 985 908 ὃς
1007 879 1045 908 Pa
1066 885 1126 907 etto
1149 876 1270 920 existen-

213 919 287 949 tibus
306 921 332 948 in
349 920 472 950 Servitio
489 929 573 958 meo,
587 921 617 949 in
635 919 768 958 Hospitio
782 917 917 948 diePassae
930 917 1034 947 ultimo
1047 886 1184 954 {exceptis
1198 924 1270 955 prae-

213 957 380 990 nominatis)
399 959 456 987 vis.
477 956 558 988 viiid.

247 995 286 1025 Et
301 996 369 1025 ultra
383 997 440 1026 hoc
456 997 568 1025 Roberto
584 997 615 1024 de
634 998 752 1034 coquina
771 1004 833 1024 xxx.

249 1032 263 1062 I
272 1040 321 1063 Tr:
332 1041 376 1071 M,
397 1033 480 1064 Lm
490 1044 510 1064 o
526 1034 642 1064 Haeredi
658 1043 736 1071 meo,
750 1043 803 1071 pro
818 1032 960 1062 Termino
977 1032 1043 1062 vitae
1060 1031 1131 1069 suae,
1148 1030 1267 1061 Robam

212 1079 306 1100 meam
321 1071 356 1102 de
369 1071 493 1103 Scarleto
517 1073 659 1102 Furratam
680 1081 749 1101 curn
777 1071 943 1108 lxlevniuer,
970 1070 1090 1101 Surcote
1113 1077 1214 1106 overt,
1232 1069 1266 1100 δε

209 1108 382 1140 Collobium
396 1120 463 1141 cum
480 1111 550 1141 barr.
570 1111 605 1140 de
620 1110 748 1148 Ermyn,
765 1111 798 1141 &
811 1103 911 1148 Capic.
923 1110 1018 1139 furrat.
1031 1109 1062 1139 ὃ(
1078 1106 1264 1138 omniaPrin-

208 1148 306 1184 cipalia
319 1158 383 1186 quae
400 1149 485 1180 habui
497 1158 530 1180 ex
548 1149 707 1188 Legatione
722 1148 846 1178 Domini
860 1148 947 1179 Patris
960 1148 1016 1177 mei
1026 1151 1035 1184 (
1046 1148 1180 1177 omnibus
1203 1146 1263 1184 spe-

207 1186 313 1216 cialiter
326 1195 390 1217 ante
405 1187 515 1226 Legatis
527 1188 666 1226 exceptis)

246 1223 318 1256 ΙΤΕ
330 1233 366 1263 M,
385 1225 437 1256 LE
448 1235 467 1254 G
479 1236 498 1256 o
512 1226 592 1257 disto
608 1225 727 1255 Haeredi
748 1225 766 1254 i.
789 1224 842 1255 Par
860 1223 991 1254 Pelvium
1011 1232 1209 1262 coopertarum
1227 1223 1263 1253 de

206 1261 355 1302 Argeum,
374 1273 440 1303 quas
451 1265 509 1294 emi
527 1264 706 1302 Londoniae,
724 1273 792 1293 cum
815 1263 910 1294 Armis
931 1264 999 1293 meis
1020 1264 1121 1300 quibus
1145 1271 1210 1292 utor
1227 1262 1264 1292 de

205 1310 297 1339 novo,
304 1311 371 1332 cum
379 1304 425 1332 xii.
436 1302 530 1333 Discis
538 1304 584 1341 qui
593 1303 705 1333 fuerunt
714 1301 836 1332 Domini
847 1302 933 1332 Patris
944 1302 1010 1338 mei,
1017 1311 1085 1331 cum
1101 1300 1195 1331 Armis
1203 1300 1264 1339 suis,

205 1339 239 1368 &
249 1339 274 1369 ii.
284 1340 429 1378 saliaria&
437 1351 526 1372 unum
535 1340 887 1380 integrumVestinientum
895 1340 929 1371 de
938 1339 1145 1377 morleyVelvet
1154 1340 1173 1360 ²*
1182 1341 1266 1379 nigro

204 1378 236 1407 &
246 1379 428 1416 rubeo,cum
444 1381 579 1410 omnibus
594 1380 680 1419 Capis
693 1380 776 1417 nigris
792 1381 825 1410 &
841 1379 948 1415 rubeis,
958 1379 992 1408 &
1008 1378 1264 1417 Apparatuinfanc.

202 1415 239 1445 de
247 1417 327 1454 nigro
343 1418 376 1448 &
391 1419 497 1455 rubeo,
511 1428 580 1448 cum
602 1429 660 1449 uno
684 1418 736 1447 Par
752 1417 954 1447 insensurarum
975 1416 1107 1457 Argenti,
1126 1417 1153 1446 ii.
1180 1426 1264 1455 parva

205 1453 399 1494 Candelabra,
419 1458 435 1486 i.
450 1455 600 1494 Calicem,
618 1459 634 1486 i.
652 1456 813 1493 Paxbrede,
833 1457 860 1485 ii.
881 1454 998 1486 Cruetta
1013 1478 1023 1493 ,
1041 1456 1059 1485 i.
1083 1465 1185 1486 navem
1210 1465 1262 1494 pro

207 1491 419 1531 Thumamate,
437 1496 471 1526 &
493 1497 511 1525 i.
537 1495 627 1534 Aquae
649 1494 770 1532 Bajulam
792 1504 846 1533 pro
868 1493 950 1531 Aqua
979 1493 1126 1525 benedicta
1147 1494 1185 1525 de
1207 1495 1263 1525 Ar-

204 1539 313 1569 gentO,
329 1533 362 1562 &
375 1543 464 1564 unum
481 1533 616 1564 Salarium
631 1534 792 1563 deauratum
807 1540 1068 1571 coopertum,cum
1082 1534 1130 1563 xii.
1147 1532 1262 1563 Coclia-

202 1569 298 1606 ribus,
317 1570 350 1600 &
367 1572 404 1601 iii.
421 1571 586 1611 Chargeons
602 1582 665 1610 quae
687 1571 799 1601 fuerunt
823 1571 945 1600 Domini
967 1570 1054 1601 Patris
1079 1572 1135 1602 mei
1158 1571 1259 1610 absque

202 1607 298 1637 Armis
312 1610 346 1639 ὃς
360 1610 395 1640 de
413 1609 496 1640 Bonis
511 1611 594 1646 meis,
615 1610 648 1640 ad
663 1610 739 1639 suam
753 1609 950 1647 Electioneni,
968 1609 1053 1648 usque
1075 1610 1110 1640 ad
1130 1610 1258 1640 valorem

201 1644 292 1675 DCl.
312 1646 352 1677 Ita
367 1649 446 1685 quod
460 1650 557 1679 omnia
575 1649 652 1679 Bona
669 1648 802 1685 praediem
816 1655 994 1685 remaneant,
1014 1648 1078 1686 post
1100 1647 1256 1679 Decessum

199 1683 281 1713 suum
296 1707 305 1722 ,
322 1687 404 1716 rectis
415 1687 584 1717 Haeredibus
602 1687 652 1717 suis
669 1710 677 1724 ,
696 1687 798 1724 absque
817 1686 990 1717 Venditione
1008 1687 1054 1718 seu
1078 1687 1257 1718 Alienatione

198 1731 394 1763 quacumque,
413 1725 525 1764 proviso
539 1725 618 1765 quod
634 1736 693 1758 non
708 1725 759 1756 lint
772 1724 806 1755 de
821 1725 931 1764 Legatis
946 1726 976 1755 in
991 1726 1044 1756 isto
1067 1725 1256 1757 Testamento

198 1770 253 1798 pro
272 1760 520 1794 Reniembrancia.

236 1798 282 1828 ΙΤ
293 1809 311 1830 E
322 1809 348 1830 M
357 1823 366 1839 ‚
386 1801 411 1831 L
422 1811 439 1832 E
451 1811 473 1831 G
482 1812 501 1832 o
520 1802 650 1842 Johanni
668 1802 819 1843 Stayndrop
836 1802 869 1833 &
882 1801 1012 1840 Johanni
1026 1801 1156 1841 Mavfhal
1174 1803 1255 1834 cuili-

197 1837 248 1868 bet
267 1846 368 1868 eorum
385 1839 440 1870 vil.
460 1842 536 1871 xiiis.
555 1843 616 1872 ivd.
633 1842 652 1872 si
667 1842 739 1871 bene
754 1841 788 1872 &
809 1840 926 1872 fideliter
948 1842 1072 1873 facerent
1091 1843 1125 1874 &
1148 1842 1255 1873 labora-

197 1884 276 1918 rent,
296 1877 360 1914 post
377 1878 505 1910 Mortem
523 1889 628 1917 meam,
639 1879 673 1909 ad
689 1879 841 1911 levandum
858 1879 963 1910 Debita
977 1881 1010 1911 &
1026 1881 1254 1919 Arreragia,quae

197 1914 288 1944 michi
301 1916 456 1955 debentur,
476 1919 524 1947 illo
539 1927 686 1956 tempore,
706 1920 734 1948 in
751 1917 930 1948 Maneriis&
952 1919 1098 1949 Dominiis
1120 1922 1198 1950 meis.

218 1991 222 1995 ·
235 1951 277 1981 [T
287 1962 303 1984 Ε
316 1962 355 1992 M,
374 1955 400 1985 L
411 1965 429 1986 E
441 1966 462 1986 G
473 1966 493 1985 o
508 1957 613 1986 Thomae
627 1956 731 1996 Clyffi.
754 1959 838 1986 Pater
851 1956 936 1995 noster
953 1957 989 1988 de
1003 1958 1085 1988 curali
1099 1967 1169 1987 curn
1184 1967 1251 1997 gau-

193 1989 246 2020 diis
260 1990 296 2020 de
312 1992 406 2036 Gete,
425 2004 493 2024 cum
509 2005 568 2024 uno
582 1997 677 2025 Anulo
692 2005 761 2025 cum
779 1994 904 2034 Imaginc
923 1996 1034 2027 Sanctae
1049 1995 1168 2035 Mariae,
1186 2006 1250 2036 quae

194 2028 307 2060 fuerunt
322 2030 391 2061 dicti
405 2032 530 2070 Thorax,
548 2035 580 2064 ὃς
596 2034 650 2063 xis.
671 2044 725 2071 pro
740 2033 990 2066 Remembrancia.

232 2067 278 2097 [T
288 2078 306 2098 E
318 2077 343 2109 ²¹2¹
354 2092 362 2106 ,
384 2070 409 2100 V
419 2080 440 2100 o
450 2080 471 2100 L
481 2081 500 2100 o
520 2072 599 2109 quod
614 2082 714 2102 omnes
727 2072 825 2109 Toga:
842 2081 914 2102 meae
930 2073 965 2102 dc
982 2073 1064 2103 Lano
1079 2095 1088 2110 ‚
1108 2073 1142 2103 &
1165 2072 1249 2103 Dou-

191 2105 295 2143 bletra,
315 2107 444 2151 Capicia,
464 2110 496 2140 ὃ(
515 2110 623 2148 Caligae
638 2111 778 2147 (exceptis
792 2112 820 2140 in
843 2109 896 2140 isto
917 2111 1106 2142 Testamento
1128 2111 1250 2150 speciali-

189 2151 233 2173 ter
247 2145 376 2189 Legans)
396 2147 595 2178 distribuantur
610 2150 682 2179 inter
697 2149 799 2179 Servos
817 2158 914 2187 meos,
939 2150 1041 2188 absque
1064 2148 1087 2179 F
1090 2160 1194 2188 urrura,
1209 2150 1249 2180 se-

189 2183 319 2213 cundum
336 2185 544 2223 dispolitionem
559 2187 751 2217 Executorum
769 2197 908 2217 meorum,

225 2220 271 2251 IT
281 2231 298 2252 E
309 2231 354 2260 M,
375 2224 400 2253 L
410 2234 428 2254 r.
441 2233 463 2254 G
473 2234 494 2254 o
512 2224 656 2263 Johannae
670 2223 786 2264 Duciffae
800 2226 930 2262 Eborum,
948 2225 1044 2256 Uxori
1070 2235 1142 2257 meae
1160 2227 1177 2256 i.
1186 2227 1248 2257 Fir-

186 2260 332 2291 maculum
351 2272 420 2293 cum
434 2262 512 2293 Barca
527 2273 591 2302 quae
607 2263 713 2300 semper
728 2263 852 2302 pendent
865 2264 899 2294 ad
912 2264 1052 2294 camisiam
1069 2274 1163 2295 meam
1177 2276 1246 2296 cuin

188 2296 285 2328 Cruce
315 2299 437 2330 Domini
465 2324 474 2339 ‚
498 2301 531 2332 ὃς
553 2302 712 2332 Firmaculo
734 2312 798 2339 quse
819 2302 935 2339 ipsamet
963 2303 1051 2333 michi
1081 2304 1158 2335 dedit
1179 2328 1188 2343 ,
1212 2306 1246 2336 &

187 2336 224 2380 <le
240 2336 324 2368 Bonis
339 2340 408 2369 meis
420 2340 504 2378 usque
525 2341 558 2370 ad
585 2340 721 2371 valorem
744 2340 874 2370 Duarum
896 2340 1014 2371 Milium
1038 2341 1187 2373 Librarum
1211 2344 1245 2374 ad

188 2378 264 2404 luam
280 2376 480 2414 Electionem,
497 2378 538 2409 lta
558 2387 654 2410 tamen
674 2378 751 2419 quod
770 2389 830 2409 non
849 2379 986 2409 acclamet
1007 2380 1120 2417 aliquale
1137 2381 1189 2419 Jus
1208 2381 1244 2413 de

185 2412 271 2443 Bonis
290 2418 372 2453 meis,
391 2426 445 2446 nec
461 2416 664 2454 Proprietatem
681 2441 690 2455 ,
709 2426 756 2447 aut
778 2418 934 2447 Dimidiam
959 2418 1002 2447 vel
1025 2418 1157 2450 Tertiam
1181 2429 1244 2458 par-

186 2459 245 2493 tem
264 2451 409 2484 Bonorum
427 2464 577 2494 meorum,
595 2456 632 2486 set
645 2457 680 2487 de
706 2455 816 2494 Legatis
837 2465 1017 2486 contentetur
1029 2479 1038 2495 ,
1063 2466 1093 2487 ut
1111 2467 1243 2490 oretenus

190 2490 280 2519 michi
294 2493 464 2530 promiserit,

226 2527 264 2557 lta
281 2529 375 2566 quod,
395 2531 414 2559 si
431 2530 567 2569 praediero
580 2530 723 2562 Promisso
740 2531 787 2561 suo
801 2531 1015 2571 contradixerit,
1031 2531 1064 2563 δε
1079 2543 1139 2564 non
1159 2534 1240 2565 stete-

185 2567 238 2604 rit,
258 2576 327 2598 tunc
341 2568 395 2597 Vo
406 2577 454 2598 Lo
472 2570 552 2606 qubd
567 2569 603 2599 de
618 2570 772 2607 predictis,
791 2570 840 2599 iibi
858 2570 967 2608 Legatis
980 2593 989 2608 ,
1019 2571 1107 2602 nichil
1131 2573 1156 2602 ei
1177 2584 1240 2610 per-

182 2606 304 2637 solvatur
323 2615 376 2636 nee
390 2606 574 2643 deliberetur,
593 2607 709 2638 Proviso
724 2617 815 2638 tamen
830 2609 927 2647 quod,
952 2610 981 2639 in
1008 2609 1117 2648 Legatis
1139 2613 1239 2648 praedi-

183 2644 253 2682 etis,
270 2644 424 2683 Apparatus
437 2645 520 2675 dictae
534 2644 640 2675 Uxoris
664 2656 750 2683 mee,
775 2655 832 2676 tam
855 2656 908 2684 pro
930 2646 1048 2686 Capite,
1072 2650 1158 2686 quam
1184 2660 1237 2693 pro

182 2680 314 2722 Corpore
330 2682 398 2720 luo,
417 2684 582 2721 excipiatur,
601 2694 669 2714 cum
694 2685 752 2714 hoc
775 2685 854 2722 quod
877 2685 964 2715 nichil
983 2687 1102 2724 accipiat
1125 2687 1161 2718 de
1177 2692 1236 2726 ipe-

181 2721 288 2752 cialiter
303 2723 331 2751 in
349 2722 402 2751 isto
417 2721 605 2752 Testamento
623 2722 742 2761 Legato.

219 2760 233 2789 Ι
244 2769 292 2789 TE
302 2767 339 2796 M,
357 2760 383 2789 L
395 2769 412 2789 E
424 2769 446 2789 G
456 2770 475 2789 o
495 2763 619 2790 Doniinae
637 2772 700 2790 meae
717 2760 754 2796 (ἂν
774 2764 869 2790 Matri
886 2771 971 2791 unam
987 2761 1112 2794 Crucem
1125 2763 1160 2794 de
1175 2765 1236 2795 Au-

170 2806 231 2835 1r0,
249 2807 316 2827 cum
331 2800 368 2829 iv.
389 2798 512 2836 Perulis,
530 2799 562 2829 &
578 2800 594 2828 i.
616 2798 695 2829 Birell
713 2800 831 2830 rotunda
851 2801 878 2830 in
900 2800 994 2837 Pede,
1016 2802 1046 2832 ὃ(
1064 2803 1080 2831 ἰ.
1101 2801 1154 2832 Par
1178 2805 1236 2833 Pa-

180 2844 224 2866 ter
241 2836 326 2874 noster
344 2836 379 2866 de
398 2836 474 2867 Gete
497 2861 506 2874 ,
533 2847 597 2874 quae
615 2838 759 2875 quondam
775 2839 886 2868 fuerunt
902 2839 1097 2878 Archiepifiopi
1114 2841 1235 2871 Eburum

178 2875 324 2906 Avunculi
343 2875 416 2912 mei,
431 2878 463 2906 ὅ(
479 2876 496 2904 i.
516 2874 568 2904 Par
583 2878 669 2905 Pater
686 2876 772 2915 noster
788 2877 822 2908 de
842 2877 921 2906 Auro
940 2880 1084 2915 quondam
1111 2879 1234 2911 Domini

179 2912 268 2944 Patris
284 2914 356 2951 mei,
376 2923 443 2944 cum
464 2915 480 2943 i.
499 2914 597 2945 Cruce
609 2914 645 2944 de
660 2914 758 2945 Cruce
776 2914 1119 2952 Domini(videlicet)de
1138 2917 1234 2950 Cruce

180 2952 218 2982 de
237 2951 396 2991 Gallewaye
415 2961 478 2990 quae
495 2952 632 2982 clauditur
649 2962 717 2983 curn
736 2955 773 2983 iv.
802 2953 884 2983 Vices
898 2976 907 2991 ,
932 2954 965 2984 &
990 2954 1065 2985 Tres
1082 2955 1186 2987 Libros
1204 2959 1233 2988 in

178 2990 311 3027 Gallicis,
329 2990 362 3019 ad
382 2990 561 3020 Electionem
580 2991 674 3029 suam,
693 2992 816 3031 exceptis
834 2991 955 3030 superius
973 2992 1074 3031 legatis.

213 3027 259 3058 Ιτ
272 3037 289 3057 Ε
300 3036 344 3065 Μ,
361 3028 386 3057 L
398 3038 474 3058 iaoo
493 3029 571 3058 dffae
586 3032 710 3059 Dominae
728 3042 790 3060 meae
808 3033 916 3068 Matri,
933 3031 968 3061 de
985 3032 1068 3062 Bonis
1087 3034 1156 3064 meis
1175 3055 1183 3070 ,
1198 3034 1234 3065 ad

177 3066 254 3097 suam
270 3066 450 3097 Electionem
461 3090 470 3104 ,
491 3067 573 3105 usque
591 3068 624 3097 ad
641 3067 772 3098 Valorem
786 3078 833 3099 cc.
851 3069 1014 3100 Marcarurn
1034 3071 1174 3109 (exceptis
1191 3073 1232 3102 su-

178 3106 392 3142 pet-{uslegatis)
414 3107 447 3136 &
462 3107 520 3135 hoc
538 3114 595 3135 tam
612 3107 640 3135 in
660 3106 899 3137 Remembrancia
914 3131 923 3145 ,
945 3110 1031 3146 quam
1054 3110 1082 3139 in
1104 3109 1235 3141 Recom-

179 3143 336 3179 pensatione
349 3146 481 3174 omnium
497 3143 642 3173 Bonorum
653 3167 661 3181 ,
681 3146 699 3175 li
717 3155 780 3183 quae
798 3146 916 3176 habeam
934 3149 963 3176 in
985 3149 1112 3178 manibus
1127 3159 1191 3187 quae
1202 3150 1233 3179 li-

178 3182 207 3210 bi
222 3183 322 3218 quovis
336 3183 418 3211 titulo
433 3183 618 3219 pertinerent,
638 3183 692 3221 set,
713 3194 770 3214 non
787 3184 962 3214 obstantibus
981 3185 1230 3224 Praescripti5,Vo-

176 3219 208 3248 lo
223 3219 300 3257 quod
319 3229 370 3250 nec
387 3220 472 3250 dicYus
486 3223 582 3250 Haerer
597 3232 666 3249 meur
676 3244 685 3258 ‚
704 3233 758 3252 nec
781 3224 854 3251 dida
880 3226 954 3252 Ux2r
981 3235 1058 3260 mea,
1083 3234 1128 3255 aut
1154 3227 1230 3255 dic‘la

180 3259 299 3299 Darnina
318 3260 416 3287 Mater
435 3270 509 3296 mea,
528 3260 681 3297 accipiant,
700 3270 752 3290 nec
765 3260 860 3298 aliquis
874 3271 974 3292 eorum
990 3264 1124 3301 accipiat,
1142 3265 1231 3303 Lega-

178 3303 206 3326 ta
224 3297 268 3324 {ua
285 3296 404 3336 totaliter
418 3296 454 3326 de
468 3296 543 3326 Vasis
558 3298 603 3327 vel
615 3298 759 3335 jocalibus
780 3309 898 3335 argento
918 3300 1049 3330 deauratis
1075 3302 1118 3331 vel
1152 3303 1232 3333 Auro

180 3333 316 3371 totaliter,
335 3335 371 3363 let
390 3334 502 3364 Partem
518 3335 552 3364 de
567 3336 680 3373 talibus,
704 3338 737 3367 &
761 3337 872 3367 Partem
893 3338 930 3367 de
951 3337 1148 3379 vestimentis,
1177 3341 1232 3372 Le-

181 3371 251 3408 ἃίε,
271 3372 362 3409 Aulis,
384 3372 495 3410 Libris,
515 3374 547 3404 ὃ(
562 3374 618 3402 aliis
637 3374 812 3406 Necessariis.

218 3409 290 3440 Ιτε
301 3417 345 3448 Μ,
365 3410 389 3439 V
399 3419 478 3440 oLo
495 3412 576 3449 quod
591 3411 728 3443 solvantur
745 3414 873 3451 Jchanni
892 3414 923 3443 de
940 3416 1028 3445 Etton
1045 3415 1071 3445 xl
1096 3414 1215 3447 Marcae.

187 3488 205 3518 s
219 3448 263 3516 IEt
277 3450 361 3479 etitm
383 3447 458 3479 VoL
469 3458 489 3478 ο
507 3450 603 3488 quod,
618 3460 681 3481 ante
697 3454 811 3490 omnia,
829 3452 933 3483 Debita
948 3463 1011 3484 mea
1028 3454 1148 3493 plenarie
1169 3465 1233 3493 per-

198 3497 218 3517 0
229 3496 336 3516 vantur.

213 3525 308 3567 Etiam
326 3524 412 3555 VoL
424 3535 444 3554 ο
460 3526 538 3564 quod
556 3528 689 3557 omnibus
707 3528 754 3557 illis
774 3529 939 3559 satisfactum
962 3530 1010 3568 fit,
1035 3531 1082 3569 qui
1104 3531 1235 3562 sciverint

184 3563 245 3593 illos
262 3564 400 3593 affirmare
416 3564 448 3594 &
465 3566 558 3602 aperte
572 3568 688 3603 prol-wc
701 3567 755 3596 elle
779 3576 827 3603 per
848 3577 894 3596 nie
921 3568 1107 3600 Defraudatos
1133 3573 1235 3609 quovis

184 3602 275 3631 modo
290 3602 333 3632 vel
346 3602 443 3640 titulo,
461 3602 504 3632 vel
518 3612 564 3639 per
582 3613 659 3633 meos
672 3604 704 3633 ad
720 3614 814 3634 meam
831 3604 917 3635 usum.

222 3640 274 3677 Et,
289 3641 307 3669 si
323 3641 467 3679 contingat
483 3641 561 3678 quod
577 3642 673 3679 aliquis
686 3642 802 3671 istorum
819 3644 1074 3684 int‘ralcriptcrum‚
1092 3655 1156 3677 ante
1164 3646 1234 3677 Pro—

185 3678 329 3708 bationem
342 3679 422 3717 hujus
438 3679 614 3709 Testamenti
634 3681 708 3716 mei,
726 3681 841 3717 obierit,
862 3681 974 3712 VoLo
993 3686 1071 3721 quod
1094 3684 1234 3716 Executo-

182 3726 224 3756 res
252 3718 306 3747 mei
329 3727 386 3747 non
415 3726 557 3748 teneantur
585 3717 714 3754 perficere
741 3717 924 3749 Voluntatem
947 3730 1037 3751 meam
1070 3724 1232 3760 praedi&am

181 3752 386 3795 Lisecutoiibus
403 3766 524 3793 eorum,
540 3756 576 3786 set
595 3765 752 3787 remaneant
771 3757 875 3795 Legata
902 3767 1004 3788 eorum
1028 3759 1233 3794 Executoribus

178 3800 255 3820 meis.

217 3828 252 3870 lit
267 3828 322 3870 lioc
341 3831 371 3859 T
382 3840 399 3860 E
410 3842 420 3861 ς
433 3841 455 3862 τ
467 3843 486 3862 A
498 3841 521 3861 xi
533 3842 550 3862 E
565 3841 587 3862 N
597 3840 619 3861 T
629 3842 649 3862 ο
672 3833 816 3870 completo
833 3855 843 3870 ,
859 3834 893 3864 &
913 3833 1026 3865 Debitis
1052 3838 1120 3867 meis
1138 3839 1232 3875 perso-

176 3866 241 3895 lutis
261 3866 352 3897 voto
372 3871 449 3905 quod
465 3880 498 3900 ex
516 3870 640 3901 Reiiduo
658 3870 800 3901 Bonorum
827 3880 956 3901 meorum
978 3872 1153 3906 Executores
1176 3877 1232 3907 mei

177 3903 305 3947 Fuiidexu
325 3906 396 3936 Tre:
423 3908 565 3938 Cazitarizs
582 3910 616 3938 de
645 3909 752 3939 Tribus
779 3908 936 3947 Capelianis
950 3933 959 3947 ,
975 3913 1098 3948 quolibet
1117 3915 1228 3945 illorum

180 3951 306 3982 capiente
325 3944 477 3975 Annuatini
494 3948 530 3977 xii
547 3946 673 3987 rviarcas,
692 3949 722 3977 in
739 3946 853 3988 Capella
868 3948 963 3979 Sancti
982 3950 1116 3989 Stephani
1134 3952 1230 3985 inEc-

53 1379 75 1397 ἵ
93 1381 146 1408 ix.

58 1427 123 1453 ²79·

729 97 1532 148 CONVENTIONES,

1281 2363 1361 2405 '‘m''

1607 98 2015 152 LITERAE,

1329 185 1409 216 clesia
1427 184 1586 217 Cathedrali
1601 184 1751 226 Eborum',
1768 187 1974 226 imperpetuum
1992 185 2148 223 duraturas,
2163 183 2197 215 δὲ
2214 183 2381 227 ibidem-ce-
2396 182 2473 214 Ann.
2489 180 2532 216 D.

1327 224 1479 261 lebraturi,
1493 225 1512 254 fi
1530 225 1680 264 contigerit
1695 235 1742 256 me
1756 225 1785 255 in
1800 225 1876 256 dicta
1891 223 2007 263 Capella
2024 224 2154 261 Sepeliri:
2172 224 2221 262 &,
2238 224 2258 254 fi
2271 222 2382 253 accide-
2420 231 2505 262 1415.

1327 264 1364 293 rit
1389 272 1435 293 me
1452 271 1527 293 retro
1541 271 1676 300 magnum
1697 264 1792 294 Alrare
1806 264 1909 303 sepeliri
1920 285 1929 301 ,
1945 271 2013 294 tunc
2031 263 2112 293 Vox..
2123 271 2144 292 ο
2159 261 2240 301 quod
2248 261 2320 292 Duo
2333 269 2382 291 ce·-
2397 265 2462 290 Hm.
2473 271 2502 298 5.

1325 301 1432 331 lebrent
1448 301 1479 330 in
1498 300 1614 339 Capella
1629 301 1725 332 Sancti
1741 302 1894 341 Stephani,
1914 303 1948 332 &
1966 302 2080 333 Tertius
2099 300 2211 330 illorum
2231 300 2264 330 ad
2285 299 2381 330 Altare

1327 339 1407 376 quod
1420 340 1470 370 erit
1483 348 1547 369 ante
1560 338 1702 370 Feretrum
1717 349 1793 370 retro
1816 340 1970 371 Summum
1992 340 2083 369 Altare
2095 361 2105 377 ,
2123 339 2158 370 &
2176 339 2247 369 inter
2268 339 2379 369 dietum

1327 378 1422 407 Altare
1434 377 1468 407 &
1484 377 1656 407 Cathedram
1670 378 1966 417 Archiepiscopalem,
1981 378 2031 416 &,
2049 377 2194 415 quousque
2214 377 2281 407 illud
2300 376 2378 408 Alta-

1325 425 1355 445 re
1371 414 1524 446 aedificetur
1533 438 1542 453 ,
1562 415 1682 446 celebret
1696 417 1725 446 in
1742 415 1857 457 Capella
1873 416 2006 454 praedifta
2020 425 2090 446 cum
2100 414 2379 454 DuobusCapellanis

1324 453 1949 524 iiiafflilgittitsffu‘ictflgieffichieadtiolilezsfflgffilergarees
1963 454 2109 525 (gelpeliliqouci
2124 453 2379 523 {gtgffio'refsioffi

1325 529 1487 566 Matutinis,
1512 529 1605 560 Miffis
1621 530 1759 569 Vesperis,
1779 531 1812 562 &
1825 503 2053 562 Proceff’ionibffis
2067 554 2076 570 ‚
2102 531 2172 561 ficut
2191 530 2236 561 alii
2255 531 2378 569 ejusdem

1324 569 1495 600 conditionis
1507 568 1613 600 faciunt
1629 570 1677 607 qui
1694 569 1810 600 Divinis
1824 569 1945 601 Servitiis
1957 571 2086 602 interesse
2112 569 2286 608 frequentius
2305 569 2380 600 obli—

1345 617 1433 638 antur.

1322 617 1344 645 g
1358 645 1395 676 Et
1415 647 1500 676 etiam
1517 644 1607 676 Vor.
1617 655 1638 675 o
1657 644 1738 683 quod
1753 645 1820 676 dieti
1836 645 2008 677 Executores
2021 646 2154 678 Fundent
2169 646 2380 685 imperpetuum
2415 670 2419 675 .

1321 683 1408 715 Diem
1428 684 1614 715 Anniversarii
1628 685 1684 714 mei
1698 683 1847 714 solenniter
1861 684 2074 723 custodiri,una
2087 695 2155 717 cum
2171 685 2311 716 Oratione
2326 695 2380 724 pro

1320 723 1426 754 Anima
1440 723 1549 754 Uxoris
1567 732 1655 761 meae,
1673 723 1705 753 δε
1732 722 1770 753 sic
1785 723 1893 753 Tribus
1906 723 1950 752 vel
1964 722 2080 753 Duabus
2095 723 2232 754 Cantatiis
2249 725 2287 755 {ic
2300 724 2378 754 Fun-

1317 761 1404 801 datis,
1423 771 1492 793 tunc
1514 761 1625 792 VoLo
1643 745 1724 800 quod
1744 761 1830 805 cesset
1844 761 1973 805 qucedam
1984 761 2125 806 ,Annuitas
2140 762 2247 802 Viginti
2262 761 2379 808 Marca-

1315 799 2378 880 {leziazierraterrat&&trietrst‘arstafflrtia

1315 886 1420 908 norum
1436 878 1639 908 celebrantium
1650 880 1678 907 in
1698 876 1812 916 Capella
1828 877 1979 919 pi·aedi6ta;
1995 878 2045 914 ὃς,
2060 880 2083 919 ¹11
2103 886 2157 919 una
2167 877 2282 919 *tantum
2296 878 2376 909 Can-

1314 916 1380 946 taria
1403 916 1548 947 Fundetur
1557 937 1567 954 ,
1581 924 1650 947 tunc
1672 915 1769 946 VoLo
1787 918 1867 954 quod
1881 917 1967 947 cesset
1982 914 2122 945 Medietas
2135 914 2204 946 illius
2217 914 2379 948 Annuitatie

1315 954 1472 989 (videlicet)
1489 963 1515 983 x.
1531 953 1642 985 Marcae
1657 964 1705 991 per
1719 955 1852 985 Annum.

1350 991 1476 1031 ITEM,
1494 992 1610 1023 Lssoo
1629 992 1715 1023 Fratri
1738 1003 1822 1031 meo,
1843 992 1982 1031 Magistro
2003 991 2135 1030 stephano
2157 991 2183 1022 Ie
2204 995 2299 1032 Scrop,
2318 992 2374 1024 Ar-

1310 1030 1485 1062 chidiacono
1511 1030 1749 1070 Richemundiae‚
1765 1031 1800 1062 ad
1819 1032 1943 1062 valorem
1957 1031 1993 1061 de
2006 1040 2041 1061 xx
2050 1031 2069 1060 l.
2086 1031 2122 1062 de
2136 1029 2221 1062 Bonis
2236 1034 2323 1071 meis,
2339 1031 2377 1064 ad

1310 1069 1386 1100 suam
1404 1069 1594 1100 Electionem.

1347 1107 1419 1139 ITE
1430 1117 1475 1146 M,
1492 1107 1518 1138 L
1528 1117 1546 1138 Ε
1556 1118 1578 1138 G
1588 1118 1608 1138 0
1627 1106 1734 1137 Thomae
1758 1110 1858 1152 Haxey
1882 1107 2016 1146 Oeneo,
2032 1107 2065 1138 &
2086 1107 2191 1138 Thomae
2215 1109 2375 1149 Brounflete

1310 1145 1401 1177 Militi
1419 1146 1572 1184 (videlicet)
1594 1147 1704 1185 utrique
1716 1156 1832 1185 eorum,
1850 1146 1886 1176 de
1901 1145 1984 1177 Bonis
1999 1147 2086 1184 meis,
2103 1146 2137 1176 ad
2150 1147 2274 1178 valorem
2292 1158 2327 1178 xx
2335 1148 2357 1178 l.

1344 1184 1357 1215 I
1369 1193 1392 1214 Τ
1402 1195 1419 1216 Ε
1430 1194 1456 1216 M
1465 1208 1475 1224 ,
1496 1186 1521 1215 L
1531 1195 1548 1216 E
1559 1195 1581 1216 G
1592 1195 1612 1215 o
1633 1190 1668 1213 W
1671 1184 1778 1215 illielmo
1804 1184 1890 1225 Blafi
1911 1183 2045 1221 Clerico,
2061 1185 2094 1215 &
2112 1185 2240 1222 Johanni
2255 1186 2373 1217 Foxhols

1309 1222 1444 1262 Clerico,
1463 1226 1574 1262 utrique
1591 1224 1703 1254 illorum
1724 1223 1769 1254 xl.
1783 1224 1816 1254 &
1830 1223 1945 1253 Roberto
1962 1225 2042 1252 Lane
2057 1231 2084 1252 x.
2099 1222 2230 1263 Mamas,
2244 1235 2298 1263 pro
2312 1225 2372 1256 La-

1310 1262 1381 1293 bore
1397 1263 1445 1293 suo
1462 1273 1547 1301 quem
1564 1264 1708 1293 habebunt
1721 1263 1751 1292 in
1767 1262 1944 1293 Executione
1957 1260 2136 1292 Testamenti
2149 1263 2214 1292 mei.

1345 1301 1394 1339 Et,
1411 1301 1445 1332 ad
1458 1302 1562 1332 dietam
1579 1301 1694 1332 VoLu
1703 1309 1726 1331 N
1739 1309 1762 1331 τ
1772 1311 1791 1331 Α
1802 1309 1825 1330 τ
1836 1310 1854 1331 ε
1867 1309 1894 1332 Μ
1908 1310 2000 1331 meam
2013 1301 2042 1330 in
2057 1298 2208 1331 Praemiffis
2223 1301 2372 1339 perficien—

1307 1339 1390 1377 dam,
1413 1339 1557 1371 constituo
1577 1340 1747 1378 Principales
1770 1339 1943 1370 Executores
1965 1348 2046 1369 meos
2068 1339 2214 1378 praefatos,
2240 1339 2368 1372 Fratrem

1308 1387 1406 1409 meum
1430 1378 1599 1417 Magistrum
1624 1378 1787 1416 Stephanum
1806 1377 1832 1408 le
1855 1381 1931 1417 Scrop
1945 1376 2186 1408 Archidiaconum
2205 1377 2371 1409 Richmun-

1306 1416 1362 1446 diae
1371 1440 1380 1455 ,
1396 1417 1525 1447 Thomam
1538 1420 1636 1456 Haxey
1650 1417 1806 1455 Clericum,
1820 1416 1951 1447 Thomam
1971 1419 2066 1446 Broun
2089 1424 2131 1446 ete
2146 1415 2285 1455 Militem,
2296 1422 2332 1446 W
2333 1417 2371 1448 il—

1306 1453 1423 1485 helmum
1442 1455 1524 1496 Blafi
1537 1455 1702 1495 Geticum,
1719 1455 1878 1495 Johannem
1894 1454 2023 1494 Foxholr,
2069 1455 2184 1486 leticum
2194 1477 2205 1493 ,
2221 1455 2254 1486 &
2269 1456 2371 1487 Rober-

1305 1500 1364 1522 tum
1385 1497 1466 1524 Lerne

1342 1532 1380 1563 Et
1405 1518 1596 1570 Supe'rvisores
1615 1532 1761 1565 constituo
1788 1535 1907 1563 Uxorem
1931 1542 2018 1562 meam
2030 1553 2040 1569 ‚
2069 1534 2217 1562 Dominam
2241 1535 2368 1563 Matrem

1304 1581 1405 1609 meam,
1424 1574 1571 1601 Dominum
1585 1571 1610 1601 le
1623 1576 1700 1611 Scrop
1716 1573 1840 1604 Fratrem
1856 1581 1972 1609 meum,
1987 1569 2143 1610 Gaffridum
2156 1570 2181 1600 Ie
2196 1575 2272 1610 Scrop
2286 1572 2370 1603 Mili·

1304 1618 1363 1640 tem
1373 1633 1381 1648 ‚
1398 1612 1431 1640 &
1446 1611 1591 1639 Ricardum
1606 1613 1724 1641 Norton.
1855 1623 1859 1627 ’

1341 1647 1466 1686 ITEM,
1482 1648 1502 1679 si
1527 1649 1676 1686 contingat
1696 1649 1804 1680 dictam
1828 1647 1962 1679 Uxorem
1986 1657 2098 1686 meam,
2122 1657 2186 1679 ante
2207 1647 2366 1680 Decessum

1302 1696 1400 1755 metsirln
1408 1709 1418 1725 ,
1434 1688 1532 1725 obire,
1553 1686 1578 1717 V
1588 1696 1636 1717 οι
1646 1698 1666 1718 o
1682 1689 1762 1726 quod
1781 1689 1879 1718 omnia
1898 1685 2006 1717 Debita
2028 1686 2074 1717 sua
2086 1695 2153 1718 cum
2169 1686 2281 1719 Debitis
2296 1689 2367 1719 meis

1322 1735 1349 1755 er
1360 1735 1379 1755 o
1391 1735 1489 1756 vantur

1301 1734 1319 1764 p
1339 1763 1386 1793 Ιτ
1397 1773 1415 1794 E
1426 1772 1453 1794 Μ
1463 1788 1471 1802 ,
1487 1763 1543 1794 Vo
1554 1773 1575 1794 L
1587 1774 1607 1794 o
1623 1764 1702 1803 quod
1725 1763 1816 1795 nullus
1834 1762 2029 1794 Executorum
2052 1773 2183 1794 meorum
2201 1774 2250 1802 per
2271 1763 2298 1795 se
2314 1764 2364 1795 ali—

1320 1812 1364 1832 uas
1377 1803 1458 1833 faciat
1476 1803 1697 1843 Acquietantias,
1713 1812 1758 1834 aut
1771 1802 1909 1841 quicquid
1923 1801 1997 1832 aliud
2012 1802 2091 1839 quod
2107 1803 2174 1834 effet
2191 1804 2308 1841 virtutis,
2325 1804 2364 1836 set

1298 1811 1408 1879 pemper
1421 1841 1454 1871 ad
1470 1843 1564 1872 minus
1577 1843 1679 1909 ali2uid
1698 1842 1750 1872 tale
1762 1840 1918 1879 perficiatur
1945 1849 1981 1884 'er
1995 1840 2068 1870 Tres
2088 1840 2222 1878 illorum,
2239 1841 2364 1879 quorui’u

1942 1879 2008 1919 iles,
2025 1887 2072 1910 aut
2087 1877 2235 1918 Johannes
2246 1879 2364 1911 Foxhols

2397 492 2416 511 ²*
2438 495 2492 522 IX.

2398 532 2463 560 280.

1297 1882 1392 1910 tertius
1413 1878 1520 1918 semper
1540 1880 1572 1910 sit
1596 1883 1623 1910 T
1639 1891 1712 1910 omas
1727 1879 1887 1919 Brounflete

1327 1918 1333 1947 l
1354 1919 1374 1948 ri
1413 1928 1434 1948 s.

1296 1917 1351 1986 Cf
1357 1929 1412 1988 *reg
1419 1964 1465 1995 M,
1485 1955 1604 1987 VoLo
1625 1966 1655 1988 ut
1677 1967 1726 1996 per
1752 1956 1924 1988 Executores
1946 1966 2025 1987 meos
2051 1955 2211 1987 Refiduum
2227 1957 2362 1988 omnium

1295 1993 1444 2026 Bonorum
1465 2005 1598 2026 meorum
1615 1996 1715 2034 (dietis
1728 1994 1867 2027 Cantariis
1882 1997 1916 2027 &
1933 1994 2026 2025 Obitu
2040 1994 2192 2032 Fundatis)
2210 1995 2362 2034 dividatur,

1294 2036 1366 2064 inter
1385 2034 1520 2065 Uxorem
1542 2043 1635 2064 mmm
1659 2035 1692 2065 ὃς
1709 2034 1805 2073 illum,
1830 2035 1879 2073 qui
1904 2042 1974 2065 tunc
1997 2033 2049 2065 erit
2070 2033 2170 2065 Haeres
2190 2043 2289 2073 meus,
2307 2043 2359 2074 per

1295 2083 1320 2103 ae
1342 2073 1413 2103 uales
1432 2072 1591 2102 Portiones.

1345 2122 1363 2141 n
1387 2120 1510 2149 quorum
1537 2112 1671 2141 omnium
1694 2112 1729 2142 &
1753 2110 1828 2141 istius
1852 2119 1876 2143 U
1886 2119 1959 2142 LTI
1969 2118 2038 2142 ΜΕ.
2062 2109 2180 2142 VoLu
2191 2119 2213 2140 N
2224 2119 2276 2142 ΤΑ
2286 2119 2310 2140 τ
2321 2110 2357 2142 1'5

1292 2157 1376 2180 MEAE
1395 2150 1736 2188 TESTIMONIUM,
1754 2149 1880 2188 praesenti
1895 2149 2204 2181 TEsTAMENTO
2225 2158 2293 2180 meo
2310 2149 2358 2180 Si-

1292 2189 1391 2226 gillum
1407 2197 1504 2218 meum
1517 2189 1640 2228 apposui.
1679 2201 1708 2224 χ

1330 2227 1440 2257 Datum
1454 2227 1592 2257 vicesimo
1604 2226 1686 2257 tertio
1699 2225 1745 2257 die
1755 2225 1834 2265 Junii
1842 2249 1852 2264 ,
1872 2225 1960 2256 Anno
1973 2225 2094 2258 Domini
2106 2224 2358 2259 MCCCGXV.

1291 2264 1381 2297 Anno
1397 2265 1496 2304 Regni
1517 2264 1562 2295 Re
1584 2267 1604 2296 is
1621 2265 1742 2296 Henrici
1761 2265 1867 2304 Qinti
1882 2264 1946 2305 post
2014 2264 2167 2304 nquestum
2182 2266 2277 2296 tertio.

1324 2308 1350 2336 ³<
1362 2302 1405 2341 2771
1423 2324 1472 2341 aa
1499 2300 1527 2340 ,τ’
1639 2303 1951 2341 ..Cam-zabad,-
2032 2305 2272 2340 ema-A
2285 2289 2478 2338 acm.-

1434 2349 1474 2389 P
1619 2348 1765 2393 eph-mk*
1776 2343 2427 2414 acamzeffiffiwmjchffl‘c
2447 2339 2562 2387 aad?

1449 2371 1486 2421 ff
1517 2398 1610 2441 Super
1637 2396 1809 2440 Recaptione
1828 2395 1952 2426 Comitis
1969 2390 2006 2426 dc
2027 2392 2122 2443 Pyffe.

1288 2479 1413 2537 REX
1429 2480 1580 2517 omnibus,
1597 2479 1630 2510 ad
1646 2488 1734 2518 quos,
1752 2478 1813 2510 ἃς.
1832 2477 1966 2510 Salutem.

1403 2519 1501 2549 Sciatis
1518 2518 1597 2558 quod
1607 2541 1618 2557 ,
2364 2511 2442 2544 Arm.
2457 2514 2500 2547 D.

1324 2556 1371 2586 De
1392 2557 1493 2587 Gratia
1514 2555 1609 2587 nostra
1623 2555 1749 2594 speciali,
1770 2556 1803 2587 δε
1819 2564 1871 2594 pro
1887 2555 1967 2584 bono
1981 2552 2101 2585 Servitio
2116 2553 2212 2593 quod,
2230 2555 2349 2589 dilectus
2387 2561 2475 2592 1415.

1284 2595 1365 2624 nobis
1376 2617 1385 2632 ,
1404 2593 1559 2631 Radulphus
1581 2594 1687 2636 Pudfiay
1705 2594 1840 2630 Armiger
1862 2594 1930 2631 (qui
1946 2595 2073 2622 Comitem
2085 2592 2118 2623 de
2132 2593 2206 2635 Fyffi’
2219 2597 2343 2634 recepit)
2366 2595 2417 2618 An.
2435 2601 2462 2629 3.

1284 2633 1383 2663 Nobis
1399 2632 1537 2669 impendit
1552 2633 1584 2662 ὃ(
1602 2633 1748 2670 impendet
1759 2633 1787 2661 in
1803 2631 1945 2667 futurum,
2364 2634 2398 2657 H.
2411 2638 2441 2664 5.

1318 2670 1517 2700 Conceilimus
1531 2672 1557 2701 ei
1572 2671 1680 2708 Viginti
1695 2670 1811 2706 Libras,
1829 2667 2017 2713 percipiendas
2029 2670 2189 2708 annuatim,
2205 2680 2258 2710 pro
2271 2670 2346 2703 Ter-
2364 2671 2423 2695 ΡΜ·
2444 2678 2470 2706 3.

1282 2711 1364 2739 mino
1384 2708 1460 2739 Vitae
1480 2709 1551 2753 suae,
1568 2715 1627 2739 tam
1651 2708 1687 2738 de
1701 2707 1849 2755 Custumis
1863 2707 1897 2738 &
1917 2707 2049 2738 Subsidiis
2063 2708 2224 2748 Lanarum,
2239 2709 2348 2756 Corio·
2364 2710 2399 2734 H.
2418 2715 2448 2742 5.

1280 2758 1369 2816 iffi&
1381 2744 2345 2828 ²3.12⁶3&¹11³&erratuffin‘izssssafiussssffscraffffi2:31
2361 2751 2399 2811 22.
2407 2753 2448 2820 ¹3.

1279 2824 1409 2854 rumdem
1435 2822 1641 2854 Custumarum
1658 2824 1691 2855 &
1719 2822 1912 2853 Subsidiorum
1935 2832 1965 2852 in
1988 2821 2077 2854 Portu
2100 2822 2243 2855 Praedieto
2289 2834 2344 2863 pro

1278 2872 1408 2902 tempore
1427 2862 1624 2906 existentium,
1642 2862 1677 2903 ad
1700 2861 1856 2892 Terminos
1879 2860 1978 2893 Saneci
1997 2859 2146 2893 Michaelis
2160 2862 2194 2894 &
2208 2848 2340 2902 Paschae,

1279 2912 1328 2942 per
1344 2901 1461 2943 aequales
1476 2900 1634 2931 Portiones.

1315 2939 1348 2970 ln
1365 2949 1460 2977 cujus,
1477 2939 1537 2970 &c.

1334 2976 1424 3009 Teste
1440 2977 1522 3017 Rege
1539 2977 1612 3017 apud
1626 2978 1754 3016 Wnton.
1769 2975 1906 3008 vicesimo
1921 2975 2022 3014 quinto
2034 2974 2079 3006 die
2089 2974 2178 3014 Junii.

1919 3053 1975 3083 Per
1989 3049 2072 3092 ipficm
2089 3055 2194 3090 Regem.

1332 3185 1426 3227 Super
1455 3179 1642 3224 Restitutione
1667 3178 1862 3227 Posseffionum
1881 3178 2070 3214 Prioratibus
2084 3181 2280 3229 Alienggenis.

1280 3264 1423 3321 REX,
1441 3267 1592 3303 omnibus,
1610 3266 1644 3296 ad
1660 3276 1747 3304 quos,
1765 3266 1826 3297 &c-
1845 3264 1910 3297 Salu
1924 3275 1980 3298 em.

1393 3303 1488 3347 Sciatis
1504 3305 1601 3349 quod,
1731 3300 1898 3373 ἰέῖρλμᾳ.
1927 3294 1995 3335 aul.
2007 3287 2307 3346 flastaamf'ih)
2349 3301 2428 3333 Ann.
2439 3304 2481 3336 D.

1314 3340 1411 3379 Cum,
1427 3352 1455 3372 in
1480 3341 1666 3374 Parliamento
1688 3353 1729 3373 no
1767 3353 1805 3381 o,
1822 3343 1896 3380 apud
1916 3342 2108 3382 Leycestriarn
2127 3352 2216 3380 nuper
2237 3351 2332 3382 tento,
2371 3349 2457 3382 1415.

1275 3377 1446 3410 Comuniras
1469 3380 1562 3419 Regni
1583 3381 1670 3412 nostri
1691 3377 1867 3421 Angliaessin
1883 3383 1985 3412 eodem
1999 3381 2187 3413 Parliamento
2199 3382 2333 3420 existens,
2350 3382 2403 3407 Aa.
2420 3392 2449 3418 3·

1276 3417 1377 3448 Nobis
1390 3418 1568 3450 declaraverit
1582 3420 1673 3459 quod,
2349 3422 2383 3446 H.
2404 3429 2432 3454 5·

1315 3460 1329 3472 ⁸⁶
1345 3455 1379 3486 In
1405 3456 1466 3487 casu
1489 3467 1547 3495 quo
1568 3458 1654 3489 finalis
1678 3458 1738 3489 Pax
1759 3459 1830 3489 inter
1849 3459 1909 3488 Nos
1931 3459 1965 3490 &
1990 3455 2194 3495 Adversarium
2215 3457 2332 3498 nestrum
2364 3457 2482 3491 Ibida».

1275 3497 1395 3524 Franciae
1411 3504 1540 3533 tempore
1551 3505 1621 3527 tunc
1638 3496 1735 3527 futuro
1750 3507 1911 3534 caperetur,
1929 3498 1964 3528 &
1981 3496 2058 3538 super
2071 3495 2128 3525 hoc
2145 3504 2246 3526 omnes
2261 3496 2333 3527 Pos-
2351 3503 2395 3530 3¹·

1276 3532 1403 3564 ferriones
1428 3533 1608 3566 Prioratuum
1623 3535 1869 3574 Alienigenarum,
1889 3536 1917 3565 in
1932 3534 2034 3571 Anglia
2047 3531 2209 3577 existentes,
2225 3534 2259 3564 ad
2275 3534 2333 3566 Ca-
2348 3533 2368 3550 ⁴*
2389 3535 2442 3564 IX-

1276 3573 1370 3608 pitales
1395 3571 1511 3602 Domos
1531 3572 1745 3610 Religiosorum
1764 3575 1795 3603 in
1815 3574 1944 3604 Partibus
1968 3570 2190 3610 Transmarinis,
2206 3573 2242 3604 ad
2266 3584 2333 3614 quas
2351 3572 2415 3602 281.

1276 3610 1432 3645 hujusmodi
1446 3609 1629 3643 Posseffiones
1642 3612 1784 3650 ipeQant,
1803 3611 2045 3646 Restituerentur,

1312 3644 1485 3685 Dampnum
1507 3649 1541 3679 &
1564 3649 1689 3680 Perditio
1710 3650 1802 3680 eidem
1818 3650 1927 3686 Regno
1942 3647 2040 3678 nostro
2055 3646 2089 3676 &
2103 3646 2217 3684 Populo
2234 3650 2334 3682 nostro

1275 3687 1412 3723 ejusdem,
1431 3697 1478 3723 per
1501 3689 1617 3726 grandes
1638 3689 1744 3718 Firmas
1763 3688 1798 3718 &
1812 3688 1954 3726 Apportus
1970 3686 2119 3722 Monetae,
2133 3689 2180 3722 qui
2196 3689 2231 3719 de
2244 3690 2333 3720 Anno

1276 3724 1305 3753 in
1331 3724 1448 3754 Annum
1472 3734 1575 3755 extunc
1598 3728 1827 3766 imperpetuum,
1854 3726 1888 3756 de
1907 3725 2011 3756 eisdem
2034 3721 2271 3766 Poffeffionibus,
2296 3728 2334 3760 ad

1276 3762 1422 3799 praedfflas
1437 3762 1574 3802 Capitales
1591 3765 1707 3795 Domos
1723 3764 1918 3801 redderentur,
1932 3764 2095 3803 evenirent,
2113 3766 2142 3795 in
2159 3766 2335 3807 di&iRegni

1276 3800 1362 3829 nostri
1378 3802 1406 3829 in
1428 3802 1480 3831 hac
1496 3811 1572 3840 parte
1583 3803 1846 3843 depauperationem
1862 3810 1920 3830 non
1936 3800 2096 3840 modicam,

1314 3838 1476 3881 Quodque,
1493 3840 1528 3870 ad
1550 3842 1740 3880 inceptionem
1758 3839 1879 3870 Guerrae
1896 3841 1966 3870 inter
1978 3841 2110 3877 praedicta
2126 3841 2244 3883 Regna,
2261 3856 2329 3876 om-

1275 3885 1323 3905 nes
1340 3878 1418 3914 Liger
1432 3876 1519 3907 nostri
1531 3877 1567 3908 de
1582 3879 1801 3919 quibuscumque
1814 3876 2052 3917 Poffeffionibus,
2070 3891 2133 3920 quae
2147 3882 2196 3919 ipli
2210 3884 2243 3914 ad
2261 3892 2331 3916 tunc

1273 3913 1308 3943 de
1328 3914 1421 3944 Dono
1442 3915 1597 3947 Nobilium
1612 3918 1830 3956 progenitorum
1845 3915 2027 3955 nostrorum,
2045 3919 2074 3948 in
2088 3922 2212 3957 partibus
2227 3921 2330 3954 Trans-

1272 3953 1399 3990 marinis,
1415 3953 1488 3984 infra
1503 3952 1734 3992 jurisdictionem
1757 3954 1885 3985 Franciae
1903 3953 2073 3995 habuerunt,
2095 3967 2145 3998 per
2166 3958 2331 4006 Judici'um,

2033 4019 2035 4022 -
2297 4007 2329 4030 ιιι
