2562 4274
770 185 882 231 ET
959 185 1225 238 ACTA

0 352 73 393 ᾸΠΠ·
88 355 133 390 D·
303 369 361 399 Pro
384 367 516 399 chrico
540 363 675 398 Chichele
698 363 734 397 de
758 364 852 397 Bullis
869 362 1059 411 pardonatis.

18 407 32 431 1
55 406 104 426 02.

0 408 54 504 ΞΣ
68 447 94 473 3·
151 451 275 509 REX
293 451 459 490 Univerfis,
473 451 507 482 ad
529 460 617 490 quos,
633 450 696 481 &c.
732 449 867 481 Salutem.

0 485 109 549 Rite}
221 530 229 538 ,
247 491 344 522 Sciatis
364 490 462 534 quoti,
633 529 638 533 .

0 555 69 586 H.4.
85 557 112 587 P·
184 529 282 567 Cum’
302 537 331 559 ut
347 539 523 568 accepmfflsa
543 526 736 558 Sassffiffimus
754 526 834 557 Pater
849 526 953 565 noster,
974 529 1050 566 Papa
1066 528 1215 566 modernus,

147 577 195 606 per
209 569 265 598 suas
281 568 368 597 Bullas
383 566 512 604 Papales,
530 566 701 605 providerit,
718 566 825 596 dileeto
841 567 934 602 nobis,
951 569 1068 595 Henrico
1083 566 1215 603 chichele,

107 597 130 617 ¹⁸
146 607 262 643 Legum
280 606 422 643 Doctori,
439 606 476 636 de
492 605 691 642 Canonicatu,
707 604 863 634 Praebenda
873 627 883 642 ,
901 606 934 636 ὃ(
949 604 1099 641 Dignitare
1113 606 1143 634 in
1158 604 1216 634 Ec-

145 645 226 675 clefia
241 644 402 675 Cathedrali
417 643 517 674 Sarum
527 666 536 681 ,
555 643 588 673 &
602 643 637 673 de
654 642 831 674 Canonicatu
847 644 880 674 &
896 642 1054 673 Praebendi
1069 645 1097 672 in
1111 642 1217 672 Eccle-

142 684 179 714 fia
196 682 404 719 Conventuali,
421 682 458 712 de
471 682 649 720 Sliaftebury,
669 692 782 712 necnon
796 681 832 712 de
850 681 1029 712 Canonicatu
1046 682 1074 710 in
1088 680 1215 711 Ecclesia

143 721 333 752 Conventuali
347 721 382 751 de
395 720 512 751 Wilton
527 721 555 750 in
569 719 702 751 Dioecese
717 719 818 750 Sarum
833 722 990 758 vacaturis,
1002 726 1089 757 ‘prout
1102 720 1131 750 in
1148 718 1215 748 Bul-

140 759 172 791 lis
204 759 327 790 raediffls
340 759 450 796 plenius
463 760 644 797 continetur,
660 768 690 789 ut
701 758 821 797 dicitur,
875 797 880 803 ¹
987 797 992 802 ι
1168 796 1172 801 ¹

216 808 248 828 os
266 797 313 833 (de
335 797 434 828 Gratia
456 797 549 828 nostra
570 798 693 835 speciali)
722 797 946 828 Pardonavrmus
967 795 1060 839 eidem
1084 795 1214 840 Henrico

142 837 354 904 Contefmptus,
373 835 636 874 Transgreffiones,
663 838 697 868 &
719 835 918 875 Mesprifiones
939 844 989 872 per
1014 833 1105 872 ipsum
1128 844 1160 865 m
1183 844 1214 864 ea

163 884 219 906 arte
246 876 338 905 actos:

142 886 161 915 P
180 913 219 945 Et
240 913 352 944 ulterius
375 911 577 944 Conceffimus
608 912 688 951 quod
710 911 839 942 Provifio
868 912 903 942 ὃς
924 910 1022 954 Gratia
1045 909 1215 948 antedictae,

142 952 235 991 quoad
254 952 464 990 Ganonicatus,
482 950 661 989 Praebendas,
678 951 712 982 &
726 949 910 987 Dignitatem
924 949 1084 988 praedietas,
1102 958 1214 979 exnunc

142 999 305 1029 vacaturos,
324 990 416 1022 valide
431 990 561 1021 existant:
830 1026 835 1032 .
1151 1027 1156 1031 .

180 1029 219 1060 Ε(
232 1029 268 1059 (16
283 1029 457 1060 habundanti
471 1027 672 1058 Conceffimus
684 1026 890 1056 Executoribus
903 1026 936 1057 &
952 1024 1213 1056 Subexecutonbus

143 1068 285 1099 dietarum
302 1067 459 1104 BuUnrum,
477 1067 510 1096 &
534 1065 661 1095 Notariis
683 1065 852 1102 quibuscum
875 1074 927 1102 ue,
943 1064 1023 1102 quod
1049 1065 1099 1102 ipsi
1120 1065 1216 1094 omni-

143 1106 248 1137 modos
263 1106 410 1137 Processus
424 1106 458 1136 &
473 1103 659 1134 Executiones
678 1102 845 1133 earumdem
885 1102 1021 1141 ullarum,
1041 1103 1134 1140 quoad
1157 1102 1216 1133 Ca—

142 1146 308 1182 nonicatus,
326 1142 510 1180 Praebendas,
528 1144 562 1173 &
578 1141 757 1181 Dignitatem
774 1141 939 1179 hujusmodi
952 1140 987 1171 de
1009 1150 1115 1171 caetero
1132 1151 1216 1172 vaca-

143 1191 236 1220 turOS‚
251 1183 329 1220 juxta
346 1180 492 1212 Effectum
510 1180 649 1211 Bullarum
663 1179 884 1219 praedidiarum,
907 1180 996 1210 libere
1018 1180 1052 1211 &
1074 1180 1153 1211 licite
1175 1180 1216 1211 fa-

143 1231 209 1252 cere
262 1221 341 1250 ffint:

181 1231 317 1290 Etpgjam
333 1256 533 1288 Conceffimus
547 1258 642 1288 eidem
654 1257 788 1289 Henrico
804 1256 885 1294 quod
901 1255 958 1294 ipse
971 1266 1022 1294 per
1035 1256 1123 1294 Se,&
1139 1256 1216 1286 Pro-

144 1306 287 1328 curatores
299 1298 370 1334 suos,
388 1295 536 1334 Notarios,
554 1296 723 1333 servientes,
741 1297 775 1326 &
788 1295 857 1325 alios
873 1294 1069 1332 quoscumque
1081 1295 1117 1324 de
1133 1293 1218 1325 Con-

145 1337 206 1367 filio
228 1336 296 1373 suo,
315 1334 474 1373 hujusmodi
498 1333 667 1365 Praebendas
691 1335 724 1365 ὃ(
747 1333 945 1372 Dignitatem,
972 1332 1216 1371 quandocumque

145 1376 196 1405 sub
212 1374 312 1404 Gratia
328 1376 362 1404 ὃ(
379 1373 541 1402 Provisione
552 1372 695 1409 praedietis
709 1372 862 1402 acciderint
876 1373 906 1400 in
921 1371 1047 1401 futurum
1057 1394 1067 1410 ,
1086 1381 1220 1410 accepta-

144 1422 194 1451 re,
213 1414 247 1443 &
262 1411 448 1449 Corporalem
464 1410 672 1441 Poffeffionem
696 1409 858 1440 hu'usmodi
876 1409 1084 1440 Beneficiorum
1105 1411 1220 1447 (virtute

146 1452 181 1482 &
194 1450 357 1480 auctoritate
372 1449 512 1480 dictarum
527 1448 666 1479 Bullarum
680 1458 714 1479 ac
749 1448 912 1479 roceffuum
924 1448 995 1479 inde
1009 1448 1219 1487 faciendorum)

146 1498 261 1526 capere,
280 1489 425 1526 optinere,
444 1489 478 1518 &
494 1490 676 1525 continuare,

181 1526 310 1557 Necnon
333 1526 446 1563 plenam
471 1525 681 1556 Executionem
701 1526 872 1556 eorumdem
894 1525 1034 1556 Bullarum
1049 1526 1082 1556 ὃ(
1104 1525 1221 1557 Proces-

146 1566 243 1602 suum,
258 1565 336 1602 juxta
352 1564 488 1594 Formam
504 1566 537 1595 &
555 1563 702 1595 Effeetum
724 1565 810 1594 dieite
833 1563 1037 1594 Conceffionis
1058 1565 1164 1595 nostrae
1188 1575 1221 1595 ac

146 1604 290 1635 Bullarum
306 1602 503 1640 praedictarum
514 1627 525 1642 ,
541 1605 571 1634 in
587 1602 683 1634 Curiis
697 1602 920 1633 Christianitatis
936 1603 970 1633 &
984 1603 1052 1634 alibi
1067 1603 1172 1635 habere
1190 1604 1223 1635 &

210 1641 217 1645 “
267 1642 275 1670 1
299 1651 309 1667 1
332 1641 361 1670 ffi
385 1652 390 1657 ·

147 1645 304 1710 prgltictjgtg
311 1651 353 1710 cde
364 1649 584 1717 tI3rovisoribus,
611 1679 701 1710 Anno
723 1679 838 1719 Regni,
874 1679 1018 1711 Cariffisni
1040 1680 1162 1711 Domini
1189 1681 1223 1712 &

148 1717 360 1755 Consanguinei
375 1717 482 1756 nostri,
500 1720 631 1757 Ricardi,
648 1728 738 1757 nuper
754 1721 833 1758 Regis
853 1718 983 1750 defuncti
1004 1719 1225 1750 Tertiodecimo

146 1755 226 1788 edito
237 1779 247 1795 ,
266 1767 327 1787 non
341 1756 480 1787 obstante.

184 1794 219 1825 In
235 1796 332 1834 cujus,
350 1796 414 1826 &c.

220 1833 309 1866 Teste
331 1833 417 1872 Rege
441 1833 516 1872 apud
537 1833 815 1875 Wstmonasterium,
834 1834 974 1866 vicesimo
1000 1835 1084 1866 tertio
1104 1835 1151 1866 die
1173 1835 1226 1866 Fe-

147 1873 264 1904 bruarii.

0 598 26 617 1.
38 598 97 617 m.1

714 1914 768 1942 Per
786 1915 878 1941 Breve
897 1912 928 1941 de
948 1913 1068 1942 Privato
1086 1912 1184 1950 Sigillo.

1 2050 23 2073 ῃ,
39 2051 124 2078 VHL
175 2030 204 2077 {fi
225 2036 285 2069 Pro
311 2034 397 2081 Paffa
417 2038 444 2067 io
468 2035 542 2082 [ἄφιε
566 2046 736 2069 memorate
769 2036 934 2078 Blanchiae,
968 2034 1005 2070 de
1029 2035 1203 2072 chevancia

31 2098 96 2127 245·
604 2084 766 2131 facienda.

549 2174 600 2206 De
617 2182 678 2219 par
703 2174 730 2207 le
751 2177 826 2224 Ray.

2 2268 133 2303 Aan·
152 2255 336 2320 CHIER
365 2265 384 2289 E
399 2265 424 2288 τ
447 2265 552 2288 men
581 2267 679 2290 ΑΜΕ.

4 2317 110 2384 ³4¹2?
189 2333 248 2364 Pur
262 2343 380 2403 cel—que,
397 2334 434 2365 de
450 2334 568 2379 present,
575 2335 595 2365 il
610 2346 683 2379 nous
698 2338 815 2370 covient
828 2340 947 2373 d'estree
961 2351 1088 2381 purveuz
1101 2343 1137 2374 de
1154 2343 1228 2375 Mo-

3 2390 39 2414 H⁴
64 2397 82 2423 4
153 2382 230 2417 noye
243 2382 280 2403 en
328 2373 385 2403 aste
390 2396 402 2417 ,
420 2384 454 2404 au
468 2374 520 2403 Fm
534 2384 588 2411 que
604 2373 726 2405 Reiister
741 2386 881 2418 purrons,
899 2391 964 2426 oue.
974 2381 1056 2425 Forte
1072 2382 1155 2413 Mam
1164 2406 1173 2421 3
1192 2383 1227 2413 fi-

2 2428 76 2452 fene,
154 2412 221 2442 bien
243 2422 258 2442 a
276 2410 301 2441 la
325 2410 432 2443 Malice
453 2411 488 2442 de
507 2421 566 2442 noz
581 2411 728 2453 Ennemys
742 2415 900 2457 d'Escoce,
917 2430 965 2457 qui
980 2430 1009 2458 Ja
1029 2421 1089 2451 rard
1104 2431 1226 2452 moevez

7 2462 97 2492 cleric.
152 2457 224 2480 ount
243 2450 269 2479 la
292 2448 404 2479 Guerre
425 2458 562 2480 encontre
581 2450 668 2482 Nous
684 2453 718 2483 ὃ(
732 2462 815 2485 notre
830 2456 992 2497 Roiaume,
1011 2469 1096 2489 come
1118 2459 1155 2490 de
1169 2468 1228 2490 noz

152 2487 264 2521 Rebeux
277 2487 310 2516 de
326 2487 424 2525 Gales,

190 2525 229 2555 Et
244 2525 312 2555 aussi
328 2535 379 2562 pur
395 2525 519 2566 Sustenir
540 2526 579 2556 les
603 2526 760 2568 Coustages
776 2541 830 2569 que
845 2533 933 2563 Nous
955 2533 1081 2572 ferroris,
1099 2544 1181 2566 avant
1201 2535 1226 2566 la

152 2564 258 2603 Pasque
273 2563 409 2600 prochain
419 2586 428 2600 ,
446 2566 489 2592 iur
505 2564 538 2594 ὃς
551 2572 651 2594 entour
665 2566 806 2600 l'Onnuie
823 2570 859 2600 de
877 2571 972 2602 nostre
986 2572 1137 2603 Tresamee
1158 2573 1225 2603 Fille

151 2601 308 2640 Blaunche,
325 2611 386 2632 vers
401 2601 438 2631 les
453 2601 560 2631 Parnes
573 2602 609 2632 de
622 2601 769 2642 Cologne,
787 2616 840 2642 pur
855 2608 927 2639 estre
944 2609 1055 2640 Mariee
1069 2622 1104 2642 au
1121 2611 1224 2642 Noble

152 2643 250 2672 Prince
264 2643 367 2680 Lowys
381 2640 445 2670 Filz
459 2639 542 2669 Aisne
557 2644 592 2668 du
608 2643 662 2680 Roy
677 2642 721 2670 des
734 2645 877 2682 Romaim,

188 2679 269 2709 Vous
289 2675 385 2715 prions
403 2679 581 2709 chierement
594 2689 665 2718 que,
684 2690 756 2717 pour
770 2682 808 2712 les
827 2683 936 2714 susdites
958 2684 1077 2724 Causes,
1097 2697 1133 2718 en
1148 2688 1224 2719 ceste

149 2717 247 2786 {estre
262 2716 444 2756 Neceffitee‚
462 2717 616 2754 Apprester
630 2718 719 2749 Nous
732 2721 837 2752 vuillez
849 2722 875 2753 la
891 2723 1012 2754 Somme
1027 2724 1062 2755 de
1079 2725 1225 2765 Qarante

181 2766 251 2787 ivres

187 2793 226 2825 Et
240 2778 322 2825 ic’eue
337 2793 468 2832 Somme,
476 2804 525 2831 par
539 2805 632 2825 aucun
646 2795 694 2825 des
707 2797 827 2838 vostres,
841 2801 957 2830 envoicr
970 2811 987 2830 a
1007 2801 1102 2832 nostre
1117 2802 1223 2834 Treso-

149 2832 416 2903 ffrstd'Enfflqerrg,
435 2841 520 2863 avant
533 2832 558 2862 la
572 2833 670 2864 susdite
687 2834 767 2866 Feste
784 2837 819 2868 de
835 2839 960 2879 Pasque,
978 2849 1018 2870 ou
1034 2851 1050 2870 a
1070 2841 1179 2872 mesine
1197 2842 1223 2873 la

175 2882 190 2902 e
229 2882 245 2902 a
260 2880 330 2910 puis
342 2879 381 2901 tar
408 2894 418 2908 ,

187 2909 224 2940 Et
248 2920 284 2940 ce
305 2919 341 2939 en
364 2910 438 2940 nulle
464 2919 576 2939 manere
600 2919 636 2940 ne
661 2910 778 2949 Lessez,
804 2913 823 2943 si
841 2925 961 2945 comme
979 2926 1052 2946 vous
1070 2916 1177 2949 defirez
1194 2918 1220 2949 la

150 2947 306 3018 {auvation
331 2946 369 2977 de
391 2947 489 2978 l'Estat
515 2947 551 2978 de
577 2948 664 2979 Nous
689 2951 722 2981 &
746 2951 782 2981 de
806 2952 900 2984 nostre
925 2954 966 2984 dit
986 2954 1133 2986 Roiaume
1158 2967 1225 2994 gar-

172 2996 202 3017 er

158 3024 160 3026 ’
191 3009 355 3055 E⁷ntendant
370 3024 406 3055 de
421 3025 526 3055 certain
542 3035 596 3062 que
611 3036 626 3055 a
641 3027 693 3057 tele
708 3026 823 3068 Heure,
842 3041 897 3070 que
911 3042 984 3062 vous
997 3032 1053 3062 enfi
1067 3032 1160 3064 ferrez
1173 3034 1224 3064 de—

153 3062 256 3094 liverer
280 3073 297 3091 a
316 3062 421 3093 mesme
440 3063 534 3094 nostre
551 3064 686 3095 Tresorer
705 3065 730 3095 la
748 3065 805 3097 dite
822 3068 959 3108 Somme,
977 3070 1063 3101 Nous
1081 3082 1151 3102 vous
1168 3073 1224 3104 fer-

154 3111 222 3131 rons
246 3101 343 3138 avoir,
359 3111 412 3139 pur
429 3101 525 3132 vostre
552 3102 758 3142 Repaiement,
1080 3110 1224 3142 sufficeant

154 3138 305 3177 Seuretee,
330 3149 384 3176 que
409 3150 479 3171 vous
504 3150 575 3172 vous
600 3150 649 3172 ent
674 3144 790 3173 tendrez
814 3144 1036 3179 resonablement
1062 3159 1115 3187 pur
1140 3149 1224 3180 Con-

155 3185 234 3215 tent3

5 2499 65 2531 Pell.

192 3214 228 3245 Et
246 3214 363 3246 certifier
380 3215 485 3248 vuillez
499 3216 584 3248 Nous
600 3228 641 3250 ou
658 3219 753 3251 nostre
772 3219 907 3262 Constil,
925 3233 973 3262 par
999 3224 1025 3256 le
1039 3225 1163 3256 Portour
1188 3226 1225 3258 de

154 3252 260 3324 {351}qu
287 3262 321 3284 ce
835 3281 837 3283 -
1032 3263 1110 3295 ceste
1130 3265 1226 3296 nostre

155 3329 313 3400 MarzDon.
333 3328 402 3361 souz
420 3330 515 3363 nostre
535 3332 622 3366 Prive
645 3333 707 3365 Seal
733 3348 752 3367 a
782 3336 889 3378 Wstm.
912 3338 938 3370 le
961 3340 1070 3372 Primet
1094 3340 1167 3379 Jour
1190 3341 1226 3375 de

451 3505 509 3537 Pro
533 3507 665 3554 Gawyno
690 3506 725 3540 de
749 3507 923 3546 Dunbarre.

9 3593 139 3627 Am,D,
159 3587 287 3663 REX
302 3588 473 3637 Omnibus,
485 3590 520 3621 ad
535 3601 618 3630 quos,
630 3592 691 3622 &c.
728 3592 860 3626 Salutem.

27 3643 112 3671 1402·
261 3628 359 3672 Seiatis
379 3629 473 3666 quod,

9 3677 64 3702 An.
81 3683 106 3710 3.
196 3665 244 3695 De
256 3666 343 3705 gratia
356 3666 450 3698 nostra
473 3668 603 3707 speciali,
620 3669 653 3699 &
669 3678 721 3707 pro
732 3679 767 3700 eo
799 3672 876 3711 uod,
892 3673 1029 3706 dilectum
1045 3677 1147 3718 nobis,
1162 3681 1221 3709 Ga-

12 3716 49 3740 Η,
67 3722 94 3748 4,
157 3707 260 3734 winum
274 3705 305 3734 de
319 3705 479 3745 Dunbarre,
499 3707 602 3747 Filium
619 3707 746 3739 Comitis

11 3753 71 3779 Par.
81 3754 141 3786 341.
158 3742 340 3775 Retinuimus
355 3752 527 3775 moraturum
537 3769 547 3784 ,

12 3797 41 3825 4.
48 3795 74 3827 p,
87 3798 111 3817 ι.
192 3781 242 3813 De
257 3782 440 3814 Avisamento
453 3783 583 3815 Concilii
595 3785 701 3825 nostri,

15 3836 55 3857 m.
71 3826 100 3856 8.
194 3820 399 3856 Conceffimus
412 3823 440 3855 ei
453 3823 647 3866 Qadraginta
667 3825 782 3866 Libras,
797 3828 987 3870 percipiendas
1006 3834 1167 3874 annuatim,
1184 3834 1222 3869 ad

798 3711 902 3742 archiae
919 3713 1037 3754 Scotiae,
1053 3725 1138 3753 penes
1153 3717 1223 3749 Nos

1308 184 1787 238 PUBLICA.
2279 211 2327 259 23

1250 276 1429 309 Scaccarium
1452 280 1597 320 nostrum,
1616 283 1649 313 ad
1672 284 1823 315 Terminos
1847 284 1960 316 Paschae
1984 288 2017 318 Sc
2039 287 2133 318 8111ἂὲ
2157 288 2322 330 hiscimus,
2346 290 2421 322 Ann.
2437 293 2480 325 D,

1251 326 1300 354 per
1315 318 1432 355 aequales
1446 318 1605 360 Portiones,
1625 323 1766 361 quousque
1779 334 1832 363 pro
1848 324 1924 356 Statu
1938 325 1988 355 suo
2005 326 2083 357 aliter
2097 326 2256 360 duxerimus
2271 340 2319 360 or-

1276 357 1280 361 .
2365 339 2451 368 1402.

1253 355 1418 386 durandum.
2348 373 2411 396 tien.
2430 379 2458 404 4,

1291 394 1326 424 In
1342 395 1440 433 cujus,
1455 397 1518 427 &c-

1308 433 1338 464 T
1339 433 1396 464 este
1412 433 1496 472 Rege
1515 435 1587 476 apud
1603 436 1879 479 Wfflmonasterium,
1896 441 2011 472 decimo
2034 443 2080 472 dic
2105 442 2213 474 Manii.

1810 519 1864 545 Per
1881 521 1974 547 Breve
1994 520 2024 549 de
2045 522 2165 550 Privato
2185 519 2285 558 sigillo.

1349 639 1407 669 Pro
1433 639 1544 670 Comite
1567 637 1717 672 Marchiae
1737 643 1855 683 Scenae,
1884 640 1919 674 de
1944 646 2072 676 §ervitio
2096 649 2223 681 Gucrrae.

1259 720 1381 774 REX
1397 722 1564 766 Omnibus,
1582 723 1616 754 ad
1633 734 1720 768 quos,
1736 727 1797 756 ὅτε.
1823 725 1956 771 Salutem:
2349 720 2426 752 ΑΠΠ·
2442 722 2482 755 D·

1355 762 1452 790 §ciuus
1469 761 1545 798 quod
1566 763 1612 799 (de
1627 763 1725 794 Graiu
1740 763 1833 794 nostra
1846 763 1965 802 speciali)
1987 765 2204 808 Concessimus,
2222 770 2322 802 Dilec-
2377 769 2466 799 1402.

1255 805 1285 827 to
1301 798 1333 828 ὃ(
1357 798 1446 829 Fideli
1467 799 1687 839 Consanguineo
1709 801 1821 840 nostro,
1848 806 1959 839 Geor-gio
1979 805 2011 833 de
2029 807 2193 845 Duubarre,
2211 809 2324 840 Comiti
2351 802 2401 829 ‘³⁷²-
2419 809 2447 836 3·

1256 834 1398 867 Marcbiae
1426 837 1551 875 Scotiae,
1585 840 1812 877 Qiadringentas
1834 842 1950 880 Libras,
1983 842 2097 874 durante
2125 845 2234 876 Guerri
2254 849 2323 878 inter
2352 842 2387 881 H*
2403 848 2434 880 ,4⁶

1255 873 1322 903 Nos
1345 876 1378 906 ὅ(
1400 875 1466 906 illos
1487 876 1522 906 de
1541 876 1653 914 Scotia,
1675 880 1879 917 percipiendas,
1899 880 2008 919 singulis
2030 882 2138 920 Annis,
2155 884 2190 913 ad
2206 884 2323 916 Seneca·
2352 880 2418 903 md·

1254 913 1327 942 rium
1345 913 1490 952 nostrum,
1508 915 1542 946 ad
1558 916 1716 946 Terminos
1732 917 1845 948 Paschae
1861 920 1894 949 &
1917 919 2015 950 Sancti
2037 920 2203 960 Michaelis,
2222 933 2269 960 per
2287 934 2327 955 ἐε-
2352 923 2390 943 ⁷⁷²·
2408 915 2439 948 ⁶·-

1255 951 1346 989 quales
1361 952 1526 992 Portiones,

1293 989 1338 1034 ita
1353 991 1432 1028 quod
1454 992 1531 1022 idem
1546 991 1667 1036 Comes,
1682 993 1851 1032 Sumptibus
1867 995 1917 1025 suis
1931 998 2064 1036 propriis,
2078 997 2244 1029 Duodecim
2259 999 2327 1031 Ho-

1259 1037 1349 1072 mines
1364 1029 1398 1060 ad
1416 1030 1521 1069 Arma,
1542 1031 1712 1062 sufficienter
1727 1034 1853 1064 munitos
1867 1035 1900 1064 &
1924 1038 2066 1073 ari‘aiacos,
2089 1038 2124 1068 ὅ(
2148 1037 2255 1076 Viginti
2278 1039 2328 1070 Sa-

1254 1069 1381 1105 gittarios
1396 1068 1512 1106 Equites
1526 1079 1674 1109 promptos
1692 1073 1725 1102 ὅ(
1743 1081 1867 1111 paratos,
1884 1074 2026 1113 inveniat,
2047 1075 2082 1106 ad
2106 1075 2330 1108 Deierviendum

1256 1106 1337 1136 nobis
1359 1108 1388 1136 in
1411 1108 1547 1148 obsequio
1570 1109 1685 1147 nostro,
1711 1109 1748 1139 de
1763 1119 1892 1148 tempore
1908 1113 1937 1141 in
1955 1121 2082 1153 tempus,
2105 1124 2204 1145 contra
2228 1116 2333 1146 Scotos

1257 1143 1396 1175 inimicos
1413 1147 1539 1185 nostros,
1553 1148 1583 1177 in
1598 1147 1746 1179 Comitiva
1758 1149 1841 1187 ipsius
1856 1149 1994 1190 Comitis,
2010 1153 2056 1183 scu
2075 1153 2207 1192 aliorum,
2227 1154 2331 1184 duran-

1257 1190 1285 1213 te
1298 1182 1413 1213 Guerra
1427 1184 1588 1222 supradicta.

1296 1220 1330 1250 ln
1345 1223 1440 1259 cujus,
1458 1223 1519 1253 &c.

1332 1259 1420 1290 Teste
1437 1260 1521 1301 Rege
1537 1263 1610 1301 apud
1629 1263 1887 1304 westmonasterium
1896 1288 1906 1304 ,
1923 1265 2040 1298 decimo
2057 1269 2140 1300 tertio
2159 1268 2206 1300 die
2220 1268 2332 1302 Martii.

2020 1346 2075 1375 Per
2088 1345 2171 1386 ipficm
2190 1350 2296 1386 Regem.

1308 1466 1327 1485 *²
1351 1471 1410 1502 Pro
1434 1470 1572 1517 Epiftopo
1594 1471 1762 1517 Afflvenfi,
1789 1471 1824 1505 de
1847 1474 1980 1507 Tenendo
2005 1479 2037 1508 in
2060 1479 2285 1513 Commendnm.
2380 1479 2495 1510 ²ll‘VlH:

1266 1553 1394 1608 REX
1411 1555 1574 1602 Omnibus,
1593 1556 1626 1586 ad
1641 1567 1730 1597 quos,
1747 1559 1809 1590 &c.
1831 1559 1965 1591 Salutem.
2360 1521 2436 1587 31411611
2452 1556 2495 1588 D.

1368 1593 1467 1625 Sciatis
1486 1594 1564 1632 quod
1576 1619 1584 1633 ,
2384 1604 2470 1634 1402.

1304 1630 1385 1662 Cum
1396 1654 1405 1671 ,
1421 1641 1450 1662 ut
1466 1635 1645 1672 accepimus,
1660 1634 1855 1667 Sanfflffimus
1869 1637 1898 1666 in
1912 1637 2030 1668 Christo
2055 1639 2138 1670 Pater
2150 1664 2159 1676 ,
2177 1643 2252 1679 Papa
2270 1646 2335 1674 Mo-
2363 1638 2405 1661 ²¹¹*
2433 1645 2460 1671 3·

1265 1669 1362 1700 demus
1376 1681 1481 1709 nuper,
1500 1682 1547 1709 pei·
1567 1673 1674 1703 Literas
1694 1673 1752 1704 suas
1770 1675 1961 1714 Apostolicas,
1984 1676 2193 1718 Conceffiffet,
2212 1681 2336 1713 Veneta·
2365 1677 2399 1700 H.
2420 1683 2450 1708 4·

1266 1709 1315 1738 bili
1332 1709 1425 1747 Patri,
1446 1710 1576 1748 Johanm·
1590 1711 1713 1750 Episiopo
1730 1717 1762 1742 A
1786 1712 1883 1753 avens?
1897 1714 2053 1746 Ecclesiam
2069 1717 2104 1747 de
2120 1718 2256 1758 Meyvot,
2270 1732 2337 1752 cum
2362 1715 2421 1741 Pat.
2437 1720 2464 1748 3·

1267 1746 1390 1785 Capellis
1405 1750 1440 1778 de
1456 1749 1527 1779 Pole
1542 1751 1575 1780 &
1589 1749 1744 1781 Guildeffel
1771 1775 1780 1790 ,
1801 1754 1831 1782 in
1847 1752 1983 1784 Dioecese
2000 1755 2153 1794 Assizvenfi,
2171 1758 2263 1788 eidem
2279 1759 2337 1790 Ec·
2366 1754 2401 1777 H.
2419 1761 2449 1784 4·

1265 1786 1355 1816 cleiiae
1375 1787 1412 1817 de
1433 1786 1559 1828 Meyvot
1585 1790 1789 1826 pertinentibus
1813 1791 1846 1821 &
1865 1794 1998 1830 annexis,
2032 1793 2064 1822 H
2076 1804 2150 1825 ABE
2162 1805 2283 1828 NDAM
2305 1801 2337 1830 &
2367 1794 2388 1824 P·
2405 1797 2474 1823 ¹³⁰·-

1265 1824 1521 1857 TENENDAM
1539 1827 1570 1856 in
1590 1826 1898 1868 COMMENDAM,
1915 1830 1965 1861 sub
1980 1840 2055 1862 certa
2071 1832 2176 1865 Forma
2192 1836 2221 1864 in
2236 1836 2339 1868 eisdem
2367 1836 2396 1863 5·

1266 1863 1379 1894 Litteris
1397 1873 1545 1903 contenta,

1305 1903 1351 1933 Ac
1375 1903 1442 1933 Nos
1467 1903 1672 1943 postmodum,
1689 1916 1739 1943 per
1758 1906 1862 1938 Literas
1877 1907 1986 1938 nostras
2006 1908 2154 1949 Patentes,
2180 1912 2215 1943 de
2239 1913 2337 1946 Gratia

1266 1941 1363 1972 nostra
1376 1941 1498 1981 speciali,
1514 1942 1635 1980 praefato
1650 1943 1793 1983 Episcopo
1808 1946 1969 1977 Licentiam
1986 1946 2218 1981 Concefferirnus
2231 1951 2339 1983 liaben-

1266 1980 1297 2009 di
1312 1980 1345 2010 &
1358 1981 1523 2019 occupandi
1536 1981 1692 2012 Ecclesiam
1708 1984 1874 2021 prediorum
1885 2008 1894 2022 ,
1914 1985 1948 2015 &
1964 1986 1994 2016 esi
2005 2010 2013 2024 ,
2036 1996 2104 2017 curn
2122 1987 2243 2028 Capellis
2265 2001 2338 2027 prae-

1267 2018 1367 2057 dietis,
1387 2019 1521 2057 quamdiu
1535 2020 1591 2058 ipse
1606 2020 1761 2061 Episcopus
1776 2024 1904 2061 praediffl
1925 2024 1999 2055 Loci
2022 2026 2179 2057 Ailavensis
2202 2030 2340 2068 extiterit,

1267 2057 1429 2097 gaudendi,
1450 2067 1535 2096 prout
1550 2063 1580 2090 in
1593 2060 1696 2091 Literis
1711 2062 1903 2101 Apostolicis,
1919 2072 1951 2094 ac
1969 2064 2071 2095 Literis
2085 2066 2184 2096 nostris
2197 2067 2342 2104 praedictis

1267 2095 1375 2136 plenius
1392 2099 1569 2137 continetur,

1305 2136 1438 2175 Quarum
1454 2136 1569 2175 quidem
1585 2138 1742 2170 Literarum
1758 2139 2000 2180 Apostolicarum,
2013 2152 2047 2173 ac
2064 2142 2221 2174 Literarum
2235 2145 2342 2178 nostra-

1267 2184 1332 2205 rum
1347 2176 1547 2213 praedictarum
1562 2177 1682 2216 virtute,
1708 2178 1858 2216 praedieius
1878 2178 2035 2217 Episcopus
2056 2182 2222 2219 praeditstam
2243 2183 2345 2215 Eccle-

1267 2213 1336 2244 siam
1350 2214 1386 2244 de
1400 2214 1541 2254 Meyvot,
1560 2226 1629 2246 cum
1644 2215 1784 2256 Capellis,
1803 2218 1833 2248 in
1854 2216 1983 2249 CoMM
1996 2229 2046 2251 EN
2059 2230 2110 2251 DA
2120 2230 2148 2252 M
2173 2222 2215 2259 (ut
2237 2222 2341 2261 aii'en't)

1270 2259 1361 2321 tetffiat
1373 2253 1407 2284 &
1421 2263 1547 2293 occupet
1561 2255 1590 2284 in
1605 2255 1752 2295 praesenti,

1306 2302 1614 2375 Agssupplicationem
1630 2333 1760 2371 praedieti
1773 2333 1958 2373 Episcopi,&
1970 2345 2022 2373 pro
2037 2346 2073 2366 eo
2088 2336 2169 2376 quod
2184 2338 2242 2375 ipse
2259 2339 2340 2376 quas-

1267 2367 1336 2398 dam
1352 2368 1458 2401 Literas
1472 2370 1620 2410 Patentes,

1305 2407 1449 2438 Cariffimi
1476 2409 1600 2439 Domini
1626 2410 1660 2440 &
1687 2409 1898 2446 Consanguinei
1924 2411 2012 2442 nostri
2035 2414 2147 2443 Ricardi
2170 2424 2260 2452 nuper
2285 2418 2340 2446 Re-

1263 2448 1305 2483 gis
1322 2446 1436 2483 Angliae
1461 2446 1587 2477 Secundi
1612 2447 1675 2484 post
1698 2447 1896 2485 Conquestum
1918 2449 2064 2488 defuncti,
2090 2452 2238 2483 Vicefimo
2259 2455 2340 2485 octa-

1266 2493 1306 2551 ἕξ
1336 2484 1382 2514 (116
1398 2484 1496 2523 Junii,
1522 2485 1610 2517 Anno
1631 2485 1730 2522 Regni
1756 2486 1879 2523 ejusdem
1909 2498 1996 2526 nuper
2027 2489 2119 2527 Regis
2147 2491 2267 2530 Tertio,
2298 2493 2340 2525 fa-

1297 2532 1324 2551 as

1304 2545 1358 2590 Per
1372 2571 1438 2600 quas
1455 2561 1534 2592 idern
1549 2572 1638 2600 nuper
1652 2561 1715 2592 Rex
1729 2561 1879 2593 Conceffit
1901 2565 1934 2595 ὃ(
1956 2565 2102 2596 licentiam
2122 2567 2218 2606 dedit,
2236 2579 2289 2607 pro
2313 2570 2341 2601 ie

1265 2599 1298 2628 &
1312 2598 1481 2630 Haeredibus
1493 2600 1561 2638 suis,
1581 2609 1717 2639 quantum
1733 2601 1763 2632 in
1777 2601 1836 2638 ipso
1849 2602 1920 2640 fuit,
1947 2604 2094 2634 Willielmo
2117 2614 2185 2636 tunc
2209 2606 2338 2647 Episcopo

1264 2635 1431 2677 Affiavenst,
1457 2638 1659 2669 Praedeceffori
1681 2639 1812 2677 praedic'ti
1836 2650 1912 2671 nunc
1936 2640 2089 2681 Episcopi,
2106 2645 2186 2682 quod
2205 2646 2278 2684 ipse,
2303 2647 2339 2679 de

1265 2676 1369 2706 afl'cnsu
1393 2675 1516 2717 Capituli
1540 2677 1674 2708 Ecclesiae
1694 2678 1750 2708 suae
1771 2678 1945 2717 Affavenfis,
1965 2680 2092 2719 Capellas
2110 2683 2146 2712 de
2170 2683 2196 2714 la
2219 2685 2290 2716 Pole
2304 2687 2338 2717 ὃς

1269 2712 1400 2754 Kegitva,
1418 2716 1472 2745 suae
1488 2715 1629 2747 Dioecefis
1646 2715 1814 2756 Affavensis,
1832 2716 1968 2749 Ecclefiae
1981 2719 2140 2751 Parocliiali
2153 2721 2189 2752 de
2204 2721 2339 2764 Meyvot,

1284 2753 1407 2784 raedietae
1424 2753 1576 2792 Dioecesis,
1592 2756 1800 2792 imperpetuum
1819 2755 1912 2787 Unire
1929 2758 1963 2788 ὃ(
1981 2758 2154 2797 Anneetere,
2169 2761 2202 2791 &
2215 2762 2338 2793 eandem

1293 2791 1440 2835 eclesiam,
1459 2803 1529 2824 curn
1542 2792 1664 2832 Capellis
1685 2794 1782 2825 eidem
1797 2795 2001 2832 pertinentibus
2023 2798 2057 2828 ὃ(
2077 2799 2204 2837 annexis,
2223 2800 2340 2839 Appro-

1266 2840 1478 2913 pdgisssdeem,
1496 2870 1534 2913 sic
1556 2870 1773 2915 Appropriatas,
1795 2871 1932 2909 praedicto
1952 2873 2102 2918 ‘quondam
2124 2875 2285 2916 Episcopo,
2304 2879 2338 2909 &

1262 2906 1479 2938 Successoribus
1494 2908 1544 2939 suis
1558 2908 1704 2947 Episcopis
1718 2909 1932 2950 Affavenfibus,
1949 2921 1978 2942 111
1996 2923 2124 2951 proprios
2147 2914 2225 2945 Usus
2247 2924 2341 2947 tenere

1262 2945 1355 2984 posset
1369 2947 1591 2986 imperpetuum,

1300 2983 1390 3016 Prout
1412 2987 1440 3015 in
1465 2985 1571 3016 eisdem
1598 2985 1700 3017 Literis
1717 2987 1840 3024 ejusdem
1858 2998 1946 3026 nuper
1972 2988 2061 3029 Regis
2079 2991 2189 3029 plenius
2206 2994 2338 3026 contine-

1266 3030 1326 3061 tur,

1302 3061 1402 3092 Nobis
1416 3063 1446 3092 in
1461 3062 1636 3094 Cancellaria
1651 3062 1745 3094 nostra
1763 3064 1880 3095 restituit
1895 3066 2101 3106 cancellandas,

1300 3100 1349 3131 De
1370 3101 1473 3132 assensu
1496 3101 1623 3132 Concilii
1645 3101 1730 3132 nostri
1746 3102 1855 3133 Statum
1879 3106 1912 3135 ὃ(
1936 3104 2154 3145 Posseffionem,
2172 3118 2243 3146 quos
2258 3108 2336 3140 idem

1265 3149 1344 3169 nunc
1360 3139 1514 3177 Episcopus
1529 3139 1682 3171 Asiavensis
1696 3141 1796 3179 habet,
1813 3143 1912 3172 virtute
1928 3143 2083 3174 Literarum
2105 3147 2336 3183 Apostolicarum

1264 3179 1298 3208 &
1315 3178 1450 3208 Licentiae
1464 3178 1567 3208 nostrie
1582 3178 1798 3216 supradictarum
1807 3203 1816 3218 ,
1834 3181 1862 3210 in
1879 3181 1907 3211 C
1916 3192 1936 3211 o
1947 3190 1974 3212 M
1984 3191 2011 3212 M
2023 3192 2038 3212 Ε
2048 3192 2070 3213 Ν
2086 3193 2106 3214 1)
2116 3195 2135 3214 Α
2146 3193 2173 3214 Μ
2183 3209 2192 3221 ,
2210 3187 2236 3214 111
2260 3196 2334 3223 prae-

1264 3215 1339 3247 dieta
1356 3216 1480 3248 Ecclesia
1496 3217 1531 3247 de
1547 3217 1692 3258 Meyvot,
1710 3219 1743 3248 ὃ(
1760 3217 1882 3256 Capellis
1896 3220 1931 3250 de
1948 3220 2020 3250 Pole
2040 3224 2073 3252 ὃ(
2095 3222 2256 3253 Guldefoid
2267 3247 2276 3261 ,
2293 3226 2334 3254 ei-

1264 3254 1331 3284 dem
1355 3255 1489 3286 Ecclesiae
1508 3259 1639 3294 annexis,
1659 3256 1793 3293 quamdiu
1816 3258 1872 3294 ipse
1892 3257 2048 3296 Episcopus
2068 3260 2137 3291 dieti
2155 3262 2231 3292 Loci
2254 3263 2336 3293 Affa-

1266 3294 1355 3324 vensis
1375 3295 1510 3332 extiterit,
1534 3305 1585 3332 pro
1612 3294 1727 3332 Nobis,
1751 3296 1785 3326 &
1806 3295 1978 3327 Haeredibus
1999 3297 2114 3337 nostris,
2141 3309 2278 3338 quantum
2303 3303 2335 3332 in

1264 3333 1349 3362 nobis
1370 3331 1429 3370 est,
1455 3332 1662 3372 Acceptamus,
1687 3333 1906 3374 Approbarnus,
1931 3334 2132 3376 RatificamuS,
2158 3339 2192 3369 &
2216 3338 2335 3372 Confir-

1265 3380 1378 3402 mamus

1304 3395 1446 3440 Noleiites
1461 3410 1541 3448 quod
1555 3411 1634 3441 idem
1651 3421 1728 3442 nunc
1750 3410 1906 3449 Episcopus
1922 3412 2104 3452 .Affivenfis‚
2122 3416 2254 3454 quamdiu
2274 3416 2332 3455 ipse

1265 3448 1375 3478 ibidem
1392 3448 1548 3486 Episcopus
1560 3451 1692 3487 extiterit,
1709 3450 1786 3487 super
1801 3449 1975 3481 Poss‘effione
1988 3452 2031 3482 sua
2047 3452 2179 3484 Eccleliae
2195 3455 2229 3485 de
2245 3455 2332 3495 Mey-

1265 3496 1334 3524 vot,
1350 3488 1383 3518 &
1398 3486 1576 3524 Capellarum
1590 3488 1625 3518 de
1638 3487 1709 3518 Pole
1721 3489 1753 3518 δε
1769 3487 1946 3520 Guildeffeld
1971 3491 2186 3528 supradictarum
2196 3516 2206 3531 ,
2225 3495 2331 3523 ratione

1265 3525 1381 3562 alicujus
1400 3525 1473 3563 Juris
1496 3527 1542 3557 vel
1557 3526 1666 3565 Tituli,
1688 3526 1764 3566 quod
1784 3527 1828 3557 vel
1847 3530 1896 3566 qui
1913 3529 1996 3558 nobis
2014 3532 2169 3568 competit,
2195 3541 2240 3561 aut
2261 3531 2330 3560 No—

1262 3564 1307 3593 bis
1324 3564 1367 3593 vel
1386 3563 1553 3594 Haeredibus
1570 3564 1669 3595 nostris
1686 3567 1714 3595 in
1733 3565 1857 3595 futurum
1873 3576 2038 3604 competere
2052 3570 2165 3607 poterit,
2184 3580 2232 3606 per
2250 3568 2329 3605 Nos,

1264 3602 1308 3632 vel
1328 3602 1463 3632 Haeredes
1482 3603 1611 3642 nostros,
1635 3603 1681 3634 seu
1699 3602 1849 3634 Ministros
1868 3605 1980 3635 nostros
2005 3607 2211 3645 quoscumque,
2234 3606 2331 3636 suturis

1262 3639 1476 3681 Temporibus,
1504 3640 1671 3681 Impetatur,
1696 3643 1878 3682 inquietetur,
1906 3644 2067 3675 molestetur
2087 3647 2118 3675 in
2137 3646 2247 3682 aliquo,
2280 3645 2328 3675 seu

1259 3687 1397 3710 ⁰ravetur.

1259 3703 1277 3718 ζ’
1295 3717 1329 3748 111
1343 3719 1438 3757 cujus,
1455 3719 1515 3749 &c.

1272 3795 1288 3801 ..
1332 3756 1421 3789 Teste
1439 3757 1524 3797 Rege
1539 3757 1612 3797 apud
1631 3757 1905 3799 westmonasterium,
1923 3759 2038 3791 decimo
2058 3760 2156 3797 quinto
2172 3758 2218 3790 die
2242 3758 2326 3798 Mar-¹

1744 3838 1799 3867 Per
1816 3838 1910 3868 Breve
1925 3838 1958 3869 de
1976 3839 2097 3867 Privato
2117 3835 2218 3876 sigillo.

2246 4124 2328 4160 Super
