2562 4274
735 141 861 184 ET·
929 141 1198 184 ACssrA
1282 137 1746 189 PUBLICA

33 235 111 269 Ann.
122 232 163 264 D.
219 230 389 263 Consimiles
405 224 512 258 Literas
529 225 667 269 RegisUde
684 227 815 258 Generali
832 228 982 259 Attornatu
997 228 1098 259 habent
1114 228 1249 265 subscrip-

55 279 137 315 1415.
180 272 200 302 ti
217 294 226 309 ,
250 270 301 301 sub
326 266 502 298 Nominibns
526 265 699 303 subscriptis,
718 266 861 303 peridem
879 276 989 304 tempus
1009 267 1164 304 duraturas,
1194 267 1243 297 sub

35 319 98 344 Hen.
117 320 147 349 5.
183 309 265 341 Datis
280 305 448 343 subscriptis,
465 302 615 341 videlicet,

227 381 385 414 Edmundus
404 379 535 410 Dominus
555 380 588 409 de
608 382 717 409 ferrers
738 380 773 410 de
794 379 944 419 Charteley
960 404 969 419 ,
994 382 1043 412 sub
1071 380 1249 412 Nominibus

185 421 320 458 Magistri
336 417 447 447 Waltem
464 417 564 447 Bullok
577 416 700 456 Clerici,
716 419 748 449 ὅτ.
765 418 893 448 Richardi
907 422 1034 449 Norman
1045 421 1192 458 Armigeri.

220 459 310 491 Teste
326 457 406 496 Rege
419 457 493 494 apud
508 455 780 496 Westmonasterium,
799 457 935 488 vicesimo
950 458 1056 489 ostavo
1070 459 1114 488 die
1124 459 1209 497 Junii.

201 529 203 531 ¹
219 532 364 576 Jobannes
379 530 524 571 Mapilton
541 536 636 570 recepit
654 535 915 563 Attorneamentum
938 534 1019 574 usqae
1039 535 1163 563 Reditum
1181 539 1250 563 Con-

252 573 394 612 stituentix
411 575 441 601 in
460 566 613 608 Angliam,
626 570 658 600 de
679 573 809 602 Licentia
827 572 951 603 Simonis
967 573 1131 603 Gaunstede
1146 570 1249 602 Clerici.

229 649 373 690 Johannes
406 646 532 686 Tailboys
557 646 708 687 Armiger,
726 648 776 679 sub
796 650 962 681 nominibus
986 648 1102 680 Walterz·
1130 649 1252 689 Tailboys

192 688 341 725 Chivaler,
358 688 391 718 &
405 685 547 724 Johannis
560 687 675 723 Henege.

229 727 319 759 Teste
333 733 363 755 ut
377 724 465 762 supra.

224 803 368 843 johannes
383 800 533 840 Thoralby
550 800 663 831 Clericus
675 806 768 840 recepit
790 805 1050 833 Attorneamentum
1074 801 1154 841 usque
1172 802 1252 831 Redi-

267 850 325 872 tum
341 839 530 881 constituentis
542 843 571 870 in
586 840 739 878 Angliam,
754 841 786 870 de
802 844 929 870 Life-ntia
939 841 1062 870 Simonis
1078 840 1251 870 Caunstede.

233 883 276 910 W
275 879 396 910 illielmus
414 882 566 919 Burgoynes
583 878 736 917 Armiger,
753 880 803 908 sub
829 879 1006 908 Nominibus
1025 877 1160 907 u'illzelmz·
1174 882 1253 907 Scar-

190 918 249 990 fiyll
266 919 317 987 dlell
315 917 403 948 Com.
418 916 548 948 Eborum
569 917 727 954 Armigeri,
744 918 776 947 &
790 916 929 954 Johanm's
944 915 1100 946 Middeltim
1115 916 1150 947 de
1173 917 1253 946 Lon-

215 968 262 990 on.
319 966 404 987 ercet.

261 1086 310 1117 De
334 1081 472 1116 Mutuo,
491 1089 545 1124 pro
571 1081 608 1112 V
605 1080 703 1125 iagio,
723 1088 778 1124 per
804 1082 1007 1113 Mercatorem
1029 1079 1065 1112 de
1090 1083 1184 1112 Luca.

44 1165 123 1198 Ann.
140 1167 182 1197 D.
203 1164 347 1223 REX,
362 1164 512 1210 omnibuS,
529 1162 563 1194 ad
580 1173 670 1203 quos,
688 1164 748 1195 &c.
767 1162 900 1195 Salutem.

68 1214 155 1245 1415.
295 1204 392 1233 Sciatis
410 1202 507 1240 quod,

43 1248 96 1273 An.
114 1255 139 1282 3.
234 1241 331 1280 Cum,
347 1241 466 1271 dileetus
480 1240 596 1278 Nobis,
616 1240 716 1270 Paulus
736 1241 768 1269 de
790 1241 886 1271 Melan
899 1265 908 1279 ,
936 1241 1080 1272 Mercator
1100 1241 1136 1271 de
1160 1241 1256 1278 Luca,

46 1288 81 1310 H.
96 1292 124 1318 5.
198 1282 344 1312 Ducentas
366 1278 477 1310 Marcas
500 1278 613 1317 Nobis,
630 1289 684 1317 pro
705 1279 832 1316 praesenti
853 1281 955 1318 Viagio
978 1280 1094 1318 nostro,
1112 1289 1256 1310 mutuave-

45 1325 104 1349 Pat.
151 1344 157 1350 .
195 1321 217 1350 ri

43 1363 79 1386 H.
98 1331 144 1395 5¹3
219 1330 278 1388 [Ᾰε
295 1357 514 1396 Quadringentae
529 1355 598 1386 Sexa
619 1356 673 1386 inta
687 1356 718 1385 &
738 1354 852 1386 Decem
867 1356 900 1385 ὃς
917 1356 987 1386 oCto
1010 1356 1122 1394 Librae‚
1142 1355 1255 1386 Decem

40 1405 66 1435 p.
87 1408 115 1426 2.
198 1398 233 1428 &
251 1396 322 1426 06ἒο
335 1396 424 1426 Solidi
438 1398 471 1426 ὃς
489 1395 572 1424 octo
620 1395 706 1424 enarii
717 1393 809 1424 eidem
825 1394 930 1431 Paulo,
949 1405 1001 1433 pro
1011 1397 1091 1425 certis
1103 1395 1205 1424 Pannis
1220 1394 1256 1423 de

42 1446 79 1464 m.
91 1445 139 1472 42.
199 1436 297 1472 Auro,
315 1435 349 1465 ὃς
367 1435 422 1464 aliis
439 1432 636 1470 Mercandffis,
653 1433 689 1462 ab
704 1432 763 1469 ipso
780 1432 865 1461 Paulo
881 1443 947 1470 per,
969 1433 1103 1463 dilectum
1127 1433 1256 1469 Armige-

197 1484 261 1505 rum
282 1473 426 1510 nostrum,
445 1471 596 1508 Johannem
617 1471 742 1509 spenser,
760 1469 918 1501 Custodem
935 1470 1053 1510 Magnae
1077 1471 1252 1502 Gai-derobae

195 1512 301 1543 nostrae
312 1533 322 1549 ,
340 1510 467 1548 Emptis,
487 1519 536 1547 per
550 1509 618 1539 Nos
630 1509 796 1544 debeantur,

225 1550 312 1587 Nos,
330 1556 387 1579 tarn
410 1558 464 1587 pro
486 1547 676 1584 Resolutionej
689 1547 829 1576 didiarum
851 1545 1046 1578 Ducentarum
1074 1547 1253 1586 Marcarum,

190 1590 279 1627 quam
300 1596 353 1625 pro
373 1587 521 1617 Solutione
541 1585 746 1623 praedictorum
769 1583 1063 1624 Quadringentarum,
1091 1586 1253 1625 Sexaginta,

191 1629 226 1658 &
248 1626 382 1663 Decem,
400 1627 432 1656 δε
450 1624 520 1654 octo
541 1624 711 1661 Librarum,
730 1622 845 1653 Decem
870 1624 903 1654 &
929 1625 999 1655 οξὶο
1018 1625 1179 1655 solidorum
1192 1648 1201 1663 ,
1218 1626 1251 1656 &

190 1665 273 1696 odio
288 1664 498 1701 Denariorum,
539 1662 635 1692 raefato
651 1661 737 1690 Paulo
752 1661 911 1691 debitorum
922 1685 930 1699 ,
949 1663 1094 1701 facienda,
1112 1663 1252 1694 Volumus

190 1705 226 1736 ὃς
241 1702 438 1734 Concedimus
451 1703 510 1739 quo
547 1700 583 1731 de
597 1701 656 1738 ipso
670 1699 773 1737 Paulo,
791 1707 848 1730 tam
858 1699 1007 1732 Custumae
1021 1703 1053 1733 ὃς
1062 1702 1186 1733 Subsidia
1198 1702 1250 1731 La-

189 1751 290 1773 narum
305 1742 340 1772 &
357 1741 471 1771 aliarum
491 1738 734 1770 Mercandilarum
754 1740 864 1768 suarum
881 1742 1074 1779 propriarum,
1092 1749 1166 1770 extra
1181 1740 1252 1770 Por-

190 1790 236 1812 tus
252 1779 479 1818 Suthamptoniae
497 1777 531 1807 &
555 1777 714 1808 Sandewici
736 1775 971 1816 Educendarum,
991 1781 1077 1816 quam
1102 1778 1252 1809 Custumae

188 1820 223 1850 &
239 1818 365 1849 Subsidia
381 1815 620 1848 Mercandisarum
634 1816 743 1848 suarum
757 1816 933 1854 propriarum
950 1818 978 1847 in
990 1819 1120 1856 Angliam
1134 1827 1180 1854 per
1191 1817 1253 1847 eos-

188 1858 256 1888 dem
279 1856 381 1887 Porrus
404 1854 658 1893 Adducendarum,
677 1854 746 1885 infra
771 1863 861 1884 unum
878 1854 998 1886 Annum
1019 1857 1152 1895 proximo
1176 1857 1252 1886 futu-

187 1905 253 1926 rum
265 1918 274 1934 ‚
291 1895 445 1926 secundum
453 1893 603 1923 Terrorem
620 1892 803 1931 quarumdam
811 1892 983 1932 Talliarum,
1000 1894 1168 1925 deSummis
1178 1905 1252 1933 pra:-

186 1934 288 1972 dietis,
305 1933 340 1963 ad
357 1932 516 1969 Receptam
533 1931 671 1962 Scaccarii
687 1931 776 1961 nostri
793 1930 963 1970 levatarum,

227 1972 273 2002 Ac
292 1971 417 2010 Johanni
438 1969 571 2009 Esgaston
594 1971 628 2001 &
651 1968 794 1999 Willielmo
812 1972 905 2007 Sopere
921 1992 931 2008 ,
957 1970 1168 2002 Collenoribus
1191 1978 1248 2002 tam

186 2009 392 2041 Custumarum
412 2010 444 2039 &
461 2007 670 2046 Subfidiorum,
690 2009 724 2038 ὃς
748 2008 862 2037 aliarum
880 2008 1124 2040 Mercandisarum
1147 2009 1249 2048 praedi-

184 2049 319 2086 istorum,
338 2048 423 2085 quam
439 2045 559 2076 subsidii
573 2046 677 2076 Trium
695 2046 859 2076 Solidorum
874 2046 910 2078 de
925 2047 1052 2085 quolibet
1070 2047 1162 2077 Dolio
1179 2047 1247 2078 Vini

183 2087 217 2118 &
235 2086 400 2118 Duodecim
416 2083 609 2114 Denariorum
623 2085 659 2114 de
675 2084 761 2114 Libra
777 2085 806 2114 in
821 2084 900 2114 dieto
915 2083 1003 2116 Portu
1012 2086 1248 2125 Suthamptoniae,

183 2135 299 2156 necnon
315 2123 443 2163 Johanni
461 2121 561 2161 Holym
578 2123 610 2153 &
629 2122 736 2153 Thomae
752 2125 851 2160 Lane,
869 2121 1081 2154 Collec‘ioribus
1102 2125 1246 2156 ἀίἆὶοωτη

184 2163 391 2194 eust-imarum
408 2162 442 2193 ὃς
457 2161 654 2192 Subiidiorurn
668 2163 697 2191 in
712 2161 851 2200 pra-„dieto
866 2160 960 2193 Portu
977 2163 1154 2201 Sandewici,
1172 2164 1248 2203 sepa-

185 2204 267 2234 ratim
281 2201 434 2238 factarum,
453 2200 616 2230 allocentur.

223 2240 257 2270 In
275 2241 368 2277 cujus,
383 2240 444 2269 &c.
459 2247 507 2276 per
522 2238 690 2277 praedictum
703 2237 824 2269 Annum
837 2237 989 2270 duraturaa.

220 2277 310 2309 Teste
326 2277 408 2316 Rege
427 2276 501 2314 apud
517 2276 789 2316 Westmonasterium,
804 2277 937 2308 vicesimo
958 2279 1084 2309 secundo
1100 2278 1146 2308 die
1158 2277 1247 2317 Junii.

719 2355 773 2383 Per
788 2353 892 2384 Billam
911 2355 1112 2394 Thefhurariae.

56 2472 131 2538 q'X·
403 2481 429 2508 ²²?
449 2481 664 2526 Tbstamentum
689 2483 814 2515 Domini
835 2483 861 2515 le
884 2487 982 2530 Scrop.

35 2559 98 2586 272.

35 2593 133 2624 ,qn-3·
187 2573 250 2635 IN
275 2573 459 2604 N0M1Nia
490 2569 670 2611 Parius,
699 2580 752 2602 ΕΤ
778 2572 926 2612 F1L11,
952 2582 1004 2604 εἰ·
1029 2573 1243 2604 SPIRlTus

34 2633 114 2662 Εἰ,
233 2613 571 2648 SANcT1,AMEN.

0 2670 18 2692 Κ
36 2671 107 2695 Penes
115 2668 167 2692 Ca-

36 2714 101 2733 mer.

38 2754 67 2778 4,
82 2741 166 2770 Rund-

224 2650 293 2688 Ego
307 2653 460 2688 Henricus,
477 2651 607 2678 Dominus
625 2648 648 2678 le
664 2652 757 2687 Seras),
775 2649 862 2679 sciens
878 2650 940 2688 quia
954 2649 1059 2680 Homo
1083 2659 1161 2680 natus
1183 2652 1241 2681 sum

187 2688 223 2720 de
242 2688 381 2727 Muliere,
405 2689 482 2719 brevi
501 2687 598 2717 vivens
622 2697 769 2725 tempere,
786 2688 905 2725 repletus
925 2689 1019 2718 multis
1042 2688 1178 2727 Misenis,
1194 2691 1241 2727 qui

187 2727 261 2766 quasi
276 2727 341 2758 Flos
357 2725 476 2765 egressus
497 2725 558 2755 sum
582 2726 614 2756 &
633 2727 786 2763 contritus,
805 2729 839 2756 &
861 2726 940 2764 fugio
961 2728 1038 2757 velut
1059 2726 1190 2765 Umbra,
1208 2730 1241 2759 &

185 2775 329 2804 nunquam
345 2767 374 2794 in
389 2764 492 2795 eodem
506 2763 583 2794 Statu
598 2773 769 2803 permaneo,
786 2765 819 2795 ὃς
833 2765 971 2802 proinde,
987 2767 1016 2795 in
1033 2767 1108 2796 bona
1124 2766 1156 2796 ὃς
1174 2766 1242 2796 libe-

185 2815 216 2836 ra
231 2805 394 2842 voluntate,
411 2803 441 2833 T
452 2810 471 2833 Ε
481 2810 524 2833 ετ
534 2810 591 2832 ΛΜ
600 2812 619 2833 E
628 2812 651 2833 N
662 2811 714 2833 TU
725 2810 752 2832 M
770 2812 868 2833 meum
886 2803 916 2832 in
939 2804 1100 2841 hujusmodi
1124 2804 1243 2835 modum

155 2861 164 2867 —
185 2853 252 2875 com
277 2852 344 2872 ono.

224 2853 295 2912 1131>
304 2890 328 2911 R
339 2889 350 2917 t
360 2887 409 2910 M1
418 2888 431 2909 s
444 2901 453 2916 ,
478 2878 654 2908 commendo
670 2878 807 2908 Animam
827 2889 920 2910 meam
935 2879 1004 2910 Deo
1025 2879 1246 2919 omnipotenti,

186 2920 276 2950 beatae
297 2918 417 2957 Mariae,
435 2918 518 2946 beato
533 2916 659 2955 johanni
678 2916 823 2956 Baptistae,
840 2920 929 2948 beatae
946 2917 1107 2956 Katerinae,
1123 2922 1156 2950 ὅῑ
1178 2930 1245 2950 orn—

187 2958 270 2988 nibus
283 2957 406 2994 Sanctis,
422 2957 456 2987 &
472 2954 585 2993 Corpus
602 2965 699 2985 meum
720 2955 754 2985 ad
770 2955 968 2993 Sepeliendum
990 2958 1018 2986 in
1041 2956 1167 2988 Ecclesia
1185 2957 1244 2988 Ca-

186 2995 302 3026 thedrali
315 2995 389 3026 beati
400 2993 477 3025 Petri
491 2993 639 3032 Eborum,
657 2993 677 3023 si
692 2993 759 3024 illuc
773 2993 868 3033 aliquo
893 2994 984 3024 modo
1003 2994 1144 3034 deportari
1163 3006 1244 3035 pote-

189 3043 226 3064 rit

224 3055 282 3109 ἐς,
299 3069 355 3101 sive
366 3068 431 3101 illuc
448 3068 482 3101 de
524 3079 609 3102 rtetur
627 3067 682 3101 five
698 3080 756 3100 non
767 3093 776 3108 ,
793 3068 822 3100 V
833 3079 914 3101 0120
932 3070 1028 3108 quod,
1046 3070 1083 3110 si,
1102 3071 1166 3109 post
1182 3072 1241 3103 De-

183 3110 293 3142 cessum
307 3118 420 3145 meum,
437 3108 478 3146 Jo
498 3121 575 3143 anna,
585 3109 694 3149 Duciffioe
707 3109 826 3138 Eborum
841 3133 851 3145 ,
867 3109 992 3139 Consors
1006 3119 1084 3147 mea,
1099 3109 1243 3141 consense—

186 3151 238 3187 rit,
263 3155 293 3177 ut
306 3147 332 3177 se
354 3146 511 3184 obligavit,
535 3147 649 3185 Corpus
669 3148 749 3179 suum
769 3147 806 3178 Se
825 3147 884 3178 eliri
898 3157 965 3178 cum
985 3157 1106 3185 corpore
1128 3158 1195 3178 meo
1212 3151 1241 3179 in

186 3186 313 3219 Ecclesia
326 3184 456 3215 Eborum
467 3207 476 3222 ‚
491 3194 560 3215 tunc
573 3185 601 3216 V
611 3195 661 3216 oL
670 3197 690 3216 o
704 3187 784 3225 quod
831 3187 919 3216 umba
932 3186 1035 3216 decens
1055 3187 1087 3217 &
1107 3185 1221 3217 honesta
1231 3210 1242 3225 ,

184 3235 271 3266 prout
283 3224 418 3261 congruit
429 3222 555 3260 personae
568 3223 621 3253 suae
636 3225 669 3254 &
680 3224 804 3262 personae
820 3234 910 3261 meae,
927 3224 974 3255 fiat
993 3225 1066 3254 inter
1086 3224 1164 3255 Duas
1178 3225 1240 3255 Co-

184 3267 312 3302 lumpnas
322 3284 331 3300 ,
349 3270 383 3292 ex
393 3270 469 3299 parte
485 3260 608 3298 Boreali,
626 3271 701 3291 retro
717 3261 865 3298 Magnum
879 3263 991 3300 Altare,
1009 3263 1143 3301 Expensis
1156 3265 1241 3302 meis,

181 3305 260 3343 juxta
275 3299 435 3331 Consilium
449 3300 482 3330 ὃς
499 3299 718 3330 Ordinationem
732 3299 817 3331 didtae
829 3300 975 3332 consortis
988 3311 1059 3332 meae
1077 3302 1110 3332 ὃ(
1131 3301 1240 3333 Execu-

183 3350 278 3374 torum
296 3348 440 3375 meorum,

222 3379 275 3417 Et,
295 3379 313 3408 si
328 3377 474 3414 contingat
486 3374 572 3413 ipsam
594 3374 660 3405 illud
675 3385 809 3414 renuere,
827 3385 926 3407 contra
945 3374 1117 3407 Promissum
1140 3378 1237 3417 suum,

184 3418 275 3449 michi
287 3415 445 3447 voluntarie
459 3413 567 3445 factum
586 3412 676 3452 (quod
689 3413 767 3450 absit)
787 3422 856 3444 tunc
871 3415 982 3445 VoLo
1000 3416 1079 3453 quod
1093 3417 1122 3446 in
1134 3416 1237 3454 Capel-

184 3458 210 3487 la
223 3456 318 3488 Sanffl
334 3453 481 3490 Stephani,
499 3461 533 3482 ex
558 3460 636 3490 parte
658 3450 767 3481 Boreali
788 3451 921 3483 Ecclesiae
944 3454 1087 3493 praedic‘tae
1107 3464 1139 3484 ex
1160 3464 1237 3493 parte

185 3494 291 3526 Boreali
303 3492 431 3523 Tumbae
449 3490 571 3522 Domini
587 3489 675 3519 Patris
693 3490 767 3527 mei,
784 3490 815 3519 in
830 3489 946 3528 Capella
962 3492 1010 3522 ubi
1023 3492 1078 3529 ipse
1086 3493 1175 3532 jacet,
1191 3493 1236 3524 fiat

183 3533 303 3564 Tumba
315 3541 395 3569 mea,
413 3530 518 3567 habens
532 3528 654 3559 Nomen
673 3537 770 3557 meum
789 3529 823 3560 &
848 3528 972 3560 Obitum
996 3530 1126 3568 scriptum
1146 3533 1174 3562 in
1192 3532 1236 3562 illa

181 3570 263 3610 'parte
278 3570 408 3601 Tumbae
430 3567 519 3599 versus
537 3566 709 3604 Ecclesiam,
726 3566 759 3597 &
779 3564 938 3603 Imaginem
955 3569 1013 3598 mei
1032 3569 1110 3605 super
1126 3569 1234 3600 dietam

182 3610 352 3646 Tumbam,
374 3615 509 3637 armatam
529 3607 557 3636 in
585 3605 680 3635 Armis
705 3613 791 3642 meis,
809 3613 877 3635 cum
898 3605 1014 3637 Umbra
1034 3606 1138 3637 Leonis
1157 3609 1186 3637 in
1208 3608 1235 3638 le

181 3647 293 3685 Bende,
309 3655 393 3684 prout
407 3646 506 3677 vivens
518 3653 601 3681 utor,

220 3685 259 3716 Et
275 3684 356 3724 quod
375 3684 452 3715 dieta
472 3682 573 3723 Imago
591 3682 622 3713 sit
637 3682 710 3713 faeta
736 3680 772 3712 de
791 3679 954 3720 Alabastro,
972 3682 1063 3719 jacens
1080 3680 1160 3720 supra
1179 3683 1233 3714 Pe-

183 3732 254 3756 tram
269 3723 462 3754 Marmoream
471 3743 481 3758 ,

221 3761 259 3791 Et
273 3760 352 3799 quod
365 3759 441 3790 dieta
455 3759 576 3790 Tumba
590 3767 652 3789 mea
674 3757 706 3789 fit
726 3757 875 3788 altitudinis
891 3756 1023 3797 Qatuor
1040 3756 1213 3790 Cubitorum
1222 3781 1232 3798 ,

183 3800 219 3835 ὃ(
233 3799 278 3829 fiat
293 3799 342 3835 sub
356 3799 449 3835 Arcu,
468 3798 517 3836 qui
537 3797 644 3828 ibidem
666 3796 713 3827 fiat
728 3795 802 3826 infra
823 3795 964 3834 Murum,
982 3797 1019 3827 fic
1038 3797 1118 3835 quod
1141 3808 1231 3836 neque

179 3838 274 3869 dictus
285 3835 390 3868 Murus
403 3837 522 3868 deterior
529 3835 593 3874 fiat,
610 3845 700 3879 neque
712 3833 786 3876 didia
798 3833 911 3877 Capella
926 3834 1001 3864 suam
1017 3835 1230 3873 amplitudinem

178 3874 326 3912 deperdat,
343 3883 410 3903 curn
425 3873 550 3913 Imagine
562 3873 796 3916 Sanctijohannis
808 3871 936 3915 Baptistae
950 3873 984 3903 ad
994 3882 1094 3917 caput,
1113 3873 1230 3917 &Ima-

177 3912 365 3982 gciingSanlclbe
384 3910 527 3943 Katerinae
542 3912 672 3951 adsspedes
681 3934 690 3950 ,
707 3911 830 3941 faciebus
844 3910 963 3948 ipsarum
977 3910 1134 3950 imaginum
1148 3916 1231 3943 verlis

244 3958 245 3961 ¹
258 3965 260 3968 ν
344 3958 383 3978 m.

177 3964 194 3984 a
215 3958 342 4024 Ιτλέξνιῗ
357 3987 473 4056 {1:31⁴ss
490 3988 570 4055 {uod
582 3987 698 4028 Corpus
713 3997 810 4019 meum
821 3986 962 4031 sepeliatur
976 3987 1005 4017 in
1025 3997 1078 4019 una
1090 3986 1229 4020 dictarum

277 4031 350 4058 iliam.
410 4047 417 4055 .
469 4048 476 4056 .
528 4047 536 4056 .
806 4042 808 4045 ·

2270 165 2344 208 131

1288 227 1486 269 Tumbarum,
1504 232 1651 269 quamcito
1663 256 1672 270 ,
1690 233 1752 271 post
1768 233 1890 265 Obitum
1908 243 2025 274 meum,
2042 235 2147 275 ’poterit
2170 236 2288 268 honeste
2306 238 2340 269 ad
2363 235 2436 267 Anii.
2452 231 2492 268 Di

1289 266 1393 298 dictam
1410 268 1564 299 Ecclefiam
1581 270 1738 308 deportari,
1757 271 1788 301 &c
1808 273 1885 310 qui-d
1903 273 1998 303 Min-„t
2022 276 2054 304 ὃ(
2076 276 2171 304 omnia
2194 277 2242 306 alia
2263 277 2340 306 Offi-

2389 280 2472 313 1415«

1289 305 1351 343 cia,
1368 317 1430 344 quae
1445 308 1575 346 Corpora
1590 308 1742 375 sepelienda
1762 313 1923 349 pertinent,
1943 314 1967 341 ln
1996 314 2125 346 pix-{dusta
2147 313 2273 344 Eccum
2297 315 2340 344 so-
2364 318 2424 341 Han.
2444 323 2469 346 ῖο

1290 342 1419 374 lemnisci·
1434 345 1467 375 &
1482 345 1608 388 honeste*
1634 356 1679 377 ant
1693 347 1746 377 {ine
1760 349 1847 386 aliqua
1865 350 1967 389 §.lagei
1989 350 2197 389 l‘ublis-iitione,
2217 352 2264 382 nisi
2280 362 2338 382 tan*

1290 389 1351 424 tum
1366 384 1399 412 ad
1417 385 1491 414 viros
1504 383 1726 423 Eccleliasticos,
1744 388 1791 424 qui
1805 388 1952 425 spontanee
1968 391 2084 420 veniunt
2101 391 2134 421 ὃς
2147 399 2227 420 orent
2241 401 2293 430 pro
2301 392 2342 421 A·

1290 429 1367 450 nima
1384 431 1447 451 mea
1458 444 1467 460 ,

1306 497 1310 501 -
1328 457 1363 488 Et
1378 460 1457 496 quod
1471 459 1586 498 Corpus
1603 469 1700 491 meum
1715 461 1792 500 super
1811 462 2007 494 Pawiinentum
2024 475 2142 501 ponatur
2163 475 2226 496 ante
2245 476 2344 497 autem¹

1291 504 1381 526 ticum
1398 498 1511 536 Altare,
1530 500 1562 529 δε
1576 501 1755 536 cooperiatur
1768 510 1836 530 cum
1851 500 1949 531 Panno
1964 504 2028 532 albo
2045 505 2080 534 dc
2097 506 2174 534 Lana
2189 507 2220 536 δε
2244 506 2342 536 Ci-uce

1291 534 1376 565 rubcfi
1391 544 1514 574 tantum3
1533 538 1570 567 fic
1586 547 1680 567 tamen
1697 538 1775 575 QUOd
1799 538 1863 567 fiant
1885 540 1960 569 nullo
1985 542 2072 571 modo
2097 543 2232 581 Hirceae,
2250 554 2343 583 neque

1290 572 1438 612 Torticia,
1457 585 1547 613 neque
1560 576 1650 614 aliqua
1662 576 1712 606 alia
1730 576 1888 606 Luminaria
1899 599 1908 613 ,
1926 587 2016 616 neque
2030 580 2141 617 aliquod
2155 582 2229 613 aliud
2248 582 2343 614 Oina—

1290 621 1419 642 mentum

1331 635 1461 687 Excep'iis
1476 651 1598 683 Duobus
1615 653 1715 689 cereis,
1731 662 1790 681 uno
1803 651 1836 681 ad
1853 650 1946 690 Caput
1961 654 1993 684 ὅ(
2009 655 2094 686 altero
2110 656 2144 687 ad
2166 657 2266 697 Pedes,
2283 666 2344 690 ama

1290 687 1382 718 bobus
1398 691 1469 719 xxiv.
1490 690 1586 720 Libras
1601 701 1672 720 cera:
1690 690 1918 727 ponderantibus,
2336 714 2339 716 -

1327 725 1364 756 Et
1377 728 1496 764 exceptis
1511 727 1675 758 Duodecim
1690 728 1874 766 Pauperibus,
1895 729 2057 760 Duodecim
2079 731 2206 764 Torticia
2223 737 2343 767 tenenti*

1291 764 1342 794 bus
1353 774 1416 795 ante
1428 767 1601 796 autenticum
1619 767 1712 796 Altare
1724 789 1733 803 ,
1751 777 1814 804 quse
1829 767 1855 796 V
1864 778 1883 796 o
1894 776 1912 796 L
1924 777 1944 796 o
1961 768 2106 799 illuminari
2122 771 2154 800 ad
2163 782 2261 803 omnes
2271 774 2343 805 Mis-

1289 803 1327 832 sas
1364 803 1474 833 tantum
1490 803 1538 833 illo
1555 804 1617 841 die,
1632 805 1666 835 ad
1682 805 1776 835 Altare
1790 807 1961 835 autenticum
1978 807 2171 846 celebrandas,

1330 825 1366 871 ἐι
1380 841 1459 879 quud
1475 841 1542 871 disti
1557 842 1640 872 Cerei
1657 842 1847 873 illuminentur
1861 844 2003 882 placebo,
2021 847 2053 875 &
2074 847 2188 877 ardeant
2211 851 2344 882 continue

1293 878 1376 917 usque
1391 881 1419 909 in
1437 879 1599 910 Crastinum
1615 880 1682 919 post
1696 880 1981 912 Consummationcm
2001 884 2086 913 totius
2099 885 2348 927 ServitiiSepultu·

1291 927 1340 954 rae,

1330 955 1366 986 Et
1382 956 1462 994 quod
1482 956 1658 996 Remanens,
1676 966 1733 988 tarn
1749 957 1784 988 de
1796 958 1950 996 Torticiis‚
1968 959 2054 998 quam
2067 960 2102 991 de
2117 961 2226 999 Cereis‚
2244 958 2345 994 Altari-

1293 994 1362 1033 bus,
1380 996 1464 1025 ditiiae
1479 995 1612 1026 Ecclesiae
1629 997 1752 1026 maxime
1774 997 1978 1036 indigentibus,
1998 998 2016 1027 si
2040 1009 2099 1029 non
2123 1002 2277 1038 pertineant
2294 1003 2346 1033 ali—-

1294 1034 1341 1063 cui
1357 1033 1510 1064 Officiario
1520 1035 1601 1064 dicio
1620 1034 1763 1071 Eccleliae,

1293 1109 1318 1140 P
1332 1071 1368 1102 Et
1384 1073 1460 1110 quod
1475 1073 1543 1103 dirisi
1557 1072 1707 1112 Pauperes,
1725 1073 1852 1104 Torticia
1871 1082 1994 1105 tenentes
2007 1097 2016 1113 ,
2032 1076 2082 1106 sint
2105 1076 2205 1108 Vestiti
2226 1081 2256 1109 in
2277 1076 2344 1109 albo

1320 1120 1403 1140 anno,

1330 1148 1375 1177 IT
1385 1158 1401 1178 E
1413 1156 1439 1177 M
1450 1171 1458 1186 ,
1474 1147 1531 1190 Vo
1542 1158 1561 1178 L
1572 1158 1592 1178 o
1611 1149 1706 1187 quod,
1723 1151 1751 1179 in
1770 1150 1828 1180 Die
1842 1150 1996 1189 Sepulturae
2015 1151 2150 1190 Corporis
2166 1155 2236 1193 mei,
2253 1149 2345 1186 distri—

1294 1186 1413 1216 buantur
1426 1195 1451 1215 x.
1473 1187 1567 1216 Librae
1590 1187 1724 1226 Argenti,
1743 1190 1771 1217 in
1785 1190 1897 1220 diversis
1912 1190 2016 1228 Locis,
2039 1193 2084 1222 vel
2106 1193 2134 1225 in
2159 1202 2218 1222 uno
2244 1193 2346 1232 Loco,

1294 1225 1446 1254 secundum
1459 1225 1536 1262 quod
1553 1224 1756 1255 Executoribus
1780 1228 1848 1257 meis
1871 1228 1969 1258 melius
1990 1228 2077 1259 visum
2099 1230 2181 1261 fuerit
2196 1232 2234 1261 'ad
2257 1231 2346 1262 Profi-

1294 1272 1380 1292 cuum
1395 1264 1507 1292 Aninioe
1525 1272 1615 1300 mete,
1634 1264 1666 1292 ὃς
1683 1265 1739 1294 hoc
1753 1265 1868 1296 cuilibet
1885 1266 1963 1296 detur
1980 1269 2063 1306 magis
2078 1269 2121 1299 vel
2139 1271 2242 1307 minus,
2261 1280 2345 1307 prout

1294 1302 1417 1338 ipsorum
1437 1300 1593 1336 induenti-a
1607 1311 1725 1339 apparet.
2160 1310 2164 1312 '

1292 1375 1319 1406 Α
1332 1338 1376 1368 Ιτ
1386 1349 1409 1383 E.
1416 1347 1441 1369 M
1448 1361 1458 1377 ,
1480 1333 1534 1369 Vo
1544 1348 1564 1369 L
1574 1348 1594 1368 ο
1615 1339 1694 1378 quod
1708 1339 1807 1370 dentur
1820 1342 1904 1371 Novo
1912 1345 1992 1380 Operi
2008 1344 2128 1383 Ecclefiae
2138 1347 2276 1383 praea'icft‘ae
2287 1343 2344 1377 xxl.

1323 1387 1333 1406 r
1353 1387 1419 1408 enn-

1330 1386 1375 1446 ἐς
1393 1417 1475 1446 etiam
1489 1419 1593 1446 Samnio
1608 1415 1710 1446 Altari
1725 1416 1809 1446 dic‘iae
1824 1416 1955 1448 Ecclesiae
1971 1420 1989 1448 i.
2014 1419 2112 1457 Imago
2134 1423 2222 1453 beatae
2243 1417 2346 1454 Mariae

1293 1454 1434 1493 Argentea
1450 1455 1482 1485 ἃ
1499 1455 1653 1494 Deam-ara,
1677 1456 1837 1485 Altitudinis
1850 1458 1931 1487 unius
1946 1458 2056 1495 Virgae,
2075 1455 2152 1489 cum
2179 1462 2293 1492 Duabu:
2316 1462 2344 1492 I-

1293 1494 1450 1533 maginibus
1470 1492 1542 1523 Petri
1560 1495 1591 1524 ὅ(
1612 1494 1688 1524 Pauli
1709 1494 1854 1532 Argenieis
1875 1496 1908 1525 &
1934 1495 2082 1527 Deam-atis
2098 1521 2107 1536 ,
2129 1499 2248 1535 ejusdem
2273 1502 2344 1530 Alti-

1291 1533 1408 1570 tudinis,
1426 1533 1458 1562 ὅτ.
1477 1531 1602 1571 Imagine
1615 1533 1687 1562 beati
1707 1531 1842 1571 Jobannis
1861 1532 1989 1572 Baptistae
2003 1535 2143 1573 Argentea
2161 1538 2193 1567 ὃς
2221 1538 2344 1570 Deaura·

1293 1570 1339 1607 ta,
1357 1580 1441 1609 quam
1458 1571 1572 1606 quidem
1587 1571 1669 1600 habui
1685 1571 1720 1600 de
1731 1571 1811 1601 dono
1827 1571 1946 1601 Domini
1962 1572 2047 1603 Patris
2066 1577 2134 1612 mei,

1330 1608 1366 1639 Et
1383 1619 1436 1638 una
1449 1608 1527 1638 Crux¹
1544 1610 1633 1646 major
1646 1610 1785 1645 Argenaea
1801 1610 1833 1640 δί
1848 1609 1985 1640 Deaurata
2000 1611 2101 1649 absque
2120 1613 2213 1650 Pede,

1328 1647 1365 1678 Et
1378 1649 1462 1678 eriam
1476 1648 1494 1677 i.
1514 1646 1567 1677 Par
1586 1647 1716 1678 Pelvium
1732 1648 1768 1678 de
1784 1648 1912 1686 Argento
1930 1649 2141 1687 Coopertarum
2161 1652 2195 1682 &
2217 1651 2342 1683 Deaura—

1289 1694 1380 1716 tarum
1395 1696 1464 1716 cum
1482 1686 1575 1716 Armis
1593 1687 1660 1716 meis
1676 1687 1704 1715 in
1721 1687 1743 1716 F
1746 1687 1821 1716 undo
1834 1688 1868 1717 de
1883 1688 2059 1726 melioribuS,

1325 1724 1363 1755 Et
1381 1724 1450 1755 Duo
1467 1724 1554 1755 Texti
1568 1726 1662 1763 magni
1680 1725 1715 1755 de
1730 1725 1914 1762 pulcrioribiis
1931 1727 2062 1765 Argenrei
2079 1728 2112 1758 &
2129 1726 2280 1767 Deaurati,

1304 1762 1363 1793 *Et
1375 1764 1459 1794 etiam
1473 1763 1552 1801 quod
1568 1763 1668 1793 dentur
1684 1762 1776 1793 eidem
1791 1763 1923 1793 Ecclesiae
1939 1775 1993 1795 una
2010 1765 2088 1802 Capi
2103 1768 2223 1798 totaliter
2237 1770 2274 1798 de
2281 1768 2340 1799 Au-

1288 1811 1339 1839 ro,
1356 1812 1423 1832 cum
1439 1801 1522 1831 Rosis
1538 1802 1628 1831 rubeis
1642 1802 1675 1831 ὃς
1689 1803 1772 1840 nigris
1790 1802 1916 1840 Florata,
1934 1813 2002 1833 cum
2026 1804 2161 1844 Orphreis
2182 1806 2340 1837 enbrouda-

1288 1849 1314 1870 ta
1331 1841 1462 1870 nobiliter
1479 1850 1547 1870 cum
1562 1840 1623 1870 lma
1647 1841 1754 1878 inibus,
2292 1878 2296 1880 ,

1323 1878 1359 1908 Et
1372 1879 1458 1909 etiam
1475 1877 1554 1916 Capa
1567 1879 1600 1909 ὅτ.
1639 1877 1731 1916 alula,
1750 1878 1862 1909 Tuncia
1875 1880 1907 1910 &
1924 1879 2175 1919 Dalmatica,cum
2191 1884 2340 1922 omniAp-

1287 1926 1400 1956 paratu,
1419 1927 1485 1956 quas
1503 1917 1595 1948 habeo
1608 1927 1661 1955 pro
1679 1916 1818 1957 Episcopo
1834 1918 1997 1956 Puerorum,

1323 1955 1360 1986 Et
1375 1957 1457 1986 etiam
1473 1966 1527 1986 una
1542 1955 1656 1986 Tunica
1670 1955 1704 1986 ὅ(
1719 1966 1772 1986 una
1787 1955 1945 1987 Dalmatica
1959 1957 1994 1988 de
2013 1957 2075 1988 alba
2097 1958 2181 1990 Veste
2200 1960 2237 1990 de
2256 1959 2339 1990 Auro

1285 2003 1337 2033 pro
1353 1994 1494 2032 Episcopo
1509 1993 1681 2025 celebraturo
1691 2017 1701 2031 ,

1322 2032 1359 2063 Et
1375 2034 1460 2063 etiam
1474 2042 1563 2063 unum
1579 2031 1746 2070 Canapeum
1760 2032 1794 2063 de
1813 2032 1894 2072 nigro
1918 2034 1951 2064 ὃς
1973 2034 2060 2065 rubeo
2074 2034 2215 2075 Tartcryn
2233 2058 2243 2073 ,
2259 2034 2338 2076 depi-

1285 2070 1366 2100 Clum
1382 2081 1450 2101 cum
1467 2070 1613 2101 Leonibus
1635 2072 1668 2102 &
1693 2070 1807 2109 Cignis,
1828 2082 1894 2102 cum
1916 2074 1998 2102 omni
2020 2083 2146 2112 apparatu
2167 2075 2202 2104 ad
2225 2084 2335 2111 portan-

1285 2109 1373 2147 dum,
1391 2111 1419 2139 in
1436 2113 1578 2140 Dominica
1591 2112 1620 2139 in
1636 2112 1729 2139 Ramis
1747 2109 1921 2148 Palmarum,
1940 2111 2017 2149 supra
2031 2117 2130 2150 Corpus
2153 2112 2268 2152 Christi,

1319 2147 1356 2178 Et
1372 2151 1455 2178 etiam
1474 2147 1680 2179 Vestimentum
1698 2158 1795 2178 meum
1810 2148 1908 2179 album
1923 2149 1958 2179 de
1972 2150 2072 2188 Satyri,
2099 2150 2246 2188 figuratum
2266 2160 2336 2183 cum

1283 2186 1365 2216 viridi
1387 2187 1489 2217 Velvet
1510 2188 1542 2217 ὃς
1565 2186 1649 2217 Rofis
1665 2188 1771 2225 rubeis,
1796 2196 1863 2217 cum
1880 2189 1961 2217 omni
1975 2197 2104 2226 apparatu
2123 2190 2156 2220 ὃς
2180 2190 2336 2231 Frontellis,

1284 2235 1352 2255 cum
1370 2226 1398 2255 ii.
1419 2225 1631 2263 Tablementis,
1646 2225 1678 2255 ὃς
1696 2225 1733 2254 vi.
1757 2224 1843 2262 Capis
1864 2226 1984 2263 ejusdem
2006 2227 2098 2257 Seetae
2112 2250 2122 2266 ‚
2145 2229 2177 2258 &
2198 2238 2266 2259 cum
2287 2231 2336 2260 xii.

1283 2263 1369 2300 Capis
1382 2264 1417 2293 de
1432 2264 1498 2293 albo
1514 2263 1664 2301 Baudekyn
1680 2263 1713 2293 ὃ(
1728 2263 1764 2293 de
1778 2273 1845 2294 auro
1860 2264 1897 2293 de
1913 2263 2009 2302 Luke,
2027 2267 2059 2296 &
2075 2276 2141 2296 cum
2159 2267 2187 2295 ii.
2201 2266 2285 2304 Capis
2295 2268 2335 2300 'de

1282 2302 1344 2331 alba
1363 2302 1442 2332 veste
1463 2301 1500 2331 de
1518 2301 1643 2332 Damasi<
1657 2311 1725 2331 cum
1739 2301 1855 2347 Orfrays
1868 2302 2037 2333 inbroudatis
2055 2313 2123 2333 cum
2139 2303 2320 2346 Imaginibus,

1316 2339 1354 2369 Et
1365 2339 1520 2416 'uffasscnpa
1534 2340 1570 2369 de
1582 2340 1643 2369 alba
1656 2339 1733 2369 veste
1747 2340 1781 2369 de
1808 2338 1895 2376 (Apte
1923 2350 1992 2371 cum
2014 2341 2122 2373 Orsrais
2150 2343 2333 2384 inbroudata,

1281 2388 1348 2409 cum
1362 2389 1380 2407 1.
1410 2388 1425 2408 e
1451 2389 1466 2408 e

1316 2416 1352 2446 Et
1367 2427 1456 2446 unum
1475 2401 1685 2446 ’vestimentum
1707 2415 1742 2445 de
1765 2415 1852 2447 rubeo
1873 2415 1984 2448 Velwet
1999 2440 2008 2455 ,
2032 2418 2243 2450 imbroudatum
2263 2428 2335 2453 cum

1280 2453 1364 2485 Rosis
1378 2455 1413 2485 de
1427 2465 1510 2491 auro,
1528 2464 1595 2484 cum
1612 2455 1649 2484 iii.
1665 2454 1861 2484 Tablementis
1876 2456 1908 2486 &
1925 2458 2005 2486 omni
2022 2458 2184 2496 Apparatu,
2201 2468 2270 2490 cum
2283 2461 2332 2492 xii.

1279 2492 1365 2529 Capis
1380 2495 1501 2532 ejusdem
1517 2494 1619 2530 Seistae,

1321 2531 1353 2561 Et
1371 2535 1453 2562 etiam
1470 2541 1558 2563 unum
1575 2531 1704 2569 pulcrum
1721 2529 1895 2561 Frontellum
1908 2531 1944 2562 de
1956 2532 2163 2571 Pcrulis,quod
2178 2533 2258 2566 Volo
2267 2544 2334 2574 pro-

1279 2569 1384 2608 longaii
1397 2570 1431 2601 ad
1447 2569 1653 2608 longitudinem
1669 2571 1763 2608 magni
1779 2569 1895 2608 Altaris,
1915 2570 2046 2609 Expensis
2060 2574 2138 2610 meis,
2156 2583 2205 2610 per
2219 2574 2330 2606 Execu-

1278 2617 1351 2638 tores
1367 2619 1445 2639 meos

1315 2646 1353 2690 Et
1365 2631 1552 2678 etiam'unum
1572 2646 1626 2677 Par
1643 2645 1679 2676 de
1693 2647 1798 2685 migiiis
1813 2645 1993 2678 Candelabris
2008 2647 2154 2688 Argenteis
2172 2649 2205 2681 ὃς
2229 2650 2327 2682 Deau-

1278 2694 1348 2716 ratis.

1315 2723 1328 2753 1
1339 2732 1362 2753 T
1373 2734 1390 2754 E
1398 2731 1425 2754 M
1458 2722 1485 2752 V
1494 2733 1513 2753 o
1522 2732 1543 2753 L
1552 2733 1571 2753 o
1587 2723 1666 2762 quod
1680 2722 1794 2752 cuilibet
1808 2727 1939 2753 Canonico
1959 2747 1968 2762 ,

1279 2773 1353 2793 meas
1369 2763 1401 2794 δε
1414 2746 1447 2792 ad
1465 2761 1580 2792 Missam
1596 2764 1625 2792 in
1638 2760 1781 2798 Crastino,
1799 2762 1900 2793 dentur
1913 2764 1940 2793 vi
1948 2773 1969 2791 s.
1984 2764 2064 2794 viiid.

1318 2800 1354 2832 Et
1368 2801 1483 2831 cuilibet
1496 2802 1601 2830 Reo‘lori
1617 2802 1649 2832 ὃς
1676 2802 1779 2832 Vicario
1800 2800 1929 2831 existenti
1945 2802 1980 2832 ad
2003 2803 2140 2841 Exequias
2158 2804 2191 2834 &
2210 2804 2329 2835 Missam

1282 2839 1440 2877 praedieias,
1458 2840 1512 2869 iiis.
1525 2839 1586 2869 ivd.

1314 2877 1358 2907 IT
1370 2888 1386 2908 E
1397 2887 1424 2908 M
1433 2901 1442 2915 ,
1458 2878 1718 2914 cuilibet‘Diacono,
1735 2875 1896 2906 Subdiasono
1910 2879 1944 2908 &
1960 2875 2156 2910 Thuribulario
2164 2903 2174 2919 ,
2186 2879 2328 2912 existenti-x

1281 2915 1332 2945 bus
1349 2925 1379 2947 ut
1392 2916 1558 2954 praedirstum
1571 2915 1612 2947 est
1620 2917 1730 2953 ,dentur
1754 2924 1788 2944 xx
1796 2915 1822 2944 d.
1833 2925 1865 2944 ac
1880 2918 1963 2945 etiam
1978 2917 2242 2949 ciiilibetChoristae
2253 2921 2325 2950 xiid.

1317 2953 1331 2983 Ι
1342 2962 1364 2983 T
1374 2961 1392 2985 E
1403 2963 1448 2992 M,
1469 2954 1493 2984 L
1505 2963 1523 2984 Ε
1533 2964 1555 2984 G
1564 2965 1584 2984 o
1597 2954 1701 2984 Altari
1712 2954 1805 2983 Sam‘li
1817 2953 1981 2992 sthephani,
1999 2956 2029 2985 in
2043 2955 2164 2988 Ecclesia
2179 2958 2309 2990 Eborum
2318 2981 2328 2997 ,

1278 3001 1363 3023 unam
1370 2994 1512 3024 Tabulam
1525 2993 1651 3031 pulcram
1661 2993 1694 3022 &
1703 2993 1774 3022 bene
1789 2993 1929 3029 depicstiim
1938 3003 2022 3029 ,cum
2035 2996 2066 3024 ὃς
2076 2997 2092 3024 i.
2111 2996 2208 3026 mediis
2223 2997 2327 3036 Imagi-

1279 3032 1361 3061 nibus
1373 3033 1406 3062 &
1422 3033 1539 3069 antiquis
1553 3032 1647 3061 Armis
1661 3031 1728 3060 meis
1746 3031 1775 3060 in
1790 3031 1892 3068 dorso,
1910 3031 1943 3061 &
1963 3032 1978 3060 i.
1991 3031 2196 3064 Vestimentum
2204 3036 2239 3066 de
2246 3039 2325 3076 nigro

1275 3070 1307 3098 ὃς
1314 3070 1582 3107 rubeoVelvet,cum
1590 3069 1618 3100 ii.
1625 3068 1737 3105 Amiris,
1744 3070 1771 3098 ii.
1779 3070 1871 3107 stolis,
1879 3071 1911 3100 ὃ(
1921 3070 1946 3098 ii.
1955 3069 2086 3110 Fanonis,
2094 3073 2127 3102 δι’
2137 3074 2153 3102 i.
2164 3073 2324 3105 Vestimens

1278 3115 1341 3137 tum
1348 3109 1384 3138 de
1394 3109 1460 3139 albo
1469 3108 1608 3146 Damask,
1622 3117 1691 3139 cum
1701 3108 1780 3138 Albis
1789 3108 1884 3139 Amita
1891 3131 1900 3145 ,
1909 3107 2032 3146 St0l212&
2042 3110 2170 3150 fanonis,
2177 3114 2209 3142 &
2225 3113 2326 3153 Orfray

1279 3148 1314 3176 de
1324 3147 1413 3177 rubeo
1428 3146 1545 3184 Velvet,
1562 3157 1629 3177 cum
1644 3146 1750 3176 Plumis
1766 3147 1943 3177 imbrouclatu
1953 3148 2025 3177 mde
2043 3160 2203 3188 auro,cum
2217 3153 2246 3181 T
2247 3153 2322 3183 able-

1279 3186 1380 3215 mentis
1393 3185 1500 3222 argenti
1512 3187 1544 3216 ὃς
1559 3185 1706 3215 Frontellis
1715 3209 1724 3223 ‚
1738 3184 1834 3214 fiendis
1847 3185 1882 3215 de
1898 3186 1966 3215 albis
1981 3185 2111 3217 Vestibus
2124 3191 2205 3225 meis,
2224 3190 2259 3220 de
2272 3200 2321 3221 au-

1277 3234 1309 3254 ro
1324 3224 1359 3254 de
1372 3223 1473 3262 Cipre,
1492 3233 1540 3263 per
1554 3224 1740 3261 Executores,
1759 3233 1826 3254 curn
1843 3224 1869 3253 ii.
1882 3223 2015 3266 'Curtinis
2032 3225 2066 3255 de
2085 3226 2150 3256 albo
2172 3226 2322 3269 Tarteryni

1315 3261 1326 3291 1
1337 3270 1359 3290 T
1370 3271 1387 3292 E
1396 3270 1421 3291 M
1431 3285 1440 3299 ,
1462 3262 1486 3291 L
1495 3271 1512 3291 E
1524 3271 1547 3291 G
1557 3272 1576 3291 0
1592 3263 1661 3291 didio
1676 3261 1779 3291 Altari
1792 3261 1888 3292 Sandh
1905 3262 2036 3300 Stephani
2051 3264 2078 3293 ii.
2088 3265 2274 3298 Tablementa
2287 3270 2321 3300 ἃ

1276 3302 1294 3330 i.
1308 3300 1480 3330 Frontellum
1494 3301 1529 3330 de
1540 3301 1622 3330 rubea
1635 3300 1712 3332 veste
1726 3301 1762 3330 de
1779 3299 1869 3335 Cipio
1879 3322 1887 3336 ,
1906 3310 1974 3330 cum
1988 3302 2015 3330 ii.
2036 3298 2162 3333 Curtinis
2184 3304 2219 3334 de
2235 3307 2324 3337 rubeo

1275 3339 1493 3377 Tarteryn‚cum
1503 3340 1520 3368 i.
1529 3339 1638 3376 Casula,
1645 3340 1670 3368 ii.
1679 3338 1807 3377 Albis,&
1815 3338 1962 3376 Amitis,ii.
1971 3339 2063 3377 Stolis,
2072 3341 2103 3370 ὃ(
2110 3342 2139 3370 ii.
2148 3341 2170 3371 F
2171 3345 2280 3381 anonis,
2287 3346 2323 3375 de

1275 3378 1373 3407 eadem
1387 3377 1470 3407 Sedis.
1483 3376 1613 3408 faciendis
1628 3386 1675 3415 per
1684 3376 1855 3407 Executoies
1868 3387 1946 3407 meos
1961 3378 1997 3407 de
2013 3379 2172 3410 melioiibus
2191 3381 2324 3414 Vestibus

1275 3416 1310 3446 de
1327 3415 1437 3453 rubeis,
1456 3425 1522 3445 cum
1541 3416 1624 3445 bonis
1638 3415 1771 3455 Orfrays,
1792 3413 2001 3447 imbroudandis
2016 3426 2083 3447 cum
2097 3418 2191 3448 Armis
2206 3422 2281 3450 meis.
2317 3451 2319 3454 ,

1313 3453 1360 3483 IT
1371 3463 1387 3483 ε
1399 3462 1441 3491 Μ,
1462 3453 1486 3483 L
1497 3462 1514 3483 E
1525 3462 1547 3483 G
1559 3464 1578 3483 o
1601 3455 1683 3482 eidem
1708 3453 1809 3484 Altari
1835 3454 1931 3485 Saneti
1951 3455 2085 3491 stephani
2109 3456 2318 3489 vestimentum

1275 3502 1388 3529 meum,
1407 3502 1459 3529 pro
1476 3491 1689 3531 Qzadragefima
1703 3494 1740 3523 de
1752 3492 1831 3522 Serio
1843 3493 1908 3522 albo
1924 3493 1956 3522 &
1973 3492 2068 3524 Cruce
2084 3496 2185 3532 rubea,
2205 3506 2273 3526 cnm
2288 3499 2319 3526 ii.

1275 3530 1488 3567 Tablemends,
1506 3540 1523 3559 1.
1538 3530 1701 3569 Fi-ontello,
1716 3533 1744 3562 ii.
1764 3530 1904 3569 Curtinis,
1923 3531 1941 3560 i.
1958 3530 2071 3570 Casula,
2090 3534 2109 3562 i.
2127 3534 2215 3571 Alba,
2233 3535 2251 3564 i.
2273 3533 2316 3565 A-

1274 3570 1363 3606 mita,
1381 3570 1398 3597 i.
1414 3567 1507 3604 Stola,
1525 3568 1543 3598 i.
1557 3567 1681 3598 Fanona.

1311 3606 1356 3636 lT
1368 3615 1385 3636 E
1396 3614 1438 3640 M,
1459 3606 1482 3634 L
1493 3615 1510 3635 a
1520 3615 1542 3635 G
1552 3615 1571 3634 o
1586 3606 1658 3635 dido
1670 3605 1773 3635 Altari
1788 3606 1884 3637 Sanffi
1897 3605 2028 3646 Stephani
2041 3606 2200 3646 imaginem
2220 3617 2318 3643 meam

1273 3643 1515 3681 Sanetijohannis
1534 3643 1649 3683 Bapistae
1664 3646 1805 3674 minorem
1820 3645 1857 3675 de
1882 3644 2007 3684 Argento
2026 3646 2183 3684 Deaurato,
2201 3657 2268 3677 cum
2286 3648 2315 3678 ii.

1272 3684 1361 3722 parvis
1377 3682 1508 3712 Pelvibus
1521 3682 1557 3712 de
1574 3683 1720 3720 Argento,
1738 3692 1806 3713 cum
1822 3683 1924 3722 Squag.
1939 3682 2101 3722 Deauratis,
2116 3694 2183 3715 cum
2208 3687 2225 3714 i.
2251 3685 2316 3718 Pari

1272 3720 1513 3751 Candelabrorum
1526 3720 1567 3750 Ar
1587 3731 1733 3751 enteorum
1750 3731 1813 3759 quae
1831 3723 1888 3752 emi
1908 3722 1944 3752 de
1970 3722 2172 3753 Executoribus
2191 3722 2316 3755 Domini

1271 3758 1357 3789 Patris
1373 3759 1443 3794 mei,
1461 3768 1528 3788 cum
1543 3761 1559 3788 i.
1602 3759 1717 3790 axbrede
1732 3760 1861 3798 argentea
1879 3761 1912 3791 &
1935 3759 2079 3796 deaurati,
2098 3762 2129 3790 &
2145 3760 2171 3788 il.
2210 3760 2314 3793 Cruce-

1271 3799 1323 3834 tis,
1343 3798 1375 3827 &
1391 3797 1409 3825 i.
1421 3796 1609 3828 Tintinabulo
1623 3798 1787 3835 Argenteo,
1804 3808 1838 3828 ac
1856 3807 1941 3827 unam
1954 3795 2080 3828 Crucem
2100 3808 2226 3837 parvam,
2243 3810 2312 3832 cun]

1272 3833 1561 3873 Maria&J0hanne,
1581 3845 1666 3874 quam
1678 3835 1735 3866 feci
1758 3835 1936 3872 Londoniae,
1957 3837 1990 3865 ὃς
2011 3836 2093 3866 habet
2115 3836 2241 3867 Crucem
2263 3839 2316 3870 du-

1269 3874 1401 3912 plicatam
1416 3875 1445 3903 in
1459 3874 1567 3912 lingulis
1581 3874 1714 3914 Angulis,
1738 3883 1804 3903 cum
1823 3874 1929 3904 Tribus
1955 3871 2011 3902 aliis
2033 3873 2151 3904 Tabulis
2170 3873 2315 3917 Depic'tis‚

1269 3911 1422 3943 secundum
1438 3911 1644 3950 dispositionem
1656 3912 1850 3942 Executorum
1867 3920 2003 3941 meorum.

1308 3949 1351 3980 ΙΤ
1361 3957 1377 3978 E
1386 3957 1412 3978 M
1430 3947 1456 3980 L
1466 3959 1484 3980 E
1493 3959 1515 3980 G
1526 3961 1546 3980 o
1566 3948 1644 3980 diHae
1659 3947 1780 3988 Ecclefiae
1802 3947 1961 3978 cathedrali
1980 3946 2098 3979 Eborum
2111 3949 2148 3980 iv.
2168 3950 2259 3992 Capas
2274 3954 2310 3985 de

1273 3988 1383 4026 Mouey
1398 3986 1498 4020 Velvet
1512 3990 1602 4019 rubeo
1615 3989 1650 4020 de
1662 3998 1748 4025 auro,
1766 3996 1885 4055 ςυειὲιηέ
1895 3987 1967 4018 Tres
1980 3989 2072 4018 modo
2084 3987 2166 4028 fiunt,
2180 3991 2212 4022 ὅ(
2222 3992 2322 4062 Quart-‘-¹

1990 2724 2117 2756 existenti
2138 2726 2172 2757 ad
2194 2726 2331 2766 Exequias

2362 1757 2378 1776 ³
2398 1760 2450 1789 IX.

2364 1810 2411 1822 nn«

2363 1822 2388 1837 “l
2401 1824 2424 1840 >⁸
