2562 4274
769 149 872 190 ET
958 145 1225 188 ACTA

1313 141 1791 184 PUBLICA.
2251 155 2331 194 125

10 236 87 269 Arm.
99 233 138 265 D.
156 236 244 275 dum,
269 233 494 274 Tranfigendum
507 258 516 273 ,
541 243 575 266 ac
592 233 675 272 plene
701 234 734 266 ὃς
754 234 870 266 fideliter
887 233 1131 266 Concludendum
1148 258 1156 273 ,
1181 235 1213 265 δε
1251 228 1316 266 bet,
1339 228 1375 258 ab
1397 228 1479 258 omni
1502 226 1599 257 onere
1618 226 1770 259 Safisdandi
1792 226 1916 265 express&
1933 250 1942 266 a
1967 226 2087 258 TeUOYe
2111 225 2284 258 presentium
2304 249 2313 263 ⁵
2333 223 2408 254 Ann‘
2423 221 2466 253 D·

36 283 120 312 1419.

11 318 75 342 Heu.
95 322 124 349 5.

17 823 37 843 ³*
58 824 111 852 IX.

17 871 82 898 775·

21 2169 100 2201 Arm.
113 2170 156 2201 D.

42 2218 129 2248 1419.

20 2251 74 2275 An.
92 2258 117 2283 7.

21 2296 111 2352 zai-af·

1 3856 100 3889 ‘⁸¹¹1x.

19 3896 84 3933 7176-

160 274 416 307 Determinandum
425 297 434 311 ,

199 314 330 344 Necnon
349 312 366 341 d
404 313 439 344 ὃς
458 312 537 348 super
555 312 691 341 omnibus
707 311 741 342 &
758 310 887 349 lingulis,

200 352 247 383 Ab
266 351 368 380 eisdem
417 349 594 380 ommiffariis
609 349 709 379 nostris
729 349 863 387 Septem,
883 349 955 385 Sex,
983 350 1121 388 Quinque
1137 373 1146 388 ,
1174 356 1221 379 aut

166 391 296 428 Qatuor
320 389 489 418 eorumdem
507 412 516 426 ,
544 398 613 418 cum
634 386 845 418 Commilliiriis
867 388 911 418 seu
932 387 1078 426 Deputatis
1096 388 1221 426 praediffl

162 428 352 468 Consimguinei
369 427 450 468 nostri
467 430 589 456 Franciae
600 449 609 464 ,
627 428 654 456 in
676 426 844 466 Praemiffis,
863 427 906 457 vel
925 436 1025 457 eorum
1039 427 1149 465 aliquo,
1161 427 1222 465 Ap-

161 467 336 505 puntstuatis,
353 464 560 502 Concordatis‚
576 464 771 501 Compositis,
786 464 831 495 scu
845 464 1013 503 Conclufis,

198 504 253 534 Per
272 513 323 534 nos
341 504 415 535 bene
434 506 468 536 &
486 505 600 534 fideliter
618 503 812 542 observandis,
832 505 861 534 in
880 503 1016 534 Animam
1030 503 1156 535 nostram
1169 504 1222 543 Ju-

162 543 281 573 randum
292 566 301 579 ,

201 581 304 611 Literas
321 581 406 611 etiam
422 580 561 617 sigillatas,
589 580 621 610 &
639 579 748 610 alterius
768 580 969 618 cujuscumque
986 582 1096 619 generis
1113 582 1223 612 Securi-

163 620 226 650 tatis
245 620 277 649 &
296 618 450 649 Cautiones
466 641 474 656 ,
500 620 529 647 in
544 619 597 648 hac
618 627 692 656 parte
709 619 864 656 requisitas,
891 629 1042 649 conventas
1054 643 1062 657 ,
1088 620 1132 650 seu
1152 629 1224 650 con-

164 658 308 697 cordatas,
327 667 378 694 pro
396 657 494 687 Nobis
510 658 543 688 &
563 656 697 688 Nomine
713 657 827 695 nostro,
846 657 1003 695 Dandum,
1033 658 1224 696 faciendum,

165 697 198 726 &
218 695 443 733 Exponendum,
470 705 536 732 quas
554 705 652 733 parem
671 696 703 726 δε
724 696 845 726 cundem
865 695 1012 726 Effectum
1032 697 1065 727 &
1084 696 1223 735 Vigorem

164 734 267 764 habere
285 732 444 770 Volumus,
474 744 506 763 ac
526 734 544 764 fi
566 744 617 764 nos
635 744 678 764 eas
697 735 726 765 in
746 733 867 764 Persona
885 734 981 764 nostra
1002 734 1158 773 Daremus,
1186 735 1226 765 fa—

166 782 308 810 ceremus,
327 772 360 802 &
378 781 598 810 exponeremus,

204 811 223 830 ²*
252 809 288 840 Et
310 810 464 840 confimilia
480 810 677 848 juramentum
693 833 703 848 ,
728 811 756 840 in
778 810 913 840 Animam
931 810 1001 840 dieti
1018 809 1227 849 Confianguinei

165 847 254 879 nostri
271 851 410 886 Franciae,
431 849 551 886 Literas,
576 849 789 887 Obligationes,
812 849 996 886 Securitates,
1023 850 1055 879 δε
1074 848 1229 880 Cautiones

164 887 238 924 aliis,
254 886 418 917 sufficientes
437 888 469 918 &
487 889 514 917 in
533 888 584 917 hac
603 896 681 924 parte
698 888 780 916 nobis
799 888 960 916 necellarias
974 911 983 925 ,
1012 896 1064 923 pro
1081 887 1178 917 Nobis
1195 889 1228 918 &

165 925 300 956 Nomine
320 924 439 962 nostro,
467 928 483 956 a
499 925 705 955 Commissariis
723 925 767 956 seu
788 924 935 962 Depuratis
953 925 1080 962 praedicti
1100 925 1229 956 Consan-

166 965 265 1033 {guinei
287 963 375 994 nostri
397 964 523 994 Franciae
544 963 704 994 Petendum
722 987 732 1002 ,
762 962 974 1003 Recipiendum
991 986 1000 1001 ,
1026 964 1059 994 &
1085 964 1229 1004 Optincn-

189 1012 236 1033 um

208 1025 254 1070 Ac,
280 1039 474 1078 quoscumque
499 1039 647 1070 Trac'tatus
662 1062 671 1077 ,
699 1049 749 1077 per
774 1039 866 1070 dic‘los
885 1040 1099 1071 Commiffirios
1118 1040 1230 1071 nostros

170 1079 286 1117 Septem
296 1102 305 1116 ,
325 1077 380 1108 Sex
416 1078 570 1116 Quinque,
585 1087 632 1109 aut
647 1079 780 1116 Qiatuor
792 1089 891 1109 corum
901 1102 909 1117 ,
925 1089 993 1109 cum
1013 1079 1134 1117 ejusdem
1146 1079 1231 1110 Con-

169 1118 312 1154 sanguinei
330 1101 419 1146 11011τί
436 1120 557 1146 Francia>
576 1116 782 1147 Commiffariis
796 1117 840 1147 seu
861 1117 1007 1154 Deputatis
1023 1140 1033 1155 ,
1059 1128 1157 1155 captos
1176 1118 1232 1148 sive

168 1156 296 1224 ι1113111105,
308 1163 391 1193 prout
405 1157 442 1186 eis
455 1156 585 1193 expedire
600 1154 758 1193 videbitur,
773 1155 987 1195 prorogandum
1000 1158 1033 1188 &
1050 1155 1232 1187 Continuan—

190 1204 239 1224 um
249 1217 259 1232 ,

205 1232 256 1270 Et,
281 1232 465 1269 generaliter,
490 1234 587 1263 omnia
605 1233 655 1263 alia
675 1233 708 1264 &
727 1232 831 1270 lingula
850 1232 1020 1263 Faciendum
1038 1256 1047 1271 ,
1074 1232 1233 1263 Excercen-

167 1271 257 1308 dum,
276 1271 308 1301 δε
329 1270 565 1309 Expediendum,
581 1282 646 1309 quae
665 1272 692 1300 in
712 1269 863 1301 Praemislis
884 1272 916 1301 ὃς
933 1281 1005 1301 circa
1022 1281 1052 1301 ea
1070 1272 1115 1301 seu
1133 1281 1234 1302 eorum

167 1310 203 1340 ali
227 1310 282 1339 uod
301 1310 452 1340 neceffaria
468 1310 570 1340 fuerint
588 1310 632 1340 seu
652 1309 872 1347 quomodolibet
887 1320 1045 1348 oportuna,
1064 1311 1149 1340 etiam
1168 1311 1185 1340 li
1200 1311 1235 1340 de

167 1348 197 1380 se
206 1320 388 1378 qMandatum
408 1350 518 1387 exigant
536 1350 622 1387 magis
638 1348 766 1385 speciale,

209 1387 247 1417 Et
265 1387 474 1425 promittimus,
494 1387 571 1418 bona
590 1386 662 1423 fide,
682 1386 716 1416 ὃς
735 1387 763 1415 in
785 1385 884 1416 Verbo
903 1384 1017 1425 Regio,
1032 1396 1065 1417 ac
1086 1387 1136 1417 sub
1151 1387 1237 1425 Ypo-

170 1425 253 1456 theca
272 1427 304 1455 &
325 1425 511 1462 obligatione
535 1426 668 1456 omnium
695 1424 842 1455 Bonorum
867 1424 1031 1455 nostrorum
1058 1426 1234 1461 praesentium

171 1465 205 1496 δε
225 1464 405 1501 futurorum,
422 1464 490 1493 Nos
509 1463 636 1502 Ramm,
663 1462 802 1499 Gratum,
831 1463 977 1501 Firmum,
1000 1474 1032 1494 ac
1050 1464 1154 1494 Stabile
1172 1475 1236 1503 per-

193 1505 260 1532 etuo
280 1502 422 1532 babituros
442 1510 536 1533 totum
555 1504 587 1534 ὃς
607 1501 743 1539 quicquid
760 1511 809 1540 per
826 1501 920 1531 dictos
938 1501 1171 1541 Commissarios,
1191 1503 1236 1534 seu

205 1548 331 1576 eputatos
349 1540 479 1577 nostros,
502 1541 573 1579 Sex,
597 1541 754 1578 Qiinque,
772 1549 818 1570 aut
838 1541 971 1578 Qatuor
989 1541 1177 1579 eorumdem,
1197 1542 1238 1572 A-

169 1579 267 1615 Ctum,
294 1577 437 1617 Gestum,
461 1579 506 1610 seu
528 1578 716 1609 Procuratum
736 1578 817 1608 fuerit
836 1579 864 1607 in
883 1578 1049 1616 Praemiffiz,
1075 1581 1108 1611 &
1128 1580 1240 1620 singulis

170 1616 388 1648 Praemiss'orum
405 1641 414 1653 ,
441 1618 478 1648 ita
504 1617 585 1653 quod
604 1626 749 1655 nunquam
769 1626 817 1655 per
836 1626 887 1646 nos
904 1641 914 1654 ,
939 1617 983 1647 vel
1001 1618 1085 1647 alium
1105 1618 1240 1649 Nomine

171 1653 292 1693 nostro,
318 1654 478 1700 Dicemus,
504 1655 655 1699 faciemus,
680 1662 726 1686 aut
746 1665 957 1694 proponemus,
987 1657 1015 1686 in
1031 1656 1166 1696 Judici0‚
1195 1658 1240 1688 vel

172 1701 264 1732 extra,
280 1703 435 1732 quicquam
453 1704 483 1724 in
502 1703 684 1725 contrarium.

210 1731 246 1762 In
262 1732 357 1770 6111115,
376 1733 438 1764 &c.

209 1808 300 1840 Teste
315 1809 396 1848 Rege
411 1809 486 1847 apud
499 1807 598 1839 Villam
602 1808 684 1848 fiiam
698 1809 730 1838 de
747 1812 849 1839 Maute
865 1809 980 1848 Qtinto
995 1809 1040 1840 die
1051 1810 1128 1849 Julii.

267 1880 272 1884 ’
807 1888 861 1915 Per
879 1884 961 1924 ipspm
977 1889 1083 1924 Regem.

173 2028 224 2059 De
239 2023 409 2058 Trab'hmdo
420 2024 511 2070 sitper
529 2026 730 2056 Matrimonia
742 2049 751 2062 ‚
777 2036 844 2057 cnm
863 2027 1014 2058 Katerina
1026 2053 1035 2067 ,
1069 2027 1151 2059 Filia
1165 2037 1241 2073 prae-

351 2072 424 2105 dim
444 2073 657 2119 Confhngninei
673 2074 823 2115 Franciae,
850 2072 1058 2108 contrahendo.

179 2157 297 2214 REX
318 2158 482 2194 Omnibus,
501 2157 535 2187 ad
553 2166 641 2195 quos,
660 2157 722 2189 &c.
741 2157 875 2189 Salutem.

277 2197 375 2227 Sciatis
394 2196 475 2234 quod
495 2206 546 2225 nos
559 2219 568 2233 ,
1185 2213 1187 2215 ·

215 2234 265 2264 De
284 2234 443 2271 Fidelitate,
460 2233 627 2271 Prudentia,
644 2233 927 2271 Circumspefflone,
946 2236 979 2267 &
998 2235 1152 2275 Industria,
1180 2237 1243 2268 Re-

175 2272 367 2303 verendiffimi
391 2274 419 2302 in
444 2271 563 2302 Christo
587 2272 696 2310 Patris,
720 2275 832 2303 Henrici
853 2295 863 2311 ,
887 2274 1082 2313 Archiepifiapi
1121 2280 1245 2306 cantua-

177 2311 284 2351 rienfis,
309 2312 394 2341 totius
416 2311 527 2349 Angliae
547 2311 691 2348 Primatis,
718 2312 752 2342 &
769 2311 945 2348 Apostolicae
967 2313 1043 2343 Sedis
1064 2313 1186 2353 Legati,
1209 2325 1242 2345 ac

175 2350 310 2380 cariilimi
330 2349 540 2385 Consnnguinei
558 2349 646 2379 nostri
666 2349 776 2380 Ricardi
793 2353 903 2379 Comitis
926 2354 1072 2381 Whrwicae
1084 2375 1092 2390 ,
1111 2362 1244 2391 necnon,

175 2387 359 2418 Dilectorum
376 2388 410 2418 δε
429 2387 565 2417 Fidelium
583 2387 763 2425 nostrorum,
789 2389 931 2428 Guastonis
947 2391 979 2419 de
999 2394 1066 2420 Foix
1083 2395 1193 2421 Comitis
1211 2393 1243 2421 de

174 2425 373 2463 Longueville,
394 2425 524 2465 Magistri
544 2426 659 2464 Philippi
680 2429 797 2464 issorgan
819 2429 967 2466 Wj‘gorniae
985 2429 1079 2459 Eleffl
1097 2429 1244 2460 Cancella-

174 2465 209 2495 rii
234 2465 320 2494 nostri
348 2466 529 2495 Normanniae
545 2487 554 2502 ,
581 2464 697 2494 Gilherti
719 2463 882 2503 Umsreville
907 2465 1041 2498 Chivaler
1058 2492 1067 2505 ,
1097 2468 1243 2498 l‘Villielmi

175 2505 274 2532 Porter
293 2502 446 2541 Chivaler‚
463 2505 497 2534 ὃς
515 2503 643 2543 Magistri
660 2503 803 2542 Johanm's
817 2505 941 2544 Staffbrd
957 2505 1073 2543 Legum
1093 2506 1242 2546 Doftoris,

173 2541 298 2578 plenarie
317 2541 511 2579 confidentes,

211 2579 256 2609 Ad
275 2579 469 2609 Tractandum
485 2581 518 2610 ὅ(
538 2579 844 2622 Communicandum,
862 2591 931 2611 cum
950 2581 1173 2618 Consanguineo
1189 2594 1242 2613 no-

172 2616 233 2648 stro
250 2621 389 2656 Franciae,
415 2618 500 2648 suisve
523 2618 789 2657 Ambasliatoribus,
816 2619 957 2657 Nunciis,
983 2620 1026 2650 seu
1046 2622 1241 2652 Procuratoii-

173 2656 227 2685 bus
245 2679 254 2694 ,
279 2656 453 2686 potestatem
474 2657 511 2687 ab
526 2656 630 2686 eodem
650 2656 870 2696 Consanguineo
887 2658 985 2688 nostro
1004 2659 1190 2690 sufficientem
1211 2662 1239 2691 in

173 2704 206 2724 ea
224 2694 304 2724 Parte
321 2695 488 2725 habentibus
503 2717 513 2733 ,
539 2695 574 2725 de
592 2696 625 2726 &
643 2694 721 2733 super
738 2695 915 2732 Sponsalibus
934 2721 942 2734 ,
967 2707 1012 2727 aut
1034 2698 1241 2737 Matrimonio,

174 2735 248 2766 inter
264 2735 323 2762 Nos
342 2734 374 2765 ὃς
394 2732 524 2771 1116111311]
543 2733 668 2764 Puellam
686 2733 848 2765 Dominam
863 2737 1029 2766 Katermam
1045 2736 1143 2767 Filiam
1169 2748 1241 2775 prse-

172 2771 244 2802 die‘ti
265 2770 474 2809 Consanguinei
494 2771 584 2802 nostri
600 2773 818 2810 contrahendis,

212 2809 343 2840 Necnon
360 2809 396 2839 de
416 2809 513 2847 Dore,
538 2810 698 2848 Dotalitio,
717 2811 762 2841 seu
782 2811 949 2842 Donatione
966 2822 1081 2850 propter
1100 2813 1240 2854 Nuptias,

173 2857 208 2878 ac
229 2848 322 2884 Artis,
344 2849 370 2877 in
387 2848 440 2878 hac
462 2857 537 2885 parte
554 2848 663 2878 Dandis
679 2851 711 2880 &
732 2849 962 2889 ConstituendiS,
978 2853 1011 2882 ὃς
1026 2862 1127 2883 eorum
1148 2853 1240 2893 {ingu-

173 2887 269 2919 lorum
286 2887 416 2924 qualitate
431 2888 464 2917 <Sc
485 2888 654 2924 quantitate,

211 2925 255 2955 Ac
274 2927 359 2956 etiam
380 2925 415 2956 de
431 2926 596 2963 Terminis,
626 2925 725 2956 Medis
741 2948 751 2964 ,
774 2925 807 2956 ὅ(
826 2925 914 2956 Locis
932 2926 1118 2958 Solutionum
1140 2929 1171 2959 &
1191 2930 1240 2960 Sa-

173 2963 363 2994 11513ἂίοηοω
382 2963 418 2993 (16
436 2964 557 3001 eisdem,

208 3000 246 3032 Et
267 3011 373 3039 quanto
391 3002 541 3043 Tempore
557 3026 565 3041 ,
593 3001 726 3040 Expensis
745 3001 898 3033 Parentum
920 3003 953 3035 &
974 3003 1164 3044 Amicorum,
1189 3006 1239 3037 de-

170 3040 237 3070 bear
252 3039 419 3077 Sustentari,

213 3077 347 3108 Necnon
360 3078 440 3116 super
452 3078 602 3110 Praemiffis
617 3079 752 3110 omnibus
769 3080 800 3110 ὃ(
818 3079 928 3118 singulis
939 3103 947 3117 ,
961 3088 996 3110 ac
1011 3080 1126 3117 quando
1141 3083 1174 3112 &
1187 3093 1238 3114 cu-

167 3116 214 3154 jus
239 3115 374 3153 Expenfis
399 3117 431 3147 ὃς
456 3117 506 3146 sub
527 3126 583 3154 qua
606 3118 698 3148 forma
724 3128 772 3155 per
793 3117 926 3148 Parentes
950 3119 982 3149 &
1001 3119 1121 3150 Amicos
1136 3120 1236 3152 debeat

173 3155 338 3192 transmitti,
358 3153 600 3185 conveniendum
614 3157 646 3186 &
663 3156 908 3187 Concordandum
919 3179 928 3192 ⁷

210 3192 247 3224 Et
272 3202 321 3232 ea,
340 3202 403 3230 quae
424 3192 462 3223 fic
484 3192 636 3232 Tractare,
662 3193 834 3233 Conventa,
857 3197 890 3227 ὃ(
913 3193 1096 3226 Concordata
1115 3197 1235 3236 fuerint,

172 3239 310 3271 quatenus
325 3231 360 3261 ad
375 3230 443 3260 Nos
454 3233 552 3262 attinet
563 3254 571 3268 ,
588 3233 759 3263 omnimoda
771 3233 925 3264 Securitaxe
934 3257 943 3271 ,
962 3234 1081 3265 honesta
1094 3236 1128 3266 ὃς
1143 3236 1235 3273 legiti-

173 3269 223 3301 ma
234 3292 243 3307 ‚
260 3269 395 3300 Nomine
408 3269 508 3299 nostro
525 3269 726 3308 Firmandum,

211 3308 397 3345 similemque
408 3308 593 3338 Securitatem
619 3319 633 3339 a
653 3309 790 3345 praedtcro
813 3308 1033 3348 Consanguineo
1052 3311 1170 3350 nostro,
1188 3314 1234 3344 seu

173 3346 232 3382 ejus
250 3346 520 3383 Ambaffiatoribus,
537 3356 583 3376 aut
599 3346 830 3378 procuratoribus
851 3349 1007 3387 proediffls,
1026 3349 1161 3381 Nomine
1179 3362 1235 3382 no-

175 3384 234 3415 stro
245 3408 253 3422 ,
275 3384 450 3422 Petendum,
469 3384 683 3423 Stipulandum,
702 3386 735 3415 &
751 3385 977 3424 Recipiendurn,

210 3423 379 3460 Caeteraque
405 3424 500 3452 omnia
525 3425 557 3453 &
579 3424 679 3462 lingula
704 3423 874 3455 Faciendum
893 3448 901 3461 ,
925 3425 1143 3456 hxcercendum
1161 3450 1170 3464 ,
1199 3428 1233 3458 &

171 3460 387 3500 Expediendum
398 3485 407 3499 2
423 3472 487 3499 quae
503 3462 531 3492 in
548 3461 698 3492 Praemiffis
716 3463 749 3492 &
766 3464 841 3492 circa
856 3472 886 3492 ea
901 3463 1050 3493 necessaria
1062 3465 1164 3496 fuerint
1188 3467 1233 3496 vel

166 3510 331 3539 oportuna,
348 3502 381 3532 ὃς
408 3510 470 3537 quae
494 3501 605 3538 qualitas
630 3499 789 3537 hujusmodi
810 3499 935 3537 Negotii
959 3503 992 3533 δε
1007 3512 1100 3533 natura
1117 3505 1232 3542 exigunt

169 3540 205 3570 &
220 3540 379 3577 requirunt,
396 3539 429 3570 &
445 3549 508 3575 quae
524 3539 592 3569 Nos
606 3538 762 3569 faceremus
777 3538 820 3568 seu
836 3538 927 3570 facere
940 3540 1084 3577 possemus
1097 3541 1115 3571 fi
1137 3543 1232 3580 perso*

169 3577 266 3608 naliter
281 3578 386 3608 ibidem
400 3577 544 3614 praesentes
559 3577 788 3616 effemuS,etiam
803 3577 822 3606 si
838 3576 1009 3610 Mandatum
1023 3581 1132 3619 exigant
1141 3590 1232 3618 quan-

166 3618 357 3654 tunicamque
367 3616 485 3654 speciale
492 3639 501 3653 ,

207 3653 364 3686 Psaediems
379 3677 388 3693 ,
414 3653 644 3693 Archiepistopum
660 3678 670 3691 ,
696 3656 810 3683 Comites
823 3676 832 3691 ,
858 3654 1007 3693 Philippum
1024 3679 1033 3693 ,
1055 3655 1207 3686 Gilbertum
1221 3680 1231 3696 ,

172 3691 365 3731 Willielmum,
383 3694 416 3724 &
441 3693 620 3731 Johannem,
640 3692 775 3730 Septem,
797 3691 871 3730 Sex,
899 3693 1053 3732 Quinque,
1080 3703 1126 3725 aut
1149 3696 1230 3734 Qia—

170 3737 236 3761 tuor
257 3741 372 3768 eorum,
389 3732 499 3763 nostros
523 3742 624 3769 veros,
642 3731 799 3770 legitimos,
815 3732 848 3762 Sc
872 3731 1042 3762 indubitatos
1060 3732 1230 3764 Procuraro-

169 3777 231 3810 165,
249 3767 445 3809 Negotiorum
466 3770 618 3807 Gestores,
638 3772 669 3800 ὃς
692 3769 827 3800 Nuncios
844 3769 985 3808 speciales,
1005 3770 1152 3809 Facimus,
1171 3772 1231 3803 Or-

170 3805 318 3844 dinamus,
335 3807 488 3845 Creamus,
510 3810 542 3840 &
557 3808 767 3839 Censtituimus
784 3817 832 3843 per
848 3807 1014 3845 praesentes,

206 3844 225 3864 '¹‘
236 3842 460 3888 *Promittemeffi
478 3848 507 3877 in
524 3847 614 3877 verbo
630 3847 743 3885 Regio,
761 3856 814 3876 nos
828 3845 935 3876 Rarum
951 3848 983 3877 δε
1006 3846 1146 3887 Gratum,
1163 3859 1228 3885 per—

166 3890 255 3921 petuis
277 3884 473 3922 temporibus,
499 3886 641 3916 habituros
668 3885 799 3923 quicquid
823 3895 871 3921 per
897 3883 1096 3916 Procuratores
1117 3888 1228 3918 nostros

166 3920 319 3960 praedictos
326 3943 342 3963 ,ἱ
352 3920 487 3963 Septem,
505 3923 578 3962 Sex,
599 3925 739 3962 Qinque
750 3947 757 3959 ,
775 3931 821 3953 aut
837 3923 970 3961 Qiatuor
981 3925 1226 3963 eorum,AGtum,

163 3957 311 4033 gfstum’
327 3960 371 3988 1611
386 3958 574 3992 Procuratum
589 3963 671 3993 fuerit
684 3964 712 3992 in
726 3961 891 3999 Praemissis,
909 3962 943 3992 &
959 3963 1074 4000 lingulis
1095 3963 1227 3995 Praemis-

213 4007 260 4028 um

203 4021 335 4076 lpsoique
358 4030 561 4068 Procuratores
578 4038 611 4069 ὃ(
631 4037 770 4070 Nuncios
792 4038 923 4078 nostros,
938 4039 974 4071 ὃς
989 4048 1090 4071 eorum
1105 4040 1228 4078 quemli-

1258 266 1444 304 Relevamus,

1292 304 1324 334 In
1342 306 1437 341 cuius,
1456 304 1516 334 ὅτε.

1294 336 1385 373 Teste
1400 342 1486 380 Rege
1499 341 1573 379 apud
1586 341 1689 371 Villam
1699 342 1780 381 fitam
1799 341 1831 371 de
1849 345 1951 372 Mante
1966 342 2080 381 Qinto
2091 341 2137 372 die
2147 339 2224 380 Julii.

1889 422 1944 448 Per
1957 418 2038 458 ipſstm
2056 422 2160 456 Regem.

1261 500 1289 560 I
1305 534 1389 575 fitpra
1401 560 1409 574 ,
1427 536 1477 566 sub
1487 536 1684 573 Nominibus,
1700 536 1812 564 Ricardi
1831 540 1939 566 Gemit-s
1955 539 2095 567 lVarwicst
2105 563 2112 575 ‚
2132 536 2272 575 Guastanis
2285 535 2318 565 de

1260 578 1327 604 Foix
1352 578 1461 604 Comitis
1485 575 1518 604 de
1545 574 1738 612 Longaeville,
1759 573 1886 612 Magistri
1905 574 2046 612 Johannis
2059 579 2158 613 Kempe
2177 574 2321 604 Roffenfis

1261 613 1349 643 Ele-obi
1366 613 1502 643 Custodis
1517 613 1622 643 Privati
1637 612 1727 652 Sigilii
1742 612 1850 650 Regis,
1867 614 1982 642 Gilberti
1999 613 2166 654 Un.fraville
2177 612 2322 651 Chivaler,

1264 651 1406 696 Willielffli
1423 653 1520 680 Porter
1538 651 1688 689 Cbivaler,
1709 652 1740 682 &
1760 650 1889 689 Magistri
1911 651 2052 689 Johannis
2074 651 2199 691 stafford
2218 655 2322 689 Legum

1263 691 1485 766 Dssglrsskege
1504 735 1535 757 ut
1542 726 1628 767 fiapra
1645 727 1772 758 Decimo
1783 726 1900 758 0613νο
1917 727 1975 758 Die
1983 727 2059 766 Julii.

1930 805 1984 834 Per
1995 803 2078 843 ipfitm
2091 806 2196 842 Regem.

1268 933 1440 979 Alligantiae
1461 933 1551 978 fac'lae
1577 937 1613 972 (¹2²
1629 935 1740 979 juratae
1758 938 1835 966 inter
1853 934 2035 980 Delphinum
2054 938 2090 973 ὠ·
2113 936 2230 967 Ducem
2252 936 2333 967 Bur-

1309 981 1446 1028 gtmdiae‚
1471 985 1524 1028 qui
1543 989 1682 1028 proximo
1712 984 1821 1028 Mes-rs}
1851 986 1939 1020 (viz,
1978 983 2031 1016 18.
2063 985 2165 1029 Aug.)
2187 994 2332 1029 praetextu

1312 1030 1475 1075 Perfhmzlis
1490 1034 1695 1064 Conventionis
1705 1058 1714 1073 ‚
1745 1034 1933 1075 affizsmtztus
1949 1030 1996 1075 est.

1273 1115 1448 1176 CHarles,
1466 1114 1529 1144 Filz
1543 1116 1578 1144 du
1601 1119 1656 1156 Roy
1669 1116 1700 1145 de
1715 1118 1833 1154 Franz-e,
1852 1115 2000 1156 Daulplcyn
2012 1116 2043 1147 de
2059 1120 2086 1146 V
2086 1120 2211 1154 iennoiz,
2229 1118 2291 1146 Duc
2303 1116 2335 1145 de

1348 1156 1435 1190 Berry
1453 1152 1490 1187 &
1505 1155 1535 1182 de
1550 1158 1696 1191 Touraine,
1711 1154 1750 1189 ὠ»
1765 1159 1847 1184 Conse
1863 1156 1894 1185 de
1909 1157 2021 1193 Poitou,

1307 1193 1347 1220 Et
1367 1191 1481 1229 Johan,
1501 1191 1563 1220 Duc
1580 1192 1612 1220 de
1630 1195 1793 1229 Eourgoigne
1803 1216 1812 1230 ,
1828 1198 1910 1224 conte
1923 1194 1954 1224 de
1970 1193 2100 1224 Flandres
2110 1219 2117 1229 ,
2135 1193 2282 1233 d'Artois,
2300 1194 2334 1225 &

1271 1229 1303 1258 de
1317 1232 1467 1266 Burgm'tgne
1477 1252 1485 1265 ,
1505 1229 1617 1259 Palatin
1627 1253 1636 1268 ,
1654 1234 1778 1267 Seigneur
1791 1232 1823 1260 de
1839 1231 1929 1262 Salius
1946 1232 1984 1268 (ξφ
2001 1232 2033 1262 de
2050 1232 2188 1270 Malui-ex,

1311 1267 1337 1297 A
1352 1269 1433 1298 Tous
1447 1267 1540 1298 Ceulx
1550 1291 1558 1305 ,
1573 1270 1621 1306 qui
1634 1279 1680 1298 ces
1692 1270 1827 1306 presentes
1844 1270 1951 1301 Lettres
1968 1280 2100 1308 veri-ont,
2119 1271 2204 1301 Salut-

2354 270 2441 299 1419.

2334 306 2397 329 Heu.
2415 308 2445 335 5.

1294 497 1468 529 Nnovantur
1483 496 1709 528 commissiones
1731 497 1766 527 ad
1786 497 1998 536 Traehzndum,
2018 498 2076 533 &a
2091 505 2174 538 prout
2193 495 2317 535 proxim&
2337 508 2373 527 m.
2396 506 2440 535 33.

2353 1106 2428 1138 Ann.
2442 1105 2487 1138 D.

2374 1154 2460 1185 1419-

2353 1189 2405 1212 An.
2424 1194 2452 1220 7.

2355 1228 2395 1289 Z}
2403 1232 2470 1290 Βῖὲι.

1312 1305 1459 1344 Comme,
1484 1317 1498 1335 a
1524 1306 1685 1337 l'Occalion
1707 1307 1756 1337 des
1775 1317 1856 1346 grans
1875 1309 2036 1347 Divifions,
2063 1310 2127 1347 qui,
2152 1310 2251 1347 depuis
2274 1318 2337 1339 cer·
2352 1304 2412 1327 CM·
2426 1303 2473 1327 Ti‘

1272 1345 1347 1374 taine
1370 1344 1481 1383 Temps
1504 1355 1539 1374 en
1560 1355 1614 1384 ca,
1629 1353 1680 1375 ont
1705 1344 1809 1384 Regne
1829 1356 1866 1376 en
1883 1357 1918 1377 ce
1943 1347 2110 1387 Royaume,
2128 1358 2249 1379 aucunes
2272 1347 2338 1377 Sus-

1275 1384 1376 1420 pilions
1397 1384 1423 1414 se
1441 1386 1534 1414 seront
1557 1384 1712 1423 engendres
1731 1394 1760 1414 es
1778 1394 1856 1415 euers
1873 1385 1910 1415 de
1936 1385 2023 1416 Nous
2043 1387 2076 1417 &
2094 1387 2128 1417 de
2144 1387 2264 1423 pluleurs
2279 1395 2338 1416 not,

1274 1422 1408 1452 Officiers
1418 1445 1427 1461 ,
1445 1422 1618 1461 Servitours,
1636 1424 1670 1455 &
1685 1421 1815 1453 Vassaulx
1853 1423 1890 1453 les
1903 1433 1953 1454 uns
1966 1433 2066 1454 envers
2080 1425 2117 1454 les
2129 1434 2234 1463 autres,

1314 1460 1367 1490 Par
1394 1470 1491 1500 quoy,
1507 1462 1540 1492 ὃς
1564 1471 1637 1499 pour
1657 1461 1776 1500 pluseurs
1797 1447 2038 1503 frnaginations,
2049 1473 2105 1500 que
2125 1473 2141 1492 a
2160 1464 2230 1493 celle
2249 1461 2341 1493 Cause

1277 1509 1364 1530 avons
1386 1509 1543 1537 conceues,
1571 1500 1670 1530 Avons
1692 1499 1749 1530 este
1768 1499 1940 1537 Empech³es
1965 1501 2001 1530 de
2023 1500 2257 1531 concordantem
2272 1510 2339 1532 vac—

1279 1548 1364 1576 quer,
1385 1539 1419 1570 &
1431 1538 1567 1569 entendre
1581 1548 1634 1568 aux
1646 1549 1729 1578 grans
1745 1539 1805 1569 Fais
1821 1540 1853 1570 &
1872 1539 2020 1574 Besoignes
2031 1563 2039 1575 ,
2057 1540 2192 1569 touchans
2207 1539 2343 1580 Monfieur

1277 1576 1301 1606 le
1318 1578 1373 1614 Roy
1388 1578 1421 1608 ὃ(
1437 1577 1487 1607 son
1501 1576 1542 1607 dit
1556 1577 1709 1616 Royaume
1720 1600 1729 1616 ,
1742 1579 1775 1608 &
1791 1578 1826 1608 de
1838 1578 1981 1608 ensemble
1996 1578 2117 1608 Relister
2134 1588 2148 1608 a
2164 1579 2187 1607 la
2209 1579 2345 1615 dampna·

1279 1615 1524 1683 ble‘Enterprinse
1539 1615 1593 1654 de,
1610 1617 1650 1646 ses
1665 1616 1790 1647 Anciens
1804 1616 1941 1647 Ennemis
1968 1617 2001 1647 &
2023 1616 2061 1646 les
2081 1615 2208 1655 nostres,
2226 1618 2263 1647 les
2285 1616 2346 1647 En-

1279 1663 1296 1677 σ
1307 1663 1356 1684 oiz
1366 1678 1375 1690 ,

1279 1678 1296 1694 υ
1321 1692 1401 1731 Qi,
1427 1692 1515 1722 soubz
1538 1691 1657 1722 Umbre
1680 1693 1713 1724 &
1736 1691 1790 1722 Par
1811 1693 1836 1724 16
1854 1692 1968 1731 Moyen
1991 1694 2040 1724 des
2059 1692 2239 1724 devandie‘tes
2260 1692 2347 1723 Divi-

1280 1730 1353 1760 sions
1364 1755 1373 1768 ,
1394 1731 1420 1760 se
1438 1732 1500 1761 sont
1520 1731 1645 1761 enhardis
1659 1731 1750 1761 d'eulx
1767 1732 1832 1761 ainsi
1851 1742 1934 1762 avant
1950 1742 2050 1763 vouter
2067 1743 2103 1762 en
2122 1742 2156 1762 ce
2172 1733 2215 1762 dit
2231 1731 2348 1772 Royau-

1281 1779 1348 1807 me,
1368 1770 1401 1800 &
1419 1769 1454 1799 de
1469 1770 1516 1800 fait
1529 1779 1544 1808 y
1563 1779 1616 1799 ont
1630 1770 1790 1811 Conqueste,
1808 1771 1842 1801 ὃς
1858 1771 1894 1800 (16
1914 1772 2021 1808 present
2042 1779 2184 1809 occupent
2215 1772 2248 1801 δε
2272 1771 2350 1801 usur-

1281 1817 1350 1846 pent
1372 1818 1427 1838 une
1452 1808 1518 1838 bien
1540 1817 1620 1847 grant
1642 1807 1734 1838 Partie
1756 1808 1792 1839 de
1812 1809 1836 1838 la
1862 1809 2048 1848 Seignourie,
2068 1811 2101 1840 Sc
2127 1811 2273 1846 purroient
2296 1818 2349 1839 en-

1282 1856 1352 1891 core
1371 1846 1432 1884 plus
1452 1846 1535 1885 faire,
1557 1848 1594 1876 les
1617 1846 1726 1877 Cboses
1747 1847 1836 1878 estatis
1856 1858 1892 1878 en
1912 1848 1975 1879 telle
1999 1848 2032 1878 &
2052 1848 2201 1879 semblable
2221 1846 2348 1885 Dispoli—

1282 1894 1343 1916 tion

1321 1908 1485 1954 Slvom
1501 1924 1601 1955 faisons
1617 1934 1674 1962 que
1686 1922 1821 1961 Nous,

1320 1961 1507 1992 Confiderans
1524 1963 1557 1993 δε
1572 1962 1728 1993 Attendans
1745 1963 1783 1992 les
1798 1972 1853 1993 tres
1875 1971 1957 1999 grans
1974 1963 2006 1993 &
2022 1963 2227 1994 innumerables
2247 1962 2348 1993 Maulx

1282 2000 1316 2031 δε
1330 1999 1539 2032 Inconveniens
1551 2024 1560 2039 ,
1579 2002 1627 2039 qui
1640 2011 1687 2039 par
1702 2001 1728 2030 16
1747 2001 1795 2030 fait
1809 2001 1858 2031 des
1875 2002 1945 2031 dites
1959 2001 2101 2031 Divisions
2112 2025 2120 2039 ,
2139 2003 2164 2032 se
2188 2002 2348 2039 Appaifieee

1282 2038 1433 2077 n'estoint,
1453 2040 1492 2069 les
1506 2040 1670 2077 pourroient
1686 2049 1777 2069 encor
1793 2039 1854 2077 plus
1869 2041 1973 2077 ensuir,
1991 2050 2006 2069 a
2019 2040 2042 2070 13
2061 2041 2297 2079 tresgrantfoule‚
2313 2041 2350 2071 &

1283 2088 1331 2115 par
1346 2087 1480 2108 aventure
1492 2077 1633 2115 perdition
1649 2078 1736 2108 totale
1749 2078 1786 2107 de
1801 2077 1876 2108 ceste
1891 2078 1968 2108 (11616
1988 2078 2168 2117 Seigneurie,
2187 2080 2235 2116 qui
2259 2079 2349 2109 Nous

1282 2115 1462 2155 redondroit,
1482 2117 1515 2148 &
1530 2127 1544 2146 a
1560 2116 1680 2147 chascun
1695 2115 1731 2147 de
1744 2115 1849 2154 Nous,
1867 2117 1982 2155 aquila
1999 2116 2101 2148 Gnose‘
2110 2127 2176 2155 puer
2202 2118 2261 2155 plus
2283 2127 2350 2148 tou-

1283 2155 1352 2185 cher
1366 2165 1445 2191 apres
1461 2155 1537 2186 Mon
1553 2155 1593 2186 dit
1611 2155 1746 2195 Seigneur
1761 2165 1816 2194 que
1835 2166 1850 2185 a
1869 2156 1918 2185 nul
1933 2156 2037 2193 Autre,
2054 2165 2069 2185 a
2087 2157 2218 2196 tresgrant
2232 2155 2350 2196 Charge

1283 2194 1317 2223 ὃ(
1335 2193 1546 2232 Deshonnour,

1316 2231 1454 2271 >Desirans
1469 2232 1505 2262 de
1521 2240 1600 2262 toute
1617 2230 1766 2262 Affefflon
1777 2254 1786 2270 ,
1804 2231 1871 2262 ainsi
1884 2241 1940 2270 que
1953 2239 2044 2263 tontes
2061 2240 2141 2264 tenus
2155 2242 2173 2272 y
2196 2232 2351 2273 Sommes,

1282 2279 1300 2309 y
1316 2269 1471 2301 Remedier
1487 2271 1519 2301 ὃ(
1536 2270 1713 2308 Pourveoir,

1321 2308 1359 2339 Et
1376 2308 1452 2339 Pour
1467 2318 1519 2346 ce,
1537 2319 1551 2338 a
1564 2308 1642 2340 ceste
1659 2308 1729 2346 Fin,
1746 2317 1823 2346 apres
1836 2308 1957 2346 pluseurs
1970 2308 2182 2348 Traietemens,
2201 2310 2244 2341 sur
2267 2310 2350 2341 ceulx

1283 2346 1451 2385 Pourpales,
1468 2346 1557 2377 Entre
1573 2357 1677 2377 aucuns
1693 2347 1741 2377 des
1756 2347 1881 2385 nostres,
1894 2347 1977 2377 d’une
1990 2347 2071 2379 Parte
2085 2349 2117 2378 &
2134 2349 2351 2386 d’autre‚Nous

1282 2385 1384 2424 soyons
1396 2387 1432 2416 de
1446 2387 1505 2423 puis
1523 2385 1694 2424 N'aguerres
1709 2386 1742 2417 &
1756 2396 1790 2416 au
1807 2385 1940 2425 Jourduy
1962 2385 2110 2418 derechief
2127 2387 2296 2418 Affemblez
2314 2389 2351 2420 &

1282 2423 1455 2455 Convenues
1472 2424 1628 2460 ensemble,

1319 2463 1432 2492 ΑνοΝ
1445 2472 1473 2500 s,
1491 2463 1575 2493 d'une
1591 2461 1745 2493 Commun
1764 2461 1874 2493 Accort
1887 2463 1920 2493 &
1936 2462 2150 2501 Assentemur,

1318 2500 1397 2530 Pour
1412 2502 1559 2532 Honnour
1577 2502 1607 2531 ὃ(
1624 2500 1792 2532 Reverence
1808 2502 1845 2531 de
1862 2500 1938 2532 Dieu
1956 2501 2204 2539 Princepalnient,

1319 2539 1397 2570 Auffi
1415 2550 1486 2577 pour
1501 2540 1525 2570 le
1540 2540 1604 2569 bien
1620 2539 1655 2570 de
1669 2539 1752 2577 Paix,
1767 2549 1801 2570 au
1819 2540 1884 2578 quel
1903 2549 1960 2579 ung
1981 2541 2103 2571 chascun
2131 2542 2190 2571 bon
2217 2539 2348 2571 Catholi-

1281 2586 1337 2615 que
1351 2579 1414 2609 doit
1429 2579 1501 2608 estre
1516 2579 1626 2616 enclin,

1319 2616 1355 2646 Et
1379 2627 1452 2654 pour
1476 2617 1597 2647 Releuer
1621 2618 1645 2646 le
1662 2626 1734 2653 pour
1750 2615 1856 2653 Peuple
1871 2616 1918 2646 des
1932 2615 2026 2646 Grans
2042 2617 2074 2648 &
2090 2616 2109 2646 li
2120 2616 2203 2647 dures
2219 2616 2347 2655 Oppres-

1282 2654 1369 2693 sions,
1391 2666 1445 2693 que
1461 2666 1476 2686 a
1491 2656 1514 2685 la
1529 2654 1621 2685 Cause
1635 2664 1717 2685 avant
1730 2656 1805 2685 diele
1819 2656 1871 2685 l'en
1886 2665 1900 2684 a
1914 2653 2037 2693 souffre,

1319 2692 1472 2732 Paonrz,
1491 2693 1624 2732 &June
1638 2719 1646 2732 ,
1665 2694 1697 2724 &
1715 2703 1751 2723 en
1772 2692 2025 2732 CoNvENANcE,
2044 2704 2071 2723 es
2099 2693 2194 2723 Maius
2214 2694 2266 2732 de,
2285 2694 2347 2725 Re-

1280 2733 1386 2763 verend
1406 2732 1476 2763 Pere
1491 2744 1526 2763 en
1542 2732 1637 2770 Dieu,
1655 2731 1746 2761 Alain
1766 2732 1892 2773 Evesque
1907 2732 1939 2761 de
1954 2735 2030 2762 Leon
2041 2756 2050 2770 ,
2070 2732 2157 2770 Legat
2173 2735 2286 2763 envoies
2300 2734 2350 2763 (16-

1282 2781 1344 2801 vers
1364 2771 1451 2801 Nous
1469 2772 1555 2808 (161331-
1572 2771 1665 2801 nostre
1677 2774 1757 2800 Saint
1775 2773 1841 2800 Pere
1858 2771 1882 2800 le
1897 2773 1970 2809 Pap?
1987 2781 2060 2808 pour
2077 2771 2102 2801 le
2118 2771 2177 2801 Fuit
2193 2771 2229 2801 de
2244 2773 2268 2802 la
2287 2773 2349 2803 dic-

1279 2818 1310 2839 te
1324 2810 1427 2840 Union
1445 2812 1478 2841 ὃς
1494 2810 1561 2840 Ρ31κ
1575 2810 1610 2839 (16
1624 2819 1659 2840 66
1671 2808 1711 2839 dit
1728 2809 1898 2848 Royaume,
1916 2809 1960 2838 sur
1974 2809 1998 2839 la
2016 2818 2097 2848 vraye
2114 2808 2205 2839 Croix
2222 2811 2255 2841 ὃς
2269 2811 2348 2842 Sains

1281 2848 1453 2885 Evaungiles
1485 2849 1521 2879 (16
1549 2847 1626 2879 Ι)1611
1643 2870 1652 2885 ,
1684 2857 1756 2885 pour
1783 2857 1818 2877 ce
1847 2847 2045 2877 Manuelment
2067 2848 2202 2878 touchees
2226 2850 2261 2879 de
2287 2860 2346 2880 noz

1282 2886 1394 2924 Maius,
1415 2897 1461 2923 par
1479 2887 1502 2918 la
1518 2887 1578 2924 Foy
1593 2888 1625 2918 ὅ(
1641 2886 1789 2916 Serement
1813 2885 1850 2915 de
1870 2895 1929 2915 noz
1949 2884 2062 2923 Corps,
2082 2896 2154 2922 pour
2177 2897 2210 2918 ce
2236 2888 2346 2924 prestez

1279 2924 1354 2954 l³Un
1373 2936 1387 2955 a
1402 2926 1418 2943 ³⁸
1436 2926 1548 2962 l'autre,
1565 2926 1607 2955 sur
1620 2925 1718 2954 nostre
1736 2923 1802 2953 Part
1818 2924 1852 2953 de
1871 2924 1997 2962 Paradis,
2018 2934 2053 2955 en
2068 2923 2166 2956 Parole
2179 2925 2215 2955 de
2232 2927 2345 2966 Prince,

1279 2964 1313 2994 δε
1334 2973 1492 3007 3116161116111
1513 2964 1539 2993 16
1561 2964 1621 3004 plus
1644 2971 1726 2994 avant
1747 2972 1802 3001 que
1824 2963 1889 2993 faire
1911 2963 1938 2992 se
1951 2971 2033 3001 puet,
2051 2962 2090 2993 les
2103 2962 2211 2995 Choses
2234 2966 2283 3004 qui
2308 2976 2343 3004 cy

1278 3012 1355 3041 apres
1369 3003 1493 3041 s’entuit,

1316 3078 1370 3116 Et,
1399 3079 1701 3114 PRIMIEREMENT,
1725 3075 1796 3106 Nos
1819 3075 1919 3113 Johan
1942 3079 2003 3106 Duc
2026 3077 2059 3106 de
2084 3080 2248 3116 Botcrgoigne
2266 3089 2341 3120 que,

1282 3125 1373 3147 tontes
1400 3117 1437 3146 les
1461 3116 1567 3146 Choles
1591 3116 1682 3153 pallez
1706 3115 1785 3145 mises
1799 3125 1834 3144 en
1848 3115 1950 3154 oubly,
1971 3123 2030 3145 tant
2051 3126 2169 3146 comme
2184 3118 2273 3147 Nous
2298 3120 2340 3149 vi-

1276 3166 1363 3185 vrons
1378 3165 1412 3185 en
1428 3165 1461 3185 ce
1480 3154 1593 3185 Monde
1603 3177 1612 3191 ,
1625 3154 1729 3190 Nous,
1742 3163 1819 3190 apres
1832 3153 1856 3183 la
1871 3153 2014 3184 personne
2027 3153 2063 3184 de
2077 3164 2146 3185 mon
2162 3155 2202 3185 dir
2215 3159 2339 3192 Seigneur

1275 3193 1300 3223 le
1325 3198 1400 3234 Roy,
1419 3193 1667 3230 Honnourerons,
1696 3192 1860 3228 Servirons,
1889 3193 1922 3223 δε
1947 3191 1982 3221 (16
2000 3201 2062 3223 tour
2082 3193 2178 3222 nostre
2201 3193 2280 3224 Cuer
2303 3197 2339 3226 δε

1275 3231 1379 3262 Pensee
1390 3255 1398 3269 ,
1417 3232 1476 3270 plus
1500 3233 1532 3262 ὃ(
1556 3232 1659 3261 devant
1678 3240 1732 3268 que
1755 3229 1802 3259 nul
1817 3239 1912 3267 autre,
1928 3228 2094 3262 Cheririons
2108 3232 2140 3262 &
2155 3232 2298 3263 Amerons
2312 3234 2338 3265 la

1275 3270 1417 3300 Personne
1432 3271 1466 3300 de
1477 3280 1548 3300 mon
1564 3270 1606 3299 dit
1620 3273 1744 3305 Seigneur
1759 3267 1781 3298 le
1797 3268 1953 3306 Daulphin,

1312 3309 1349 3340 Et
1361 3333 1368 3345 ,
1388 3319 1507 3339 comme
1522 3319 1536 3338 a
1548 3308 1597 3338 son
1615 3307 1692 3337 Estat
1708 3308 1874 3344 appartient,
1890 3308 1937 3345 luy
1954 3307 2110 3345 obeyrons‚

1311 3348 1348 3377 Et
1363 3358 1398 3377 116
1413 3347 1526 3384 ferons,
1544 3357 1581 3376 ne
1596 3356 1632 3376 ne
1647 3345 1803 3375 soufferons
1816 3345 1889 3376 estre
1905 3346 1966 3382 fait,
1980 3355 1995 3375 a
2011 3344 2106 3375 nostre
2121 3344 2248 3387 Povoir,
2259 3348 2334 3380 nulle

1273 3386 1369 3416 Chose
1382 3387 1431 3423 qui
1445 3386 1495 3416 soit
1511 3396 1524 3414 a
1540 3385 1589 3415 son
1606 3384 1768 3422 Prejudice,

1311 3424 1349 3454 Et
1370 3425 1405 3454 de
1429 3433 1507 3454 toute
1531 3423 1624 3453 nostre
1640 3423 1746 3453 Povoir
1763 3422 1826 3459 Luy
1842 3421 1982 3451 Aiderons
1994 3431 2009 3451 a
2023 3421 2117 3461 garder
2134 3423 2168 3455 δε
2183 3425 2331 3455 maintenir

1274 3463 1322 3493 son
1339 3462 1415 3492 Estat
1432 3464 1464 3493 &
1482 3461 1681 3500 Pierogatyves
1699 3471 1732 3490 en
1749 3469 1839 3490 toutes
1854 3460 2010 3497 Manieres,

1309 3501 1346 3530 Et
1365 3502 1408 3539 luy
1423 3501 1526 3531 sei-tons
1542 3511 1603 3530 rous
1613 3510 1678 3529 ours
1695 3509 1759 3537 vray
1774 3500 1806 3529 &
1825 3498 1897 3536 loyal
1911 3498 2032 3537 Parent,

1307 3540 1368 3569 Son
1388 3540 1454 3569 Bien
1470 3541 1503 3570 ὃς
1518 3538 1660 3568 Honneur
1679 3546 1844 3574 porterons,

1310 3578 1369 3607 Son
1394 3577 1454 3606 Mal
1476 3579 1508 3607 &
1532 3576 1698 3613 Dommage
1720 3575 1904 3605 escheverons
1924 3584 1973 3612 par
1992 3583 2087 3606 toutoe
2103 3585 2189 3615 voyes
2205 3586 2221 3605 3
2241 3575 2329 3607 Nous

1269 3615 1416 3654 poffibles,
1435 3616 1466 3646 δε
1481 3614 1608 3653 d'icelluy
1625 3615 1650 3643 16
1667 3614 1855 3651 advertirons,

1307 3654 1359 3690 Et,
1377 3654 1415 3683 s'il
1432 3653 1543 3682 avenoit
1565 3662 1620 3690 que
1641 3663 1763 3689 auquns,
1781 3652 1818 3681 de
1838 3651 1959 3690 quelque
1981 3651 2060 3681 Estat
2084 3651 2168 3688 qu'ilz
2188 3651 2327 3691 feuffent,

1270 3692 1325 3722 Lui
1338 3691 1498 3721 voullilsent
1513 3691 1578 3720 faire
1594 3701 1632 3721 ou
1649 3700 1742 3728 portet
1755 3688 1935 3728 Guerre,0u
1949 3699 2026 3720 autre
2036 3689 2216 3727 Dommage,
2226 3689 2324 3730 Nous,

1267 3742 1304 3761 en
1321 3741 1354 3761 ce
1369 3731 1384 3759 (
1392 3732 1425 3759 Ias
1435 3753 1444 3766 ,
1460 3731 1485 3760 le
1496 3730 1671 3760 Secourrons
1681 3753 1690 3766 ,
1709 3729 1847 3759 Aiderons
1857 3752 1866 3767 ,
1884 3730 1917 3759 δε
1932 3728 2095 3765 Servirons,
2114 3728 2149 3756 de
2165 3737 2244 3757 toute
2258 3739 2324 3759 nos-

1268 3780 1309 3800 tre
1328 3768 1490 3805 Puilsince,
1510 3778 1609 3798 envers
1625 3777 1686 3798 rous
1701 3768 1734 3797 &
1748 3776 1848 3797 contre
1864 3777 1940 3804 tous,
1959 3768 1992 3797 &
2007 3776 2042 3796 en
2059 3775 2094 3795 ce
2109 3765 2196 3795 Nous
2222 3768 2324 3805 empli-

1267 3818 1334 3838 rons
1347 3816 1463 3837 comme
1482 3817 1554 3843 pour
1569 3805 1664 3836 nostre
1680 3815 1782 3842 propre
1796 3805 1852 3835 fait.

1305 3845 1358 3882 Et,
1377 3845 1582 3882 pareillcment,
1602 3844 1686 3874 Nous
1705 3843 1815 3872 charles
1834 3841 1974 3879 Daulphin
1990 3841 2092 3871 devant
2108 3840 2245 3873 Nomme
2258 3852 2323 3883 que,

1266 3893 1324 3914 rant
1340 3884 1405 3922 qu’il
1419 3883 1500 3921 plaira
1513 3893 1528 3913 a
1545 3882 1621 3913 Dieu
1636 3881 1724 3912 Nous
1741 3882 1849 3911 donner
1863 3879 1917 3923 Vie
1931 3889 1967 3909 en
1981 3878 2094 3916 CorpS,
2113 3880 2146 3910 &
2167 3889 2182 3909 a
2200 3881 2323 3920 quelque

1266 3923 1358 3959 Estar,
1378 3922 1558 3960 Seignourie,
1574 3932 1613 3951 ou
1632 3920 1777 3950 Puilsance
1791 3928 1846 3955 que
1867 3917 1992 3957 pmffons
2015 3927 2141 3955 parvemr
2163 3918 2188 3948 16
2209 3919 2322 3958 Temps

1263 3962 1372 3998 avenis,
1391 3960 1495 3997 Nous,
1513 3970 1574 3990 tout
1589 3960 1626 3989 les
1638 3957 1746 3988 Choses
1761 3956 1861 3994 paffees
1879 3956 1957 3987 mises
1975 3965 2010 3985 en
2024 3957 2128 3996 oubly,
2144 3966 2272 3988 ame-sons
2283 3960 2320 3991 &

1264 4001 1300 4030 de
1318 4000 1415 4029 bonne
1429 3999 1462 4028 &
1479 3999 1549 4035 loyal
1564 3997 1712 4028 Affeffion
1725 3996 1868 4026 cherirons
1881 3993 1976 4024 nostre
1990 3988 2141 4026 Trefchier
2162 3996 2196 4027 &
2217 3996 2320 4028 Tresa-

1264 4048 1313 4070 me
1326 4036 1435 4068 Cousm
1450 4037 1475 4067 lc
1487 4040 1549 4067 Duc
1563 4036 1598 4066 de
1612 4037 1775 4073 Bourgoigne
1791 4032 1880 4063 deffus
1895 4031 1931 4063 N
1933 4041 2049 4072 omme,
2282 4071 2308 4103 E

2309 4079 2322 4092 9·

1746 4071 1814 4112 Q3

2356 1340 2438 1366 btrius
2458 1343 2491 1367 B.

2366 1376 2467 1414 12.fol.

2358 1416 2420 1453 138.
2435 1419 2466 1443 B.

2365 2920 2378 2936 *
2398 2922 2451 2948 IX.

2363 2967 2426 2994 777·
