2562 4274
688 186 802 229 ET
887 183 1158 226 ACTA

0 289 69 321 Ann.
85 279 128 315 D.

18 331 103 365 1417.

0 370 61 394 Hm·
81 371 99 397 5
102 381 109 390 ·
262 370 312 401 De
326 361 576 398 Communicando
586 363 677 409 sitper
697 359 868 394 Chevancia
885 359 1085 394 Concedenda.

0 475 50 501 Aa·
66 478 95 505 5·
229 455 366 497 Enricus,
381 450 438 481 Dei
454 448 556 494 gratia,
573 446 776 493 Reae—Angliaej,
792 446 830 481 (θ’
847 450 990 492 Ρνακςίιε,
1009 447 1043 478 &
1065 445 1212 493 Dominus

0 515 35 539 Η,
54 517 81 543 ς,
244 492 409 526 Hiberniae,
430 488 549 518 Dileeto
570 487 620 517 sibi
640 496 667 515 in
683 485 816 523 Christo,
834 486 940 516 Abbati
955 485 990 516 de
1003 485 1110 515 Sandto
1126 485 1212 515 Aiba-

0 553 38 577 Ἑλ.
52 548 109 573 ΑΜ-
153 543 209 569 no,
226 541 259 561 ac
276 529 381 560 dileffls
394 528 460 565 fibi,
477 525 607 565 Johanni
621 524 816 562 Leventhorp,
834 525 867 555 &
879 524 1008 562 Johanni
1027 522 1145 562 Hotoft,
1164 523 1211 553 Sa-

0 581 64 621 ingr.
152 572 250 602 lutem.

0 628 54 652 ren.
63 621 130 649 Cler-
187 608 284 639 Sciatis
298 605 377 644 quod
390 604 459 635 Nos
468 626 476 641 ,
631 641 636 646 .

0 661 57 690 Pell.
85 657 88 661 '
193 647 246 716 ΙΞΞ
262 646 390 675 fidelitate
405 666 416 681 ,
438 641 694 679 circumspeeuone
709 664 719 679 ,
746 641 780 672 &
799 640 964 672 discretione
987 639 1085 670 vestris
1106 639 1213 678 plenius

151 696 207 719 con
248 693 324 714 entes

192 705 400 761 Affignavi'mus
417 729 482 757 VOS,
509 719 705 756 coniunffim,
731 719 765 749 ὃς
780 718 910 755 divisim,
940 725 996 747 tam
1015 716 1049 746 ad
1070 715 1214 746 Commu—

156 762 310 795 nicandum
330 761 364 791 δε
383 757 632 789 Concordandum
649 758 721 787 inter
737 757 848 787 vosmet
865 757 953 793 ipsos,
972 764 1058 792 quarn
1072 755 1106 784 ad
1122 754 1216 785 Com-

156 798 359 833 municandurn
385 798 419 828 &
443 796 638 827 Trauandum
664 805 731 825 cum
750 795 862 826 diversis
880 794 937 823 aliis
955 793 1084 823 Personis
1102 793 1216 824 Secula-

154 841 231 871 ribus
248 834 412 868 Comitatfis
430 834 622 872 Hertfordiae,
640 834 805 863 melioribus
823 833 876 862 viis
889 833 922 862 δε
941 831 1034 861 modis
1050 831 1151 868 quibus
1166 833 1218 861 sci-

149 879 247 910 veritis
259 884 305 907 aut
319 875 462 914 poteritis,
480 873 514 902 ad
527 872 666 903 Mutuum
678 872 735 902 five
758 870 954 901 Chevanciam
975 869 1076 899 Nobis
1095 871 1123 899 in
1143 880 1217 906 prae-

152 917 222 948 senti
238 914 398 946 necessitate
409 912 518 949 nostra,
538 911 622 948 usque
632 911 665 940 ad
683 909 869 948 Qindenam
882 908 979 938 Sanrsti
990 907 1129 945 johannis
1144 908 1217 946 Bap-

154 955 229 987 tistae
245 954 378 992 proximo
393 954 536 987 futurum,
556 948 754 978 Praestandum
768 948 802 978 ὃς
818 946 1065 984 Concedendum,

190 993 319 1024 Necnon
334 991 369 1022 ad
383 990 532 1020 Summam
548 987 643 1023 illam,
659 985 743 1024 usque
757 985 792 1016 ad
807 993 950 1024 receptam
966 985 1104 1016 Scaccarii
1117 985 1218 1023 nostri,

154 1035 223 1063 citra
247 1032 371 1068 primum
389 1028 465 1058 diem
480 1024 587 1056 Menfis
599 1024 775 1066 Septembris
790 1025 924 1062 proximo
939 1023 1082 1062 futurum,
1098 1035 1148 1062 per
1163 1034 1217 1055 vos

158 1073 193 1103 ὃς
208 1071 294 1100 dietas
308 1067 441 1098 Personas
453 1062 650 1094 Deferendum
664 1066 710 1093 {eu
724 1063 825 1094 deferri
838 1062 1016 1099 faciendum,

195 1109 305 1140 Dantes
328 1106 362 1136 δε
386 1102 585 1134 Concedentes
604 1102 686 1131 vobis
700 1123 710 1139 ,
733 1102 767 1133 &
787 1102 903 1132 cuilibet
921 1100 1050 1131 vestrum
1064 1126 1074 1140 ‚
1100 1102 1220 1132 Tenore

156 1147 339 1179 Praesentium
356 1167 366 1181 ,
389 1141 540 1180 plenariam
557 1139 729 1170 Potestatem
743 1163 753 1178 ,
774 1141 808 1171 &
825 1140 1033 1170 Au&oritatem
1047 1162 1057 1177 ,
1084 1140 1219 1171 Nomine

154 1185 257 1217 nostro
273 1206 283 1222 ‚
307 1179 491 1221 promittendi
517 1178 636 1217 praefatis
660 1178 811 1217 Personis,
836 1178 914 1216 quod
939 1177 1023 1215 ipsae,
1055 1178 1089 1208 ad
1112 1178 1218 1208 dieram

158 1223 345 1263 Qindenam
364 1219 459 1250 Sancti
474 1217 627 1256 johannis,
645 1225 810 1255 promptam
828 1218 861 1248 &
873 1216 984 1247 fidelem
999 1216 1219 1247 Resolutionern

153 1262 280 1301 ejusdem
305 1260 433 1289 Summae
461 1255 610 1293 (videlicet
624 1278 633 1292 ‚
662 1256 796 1294 quaelibet
821 1265 916 1285 earum
939 1255 1016 1292 juxta
1036 1256 1219 1291 quantitatem

156 1302 287 1332 Summae
301 1297 374 1334 suae)
391 1304 449 1326 tam
465 1295 501 1326 de
519 1293 650 1325 Subiidio
666 1294 767 1324 nostro
785 1294 926 1324 Lanarum
943 1316 952 1329 ,
977 1291 1136 1323 Coriorum
1151 1318 1160 1330 ,
1186 1295 1219 1324 &

158 1338 282 1371 Pellium
308 1337 464 1367 lanutarum
477 1358 486 1372 ,
512 1334 598 1371 quam
614 1332 649 1363 de
669 1332 799 1363 Subsidio
815 1331 912 1362 nostro
931 1330 1037 1360 Trium
1056 1331 1221 1362 Solidorum

160 1378 198 1408 de
217 1377 328 1414 Dolio,
347 1376 381 1406 &
397 1373 566 1403 Duodecim
585 1371 781 1401 Denariorum
802 1370 838 1401 de
857 1369 960 1407 Libra,
978 1369 1081 1408 absque
1097 1370 1221 1401 ulteriori

162 1416 316 1452 dilatione,
337 1413 493 1452 percipient
506 1412 539 1442 &
554 1410 715 1447 habebunt,

197 1454 322 1491 Nosque
335 1451 436 1487 vobis,
455 1451 489 1482 &
501 1447 629 1480 vestrum
644 1448 778 1486 cuilibet,
793 1457 826 1478 ac
841 1447 942 1479 eisdem
963 1447 1092 1478 Personis
1114 1448 1222 1479 Literas

160 1494 269 1526 nostras
280 1492 408 1522 Parentes
421 1490 454 1519 δε
467 1488 564 1518 Brevia
578 1486 660 1525 inde,
678 1496 712 1517 ac
726 1485 846 1524 Tallias,
864 1488 898 1518 &
913 1486 964 1516 alia
977 1486 1115 1517 Waranta
1124 1511 1133 1523 ,
1147 1487 1224 1517 suffi-

161 1533 264 1565 cientia
277 1531 311 1560 &
326 1527 476 1560 necessaria
488 1528 516 1556 in
531 1526 583 1556 hac
594 1534 690 1563 parte,
705 1525 782 1563 juxta
797 1525 924 1555 formam
939 1524 1082 1561 cuiusdam
1096 1525 1163 1555 Aeti
1196 1526 1225 1555 in

161 1572 265 1602 ultimo
287 1567 474 1597 Parliamento
497 1564 611 1602 nostro,
634 1563 708 1601 apud
731 1562 924 1602 Leycestriam
946 1571 1045 1602 tent0‚
1064 1563 1146 1602 editi,

163 1610 299 1641 faciemus
313 1606 346 1636 ὃς
359 1605 502 1641 Liberari,

202 1647 241 1677 Et
259 1644 326 1676 ideo
346 1644 429 1674 vobis
442 1641 614 1672 Mandamus
629 1640 708 1680 quod
721 1642 795 1672 circa
810 1639 956 1671 Praemissa
972 1640 1116 1680 diligenter
1131 1640 1227 1672 Inten-

162 1686 249 1723 datis,
262 1693 295 1714 ac
309 1692 340 1714 ea
354 1682 458 1712 faciatis
473 1680 507 1711 &
524 1681 699 1716 exequamini
712 1680 742 1709 in
756 1679 848 1710 forma
860 1678 1010 1717 praedicta:

203 1724 271 1755 Nos
290 1721 325 1751 de
345 1727 408 1750 toto
432 1719 521 1749 Paesto
536 1718 632 1749 vestro
648 1719 679 1748 in
695 1719 748 1748 hac
763 1726 857 1755 parte,
872 1717 922 1747 sub
934 1717 1036 1754 Sigillis
1050 1717 1147 1748 vestris
1157 1741 1165 1756 ,
1183 1718 1230 1749 vel

1164 1548 1225 1594 sieri
1280 1550 1291 1559 Α

1240 183 1724 225 PUBLICA.
2254 194 2306 231 19

1282 269 1424 300 Dedimus
1445 269 1547 306 vobis,
1565 268 1599 299 &
1619 268 1695 298 alteri
1716 267 1861 304 vestrilm,
1886 267 2012 304 plenam,
2036 266 2155 297 Tenore
2180 264 2304 295 Prresen-
2323 261 2398 292 Ann.
2414 260 2458 291 D·

1243 308 1332 346 tium,
1353 307 1527 338 Potestatem
1540 307 1573 337 ὃς
1590 306 1815 344 Auctoritatem,
1832 307 1928 336 omnia
1941 307 1974 335 ὃς
1990 305 2092 343 singula
2106 302 2303 341 Castra,For-
2344 308 2429 338 1417.

1245 347 1346 384 talitia,
1364 346 1448 377 Villas
1472 345 1593 375 firmatas
1606 369 1616 382 ,
1634 346 1667 375 &
1688 345 1737 374 alia
1754 345 1832 374 Loca
1849 354 2055 381 quaecumque,
2071 343 2140 373 infra
2154 341 2303 372 Ducatum
2325 343 2388 366 Hev-
2408 347 2438 374 53

1245 385 1377 414 nostrum
1391 384 1603 420 Notmanniae,
1621 383 1650 412 in
1667 382 1772 413 Manus
1785 382 1889 412 nostras
1907 382 2062 419 Capiendi,

1285 423 1330 453 Ac
1342 433 1442 453 omnes
1456 424 1489 453 &
1503 421 1626 460 singulos
1642 422 1689 458 qui
1711 421 1744 450 ad
1761 421 1865 451 Pacem
1881 422 1913 451 ὃς
1929 421 2058 450 Gratiam
2070 419 2177 450 nostras
2192 419 2306 456 venire,

1246 462 1279 492 &
1293 461 1342 491 sub
1356 461 1425 491 Fide
1440 462 1474 492 ὃς
1489 460 1633 498 Ligeantia
1648 459 1749 489 nostris
1765 460 1867 488 morari
1880 459 1996 496 volunt,
2011 459 2045 487 ad
2070 457 2229 496 hujusmodi
2250 456 2306 487 Pa-

1246 509 1311 530 cem
1326 500 1359 530 &
1373 499 1501 529 Gratiam
1517 498 1625 528 nostras
1640 496 1810 534 Recipiendi
1825 498 1858 526 &
1874 496 2070 534 Admittendi,

1241 571 1248 578 ,
1283 537 1320 567 Et
1342 538 1399 567 Eos
1419 547 1452 567 ac
1472 537 1549 567 Bona
1569 536 1614 566 sua
1631 544 1820 574 quaecurnque
1834 536 1862 563 in
1879 535 2136 565 Protccstionem&
2154 533 2306 565 Defensio-

1249 585 1317 606 nem
1332 576 1439 606 nostras
1453 575 1626 612 Suscipiendi
1635 598 1644 612 ,

1288 615 1332 644 Ac
1355 615 1438 645 etiam
1461 613 1569 644 Literas
1591 612 1656 642 salvi
1673 609 1846 641 Conduetcis
1857 610 2000 647 Personis,
2019 611 2090 639 infra
2103 610 2217 648 Castra,
2237 610 2309 640 For-'

1250 653 1349 689 talitia,
1368 652 1467 689 Villas‚
1485 654 1518 682 ὃς
1543 652 1624 681 Loca
1646 650 1776 687 praedieta
1797 648 1977 678 existentibus
1995 649 2125 686 (quibus,
2137 650 2213 686 juxta
2235 648 2309 678 sanas

1251 691 1428 721 discretiones
1441 689 1558 727 vestras,
1577 689 1698 719 videritis
1711 689 1774 717 fore
1786 687 1958 724 faciendum)
1974 697 2027 724 pro
2041 686 2309 725 Se,Bonis,Equis,

1252 732 1285 760 &
1301 728 1442 759 Hernesiis
1454 728 1522 765 suis,
1541 727 1657 763 Dandi,
1676 727 1709 756 ὃς
1727 725 1934 763 (Ξοηςεάεηάί;,

1288 766 1406 798 Proviso
1421 767 1526 804 semper
1544 766 1623 802 quod
1641 765 1708 794 Nos
1721 764 1755 794 de
1771 764 1969 800 Nominibus,
1986 770 2044 792 tarn
2059 762 2174 792 illorum
2191 772 2260 800 quos
2274 762 2310 793 ad

1250 806 1410 842 hujusmodi
1429 804 1560 834 Gratiam
1583 805 1616 834 ὃς
1638 802 1742 833 Pacem
1763 801 1870 832 nostras
1890 802 2047 837 receperitis
2072 801 2105 830 ὅ(
2127 800 2285 830 admiseritis
2299 822 2310 838 ‚

1252 853 1337 882 quam
1353 843 1466 873 illorum
1482 843 1581 879 quibus
1594 840 1753 879 hujusmodi
1769 840 1872 871 Literas
1885 840 1920 870 de
1934 840 2007 869 salvo
2021 838 2180 869 Conductu
2203 837 2310 868 dederi-

1252 884 1285 913 tis
1298 883 1332 912 &
1348 881 1554 918 concefferitis,
1572 879 1703 910 distinete
1714 881 1748 910 ὃς
1761 879 1855 916 aperte
1869 878 2035 909 certificetis.

1289 919 1322 948 In
1338 921 1431 958 cujus,
1449 922 1509 951 &c.
1529 918 1664 958 quamdiu
1678 917 1763 948 nobis
1775 917 1909 955 placuerit
1923 917 2072 946 duraturas.

1288 958 1377 989 Teste
1396 958 1497 997 Rege,
1512 961 1540 987 in
1558 960 1690 987 Exercitu
1706 954 1757 995 fico
1777 956 1859 992 juxta
1882 954 1986 985 Villam
1998 957 2076 992 Regis
2093 954 2126 985 de
2138 953 2313 992 Argenthenl

1253 999 1283 1030 in
1296 997 1412 1029 Ducatu
1425 997 1512 1037 Regis
1526 997 1681 1035 praedieto,
1696 995 1743 1027 vii.
1762 990 1808 1025 die
1822 994 1970 1025 Octobris.

1915 1073 1969 1101 Per
1982 1071 2064 1110 iintm
2079 1074 2183 1110 Regem.

1516 1194 1543 1220 ³¹⁶
1568 1198 1616 1229 De
1634 1196 1812 1228 Protet'lione
1822 1206 1878 1242 pro
1895 1195 2049 1242 Religiosis.
2335 1186 2426 1263 ἕΟΙιἉ

1263 1282 1380 1338 REX
1393 1281 1555 1319 Omnibus,
1571 1280 1604 1310 ad
1619 1290 1706 1318 quos,
1725 1281 1785 1311 &c.
1805 1280 1939 1311 Salutem.
2336 1262 2470 1299 Anu-D«

1355 1321 1453 1351 Sciatis
1467 1320 1548 1358 quod
1561 1319 1725 1356 suscepimus
1741 1320 1770 1348 in
1779 1318 1989 1349 Proteffionem
2003 1320 2036 1350 &
2045 1318 2248 1350 Defenfionem
2264 1327 2318 1348 no-
2361 1310 2447 1355 1417.

1260 1358 1325 1401 siras
1347 1362 1468 1388 Priorem
1490 1358 1528 1392 ὠ
1549 1361 1719 1387 conventum
1739 1357 1843 1386 Domus
1866 1357 1897 1385 de
1912 1357 1987 1386 Valle
2001 1361 2071 1395 Dei,
2089 1357 2203 1388 Ordinis
2216 1358 2319 1388 Cartu-
2341 1346 2392 1370 Aa.
2410 1351 2426 1376 5
2431 1361 2438 1367 ·

1260 1397 1368 1436 neniis,
1383 1399 1412 1427 in
1428 1397 1545 1428 Ducatu
1559 1396 1658 1426 nostro
1674 1395 1883 1431 Normanniae,
1901 1396 1955 1425 una
1971 1406 2039 1426 cum
2057 1399 2142 1425 Domo
2161 1397 2193 1426 de
2215 1400 2321 1426 Lucou-
2341 1385 2376 1408 H.
2393 1389 2422 1414 5·

1261 1439 1339 1465 roirie
1359 1438 1388 1466 in
1410 1436 1513 1467 eodem
1537 1434 1655 1465 Ducatu
1676 1433 1796 1471 nostro,
1819 1433 1982 1471 Homines,
2007 1433 2172 1473 Tenentes,
2196 1435 2321 1472 Terras,
2342 1423 2432 1447 N0'm·
2445 1427 2475 1453 5·

1263 1473 1340 1512 Res,
1360 1474 1517 1511 Redditus,
1537 1475 1570 1504 &
1583 1482 1683 1503 omnes
1696 1471 1884 1502 Poffeffiones
1897 1472 1970 1509 suas,
2344 1462 2404 1522 {15
2406 1465 2456 1521 hm·

1298 1513 1440 1544 Nolentes
1461 1511 1540 1551 quod
1562 1511 1659 1548 aliquis
1682 1510 1839 1550 Ligeorurn
1857 1510 2019 1540 nostrorum
2036 1510 2250 1549 (cujuscumque
2272 1511 2326 1543 sta-

1265 1560 1309 1582 tus
1320 1576 1329 1590 ,
1342 1551 1443 1590 gradus
1478 1552 1524 1581 seu
1538 1550 1708 1580 conditionis
1720 1550 1814 1586 fuerit)
1831 1549 1949 1579 Domos
1962 1548 2125 1586 praedidtas,
2142 1550 2187 1578 seu
2208 1550 2324 1580 alteram

1264 1600 1379 1634 earum,
1396 1590 1430 1620 ad
1445 1575 1584 1620 Viciualia
1600 1588 1704 1619 ibidem
1727 1587 1859 1626 capienda
1881 1587 1927 1618 seu
1951 1586 2095 1625 habenda,
2114 1587 2264 1625 aliqualiter
2283 1589 2327 1623 im

1264 1630 1445 1706 gs‘iffljijs,
1464 1667 1525 1697 &a

1302 1705 1393 1736 Teste
1412 1705 1498 1743 Rege
1519 1704 1593 1741 apud
1614 1703 1737 1743 Castrum
1751 1706 1829 1742 Regis
1841 1702 2046 1742 d'Argenthen.
2064 1704 2094 1733 in
2108 1701 2226 1734 Ducatu
2239 1701 2332 1742 Regis

164 1763 266 1794 Unius
288 1757 436 1795 vestrum,
454 1758 521 1788 citra
541 1756 650 1787 dietum
670 1757 799 1794 primum
814 1755 904 1786 Diem
918 1755 1111 1796 Septembris,
1129 1756 1230 1788 distin-
1266 1745 1404 1785 Pfaedi&0
1417 1745 1455 1775 ix·
1469 1744 1516 1774 die
1531 1743 1680 1774 0020&ss-

163 1802 214 1834 ἂὲ
228 1801 261 1832 &
274 1805 386 1836 aperte,
404 1794 596 1826 certificantes.

201 1839 236 1870 In
260 1837 337 1874 cujus
357 1836 396 1865 rei
416 1833 633 1864 Testimonium
657 1832 704 1864 has
725 1832 831 1865 Literas
843 1833 953 1865 nostras
965 1833 1023 1864 fieri
1038 1834 1158 1865 fecimus
1175 1834 1229 1865 Pa-

163 1885 299 1984 teissggss
312 1911 418 1991 rgeipso
430 1910 503 1950 apud
519 1908 776 1950 Westmonasterium
787 1910 864 1941 xxiii.
883 1909 943 1941 Die
950 1910 1034 1949 Julii,
1052 1911 1142 1943 Anno
1152 1911 1229 1951 Reg-

169 1965 200 1985 ni
212 1963 251 1984 no
278 1962 301 1982 ri
349 1959 435 1981 uarto.

845 2031 901 2058 Per
919 2028 1072 2059 Concilium]

179 2105 1233 2117 .--.--—-—-—-———-——————-—

232 2152 261 2180 'k
287 2156 337 2188 De
367 2152 560 2198 Chevancin‚
576 2163 696 2200 propter
721 2155 896 2186 maximum
918 2155 1099 2199 penuriam,
1121 2165 1178 2185 non

14 2173 34 2197 'k
49 2177 102 2208 υἷ’
604 2201 777 2250 praestundu.

15 2226 81 2254 500.

235 2291 428 2323 Enerabilibus
447 2291 481 2322 &
500 2288 635 2319 Discretis
657 2288 747 2325 Viris,
765 2289 955 2320 Thesaurariis
974 2290 1007 2320 &
1022 2287 1180 2319 Baronibus
1198 2288 1234 2321 de

253 2331 403 2361 Scaccario
424 2328 550 2358 Domini
570 2327 659 2357 nostri
674 2327 764 2364 Regis
775 2327 934 2366 Johannis,
953 2328 1133 2359 Miseratione
1148 2328 1234 2358 Divi-

170 2369 222 2440 ἓὲῑί
242 2369 343 2414 Abbas
361 2370 492 2405 Exempti
509 2364 670 2405 Monasterii
694 2367 788 2395 Sancsii
811 2365 923 2396 Albani
937 2366 1060 2397 Salutem
1074 2368 1102 2396 in
1117 2367 1233 2397 austere

193 2419 208 2439 a
221 2417 281 2438 utrs.

208 2446 289 2476 Cum
313 2445 381 2476 Nos
401 2443 664 2481 Commiffionarii,
690 2443 719 2472 in
743 2443 957 2474 Commiffione
978 2443 1098 2474 Cedulae
1118 2443 1235 2474 consuta

171 2484 329 2515 Nominati
350 2483 520 2520 (videlicet)
541 2482 641 2511 Abbas
655 2480 791 2520 praefatus
813 2484 844 2511 de
860 2484 958 2512 Sanft'o
971 2482 1102 2519 Albano,
1119 2482 1235 2520 Johnn-

173 2533 218 2553 nes
238 2522 432 2560 Leventhorp,
451 2523 484 2552 &
503 2520 648 2559 Johannes
666 2520 785 2558 Hotoft,
804 2520 1093 2551 Communicavimus
1115 2523 1148 2551 &
1164 2521 1238 2550 Tra-

171 2561 312 2592 &avimus
325 2570 393 2590 cum
410 2559 523 2597 singulis
539 2559 707 2589 notabilibus
723 2559 849 2590 Personis
862 2560 941 2597 hujus
965 2558 1128 2589 Comitatus
1149 2558 1238 2590 Hert-

173 2599 291 2637 fordiae,
309 2598 379 2629 Post
396 2598 606 2636 Receptionem
624 2597 727 2627 Privati
743 2597 829 2635 Sigilli
844 2598 969 2628 Domini
981 2597 1068 2627 nostri
1084 2597 1188 2636 Regis,
1202 2598 1236 2629 de

172 2640 208 2670 &
222 2639 300 2676 super
315 2637 491 2667 Executione
506 2636 585 2673 hujus
600 2634 819 2665 Commissionis
834 2638 917 2666 nobis
932 2636 1238 2673 diret‘iae,melioribus

174 2678 227 2707 viis
251 2678 284 2708 δε
306 2676 399 2706 modis
420 2675 522 2712 quibus
542 2675 706 2704 sciverimus
727 2682 774 2704 aut
794 2676 955 2712 potuimus,
972 2674 1006 2704 ad
1019 2674 1158 2704 Mutuum
1181 2675 1237 2705 five

174 2714 372 2746 Chevanciam
384 2714 463 2744 dieto
478 2713 612 2743 Domino
627 2713 727 2742 nostro
743 2711 833 2751 Regi,
853 2714 881 2742 in
902 2712 1030 2750 praesenti
1052 2712 1099 2743 sua
1121 2713 1238 2744 neceffi-

174 2762 247 2792 tate,
262 2754 339 2791 quta
352 2753 411 2782 vim
432 2753 466 2783 &
484 2751 608 2782 formam
632 2751 717 2781 didaz
738 2750 975 2789 Commiffionis,
993 2751 1183 2790 praestanclum
1203 2753 1237 2784 &

173 2791 393 2824 concedendum
401 2813 411 2827 ,

214 2831 293 2869 Qiae
317 2829 432 2867 quidem
459 2827 591 2857 Personae
618 2827 792 2858 Examinarae
813 2828 911 2866 (quod
930 2828 1058 2860 dolenter
1074 2829 1238 2866 referimus)

176 2871 330 2900 maximam
348 2867 469 2904 allegant
488 2866 639 2895 Penuriam
659 2868 692 2898 &
711 2866 904 2905 Paupertatem
918 2890 927 2905 ,
953 2868 1003 2905 &,
1026 2877 1139 2905 propter
1156 2869 1241 2898 varias

177 2908 212 2938 &
227 2908 360 2944 plurimas
378 2904 544 2936 necessitatis
562 2903 664 2934 Causas
682 2905 754 2935 inter
772 2905 843 2942 ipsos
864 2915 1009 2943 regnantes
1029 2929 1038 2943 ,
1062 2907 1173 2936 nullum
1191 2907 1241 2937 ad—

178 2945 237 2975 huc
252 2945 389 2975 Mutuum
403 2944 460 2974 sive
475 2942 672 2973 Chevanciam
687 2942 803 2980 alicujus
813 2943 930 2973 summae
944 2943 1091 2982 praestare,
1106 2944 1161 2975 sive
1172 2945 1241 2976 Mu-

178 2990 262 3051 gium
275 2982 532 3050 autssOhevanciam
547 2981 667 3019 praefato
680 2980 816 3011 Domino
831 2981 931 3011 nostro
940 2982 1013 3021 Regi
1028 2983 1241 3021 quoquomodo

209 3030 271 3050 cere
283 3030 333 3057 po⁴
348 3029 406 3050 unt.

222 3058 257 3088 ln
278 3058 354 3095 cujus
376 3059 414 3088 rei
428 3058 658 3095 Testimonium,
675 3057 759 3094 Nos,
779 3058 908 3094 praefatus
925 3057 1069 3096 Johannes
1090 3059 1192 3089 Abbas
1211 3060 1243 3090 de

181 3097 282 3127 Sancto
297 3095 425 3134 Albano,
442 3096 511 3126 huic
527 3095 733 3126 Certificationi
750 3096 879 3134 Sigillum
893 3107 989 3127 meum
1001 3098 1188 3134 apposuimus.

221 3134 289 3165 Dat.
305 3133 378 3170 apud
392 3135 521 3163 Sanctum
536 3134 678 3163 Albanum
693 3135 721 3163 in
738 3133 887 3165 Comitatu
900 3134 1077 3166 Hertfordiae
1090 3136 1176 3167 Sexto
1184 3136 1242 3168 Die

184 3172 293 3205 Mensis
307 3171 463 3210 OdiobriS,
482 3172 570 3202 Anno
585 3172 681 3212 Regni
695 3172 818 3203 Domini
832 3172 920 3203 nostri
934 3173 1023 3213 Regis
1038 3174 1160 3213 Qinto.

16 2303 95 2334 Ann.
104 2301 144 2334 D.

37 2350 125 2382 1417.

18 2385 72 2409 An.
86 2391 114 2417 5.

16 2429 100 2486 lbitlf·

750 3249 844 3287 Sigilla
858 3250 890 3280 de
904 3249 964 3280 cera*
977 3249 1083 3281 Rubrd.

218 3327 307 3359 Dors.

218 3366 364 3405 Johannes
378 3367 490 3404 Pyrient
500 3387 511 3402 ,

219 3404 367 3443 Johannes
381 3403 481 3440 Garle,

222 3443 366 3481 Johannes
380 3449 439 3471 aste
456 3439 537 3471 mlle
550 3439 586 3470 de
600 3440 737 3472 Watford
746 3465 756 3478 ,

220 3482 353 3511 Robertus
365 3481 455 3510 Thorn
464 3503 474 3518 ,

222 3520 337 3549 Thomas
352 3519 480 3556 London,
591 3482 663 3589 }de
678 3517 752 3547 Villa
765 3516 861 3548 Sancsti
871 3516 983 3550 Albani.

223 3560 355 3588 Henricus
369 3561 447 3596 Syper
454 3581 464 3594 ,

225 3599 268 3626 W
267 3595 390 3626 illielmus
403 3598 476 3625 Hert
485 3617 495 3632 ,

226 3634 391 3664 Willielmus
404 3633 550 3672 Hardwyk
558 3654 568 3670 ‚

223 3672 368 3710 Johannes
382 3672 514 3703 Flaxmen
523 3694 533 3710 2

224 3710 367 3749 Johannes
383 3713 407 3740 P
400 3717 463 3750 ycot
469 3734 480 3750 ,

586 3602 609 3652 }
628 3613 664 3643 de
676 3612 750 3643 vilia
763 3612 800 3643 de
812 3612 910 3643 Ware.

586 3679 611 3730 }
623 3689 672 3721 De
688 3689 826 3729 Hychon.

35 3831 164 3865 'Ann.D.

60 3879 146 3911 1417.

32 3914 85 3939 An.
101 3919 128 3945 5.

35 3952 71 3976 H.
91 3958 119 3984 5.

33 3990 92 4015 Pat.

34 4029 125 4053 Norm.
135 4035 162 4061 5.

321 3855 370 3887 De
387 3853 557 3901 Recipiendo
574 3855 765 3887 Normannos
781 3849 825 3883 ad
841 3853 983 3884 Gratiam
1002 3851 1099 3898 Regis.

187 3937 318 4007 REIETC,
331 3937 455 4005 Pile&is
469 3939 595 3971 fidelibus
607 3940 674 3977 suis,
692 3941 810 3968 Henrico
824 3939 892 3967 Fitz
907 3935 1006 3974 Hugh,
1021 3936 1054 3967 ὃς
1069 3934 1198 3974 Johanm·
1209 3933 1242 3964 de

291 3987 335 4007 ev!
347 3976 374 4014 l,
393 3977 524 4008 Salutem.

226 4015 324 4046 Sciatis
337 4014 417 4052 quod
433 4015 519 4051 Nos,

189 4053 428 4130 deistZsljidemaoe
443 4054 476 4084 &
492 4052 757 4095 Circumspecrione
774 4054 863 4089 vestra
882 4051 1001 4092 provida
1020 4051 1128 4091 plenius
1148 4050 1241 4090 confie

242 4135 316 4174 gram.
334 4132 385 4162 IV.
402 4132 436 4161 P.
454 4132 515 4167 111.

36 4067 149 4099 H.5.m.
176 4081 179 4083 -

35 4109 84 4139 33·

1916 1822 1968 1849 Per
1987 1819 2069 1860 ipsum
2086 1821 2189 1857 Regem.

1271 1899 1384 1958 REX
1401 1900 1566 1937 Omnibus,
1582 1898 1616 1929 ad
1632 1906 1722 1935 quoe,
1739 1896 1799 1928 ἃς.
1819 1896 1953 1928 Salutem.

1363 1940 1461 1970 Sciatis
1483 1939 1563 1977 quod
1584 1937 1768 1973 suscepimus,
1788 1934 1848 1969 &a
1873 1943 1905 1964 ut
1919 1935 2020 1974 supra,
2038 1935 2183 1965 Abbatem
2202 1933 2241 1970 ᾤ’
2262 1938 2333 1965 Con-

1270 1985 1385 2008 ventum
1404 1978 1436 2007 de
1458 1977 1486 2008 la
1506 1976 1640 2013 Bellerie,
1658 1976 1686 2004 in
1700 1973 1815 2004 Ducatu
1828 1973 1926 2003 nostro
1940 1974 2149 2012 Normanniae,
2172 1973 2334 2012 Homines,

1271 2015 1392 2055 Terras,
1409 2017 1486 2053 Res,
1501 2014 1659 2050 Redditus,
1678 2013 1711 2043 &
1726 2021 1825 2042 omnes
1840 2011 2026 2042 Poffeffiones
2038 2012 2111 2050 suas,

1309 2056 1455 2087 Nolentes
1476 2053 1555 2092 quod
1574 2053 1611 2083 de
1633 2051 1739 2088 Bladis,
1758 2051 1872 2087 Foenis,
1891 2050 1997 2088 Equis,
2014 2050 2127 2088 Bonus,
2147 2050 2266 2090 Vaccis,
2286 2050 2334 2081 Ο-

1271 2095 1370 2134 vibus,
1388 2093 1503 2130 Porcis,
1522 2091 1669 2128 Carceris,
1689 2089 1838 2127 Catiagiis,
1855 2097 1900 2118 aut
1914 2089 1969 2118 aliis
1983 2089 2097 2129 Rebus,
2116 2090 2161 2119 seu
2177 2089 2262 2119 Bonis
2281 2090 2334 2120 suis

1271 2135 1518 2171 quibuscumque,
1536 2131 1689 2168 quicquam
1712 2136 1812 2159 contra
1830 2126 2015 2158 Voluntatem
2035 2127 2110 2158 suam
2130 2126 2164 2157 ad
2184 2138 2256 2167 opus
2278 2138 2334 2158 no-

1271 2173 1361 2203 strum
1374 2180 1422 2202 aut
1435 2171 1572 2207 aliorum,
1591 2168 1742 2206 aliqualiter
1755 2167 1896 2203 capiatur,

1309 2211 1349 2242 Et
1369 2211 1428 2241 hoc
1451 2208 1604 2246 omnibus,
1622 2215 1745 2245 quorum
1766 2204 1897 2242 interest,
1914 2204 2116 2237 innotescimus
2136 2214 2187 2244 per
2208 2203 2336 2236 Praesen-

1271 2259 1320 2282 tes,

1307 2288 1340 2319 In
1355 2287 1451 2325 cujus,
1468 2286 1529 2318 &c.

1342 2325 1433 2357 Teste
1445 2334 1475 2356 ut
1488 2325 1576 2362 supra.

2351 1907 2417 1942 loiri,⁴

1327 2401 1499 2434 Confimiles
1517 2401 1625 2432 Literas
1639 2400 1731 2438 Regis
1745 2399 1781 2468 dg
1792 2399 1981 2468 lProterstione
1992 2399 2097 2431 habent
2116 2398 2259 2437 subscripti
2264 2410 2276 2438 ;

1727 2449 1755 2470 vi
1778 2449 1792 2469 e
1803 2448 1874 2477 icet,

1316 2517 1468 2557 Abbatiffa
1490 2517 1528 2553 (ᾤ’
1550 2516 1687 2547 Moniales
1704 2515 1780 2555 infra
1802 2514 1936 2554 forestam
1950 2517 2027 2552 Regis
2040 2515 2072 2544 de
2085 2514 2212 2553 Gouffer,
2230 2514 2260 2544 in
2275 2512 2340 2544 Du*

1274 2566 1338 2590 catu
1356 2558 1443 2597 Regis
1458 2556 1649 2586 Normanniae
1664 2563 1884 2585 commorantes.

1313 2596 1422 2626 Abbati
1445 2608 1462 2624 a
1478 2593 1516 2629 ῤ’
1530 2597 1686 2623 Conventus
1702 2591 1861 2633 Monasterii
1878 2591 1965 2621 beatae
1988 2594 2092 2621 Mariae
2111 2588 2293 2629 Dominenfis,
2309 2590 2340 2619 in

1276 2635 1392 2666 Ducatu
1441 2634 1498 2673 egis
1515 2632 1663 2670 praediCm.

1313 2673 1461 2712 Magister,
1480 2675 1607 2708 Fratres,
1626 2671 1659 2701 ὃς
1676 2672 1782 2699 Sorores
1795 2667 1943 2709 Hospitalis
1955 2668 2052 2698 Sanni
2065 2666 2207 2706 Johannis
2218 2666 2249 2696 de
2263 2669 2341 2703 Sees,

1276 2713 1305 2743 in
1318 2712 1436 2742 Ducatu
1451 2710 1539 2749 Regis
1554 2708 1701 2747 praedidto.

1280 2790 1285 2795 .
1310 2753 1391 2819 Ρῦἰον
1410 2749 1448 2785 &
1469 2752 1626 2818 Cgotnventus
1646 2747 1753 2777 Santlae
1768 2745 1922 2784 Barbarae,
1940 2745 2053 2775 Ordinis
2066 2744 2162 2774 Sanfti
2172 2741 2338 2782 Augustini,

1278 2799 1307 2819 1n
1359 2797 1440 2819 ucatu
1510 2797 1536 2817 c.

1307 2827 1408 2857 Abbas
1425 2810 1463 2862 ὁ·
1483 2829 1638 2856 conventus
1660 2824 1756 2854 Sand't'i
1776 2822 1929 2861 Ebrulphi,
1951 2822 1981 2852 in
2002 2820 2119 2851 Ducatu
2143 2819 2235 2859 Regis
2256 2819 2340 2850 Nor—

1278 2876 1374 2897 mann.

1314 2908 1393 2935 Prior
1409 2903 1447 2939 &
1465 2906 1620 2933 Conventus
1634 2902 1666 2931 de
1682 2903 1763 2930 Lira.

1315 2946 1394 2973 Prior
1408 2941 1446 2977 ὠ»
1461 2946 1617 2971 Conventus
1632 2940 1726 2969 Sanc‘ti
1741 2937 1869 2967 Nicholai
1880 2938 1911 2967 de
1927 2935 2006 2966 Malo
2020 2935 2112 2974 Paffic.
2161 2967 2164 2972 ¹

1317 2984 1395 3011 Prior
1409 2979 1447 3015 (ὧν
1461 2984 1615 3009 Conventus
1631 2979 1662 3008 de
1675 2980 1776 3006 Vinum
1784 2999 1794 3014 ,
1807 2986 1840 3007 ac
1854 2975 1996 3005 Homines
2009 2976 2041 3004 &
2057 2975 2214 3006 Servientes
2227 2974 2280 3011 sui,
2290 2974 2339 3004 sub

1279 3020 1347 3051 Fide
1361 3020 1394 3050 ὃς
1411 3019 1558 3056 Ligeantia
1571 3016 1672 3047 nostris
1688 3014 1849 3052 existentes,
1869 3023 1983 3044 necnon
1997 3012 2116 3051 Terrae,
2134 3012 2212 3051 Res,
2229 3012 2338 3044 Reddi-

1279 3069 1338 3096 ωε,
1357 3059 1390 3089 &
1405 3066 1505 3087 omnes
1519 3055 1706 3085 Poffeffiones
1718 3054 1790 3091 suae,

1310 3097 1469 3133 Nolentes,
1488 3093 1548 3129 ὠς.
1567 3100 1598 3122 ut
1604 3093 1698 3131 fiepra.

1315 3133 1449 3172 IlIagisler
1465 3133 1502 3168 ὠ·
1518 3136 1629 3161 Fratres
1643 3128 1792 3170 Hospitalis
1806 3129 1908 3159 Domus
1922 3131 1977 3159 Dei
1990 3127 2152 3159 d’Alencon.
2169 3128 2200 3158 in
2222 3126 2341 3159 Ducatu

1280 3175 1370 3210 Regis
1386 3173 1587 3203 Normanniae.

1313 3211 1415 3242 Abbas
1427 3209 1465 3245 ὠ
1482 3214 1637 3239 Conventus
1652 3208 1739 3237 beatae
1755 3209 1859 3236 Mariae
1873 3205 1910 3236 de
1924 3204 2069 3235 Persenna.

1316 3253 1394 3280 Prior
1408 3248 1446 3284 ὠ
1462 3253 1615 3278 Conventus
1631 3247 1662 3277 de
1677 3247 1780 3276 Sanela
1792 3244 1941 3283 Scolastica.

1316 3288 1414 3319 Abbas
1435 3287 1473 3323 ὠ*
1493 3291 1648 3317 Conventus
1671 3285 1758 3315 beatae
1780 3287 1883 3314 Maria-⁷
1909 3283 1941 3312 de
1954 3283 2052 3312 Sancite
2071 3281 2192 3311 Andrea
2204 3281 2237 3311 de
2251 3278 2339 3320 Gous-

1296 3339 1333 3358 er.

1274 3328 1302 3370 f
1316 3365 1415 3396 Abbas
1428 3364 1465 3399 ό
1481 3368 1636 3394 Conventus
1651 3362 1682 3391 de
1695 3361 1724 3391 la
1738 3359 1833 3391 Pelice.

1317 3408 1397 3434 Prior
1410 3402 1448 3438 ἐφ’
1462 3407 1617 3433 Conventus
1633 3401 1664 3430 de
1677 3400 1798 3429 Gauleto.

1313 3443 1414 3473 Abbas
1427 3440 1465 3476 ὠ·
1479 3445 1635 3470 Conventus
1650 3439 1737 3468 beatae
1752 3441 1856 3466 Mariae
1869 3437 1900 3466 de
1913 3434 1995 3474 Silly,
2012 3437 2041 3466 in
2058 3435 2172 3466 Foresta
2189 3434 2282 3471 Regis
2301 3433 2337 3463 de

1279 3481 1423 3519 Gouffer,
1433 3482 1511 3519 juxta
1525 3479 1629 3510 Villam
1643 3478 1730 3516 Regis
1742 3476 1955 3515 d'Argenthen,
1972 3476 2001 3504 in
2014 3474 2133 3505 Ducatu
2148 3474 2239 3510 Regis
2253 3472 2287 3502 N
2289 3481 2337 3501 or-

1279 3530 1409 3550 manniae.

1323 3558 1422 3587 Abbas
1443 3555 1481 3592 &⁶
1503 3559 1656 3585 Conventus
1675 3553 1761 3584 beatae
1783 3555 1886 3582 Mariae
1907 3552 1939 3581 de
1959 3552 2060 3581 Sancto
2079 3553 2160 3580 Petro
2172 3548 2257 3588 supra
2275 3550 2336 3586 Dy-

1280 3608 1352 3626 nanl.

1314 3634 1415 3664 Abbas
1435 3630 1595 3672 Monasterii
1617 3631 1703 3660 heatae
1726 3632 1829 3659 Mariae
1850 3629 1881 3658 de
1903 3627 1977 3658 Belle
1992 3626 2108 3668 Estelle,
2127 3627 2155 3655 in
2171 3622 2336 3654 castellania

1280 3672 1368 3711 Regis
1381 3673 1415 3702 de
1430 3671 1513 3709 Vire,
1531 3672 1559 3700 in
1573 3670 1686 3700 Ducatu
1696 3692 1705 3707 ,
1723 3669 1784 3699 &c.
2265 3699 2270 3704 η

1316 3709 1444 3748 Prioriffiz
1467 3708 1504 3743 ὠ·
1526 3713 1684 3738 Conventus
1704 3706 1790 3736 beatae
1812 3709 1915 3735 Maria»
1936 3705 1968 3734 de
1981 3703 2063 3734 Villis
2076 3704 2245 3742 Lrffuinent,
2259 3706 2337 3737 Juxta

1278 3749 1382 3780 Villam
1397 3748 1487 3785 Regis
1502 3747 1610 3777 Falesiae
1620 3770 1629 3782 ,
1648 3747 1677 3776 in
1686 3745 1894 3782 Ducatu,z&c.
2244 3778 2248 3782 Ι

1314 3790 1392 3819 Prior
1408 3787 1439 3816 de
1454 3785 1574 3816 Moulins
1586 3789 1616 3816 in
1628 3783 1791 3824 Castellunia
1804 3786 1882 3820 Regis
1898 3782 1929 3811 de
1944 3784 2023 3819 Seynt
2039 3781 2120 3816 Romy
2134 3777 2169 3806 du
2185 3775 2276 3805 Plam.

2357 3876 2432 3908 Ann.
2441 3876 2484 3906 D.

2376 3923 2461 3953 1417.

2354 3958 2408 3981 An.
2426 3963 2451 3987 f.

1278 4008 1369 4074 L’A
1378 4015 1469 4038 ΑΡοῐ
1478 4016 1501 4038 N
1512 4015 1535 4037 τ
1545 4014 1572 4037 Μ
1581 4015 1599 4036 E
1610 4014 1631 4036 N
1642 4012 1665 4034 τ
1685 4003 1720 4032 de
1733 4002 1758 4031 la
1770 3998 1893 4030 Rendue
1907 3997 1942 4028 de
1956 3996 1980 4026 la
1993 3995 2093 4033 Tour,
2113 3994 2283 4031 Forteresse,
2298 3993 2331 4024 &
2354 3997 2388 4019 H.
2403 4001 2431 4026 5.

1358 4045 1532 4078 Chastelerie
1546 4045 1583 4075 de
1598 4043 1655 4074 [ΒΕ
1665 4050 1716 4071 GL
1727 4049 1744 4070 E
1761 4038 1801 4068 est
1817 4037 1871 4074 tel,
1970 4074 1975 4079 .
2007 4073 2012 4078 ¹
2354 4035 2442 4058 Norm.
2456 4037 2480 4063 5.

1309 4085 1380 4126 Qie
1394 4087 1498 4117 Pierres
1512 4082 1653 4120 Aubriot,
1672 4080 1849 4135 Lieutenane
1851 4075 1890 4106 du
1904 4073 2051 4114 Capitaine
2063 4071 2100 4104 de
2122 4071 2264 4102 L’EsoLE
2274 4091 2283 4107 ,
2297 4068 2335 4135 ks}
2352 4073 2486 4104 H.,-.m.3.

1557 3918 1871 3966 Appumfluumentnm
1887 3913 1923 3945 de
1939 3911 2061 3957 l’Esgle.
