2562 4274
846 141 955 185 ET
1040 140 1304 183 ACTA
1386 140 1862 186 PUBLICA.

2296 150 2351 201 65

36 228 114 262 Ann.
126 229 168 260 D.
183 228 296 263 Abbaie
318 228 353 263 &
372 226 529 261 Forteresse
551 226 589 259 de
601 224 698 259 susdite
713 224 849 258 Katerine
862 237 898 257 en
915 228 1002 257 mains
1017 225 1054 257 du
1070 226 1111 258 dit
1125 225 1246 258 Tresex-
1284 235 1355 270 npm
1372 227 1408 258 de
1422 228 1472 258 son
1486 228 1527 259 dit
1543 228 1691 268 Seigneur,
1708 239 1743 260 en
1761 231 1827 268 pitie
1843 231 1876 261 ὃς
1892 229 2006 261 charitie
2020 231 2054 262 ὃς
2065 240 2118 271 pur
2133 230 2220 261 eviter
2233 231 2256 262 al
2271 231 2345 263 effu-
2367 229 2445 261 Ann.
2459 227 2498 261 D.

67 269 150 308 1418-
185 271 287 301 cellent
310 272 365 309 Roy
387 268 420 297 de
438 270 540 296 France
557 264 595 300 ῤ’
610 265 812 303 d'Engleterre,
832 266 892 296 &c.
911 275 950 295 ou
972 276 1001 296 es
1021 266 1109 295 mains
1128 265 1249 304 d'autre,
1294 268 1353 295 lion
1368 266 1405 296 du
1421 266 1485 297 sanc
1501 266 1659 297 d’Umaine
1672 267 1825 306 Creature,
1842 270 1875 300 &
1889 270 1952 299 auxi
1964 280 1979 299 a
1993 269 2030 299 fin
2046 280 2102 307 que
2113 270 2138 300 la
2154 269 2212 300 dite
2227 270 2298 300 Ville
2311 272 2347 302 de
2392 270 2481 307 1418.

37 311 101 336 Heu.
111 315 142 343 5·
185 310 270 347 depar
284 309 331 348 luy
347 317 380 337 au
393 306 420 336 se
434 305 569 335 Commis
582 315 598 335 a
611 305 636 334 le
650 303 796 334 Recevoir
811 304 846 334 de
869 303 986 341 Ieusduy
1008 303 1184 342 prouchein,
1201 314 1250 334 en-
1293 303 1448 335 Caudebec
1463 305 1578 336 demure
1593 315 1627 335 en
1645 306 1728 344 Pais,
1747 307 1834 336 Nous
1846 310 1882 337 ait
1896 317 2004 346 reporte
2019 318 2074 346 que
2088 309 2124 337 les
2137 307 2185 337 diz
2200 307 2348 338 Commis-
2370 313 2433 336 Hera.
2450 316 2479 343 5.

186 348 263 378 suant
283 347 308 376 la
328 345 404 375 Date
423 341 460 374 de
481 343 557 374 ceste
575 342 682 381 present
704 342 803 372 Traite
825 342 858 372 &
880 341 1105 380 Appointment,
1128 352 1144 371 a
1165 342 1254 373 Neuf
1291 342 1369 372 saires
1387 343 1426 373 du
1447 343 1487 373 dit
1509 346 1564 382 Roy
1585 343 1772 380 d‘Engleterre
1791 346 1914 376 veullent
1936 347 1968 376 &
1991 346 2145 377 accordent
2165 356 2220 383 que
2242 346 2266 376 la
2289 346 2348 377 dite

39 1020 117 1052 Ann.
127 1020 168 1052 D.

60 1061 146 1099 1418.

39 1104 92 1130 An.
105 1102 132 1127 6.

38 1143 75 1168 H.
95 1147 124 1172 5.

38 1182 129 1206 Norm.
144 1177 171 1204 6.

36 1220 73 1243 H.
89 1223 117 1249 5.
129 1222 156 1252 p.

42 1262 109 1284 Lm,
124 1263 167 1291 13.

29 1948 46 1966 ⁰
63 1950 115 1979 IX.

26 1988 95 2025 §zm

23 3024 100 3079 Ann.
112 3047 154 3079 D.

44 3088 131 3126 1418.

21 3129 74 3154 An.
92 3128 119 3154 6.

13 3185 115 3230 Nemi.
124 3205 153 3232 6.

21 3243 58 3268 H.
67 3248 155 3279 5.p.2.

2 3287 58 3307 1τη.
78 3288 104 3314 7.

186 385 300 422 heures,
316 384 343 413 se
364 382 436 422 ainsy
459 392 495 412 ne
515 382 566 412 soit
588 392 628 412 ou
647 381 782 419 adveigne
803 390 859 417 que
880 380 902 410 la
924 381 1023 419 Siege,
1040 380 1108 410 mise
1126 380 1249 412 devaunt

187 424 213 454 la
236 423 275 452 dit
298 421 408 451 Abbaie
426 421 460 452 &
481 418 640 451 Forteresie
658 418 691 450 &
710 418 735 448 la
749 417 890 449 Garnison
913 417 1037 456 d’icelle‚
1055 419 1107 449 soit
1126 419 1162 449 de
1185 427 1249 449 tout

186 470 324 492 remouve
351 460 385 492 &
410 458 489 489 levee
517 469 564 497 par
592 458 665 488 forse
680 480 689 495 ‚
717 465 732 486 a
757 456 859 488 devant
877 458 947 488 celle
970 457 1056 488 heure
1078 457 1224 488 deffusdite
1238 480 1248 495 ‚

209 509 236 529 ar
249 499 330 529 ceulx
342 498 378 528 de
392 497 416 528 la
431 496 504 529 Ville
517 497 553 527 de
568 495 697 527 Rowen:
719 494 755 526 Et
771 495 814 526 sur
826 506 861 526 ce
883 496 909 525 le
931 495 1021 526 suisdit
1039 495 1248 526 Tresexcellent

221 546 258 576 oy
278 547 294 567 a
314 546 332 576 y
347 544 462 574 mettre,
478 545 517 566 ou
539 534 607 565 faire
627 541 745 572 mettre,
764 534 811 564 tiel
825 534 969 565 Garnison
982 543 1070 565 come
1084 534 1103 564 il
1118 534 1164 574 luy
1180 535 1248 573 plai-

188 586 228 606 ra.

224 613 334 650 ITEM,
351 613 392 644 est
405 612 476 651 Dit‚
491 611 608 649 Traite,
627 609 757 649 Promis,
775 610 808 642 ὃς
824 610 976 650 Accorde‚
993 620 1042 648 par
1053 610 1091 640 les
1108 610 1246 641 dessusdiz

186 651 283 691 Johan
298 651 429 690 Noblet‚
443 650 537 690 Johan
552 650 588 681 de
602 647 735 687 Buisson,
752 649 785 680 &
799 649 906 680 Pierres
919 649 955 680 de
969 649 1113 685 Graville,
1125 650 1158 679 &
1173 659 1247 687 pour

188 696 352 720 touz'ceux
372 690 408 720 de
430 690 492 720 lour
514 686 723 727 Compaignie,
741 696 812 726 que,
828 698 863 719 au
886 689 927 718 dit
939 689 1004 726 jour
1017 688 1090 718 dela
1103 686 1246 725 Rendue,

187 728 234 758 elz
247 729 281 759 &
294 735 364 758 touz
375 736 446 759 ceux
459 727 494 758 de
508 727 567 757 leur
580 727 637 757 dite
652 726 843 765 Compaignie
858 726 1020 763 Lefferont,
1033 735 1067 756 en
1081 726 1169 763 ycelle
1184 726 1246 756 Ab-

188 767 251 796 baie
268 766 302 797 &
323 766 496 804 Fortetesse,
521 774 592 797 touz
611 765 674 795 lour
696 764 857 804 Chivaulx,
879 765 1030 803 Armures,
1054 763 1188 803 Bastons,
1210 765 1244 796 &

188 803 356 843 Arrssleries,
372 804 406 836 &
420 813 510 836 autres
521 804 734 842 Habillemens,
753 801 813 838 &c.

535 932 584 965 De
600 927 883 976 Praeftntationibus.

186 1013 307 1074 REX
316 1040 325 1055 ‚
340 1016 461 1048 Cantori
475 1015 508 1048 &
522 1014 657 1054 Capitulo
670 1015 804 1047 Ecclefiae
821 1014 994 1048 Cathedralis
1004 1013 1243 1053 Constancienfis‚

264 1056 338 1086 Sede
353 1063 484 1091 vacante,
504 1054 639 1085 Salutem.

219 1093 329 1133 Vobis,
344 1095 461 1125 Teno're
472 1092 673 1132 Praesentium,
692 1092 881 1130 significamus
895 1092 975 1131 quod
997 1091 1183 1123 Praebendam
1207 1090 1243 1121 de

181 1128 300 1163 Vautier
319 1132 393 1169 apud
418 1130 552 1169 Kiebon,
571 1141 647 1162 nunc
670 1132 786 1162 liberam
809 1132 843 1163 &
865 1140 1032 1169 vacantem,
1051 1132 1082 1161 in
1106 1129 1242 1160 Manibus

182 1170 285 1201 nostris
297 1169 371 1208 Jure
383 1169 500 1207 Regaliae
515 1169 679 1201 existentem
687 1193 698 1209 ,

221 1208 310 1247 Cujus
330 1208 446 1246 quidem
464 1208 631 1239 Praebendae
649 1209 688 1239 fic
709 1209 833 1240 vacantis
855 1208 982 1240 Collatio
1011 1207 1046 1238 δε
1072 1205 1242 1237 omnimoda

186 1247 342 1285 Dispofitio
359 1246 458 1277 Nobis
471 1247 625 1278 noscuntur
641 1248 795 1286 pertinere,

216 1285 338 1316 Dileaesto
349 1286 432 1316 nobis
444 1284 573 1323 Johanni
589 1288 668 1315 Feret
688 1284 844 1323 Capellano
865 1283 1051 1315 Contulitnus
1075 1283 1109 1314 ὃς
1134 1281 1238 1314 Dona-

182 1334 247 1355 mus

216 1347 400 1401 Habendam,
416 1371 483 1393 cum
496 1361 548 1393 suis
558 1362 666 1400 juribus
681 1362 715 1393 ὃς
731 1362 902 1399 pertinentiis
916 1360 1163 1398 quibuscumque3

216 1400 309 1432 Vobis
331 1401 499 1432 Mandantes
543 1402 647 1431 uatinus
670 1401 760 1438 ipsum
772 1399 933 1438 Johannem
944 1423 953 1435 ,
971 1399 1015 1429 vel
1027 1400 1084 1435 ejus
1101 1398 1242 1429 Procura-

179 1447 289 1478 torem,
307 1438 462 1477 Recipiatis
478 1440 507 1469 in
551 1440 706 1470 anonicum
726 1439 761 1470 ὃς
781 1438 923 1476 Fratrem,
942 1447 1010 1468 cum
1031 1438 1243 1475 solempnitati-

178 1478 230 1508 bus
244 1479 274 1508 in
289 1478 388 1509 talibus
404 1477 465 1508 fieri
478 1478 631 1516 consuetis,

252 1515 287 1545 In
303 1516 398 1553 cujus,
415 1517 475 1547 &c.

178 1553 304 1623 d·TSeste
317 1552 400 1622 Rege:
411 1557 441 1584 in
459 1556 590 1584 Exercitu
597 1553 648 1592 suo
663 1560 730 1583 ante
743 1556 896 1584 Civitatem
910 1551 1100 1591 Rothomagen.
1116 1551 1242 1584 secundo

199 1602 224 1623 re
262 1600 356 1630 eptem
378 1601 425 1622 ris.

806 1671 860 1699 Per
880 1669 962 1709 ipsitm
978 1669 1082 1706 Regem.

211 1747 326 1777 Thomas
339 1747 362 1777 le
378 1747 477 1787 Hardy
490 1745 657 1784 Capellanus
670 1745 755 1777 habet
769 1745 878 1777 Literas
891 1743 984 1782 Regis
999 1744 1034 1776 de
1046 1745 1241 1776 Praesentatio-

176 1792 214 1815 ne
232 1785 268 1816 ad
288 1785 443 1816 Ecclefiam
466 1785 563 1816 83ηᾶὶί
584 1784 714 1815 Thomae
735 1784 867 1822 Apostoli
879 1784 916 1814 de
930 1783 1082 1814 Littehaire
1095 1783 1240 1814 Constan-

172 1823 429 1900 ffiecpssrPioecese,
447 1832 594 1856 vacantem
607 1824 641 1855 &
655 1823 688 1854 ad
705 1822 794 1862 Regis
808 1822 1008 1854 Donationem
1021 1822 1194 1860 spectantem
1209 1830 1240 1854 ut

213 1938 233 1958 ²*
253 1937 291 1970 Et
308 1939 470 1978 diriguntur
491 1938 595 1970 Literae
617 1938 663 1969 illa
684 1937 803 1968 Cantori
826 1937 861 1970 &
874 1936 1009 1975 Capitulo
1024 1936 1161 1968 Ecclefiae
1178 1937 1238 1969 Ca-

173 1976 304 2008 thedralis
322 1977 565 2013 Constancienfis,
583 1977 656 2008 Sede
669 1984 796 2007 vacante.

212 2015 247 2047 In
260 2016 357 2055 cujus,
372 2017 432 2047 &c.

211 2092 359 2124 Nicholaus
370 2092 404 2122 de
415 2091 566 2122 Hetehowe
578 2091 662 2122 habet
678 2090 786 2122 Literas
800 2090 890 2131 Regis
904 2092 941 2122 de
964 2091 1181 2124 Praeffintatione
1201 2092 1237 2123 ad

173 2131 322 2172 Capellam
335 2132 424 2162 beatae
436 2130 540 2162 Mariae
553 2130 589 2162 de
603 2129 719 2162 Goville
734 2129 950 2162 Constancienfi
961 2131 1111 2170 Dioecese,
1129 2131 1191 2167 &c.
1205 2138 1238 2161 ut

165 2172 258 2210 fiapra.

213 2247 352 2289 Magister
373 2248 503 2280 Ricardus
519 2246 544 2277 Ie
564 2245 700 2277 Plummer
712 2245 797 2278 habet
811 2247 918 2279 Literas
932 2248 1022 2286 Regis
1035 2247 1071 2278 de
1083 2247 1235 2279 Praesenta-

171 2287 252 2318 tione
269 2287 304 2316 ad
328 2286 486 2316 Ecclefiam
507 2284 543 2315 de
565 2285 686 2324 Gorgez
707 2285 926 2318 Constancienfi
945 2286 1100 2326 Dioecese,
1124 2284 1184 2322 &a
1203 2294 1236 2316 ut

170 2325 266 2364 supra·

209 2401 360 2444 Nicholaux
371 2402 513 2443 chanoyne
526 2401 694 2440 Capellanus
706 2401 790 2434 habet
806 2403 911 2435 Literas
923 2398 1016 2442 Regis
1028 2404 1064 2435 de
1080 2403 1235 2435 Praesenta⁴

171 2442 253 2473 tione
273 2442 308 2472 ad
326 2441 483 2472 Ecclesiam
505 2440 701 2471 Parochialem
722 2440 819 2472 Sanffi
838 2442 994 2481 Alnumphi
1013 2443 1048 2473 de
1073 2442 1236 2480 Coulongis

168 2478 1237 2557 W23223¹²132÷5201³22ffl2s¹n3³ffi55es55Vscfflffissglsssimi}

169 2556 345 2594 speetantem
358 2565 389 2586 ut
401 2556 520 2586 dicitur:
796 2541 806 2556 ²

208 2594 246 2624 Et
269 2594 426 2632 diriguntur
447 2594 550 2624 Literae
568 2593 623 2624 illae
647 2598 759 2624 Decano
780 2594 819 2630 ὠ·
835 2595 959 2635 capitulo
975 2595 1110 2628 Ecclefiae
1127 2594 1235 2628 Cathe-

172 2631 254 2663 dralis
269 2632 466 2671 Ebroicensis,
484 2632 556 2662 Sede
571 2632 677 2663 ibidem
692 2641 820 2664 vacante.

206 2707 347 2747 Johannir
366 2707 496 2738 Pilatoris
510 2707 646 2747 Magister
664 2710 694 2739 in
721 2708 837 2740 Artibus
855 2709 940 2741 habet
965 2709 1070 2742 Literas
1088 2710 1180 2752 Regis
1199 2711 1236 2742 de

169 2747 388 2778 Praesentatione
400 2746 435 2776 ad
447 2746 596 2785 Capellam
610 2747 647 2777 de
664 2746 880 2787 Conillarville,
899 2749 1025 2780 situatam
1045 2751 1073 2780 in
1095 2748 1235 2781 Parochia

168 2785 206 2816 de
221 2784 384 2823 Smarville‚
401 2784 566 2815 Ebroicenfi
580 2785 735 2824 Dioecese,
751 2795 898 2818 vacantem
911 2798 960 2826 per
974 2787 1106 2820 Mortem
1121 2787 1235 2828 Johan-

169 2827 212 2854 nis
225 2824 262 2854 du
275 2827 358 2862 Buz,
375 2823 467 2853 ultimi
481 2822 627 2861 Capellani
641 2823 750 2855 ibidem
759 2848 770 2864 ‚
786 2824 847 2862 &aa
866 2832 897 2856 ut
904 2827 998 2865 supra.

430 2958 748 3006 Appune'luamentum
763 2959 800 2993 de
821 2957 983 2996 Caudebec.

232 3043 373 3074 Ravrs
393 3053 444 3075 ET
465 3053 796 3084 APPOINTMENT,
815 3045 865 3077 fait
886 3055 965 3078 entre
978 3046 1016 3076 les
1032 3046 1231 3078 Commiffiirs

246 3082 284 3112 du
299 3085 353 3120 Roy
367 3082 555 3120 d'Engleterre
569 3094 642 3121 pour
656 3084 680 3114 la
693 3084 875 3124 Compaigne
893 3085 929 3115 de
944 3085 969 3115 la
982 3085 1056 3116 Ville
1069 3085 1105 3115 de
1119 3086 1232 3117 Caude-

170 3120 243 3159 bec;
269 3119 470 3157 c’estaffitvoir‚
495 3121 609 3152 Richart
633 3122 804 3161 Beauchamp
826 3126 910 3153 Conte
932 3124 964 3152 de
985 3125 1145 3162 Warrewyk
1168 3124 1230 3155 Sei-

171 3168 264 3195 gneur
286 3159 323 3188 de
347 3157 424 3188 Lisse
447 3159 481 3190 &
505 3158 550 3189 Ca
571 3161 661 3199 itayne
682 3161 718 3192 de
740 3161 859 3199 Caleys,
885 3161 1032 3192 Guillebert
1053 3166 1178 3200 Seigneur
1195 3163 1229 3192 de

168 3196 316 3234 Thaleb0t‚
342 3195 459 3227 Meffire
478 3197 545 3227 Guil
553 3208 594 3226 em
617 3201 778 3238 Harenton,
805 3199 907 3231 Comis
928 3211 944 3231 a
963 3210 998 3231 ce
1017 3199 1054 3230 de
1073 3208 1121 3238 par·
1142 3200 1170 3231 le
1187 3201 1229 3231 dit

170 3236 239 3275 Roy
259 3234 331 3265 d’En
352 3234 451 3266 leterre
471 3244 520 3272 par
542 3235 649 3266 Lettres
669 3237 706 3267 de
726 3237 792 3276 luy,
810 3239 936 3269 donnees
959 3238 985 3268 le
998 3239 1044 3269 vii.
1059 3239 1132 3277 Jour
1144 3239 1181 3269 de
1193 3248 1229 3270 ce

169 3274 279 3314 present
341 3282 391 3313 oys
411 3273 447 3303 de
470 3272 662 3311 Septembre,
686 3275 771 3306 d'une
792 3286 869 3314 part,
894 3279 927 3309 ὅτ.
944 3276 1063 3308 Meffire
1083 3277 1183 3307 Robert
1204 3277 1229 3308 le

167 3317 252 3343 Conte
273 3311 407 3342 Chivaler
427 3310 582 3351 Capitayne
602 3311 638 3342 de
657 3311 828 3353 caudebec,
846 3315 959 3344 Thomas
979 3315 1088 3353 Dugal,
1113 3319 1228 3354 Georget

166 3352 199 3382 de
215 3354 321 3388 Livet,
340 3353 435 3390 Henry
447 3349 479 3379 de
493 3349 677 3387 Lourchamp,
695 3350 810 3381 Guillem
830 3353 910 3382 d’Au
925 3353 1040 3392 onuille,
1056 3354 1170 3384 Guillem
1194 3355 1228 3385 de

167 3389 331 3430 Rachefort,
349 3388 493 3426 Escuier53
512 3388 627 3418 Guillem
641 3388 814 3428 Thouronde,
832 3393 886 3420 Gre
916 3403 936 3420 n
949 3391 974 3420 le
999 3394 1122 3432 Breton,
1140 3393 1226 3432 Jehi-

167 3435 215 3459 net
228 3427 253 3458 le
271 3430 403 3465 Maignen
413 3450 422 3466 7
439 3426 555 3456 Guillem
569 3426 681 3456 Girault
691 3449 701 3464 ‚
719 3427 837 3458 Guillem
851 3428 972 3468 Poiffim,
990 3429 1105 3461 Thomas
1120 3432 1225 3471 Mala,

167 3466 278 3496 Habert
296 3465 402 3504 Morel,
417 3465 516 3504 Johan
535 3464 728 3503 Debaleterre,
744 3468 862 3508 Martyn
880 3467 1032 3509 Debyteby‚
1052 3478 1125 3506 pour
1143 3471 1225 3509 eUIX,

165 3505 201 3536 δε
222 3505 286 3535 eulx
308 3505 403 3536 faisans
422 3503 480 3534 fors
498 3504 545 3534 des
558 3513 647 3534 autres
660 3502 740 3534 Gens
752 3504 899 3544 d’Armes,
915 3505 1068 3545 Bourgois,
1084 3508 1118 3538 &
1131 3508 1226 3540 Habi-

165 3543 277 3613 1339ρε
290 3542 316 3574 Ia
328 3542 386 3574 dite
401 3541 475 3574 Ville
488 3541 525 3573 de
537 3541 712 3580 Caudebec,
730 3541 835 3574 d’autre
847 3553 927 3584 partg.
941 3554 978 3575 en
997 3545 1023 3575 la
1042 3554 1155 3583 manere
1176 3548 1224 3586 qui

165 3591 183 3612 e
214 3589 263 3613 uit.

202 3655 491 3697 PREMEREMENT‚
510 3668 582 3697 pour
596 3669 631 3690 ce
645 3668 700 3696 que
711 3659 749 3689 les
763 3657 804 3690 dis
819 3659 983 3698 Capitaine‚
996 3660 1225 3700 Nobles,Bour-

166 3698 244 3763 ficis,
261 3699 296 3729 &
308 3698 446 3729 Habitans
458 3698 494 3728 de
507 3698 532 3728 la
543 3699 600 3729 dite
615 3697 689 3728 Ville
703 3707 755 3728 ont
769 3697 826 3728 este
838 3700 872 3730 δε
886 3698 948 3730 sont
960 3700 1081 3731 refusans
1096 3700 1131 3731 de
1140 3701 1223 3731 Ren-

189 3744 218 3764 re
237 3737 302 3765 eulx
321 3737 356 3767 ὃς
377 3737 402 3766 13
424 3736 482 3766 dite
503 3736 568 3767 Vile
589 3748 625 3766 au
645 3736 687 3766 dit
713 3739 769 3776 Roy
787 3736 975 3774 d'Engieterre
988 3762 997 3775 ,
1024 3738 1112 3770 disans
1143 3740 1223 3770 icelle

166 3771 241 3802 Ville
258 3773 328 3804 estre
341 3774 375 3805 &
386 3776 540 3813 appertenir
553 3785 569 3805 a
582 3775 646 3806 lour
658 3775 810 3806 Soveraine
825 3774 960 3815 Seigneur
976 3775 1000 3806 le
1013 3779 1068 3818 Roy
1086 3778 1118 3807 a'e
1132 3781 1221 3808 Fran-

163 3820 211 3846 ce,

202 3847 270 3878 Mes
290 3847 320 3892 se
335 3849 523 3890 vouldroyent
547 3862 583 3883 en
603 3862 637 3883 ce
653 3851 776 3891 Regler,
794 3851 971 3892 Ensuyr‚·&
990 3852 1182 3894 Gouvemer,
1205 3866 1221 3887 a

163 3886 224 3930 leur
237 3895 354 3926 pouair,
369 3887 468 3919 solone
482 3890 506 3920 la
519 3891 633 3921 fourme
647 3892 681 3922 &
698 3900 813 3921 manere
830 3891 866 3921 de
888 3890 913 3921 13
935 3890 1017 3923 Citee
1037 3892 1074 3923 de
1095 3892 1221 3932 Rouen,

163 3935 214 3993 dm
230 3924 272 3954 est
283 3924 343 3954 leur
355 3934 434 3955 mere
447 3926 538 3967 ville,
556 3928 732 3960 Chevetaine
747 3929 783 3959 de
799 3929 824 3960 la
837 3929 952 3960 Duchie
965 3930 1002 3960 de
1023 3930 1221 3971 Normandie,

186 3972 268 3994 evant
286 3962 312 3992 la
332 3963 424 4007 quelle
445 3966 553 4008 ycelluy
573 3970 628 4009 Roy
641 3967 828 4005 d'Engleterre
841 3969 911 3999 tient
929 3967 982 3998 son
994 3969 1076 4008 Siege
1099 3979 1174 4008 pour
1195 3970 1222 4001 le

166 4001 291 4040 present,
309 4010 398 4032 come
410 4001 429 4030 il
443 4001 490 4033 fait
503 4004 606 4037 devant
618 4006 694 4037 ceste
706 4006 797 4044 ville,

203 4042 290 4076 Rouge
302 4042 406 4074 Cror’x,
424 4038 588 4075 Poursuiant
600 4043 639 4075 du
656 4045 699 4077 dit
722 4044 791 4085 Roy
813 4044 1020 4086 d’Engleterre,
1039 4055 1112 4085 pour
1130 4046 1164 4079 &
1183 4057 1220 4079 en

229 4081 303 4109 Tum.
320 4080 369 4109 1V.
386 4080 420 4109 P.
440 4080 498 4110 III.

1291 380 1364 410 Ville
1386 380 1422 411 de
1443 381 1597 421 Caudebec
1616 382 1669 412 soit
1691 384 1724 413 &
1743 383 1859 413 demure
1879 394 1914 413 en
1935 383 2075 414 astinence
2095 386 2130 414 de
2151 384 2278 421 Guerre,
2298 394 2347 422 par

1290 418 1366 448 Eaue
1381 419 1414 449 δε
1430 429 1479 456 par
1493 419 1601 456 Terre,
1614 419 1713 458 jusque
1727 430 1741 449 a
1756 431 1789 451 ce
1805 431 1860 458 que
1879 422 1903 451 le
1916 421 2014 461 Siege‚
2031 424 2134 454 devant
2147 422 2171 452 la
2195 423 2252 453 dite
2273 422 2346 453 Ville

1290 457 1323 488 &
1337 455 1419 487 Citee
1433 458 1468 487 de
1484 456 1607 495 Rouen,
1625 459 1661 488 ait
1676 460 1730 495 pris
1742 458 1780 489 fin
1795 461 1827 489 δε
1843 460 2018 491 εοηςίυίῐοη.

1325 494 1395 525 ΙΤΕ
1405 503 1431 525 M
1441 518 1450 534 ‚
1467 496 1500 527 &
1514 495 1541 526 se
1554 495 1573 526 il
1588 495 1670 527 estoit
1684 497 1749 527 einsi
1766 507 1820 535 que
1833 497 1857 527 la
1869 498 1925 528 dite
1941 498 2029 538 ville,
2049 498 2108 534 &a

1661 630 1711 661 De
1729 630 1816 675 Regio
1833 627 1967 673 Assensit.

1290 710 1407 765 REX
1427 711 1589 760 Omnibus,
1606 712 1641 743 ad
1654 723 1742 752 quos,
1760 712 1821 744 &c-
1841 712 1974 744 Salutem.
2365 709 2492 742 Ann.D.‘

1387 750 1484 780 Sciatis
1501 752 1598 789 quod,
2389 750 2476 788 1418.

1322 785 1403 817 Cum
1418 798 1524 826 nuper,
2359 793 2412 816 An.
2429 794 2456 817 6.

1301 862 1307 868 ‘
1322 824 1450 857 Vacante
1471 826 1641 864 Episcopatu
1664 826 1877 859 Constancienfi
1899 839 1947 866 per
1963 827 2113 867 Mortem,
2130 828 2216 858 bonae
2231 838 2341 859 merno-
2356 830 2391 854 H.
2414 836 2433 861 5
2437 848 2444 854 -

1283 863 2339 943 {531'2113‘ffiffgsstsspfflifissbss‘iigsssffffl‘fflfficgpffssblzffluffisspgcfflssff
2361 870 2452 939 {0233
2465 864 2490 930 ῗ

1284 946 1401 1022 tetidae’m
1420 979 1585 1018 Capitulum
1611 980 1787 1018 Magistrum
1808 981 1970 1011 Nicholaum
1994 982 2138 1020 Habendi,
2157 981 2290 1012 Moribus
2311 982 2345 1012 δε
2365 950 2399 968 m·
2413 949 2454 977 ¹3.

1281 1015 1421 1056 Scientia,
1439 1025 1469 1048 ut
1490 1019 1693 1058 informamur,
1711 1022 1815 1050 merito
1839 1020 2120 1058 commendandum,
2137 1024 2167 1050 in
2190 1020 2344 1060 Episcopum

1282 1057 1348 1085 Loci
1360 1056 1431 1085 illius
1442 1058 1571 1096 elegerit,
1591 1066 1675 1095 prout
1687 1067 1721 1088 ex
1737 1068 1839 1089 eorum
1854 1058 1954 1089 Literis
1968 1058 2066 1088 Nobis
2080 1059 2207 1096 constat,

1299 1132 1303 1137 ,
1320 1096 1336 1111 *
1354 1094 1578 1164 {ogfilgssissni
1592 1096 1630 1127 illi
1644 1096 1682 1127 fic
1697 1097 1780 1128 fidiae
1792 1097 1919 1134 Regium
1936 1097 2084 1128 Assensum
2099 1097 2278 1128 adhibuimus
2291 1107 2339 1135 pa·
2357 1111 2375 1129 «ι
2395 1114 2447 1143 ηςΑ

1280 1139 1357 1238 ἶζὲῐ
1377 1171 1435 1202 hoc
1457 1158 1611 1211 omnilius,
1628 1182 1751 1211 quorum
1773 1174 1901 1212 interest,
1919 1174 2119 1205 innotescimus
2144 1184 2192 1212 per
2214 1174 2341 1205 Praesen-
2359 1152 2425 1182 6²¹⁹

1323 1232 1329 1238 ⁶
1353 1245 1387 1277 ln
1402 1248 1495 1286 cujus,
1512 1248 1573 1280 &c.

1317 1322 1407 1368 Teste
1421 1323 1501 1367 Rege
1515 1327 1544 1354 in
1561 1327 1693 1355 Exercitu
1699 1324 1750 1366 βο
1763 1335 1841 1365 prope
1856 1330 2005 1357 Civitatem
2018 1328 2252 1368 Rctlaomagensem
2266 1328 2340 1360 (1110-

1280 1360 1394 1392 decimo
1411 1362 1457 1393 die
1469 1364 1651 1401 Septembris.

1920 1444 1972 1472 Per
1986 1440 2066 1481 ipstcm
2080 1447 2182 1481 Regem.

1488 1569 1537 1600 De
1555 1565 1657 1612 Officio
1668 1565 1812 1612 portandi
1830 1567 1964 1612 Nigram
1982 1569 2127 1612 Virgam2

1283 1652 1339 1707 R
1356 1651 1422 1683 EX
1448 1650 1594 1699 Omnibus
1601 1674 1610 1690 ‚
1630 1651 1664 1682 ad
1680 1661 1768 1690 quos,
1788 1652 1849 1683 &c-
1869 1650 2004 1681 Salutem.
2356 1640 2432 1671 Asm-
2440 1637 2491 1709 gD·

1379 1691 1475 1722 Sciatis
1490 1690 1588 1729 quod,
2358 1689 2465 1746 11111316..

1318 1727 1366 1758 De
1387 1729 1487 1761 Gratia
1506 1728 1600 1759 nostra
1623 1727 1747 1766 speciali,
1771 1729 1804 1759 &
1823 1735 1876 1765 pro
1898 1729 1979 1757 bono
2002 1728 2035 1758 &
2056 1729 2175 1767 gratuito
2198 1727 2338 1767 Servitio‚

1280 1765 1380 1797 Nobis
1396 1777 1461 1805 per,
1478 1767 1615 1797 dilectum
1631 1767 1816 1803 Armigerum
1832 1765 2145 1804 nostrumffohanraem
2160 1767 2276 1806 Cliffiard
2284 1769 2339 1798 im-
2357 1761 2391 1783 H.
2411 1766 2438 1792 5·

1278 1805 1366 1844 penso
1380 1807 1413 1836 ὃς
1428 1805 1644 1844 Impendendo,
2360 1800 2449 1823 Norm.
2463 1796 2492 1821 ⁶·

1317 1843 1484 1883 Conceffimus
1497 1846 1521 1874 ei
1535 1843 1677 1874 Officium
1686 1843 1822 1881 Virgarii,
1838 1843 1872 1873 ad
1886 1842 2058 1881 portandum
2073 1845 2190 1881 Nigr-am
2209 1848 2343 1884 tham,
2360 1838 2392 1860 H.
2421 1842 2448 1867 5·
2467 1839 2494 1869 P·

1279 1891 1376 1912 coram
1394 1883 1505 1921 Nobis,
1525 1883 1555 1912 in
1569 1881 1715 1913 Comitiva
1729 1883 1765 1911 de
1780 1882 1805 1912 13
1827 1881 1945 1920 Garrer,
1964 1881 2036 1911 infra
2058 1881 2193 1913 Castrum
2211 1887 2341 1915 nostrum
2364 1881 2386 1899 ¹·
2401 1881 2437 1899 '⁷¹’
2450 1880 2492 1908 ¹3⁵-

1279 1920 1315 1952 de
1330 1921 1523 1959 VVyndesore²

1315 1960 1479 1989 Habendum
1503 1959 1542 1995 ό·

1277 1996 1355 2028 Vitae
1369 1999 1440 2037 suae,
1457 2008 1527 2029 cum
1538 1997 1713 2028 omnimodis
1727 1995 1839 2035 vadiis,
1859 1997 1975 2034 FeodiS,
1994 1998 2026 2028 &
2040 1997 2196 2035 Proficuis,
2213 1999 2247 2029 ad
2263 2000 2341 2031 idem

1277 2035 1422 2067 Officium
1437 2037 1532 2068 debite
1546 2036 1748 2074 pertinentibus
1763 2036 1818 2066 five
1832 2036 2035 2073 spectantibus,
2054 2046 2107 2066 una
2131 2047 2198 2066 cum
2219 2038 2341 2075 quadam

1279 2074 1384 2105 Domo
1399 2076 1470 2106 infra
1484 2074 1619 2106 Castrum
1630 2073 1759 2104 nostrum
1776 2074 1945 2114 praedictum
1955 2098 1964 2110 ,
1978 2074 2071 2104 eidem
2085 2074 2196 2105 Officio
2211 2075 2339 2112 speetan-

1278 2123 1306 2145 te
1321 2122 1351 2144 ut
1365 2113 1484 2152 dicitur,
1504 2113 1607 2144 eodem
1623 2112 1714 2142 modo
1731 2122 1789 2150 quo
1804 2112 1969 2142 Willielmus
1992 2113 2171 2151 Hardegrove
2195 2113 2338 2146 Officium

1277 2152 1344 2183 illud
1357 2152 1456 2184 habuit
1471 2153 1504 2184 &
1517 2152 1672 2189 occupavit
1684 2150 1754 2181 dum
1770 2151 1896 2188 vivebat,
1958 2163 1961 2167 ’

1316 2190 1380 2230 Eo,
1396 2192 1477 2229 quod
1489 2191 1613 2227 expressa
1624 2190 1734 2220 mentio
1751 2189 1786 2219 de
1800 2189 1857 2220 aliis
1869 2189 1964 2220 Donis
1979 2190 2012 2220 &
2028 2189 2340 2229 Conceffionibus‚per

1277 2228 1348 2260 Nos
1366 2230 1484 2269 praesato
1504 2229 1633 2267 Johanni
1652 2237 1717 2258 ante
1742 2227 1806 2258 haec
1821 2237 1948 2266 tempora
1961 2228 2054 2267 saetis,
2073 2238 2119 2260 aut
2134 2229 2170 2260 de
2184 2230 2278 2261 valore
2289 2241 2341 2267 eo-,

1276 2268 1426 2337 rumdem,
1439 2268 1493 2312 ,hic
1507 2267 1581 2337 fgcdta
1594 2275 1654 2297 non
1666 2264 1773 2304 existit,
1790 2276 1850 2297 non
1863 2266 2002 2297 obstante.

1364 2316 1382 2336 n
1398 2316 1433 2336 cu
1448 2317 1477 2337 us
1547 2316 1582 2336 ς.»

1312 2344 1403 2376 Teste
1450 2330 1500 2383 ege
1511 2367 1520 2381 ,
1534 2347 1563 2374 in
1579 2342 1766 2383 Exercitufico
1783 2350 1849 2374 ante
1870 2345 2020 2375 Civitatem
2035 2343 2227 2384 Rothomagen.
2247 2345 2337 2377 Deci⁴

1277 2394 1328 2416 mo
1342 2383 1471 2422 Septimo
1486 2382 1545 2414 Die
1559 2382 1740 2421 Septembris.

1563 1958 1749 1997 Occupandum
1772 1957 1913 1989 Officium
1933 1958 2100 1996 praedffium
2122 1969 2175 1997 pro
2196 1960 2340 1992 Termino

1916 2463 1969 2491 Per
1977 2461 2061 2502 instem
2074 2461 2179 2499 Regem.

1630 2588 1679 2619 De
1701 2581 1856 2619 Praebenda
1874 2587 1973 2618 Data.

1276 2672 1405 2732 REX,
1432 2666 1555 2703 Decano
1577 2672 1611 2702 δε
1634 2669 1769 2709 Capitulo
1791 2669 1926 2701 Ecclesiae
1947 2669 2122 2701 Cathedralis
2143 2670 2337 2712 Ebroicenfis‚
2357 2672 2487 2707 Anan

1349 2711 1421 2742 Sede
1435 2711 1542 2741 ibidem
1557 2709 1700 2747 Vacante,
1714 2709 1853 2753 Salutem.
1882 2748 1887 2753 Ι
2376 2717 2459 2754 1418.

1312 2749 1405 2780 Vobis
1419 2772 1428 2788 ‚
1450 2750 1569 2780 Tenore
1590 2748 1772 2778 Praesentium
1786 2770 1796 2786 ‚
1820 2746 2005 2783 figmficamus
2027 2747 2107 2783 quud
2128 2747 2335 2787 Praebendam,
2352 2759 2393 2781 Aa
2420 2757 2448 2782 6.

1273 2795 1361 2827 quam
1382 2789 1511 2825 optinere
1530 2786 1632 2817 solebat
1656 2785 1793 2825 Magister
1814 2783 1961 2815 Nxholaus
1989 2784 2012 2815 le
2034 2788 2123 2815 Franc
2152 2788 2180 2816 in
2209 2788 2333 2818 Ecclefia
2348 2797 2383 2819 H.
2402 2802 2430 2828 5.

1274 2827 1424 2865 praedicta,
1443 2836 1520 2856 nunc
1545 2826 1661 2855 liberam
1684 2826 1718 2856 ὃς
1741 2833 1908 2862 vacantem,
1933 2825 1962 2853 in
1982 2823 2117 2855 Manibus
2139 2824 2240 2856 nostris
2258 2827 2333 2865 Jure
2351 2831 2416 2859 lbi-t.

1272 2865 1391 2902 Regaliae
1409 2864 1590 2902 existentem,

1311 2903 1400 2941 Cujus
1416 2901 1531 2941 quidem
1546 2901 1730 2938 Praebendae,
1750 2901 1787 2932 sic
1802 2899 1953 2938 vacantis,
1973 2899 2100 2931 Collatio
2116 2902 2149 2933 &
2163 2904 2335 2935 omnimoda

1271 2941 1430 2979 Dispositio
1444 2940 1544 2971 Nobis
1559 2939 1713 2970 noscuntur
1727 2940 1880 2977 pertinere,

1310 2979 1429 3010 Dilecto
1444 2980 1525 3009 nobis
1538 2977 1671 3008 Nicholao
1685 2979 1717 3008 de
1732 2975 1857 3007 Holande
1871 2975 2055 3007 Contulimus
2075 2978 2109 3008 ὃς
2126 2977 2297 3018 Donamus,

1308 3018 1473 3048 Habendam
1483 3041 1492 3056 ,
1510 3027 1579 3047 cum
1593 3017 1644 3046 suis
1655 3016 1770 3054 juribus
1785 3017 1819 3046 &
1835 3016 2008 3053 pertinentiis
2022 3016 2265 3055 quibuscumque3

1313 3056 1406 3087 Vobis
1422 3055 1592 3085 Mandamus
1607 3055 1734 3090 quatinus
1748 3054 1837 3091 ipsum
1853 3052 2032 3091 Nicholaum,
2053 3054 2097 3084 vel
2114 3056 2173 3091 ejus
2197 3055 2334 3086 Procura-

1270 3103 1380 3133 torem,
1399 3094 1555 3131 Recipiatis
1569 3094 1597 3122 in
1613 3092 1799 3124 Canonicum
1811 3093 1844 3123 &
1858 3091 1983 3122 Fratrem
1997 3101 2065 3122 cum
2081 3092 2333 3132 Solempnitatibus

1270 3135 1301 3163 in
1315 3134 1412 3164 talibus
1429 3132 1488 3162 fieri
1504 3131 1652 3162 consuetis.

1343 3170 1377 3201 In
1392 3171 1487 3208 cujus,
1505 3171 1566 3201 δίς.

1304 3209 1394 3240 Teste
1406 3208 1489 3247 Rege
1501 3211 1531 3238 in
1548 3210 1679 3238 Exercitu
1690 3205 1741 3248 fiko
1754 3214 1820 3238 ante
1837 3209 1988 3238 Civitatem
2002 3206 2192 3245 Rothomagen.
2210 3208 2328 3241 decimo

1268 3249 1374 3280 octavo
1386 3248 1432 3279 die
1444 3247 1627 3285 Septembris.

1902 3329 1908 3332 '
1925 3324 1979 3353 Per
1993 3323 2077 3363 ipfhm
2095 3325 2199 3361 Regem.

1573 3453 1622 3485 De
1639 3453 1866 3484 Poenitentiaria
1885 3448 2020 3494 concefflc.

1264 3537 1394 3597 REX,
1412 3537 1520 3568 dilectis
1534 3536 1582 3567 fibi
1600 3537 1629 3566 in
1645 3535 1779 3573 Christo,
1797 3537 1907 3564 Decano
1924 3533 1963 3569 ῥ’
1981 3533 2105 3572 Capitulo
2121 3532 2255 3565 Ecclefiae
2264 3531 2322 3563 Ca-
2339 3531 2471 3573 Ann.D2'

1337 3576 1466 3608 thedralis
1481 3574 1673 3612 Ebroicenfis,
1691 3574 1764 3604 Sede
1778 3582 1911 3609 vacante,
1926 3572 2061 3603 Salutem.
2359 3573 2449 3611 1418.

1300 3614 1382 3646 Cum
1402 3613 1610 3644 Poenitentiaria
1633 3612 1768 3643 Ecclesiae
1786 3611 1930 3648 praedietae
1948 3622 1963 3641 a
1985 3611 2033 3641 diu
2053 3611 2095 3641 est
2110 3610 2264 3647 vacaverit,
2284 3609 2318 3640 ὃ(
2333 3615 2386 3638 An.
2404 3612 2433 3639 6.

1263 3653 1356 3684 adhuc
1379 3660 1459 3684 vacet
1480 3658 1511 3682 ut
1532 3652 1711 3688 accepimus,
1731 3650 1799 3680 Nos
1820 3649 2065 3680 Poenitentiariam
2086 3649 2267 3689 praedictam,
2284 3647 2322 3679 fic
2335 3654 2370 3676 H.
2387 3655 2415 3686 ς.

1262 3691 1434 3727 Vacantem,
1452 3691 1486 3720 &
1496 3689 1530 3720 ad
1546 3689 1672 3720 nostram
1688 3689 1885 3719 Donationem
1901 3688 2072 3726 speetamem
2082 3710 2090 3724 ‚
2105 3686 2211 3716 dilecto
2228 3685 2322 3724 nobis,
2336 3688 2443 3724 Ibidemg

1261 3730 1404 3801 gcdagistro
1420 3731 1501 3758 Petro
1515 3728 1667 3768 Francisci‚
1683 3726 1837 3758 Canonico
1858 3726 1991 3757 Eccleliae
2014 3725 2174 3762 praedictae,
2189 3723 2320 3754 Dedimus

1310 3767 1494 3837 Οοηεῖζῇηιως

1297 3807 1358 3837 Vos
1407 3815 1522 3843 ogantes
1537 3806 1682 3843 quatinus,
1701 3804 1792 3843 ipsum
1807 3806 1919 3833 Petrum
1933 3802 1966 3832 ad
1983 3801 2225 3843 poenitentiariam
2241 3800 2318 3830 illam

1261 3845 1457 3883 admittentes,
1474 3845 1597 3874 eundem
1612 3846 1722 3873 Petrum
1740 3844 1825 3880 ipsam
1839 3841 2183 3882 Poenitentiariampcum
2196 3839 2248 3869 suis
2264 3838 2318 3878 Ju-

1260 3885 1334 3914 ribus
1348 3884 1382 3914 &
1396 3882 1573 3913 Pertinentiis
1586 3881 1825 3920 quibuscumque,
1842 3879 1944 3908 habere
1960 3885 2132 3915 permittatis.

1299 3921 1482 3991 Tgiqoecfguffi
1495 3922 1674 3989 zicgixercitu
1689 3956 1739 3996 fico
1761 3962 1827 3985 ante
1844 3957 1996 3984 Civitatem
2015 3952 2206 3992 Rothomagen.
2229 3954 2318 3986 Deci-

1261 4009 1313 4031 mo
1329 3969 1518 4031 Ostavggssie
1531 3997 1710 4036 Septembris.
2007 4032 2012 4037 .

1931 4031 1984 4059 Per
2002 4028 2084 4069 tpfitm
2103 4032 2207 4069 Regem.

1734 4079 1800 4110 -Ι
2276 4080 2322 4109 De
