2562 4274
0 243 36 263 in.
52 231 93 262 D.

0 280 70 311 421.

0 322 25 339 n.
50 320 78 346 5.

10 1891 112 1923 X.107.

111 167 163 206 24

118 357 212 401 Super
233 349 393 398 Regimine]
405 353 442 388 dy
463 347 686 430 Jnrisdiffssnc
701 362 761 396 qux
779 348 823 382 ad
837 351 1008 396 Capitaneos
1030 351 1178 394 pertinere

590 397 625 430 de
646 408 724 432 eant.

118 486 204 542 RE
215 484 262 524 X,
280 488 427 524 capitaneo
441 484 473 514 de
488 485 596 522 Rauen,
613 483 660 514 vel
678 484 735 522 ejus
759 482 983 513 Locumtenenti
1003 482 1112 513 ibidem
1130 482 1179 513 Sa-

194 525 291 554 linem.

152 562 231 600 Qiia
243 561 371 592 nonnulli
391 560 538 598 capitanei
559 560 700 591 Villarum
716 584 726 599 ,
753 559 920 590 Castrorum
936 582 946 597 ,
966 560 998 590 δε
1019 559 1179 590 Fortalitio-

120 610 184 631 rurn
200 601 383 636 nostrorum,
397 600 430 630 ὅ(
447 609 547 630 eorum
563 600 786 635 LocatenenteS,
806 598 967 635 Officiarii,
985 599 1019 628 &
1037 598 1180 637 Ministri,

119 640 148 669 in
165 640 280 670 Ducatu
298 638 395 669 nostro
411 638 622 677 Normanniae,
642 640 675 669 ὃς
688 639 744 668 aliis
766 637 854 667 Locis
872 635 1053 674 Conquestus
1074 637 1180 675 nostri,

118 678 171 708 fibi
185 679 334 708 temerario
348 679 380 708 &
398 677 523 707 indebite
538 678 688 707 vendicant
705 678 737 707 ὃς
753 676 879 712 usurpant
894 676 922 704 in
937 676 1080 705 nonnullis
1100 674 1178 705 Cali-

119 717 169 747 bus
180 716 355 748 Potestatem
374 738 383 753 ‚
402 715 627 753 Auctoritatem,
645 714 937 752 &jurisdictioneni,
955 714 993 744 eis
1012 714 1092 744 nullo
1115 723 1181 744 mo-

118 756 158 786 do
173 766 221 794 per
237 755 303 786 Nos
319 755 479 785 attributam
496 763 543 784 aut
557 763 783 793 competentem,

152 794 197 825 Ac
212 794 316 835 Ligeos
327 795 360 825 &
373 793 508 823 Subdi:os
531 792 643 823 nostros
661 792 857 830 depraedantur
877 791 910 821 &
930 790 1047 829 spoliant
1068 791 1154 822 Bonis
1172 814 1182 829 ,

118 831 252 871 Catallis,
268 834 300 864 ὃς
314 831 414 862 Rebus
429 831 495 868 suis,
515 832 548 862 ἃ
564 831 676 861 eosdem
692 839 812 861 onerant
826 830 1028 860 Exactionibus
1044 853 1054 867 ,
1079 830 1180 869 Impo-

118 872 281 910 sitionibus,
300 871 448 907 Subsidiis,
466 871 500 901 ὃς
519 870 786 907 Appaticiamentis,
806 869 863 899 tam
879 869 908 898 in
930 867 1076 908 Pecuniis,
1095 870 1182 907 quam

117 911 149 942 in
163 910 355 948 VistualibuS,
373 911 406 940 ὅτ.
423 910 480 939 aliis
498 910 591 938 multis
607 909 709 944 modis,
922 945 926 949 .

155 949 273 988 Aliaque
287 948 422 980 nonnulla
436 948 530 984 gravia
545 948 578 977 &
593 948 720 977 enormia
735 944 1005 983 DeliCta,Crimina
1026 946 1059 976 &
1079 944 1182 976 Exces-

120 988 163 1020 sus
185 990 314 1027 nequiter
335 988 499 1024 Perpetrant
520 986 553 1016 ὃ(
569 984 784 1022 Committunt,
802 986 834 1014 ὅς
851 995 867 1014 a
886 983 936 1013 suis
953 983 1084 1014 Soldariis
1099 1006 1108 1021 ,
1128 984 1184 1014 Sti-

120 1028 283 1066 pendiariis,
302 1028 335 1058 ὃς
350 1025 540 1056 Servitoribus
557 1025 639 1062 (quos
655 1025 747 1063 itaque
763 1031 860 1062 regere
874 1022 1070 1060 &gubernare
1084 1031 1184 1053 tenen-

121 1068 184 1102 tur>
200 1065 258 1096 fieri
277 1065 442 1103 permittunt
457 1064 486 1092 in
501 1064 635 1101 grandem
650 1061 769 1092 Divinae
789 1059 947 1098 Majestatis
967 1060 1104 1092 offensam
1121 1084 1131 1099 ,
1149 1071 1183 1092 ac

119 1105 257 1135 nostri&
273 1104 384 1142 Legum
403 1101 561 1132 nostrarum
581 1101 785 1139 Praejudicium
807 1101 839 1131 &
857 1098 1070 1137 Contemptum
1091 1101 1184 1130 mani-

123 1142 210 1182 festa,
230 1152 344 1181 necigon
359 1140 504 1171 diciorum
520 1139 706 1170 Subditorum
731 1138 895 1168 nostrorum
916 1137 1045 1168 Ducaisis
1062 1139 1095 1170 &
1117 1138 1184 1169 Par-

123 1183 196 1213 tium
210 1181 413 1219 praedictorum
430 1179 641 1209 enervationem
656 1180 688 1210 ὃ(
704 1176 928 1208 ἀείὶτιιᾶἰοηειιι
941 1199 950 1214 ,
968 1177 1016 1206 nisi
1035 1178 1068 1208 δε
1088 1186 1184 1216 quate-

122 1230 175 1251 nus
188 1219 265 1258 super
280 1220 348 1256 hiis,
365 1227 413 1257 per
428 1217 510 1255 Nos,
528 1216 564 1246 de
579 1216 722 1247 Remedio
736 1216 819 1246 celeri
831 1215 1024 1253 provideretur
1046 1218 1079 1247 ὃ(
1095 1226 1183 1254 opor-

122 1267 210 1296 tuno,
231 1267 261 1288 ut
275 1268 308 1288 ex
319 1258 508 1294 frequentibus
521 1255 664 1286 dic‘lorutn
683 1255 871 1286 Subditorum
891 1254 1054 1285 nostrorum
1071 1256 1184 1295 Qere-

122 1298 170 1335 lis,
187 1307 219 1327 ac
233 1306 265 1327 ex
283 1298 340 1334 ipsit
358 1295 435 1325 Fac-‘ti
448 1294 609 1332 evidentia,
628 1294 828 1334 perpendimus
843 1293 1003 1330 evidenter,

170 1335 238 1366 Nos
253 1336 381 1371 idcirco,
398 1332 425 1363 V
429 1334 535 1364 olentes
548 1334 651 1372 (prout
663 1342 698 1363 ex
712 1332 824 1369 suscepti
843 1331 1003 1369 Regiminis
1015 1331 1128 1363 Officio
1141 1341 1183 1363 te-

121 1383 223 1404 nemur
237 1374 270 1404 &
284 1373 503 1411 adstringimur)
523 1370 674 1401 Praemissis
687 1371 803 1402 obviare
814 1371 847 1401 &
858 1379 1025 1408 occurrere,

157 1412 194 1442 Et
208 1411 332 1442 Matrem
349 1413 500 1448 virtutum,
517 1409 670 1449 justitiam,

162 1450 216 1481 Pei·
232 1461 315 1489 quam
340 1450 435 1488 Reges
457 1458 589 1487 regnant,
614 1448 647 1479 ὃς
672 1447 776 1485 Regna
797 1448 895 1485 vigent
918 1447 952 1477 δε
971 1447 1182 1486 prosperantur,

123 1490 180 1528 qua
194 1489 334 1520 docemur
349 1490 381 1520 ὃ(
398 1487 560 1518 instruimur
576 1486 694 1517 honeste
710 1488 821 1525 vivere,
837 1486 971 1516 Alterum
990 1496 1049 1516 non
1068 1486 1184 1525 laedere,

125 1532 158 1560 ὸε
168 1527 220 1568 Jus
232 1529 313 1558 suum
328 1529 432 1566 cuique
446 1527 578 1564 tribuere,

163 1566 284 1606 Ubique
295 1565 451 1598 Terrarum
467 1565 499 1596 &
515 1564 682 1602 Locorum,
706 1564 790 1594 nobis
805 1562 1016 1602 subjectorum,
1038 1573 1134 1603 regere
1153 1564 1187 1595 δε

124 1606 286 1645 principari,

159 1643 269 1682 Vobis,
285 1653 332 1683 per
355 1641 507 1673 Praesentes
563 1641 730 1672 articulatim

126 1681 268 1721 Regimen
284 1684 316 1712 δὲ
328 1682 484 1720 jurisdictio
499 1665 535 1711 ad
548 1679 626 1719 Vos,
643 1681 750 1711 ratione

126 1722 214 1756 tinere
230 1722 360 1758 debeant,

164 1759 200 1790 Et
215 1783 224 1798 ,
250 1760 302 1789 unii
323 1769 392 1789 cum
416 1758 472 1789 hoc
485 1780 495 1796 ,
518 1756 653 1788 adicimus
675 1757 827 1796 specialiter
848 1756 986 1795 quosdam
1017 1756 1162 1788 Articulos
1180 1779 1190 1795 ,

147 1808 196 1828 uos

125 1808 144 1836 q
165 1821 224 1867 Su'b
244 1835 358 1873 Poenis,
377 1836 404 1865 in
419 1845 449 1866 ea
464 1842 539 1873 parte
549 1834 585 1865 de
601 1834 670 1873 Jure
691 1834 937 1873 incumbentibus,
959 1844 991 1865 ac
1013 1834 1071 1864 aliis
1090 1833 1190 1864 Poenis

131 1885 180 1913 per
193 1874 262 1905 Nos
276 1875 424 1913 speculum·
440 1874 584 1911 institutis,
604 1875 652 1910 ὃς,
671 1874 689 1904 ii
705 1875 732 1903 in
755 1874 787 1904 ali
811 1883 850 1903 uo
872 1874 891 1892 ³*
919 1874 1113 1904 Articulorum
1128 1873 1191 1904 illo-

128 1923 194 1944 rum
211 1912 301 1944 Poeui
316 1914 430 1943 limitata
446 1923 506 1943 non
519 1913 618 1951 fuerit,
634 1913 684 1943 sub
698 1912 790 1942 Poena
820 1911 1053 1950 mprisonamenti
1067 1935 1076 1949 ,
1098 1911 1132 1942 &
1151 1911 1190 1943 al-

128 1953 211 1985 terius
223 1953 364 1991 amplioris
380 1952 481 1982 Poenae
491 1975 499 1988 ,
519 1961 572 1989 pro
586 1950 692 1981 nostrae
705 1950 855 1981 voluntatis
867 1951 983 1981 arbitrio
996 1950 1191 1990 imponendae,

167 1990 350 2023 Votuiviu
362 2000 373 2021 s
390 1992 424 2023 &
439 1990 564 2021 districte
577 1990 600 2020 P
611 1999 634 2021 R
644 1999 719 2021 AEcr
730 1998 805 2020 PIM
815 1997 835 2020 υ
846 1998 858 2020 s
878 1989 1029 2021 observari.

753 1639 944 1710 significamus
963 1651 1027 1679 quae
1046 1641 1080 1672 &
1099 1641 1189 1680 qualia

785 1680 964 1719 ‘apitancatus
979 1679 1117 1718 praedieti',
1126 1690 1188 1719 per-

165 2071 202 2102 Et
215 2070 288 2103 [NP
300 2078 318 2101 a
330 2076 419 2099 1Mts
434 2091 444 2106 ,
468 2077 521 2106 pro
541 2066 623 2098 Salva
644 2065 750 2097 Gardia
772 2066 847 2098 Loci
867 2065 1015 2106 praediciti,
1042 2065 1192 2097 Custodiae

128 2110 229 2142 vestrae
250 2119 300 2149 per
320 2108 389 2138 Nos
409 2105 551 2147 commisii
569 2129 578 2144 ,
602 2105 814 2136 VoLUMus
841 2106 874 2138 &
900 2103 1191 2137 Diacizizmiuus

129 2148 210 2188 quod
223 2157 324 2178 omnes
339 2147 372 2178 ἃ
389 2145 488 2185 singuli
502 2145 619 2175 Soldarii
632 2144 676 2174 seu
698 2144 875 2183 stipendiarii
896 2145 1026 2184 praedicti
1047 2143 1141 2182 Loci,
1158 2152 1193 2174 ac

129 2190 190 2226 alii,
209 2187 258 2225 qui
272 2187 348 2218 circa
363 2194 450 2216 tutam
466 2185 498 2215 &
510 2183 614 2214 salvam
630 2181 768 2213 Gardiarn
782 2182 904 2221 ejusdem
925 2193 1024 2224 vacare
1045 2183 1079 2213 &
1100 2182 1194 2212 inten-

129 2226 194 2257 dere
209 2233 355 2262 tenentur,
395 2232 508 2254 uatenus
523 2223 556 2253 ad
572 2232 620 2253 eos
635 2222 667 2252 ὅ(
681 2221 837 2261 quemlibet
858 2231 960 2252 eorum
982 2221 1084 2261 spe&at
1101 2244 1112 2259 ,
1132 2220 1194 2251 Vo-

131 2262 217 2296 bisin
234 2275 265 2296 ea
281 2274 356 2302 parte
373 2234 492 2293 {areant
506 2284 515 2300 ,
539 2260 700 2298 Obediant,
726 2260 759 2292 ὃς
783 2259 933 2292 Intendant
954 2262 983 2291 in
1004 2260 1141 2290 omnibus
1159 2260 1194 2291 &

131 2303 257 2343 singulis,
284 2302 523 2333 concernentibus
547 2299 657 2331 Salvam
678 2299 817 2330 Gardiam
839 2310 874 2331 ac
898 2309 988 2332 tutam
1009 2299 1042 2330 &
1069 2299 1195 2329 securam

132 2342 301 2374 Custodiam
317 2341 438 2381 ejusdcm
454 2340 543 2370 Loci:
624 2377 626 2379 Ι

169 2381 206 2412 Et
223 2381 301 2419 quod
317 2381 351 2410 ad
367 2379 443 2417 Vos,
463 2377 803 2416 vestrosquegofficiirios
823 2379 856 2411 ὃς
879 2379 1039 2418 Deputatos
1055 2402 1065 2417 ,
1091 2376 1195 2416 spe&et

134 2420 167 2451 ἃ
181 2422 314 2457 pertinen
331 2418 472 2457 Regimen
485 2417 518 2448 &
532 2416 712 2447 Gubernatio
727 2441 736 2455 ,
756 2418 814 2447 tam
837 2428 885 2456 per
908 2419 998 2449 Diem
1013 2442 1021 2456 ,
1041 2418 1125 2456 quam
1165 2427 1195 2447 er

135 2457 287 2496 Noc‘lem,
309 2457 480 2493 Mororum,
498 2456 664 2493 Portarum,
691 2455 829 2486 Exituum
847 2479 856 2495 ,
874 2457 1051 2487 Fellatorum
1067 2480 1076 2493 ,
1091 2465 1124 2486 ac
1172 2466 1196 2485 i-

137 2497 264 2535 gilizirum
280 2498 352 2525 Loci
366 2495 507 2533 praedicti,
525 2495 600 2524 circa
614 2504 678 2533 quae
691 2495 872 2533 praecipimus
884 2497 917 2527 &
932 2495 1102 2526 Mandamus
1135 2494 1195 2525 uod

139 2536 277 2573 provide,
295 2534 454 2572 diligenter,
472 2534 504 2563 δε
519 2533 647 2572 solerter,
666 2534 723 2563 tam
738 2543 786 2572 per
810 2533 900 2564 Diem
914 2557 924 2573 ,
943 2536 1028 2573 quam
1048 2543 1098 2571 per
1148 2532 1194 2563 Yo-

140 2573 218 2603 &em
228 2595 236 2610 ,
254 2571 403 2610 Invigiletis
415 2572 446 2602 &
462 2571 630 2601 intendatis:

177 2610 222 2640 Ac
237 2610 397 2648 Castigetis,
415 2610 554 2646 Puniatis,
574 2611 606 2641 &
620 2609 819 2648 Coherceatis,
835 2612 912 2649 juxta
932 2609 1025 2641 Casiis
1043 2610 1087 2640 seu
1112 2609 1196 2640 Deli-

141 2648 181 2679 ἂι
195 2648 367 2687 Qialitatem
381 2650 413 2678 ὃς
427 2649 614 2689 exigentiam,
637 2649 777 2680 Soldarios
792 2673 802 2687 ‚
826 2650 1025 2689 stipendiarios
1038 2673 1047 2688 ,
1073 2649 1105 2679 &
1127 2648 1196 2679 alios

163 2688 290 2717 uoscum‹
303 2696 350 2723 ue,
377 2687 404 2715 in
426 2686 575 2715 Pissaemissis
594 2696 639 2716 aut
661 2688 735 2717 circa
755 2697 786 2717 ea
803 2688 1021 2726 quomodolibet
1042 2688 1197 2725 Transgre-

163 2726 263 2762 ientes,
316 2726 485 2762 elinquentes
499 2747 508 2761 ,
525 2733 571 2756 aut
585 2724 791 2761 Offendentes3
810 2726 977 2756 abstinendo
1001 2736 1051 2755 vos
1073 2727 1195 2755 omnino

141 2765 178 2795 ab
191 2763 440 2802 Oppreilionibus,
457 2762 688 2799 Extortionibus,
706 2763 739 2793 ὃς
764 2763 965 2794 Exac'iionibus
987 2764 1117 2794 indebitis
1136 2764 1198 2803 qui-

141 2803 317 2840 buscumque
327 2825 335 2839 ‚
355 2803 461 2832 ratione
476 2802 601 2838 praetensi
616 2800 778 2841 NegleClfis
793 2802 958 2841 Vigiliarum
969 2802 1200 2840 Nofituriiarum,

140 2850 188 2873 aut
200 2841 255 2871 alio
268 2842 366 2879 quovis
379 2840 513 2879 exquisito
528 2841 634 2869 colore¹

190 2879 297 2910 ITEM
319 2902 328 2917 ,
359 2877 675 2920 VoLusius-qucid
700 2878 821 2910 habeatis
855 2878 1104 2911 Gubernationem
1124 2902 1134 2917 ,
1166 2879 1200 2909 δε

143 2918 421 2950 Determiriationem
435 2941 444 2955 ,
471 2927 503 2947 ac
526 2916 727 2958 Qilcutionem
755 2928 1000 2959 quarumcumque
1026 2918 1199 2948 Contentio-

143 2967 232 2995 num,
250 2956 372 2994 Litium,
397 2956 452 2986 sive
473 2954 645 2992 Camarum,
662 2955 815 2987 Motarum
828 2957 882 2987 sive
906 2957 1138 2995 Movendarum,
1156 2957 1198 2986 in-

144 3004 187 3026 ter
203 2995 342 3026 Soldarios
358 2996 394 3025 de
415 2993 580 3024 Garnisione
602 2993 690 3024 vestra
707 3017 717 3032 ,
732 2996 839 3025 ratione
860 2995 1024 3027 Burinorum
1038 2996 1071 3026 &
1087 2995 1199 3025 Lucro-

144 3044 208 3064 rum
218 3057 227 3072 ,
246 3043 279 3064 ex
294 3034 370 3064 facto
386 3032 506 3063 Guerrae
519 3033 744 3070 provenientium
753 3056 763 3070 ,
779 3044 811 3064 ac
825 3034 910 3064 etiam
923 3034 1062 3065 Soldarios
1073 3034 1197 3072 ejusdem

145 3072 317 3103 Garnisionis
330 3073 362 3102 ὃ(
380 3072 461 3109 alios,
484 3073 590 3101 ratione
612 3071 775 3102 Lucrorum
799 3072 955 3110 hujusmodi
971 3097 979 3112 ,
996 3083 1073 3111 ,quae
1093 3073 1197 3103 babue-

144 3112 198 3141 rint
218 3111 251 3141 &
269 3110 439 3148 optinuerint
462 3110 490 3139 in
510 3110 752 3150 Equitationibus,
764 3118 810 3141 aut
824 3120 1005 3151 quocumque
1021 3111 1134 3152 Viagio,
1151 3112 1197 3142 seu

145 3149 286 3180 Exercitio
299 3149 419 3179 Guerrae
428 3171 437 3185 ,
455 3148 503 3178 sub
516 3149 598 3179 vobis
613 3148 701 3179 facus.

144 3196 159 3221 ὲ
182 3188 225 3217 Ιτ
235 3197 252 3219 E
262 3196 309 3226 Μ,
327 3187 352 3217 V
362 3198 382 3217 o
392 3196 411 3217 L
421 3195 512 3230 u-MU
522 3195 534 3217 s
555 3187 632 3224 quod
646 3187 722 3230 VOS,
741 3196 774 3217 ac
789 3197 889 3218 omnes
902 3188 936 3219 &
950 3188 1046 3227 singuli
1068 3189 1197 3230 Soldarii,

147 3225 340 3264 stipendiarii,
360 3224 518 3262 Officmrii,
544 3226 577 3255 ὅ(
593 3224 718 3255 Ministri
733 3223 818 3256 vestri
833 3250 843 3264 ,
867 3227 919 3257 sitis
941 3228 968 3256 in
991 3230 1125 3259 omnibus
1146 3230 1198 3259 hu—

145 3266 249 3294 militer
262 3264 450 3301 Obedientes,
469 3263 614 3300 Parentes,
633 3263 807 3294 intendentes
818 3266 867 3303 ,ὃς
884 3266 1055 3296 Auxiliantes
1069 3268 1198 3298 Locum-

146 3303 256 3333 tenenti
269 3302 366 3331 nostro
380 3302 584 3337 Normanniae,
599 3311 632 3331 ac
647 3301 823 3333 Cancellatio
836 3326 846 3341 ,
868 3303 1053 3334 Thesaurario
1067 3328 1077 3343 ,
1102 3305 1199 3336 Senes-

148 3341 238 3378 callo,
257 3339 380 3376 Ballivis,
397 3340 430 3370 &
446 3341 502 3370 aliis
514 3339 667 3370 Officiariis
681 3340 781 3371 nostris
794 3363 803 3378 ,
828 3343 856 3371 in
877 3352 977 3373 eorum
1000 3342 1115 3374 Officiis
1135 3353 1200 3375 exe-

145 3379 262 3419 quendis
279 3389 288 3415 ·,
312 3378 344 3408 ὃ(
363 3378 463 3408 eisdem
485 3379 603 3410 Armata
615 3388 699 3408 manu
715 3379 876 3410 Assistentes
890 3382 923 3412 &
947 3380 1078 3412 Ferentes
1096 3391 1202 3422 opem,

149 3417 220 3449 cum
233 3417 313 3457 super
327 3416 385 3446 hoc
401 3417 504 3447 fueritis
518 3427 565 3455 per
579 3417 691 3447 eosdem
706 3420 836 3456 congrue
849 3419 979 3456 requisiti.

188 3456 316 3492 ITEM,
334 3454 611 3486 Pnfficipiiius
628 3455 661 3485 δε
681 3455 1014 3496 MANDAMusquod
1034 3467 1094 3487 non
1116 3458 1201 3489 facia-

152 3496 204 3534 tis,
218 3504 273 3525 nec
292 3503 340 3530 per
357 3492 497 3524 Soldarios
510 3517 520 3532 ,
544 3494 743 3531 Stipendiarios
755 3517 764 3533 ,
790 3494 963 3533 Servimres,
987 3495 1031 3525 seu
1054 3496 1202 3528 Ministros

152 3534 261 3565 vestros
291 3531 350 3562 fieri
373 3534 535 3569 permittatis
563 3533 664 3571 aliquas
698 3531 868 3563 Exaffiones
882 3556 892 3572 ,
924 3533 1042 3564 Paticias
1064 3559 1074 3572 ,
1105 3534 1203 3567 Prilius

153 3572 344 3608 Animalium,
364 3569 532 3608 Bladorum,
555 3580 602 3601 aut
622 3571 740 3601 aliorum
762 3581 1011 3610 quorumcumque
1032 3572 1178 3604 Bonorum
1194 3598 1204 3613 ,

152 3612 198 3642 seu
211 3610 422 3650 Impositiones,
439 3610 538 3647 quovis
549 3609 684 3647 exquisito
698 3610 811 3648 colore,
826 3610 1006 3648 super=Villis
1020 3634 1029 3647 ,
1048 3611 1203 3652 Parochiis,

150 3658 197 3679 aut
212 3648 332 3679 Subditis
344 3646 443 3676 nostris
455 3647 690 3685 quibuscumque,
707 3656 789 3687 prout
803 3648 946 3687 superinde
958 3649 1055 3680 Nobis
1066 3660 1100 3681 ac
1122 3651 1203 3682 dietis

154 3688 278 3719 Subditis
292 3685 391 3716 nostris
402 3686 479 3723 super
493 3685 551 3715 hoc
568 3685 706 3715 volueritis
720 3687 894 3722 respondere.

192 3725 236 3755 Ιτ
246 3735 263 3755 E
275 3733 300 3754 M
310 3747 319 3761 ,
339 3725 401 3761 quia
414 3723 542 3753 nonnulli
555 3722 745 3753 Soldariorum
760 3723 962 3754 Garnisionurn
981 3725 1151 3765 nostrarum,
1168 3729 1202 3759 &-

155 3774 253 3794 eorum
269 3763 422 3792 Servitores
433 3764 466 3793 ὃς
482 3760 623 3798 Ministri,
640 3771 693 3792 nec
708 3761 808 3791 Deum
821 3764 961 3800 timentes,
974 3773 1028 3794 nec
1040 3763 1200 3795 Hominem

156 3811 297 3839 verentes,
317 3810 430 3836 tenent,
449 3808 480 3830 ut
492 3800 696 3836 informamur,
714 3799 848 3829 Mulieres
868 3803 897 3830 in
920 3800 1122 3832 Concubinatu
1141 3826 1152 3841 ,
1166 3805 1201 3834 &

157 3839 252 3876 (quod
268 3839 384 3869 deterius
397 3838 455 3874 est)
475 3840 503 3867 in
519 3838 687 3867 Adulterinis
701 3837 734 3868 &
748 3838 805 3867 aliis
825 3838 926 3868 illicitis
948 3839 1148 3878 Amplexibus,

191 3876 245 3914 Et,
261 3877 330 3906 dum
341 3887 401 3906 non
414 3877 560 3907 habuerint
575 3875 650 3905 unde
663 3875 823 3913 hujusmodi
843 3876 1036 3913 voluptuosam
1057 3879 1090 3908 &
1111 3879 1204 3910 illece-

157 3914 239 3943 brem
252 3914 502 3945 Conversationem
517 3914 592 3944 suam
606 3917 680 3952 (quae
691 3914 824 3952 prodigos
837 3915 870 3944 &
883 3915 1055 3945 inordinatos
1070 3916 1204 3956 Sumptus

157 3952 246 3987 exigit
260 3952 291 3981 &
307 3953 436 3990 requirit)
458 3952 604 3983 sustentare
618 3952 741 3990 valeant,
760 3952 838 3982 Bona
852 3952 996 3983 dictorum
1011 3953 1033 3982 F
1035 3953 1150 3985 idelium
1169 3956 1203 3986 &

155 3989 339 4019 Subditorum
359 3990 523 4020 nostrorum
545 3990 706 4021 Praedaritur
721 4013 730 4028 ,
756 3990 894 4020 Furantur
907 4013 916 4028 ,
946 3990 1107 4029 Diripiunt,
1139 3992 1206 4023 Exi-

154 4035 246 4067 gunt,
263 4027 294 4058 ὃς
313 4027 506 4066 Extorqueiit‚
527 4028 643 4059 Divinae
660 4028 822 4066 Majestatis‘
834 4027 908 4060 Iram
921 4030 952 4059 in
964 4028 990 4059 se
1001 4030 1034 4060 ὃς
1053 4030 1120 4061 alios
1137 4041 1206 4071 pro-

548 146 1798 202 coNVENT1oNES,L1TERAE,

1223 243 1376 273 vocanteS,
1393 236 1470 267 &in
1483 234 1588 266 Nostri
1603 246 1636 267 ac
1649 237 1735 268 totius
1748 234 1852 266 nostrae
1866 232 2049 273 Reipublicae
2063 236 2285 280 nostrorumque
2305 240 2383 273 Ann.
2394 240 2439 272 D.

1223 273 1408 304 Subditorum
1424 274 1529 311 grande
1541 273 1705 306 Periculum
1741 274 1963 313 Praejudicfflm,
1986 277 2020 307 ὃ(
2040 276 2216 318 Gravamen,
2325 289 2411 320 1421.

1261 311 1351 355 Vobis
1365 312 1642 344 Pnfficipiiuus
1662 315 1695 346 &
1713 295 1961 345 lVlANDAMUs
1981 315 2061 353 quod
2080 317 2190 347 nullum
2221 317 2287 348 Sol-
2304 323 2367 348 Hm.
2387 329 2415 357 5.

1222 349 1362 380 danorum
1373 373 1383 389 ,
1399 351 1444 380 seu
1458 350 1710 388 Stipendiariorum
1727 352 1885 391 hujusmodi
1896 351 2110 392 (cujuscumque
2131 354 2225 386 Status
2237 365 2285 388 aut

1224 388 1407 419 Conditionis
1421 389 1521 425 fuerit)
1538 398 1585 419 aut
1601 392 1657 428 ejus
1672 391 1845 422 Servitofem
1861 390 1907 420 seu
1924 389 2108 432 Ministrum,
2122 396 2288 431 permittatis

1224 426 1327 457 habere
1342 427 1397 458 sive
1411 435 1505 457 tenere
1518 426 1675 458 Mulierem
1689 430 1809 469 aliquam
1825 430 1855 459 iri
1877 429 2037 467 hujusmodi
2063 430 2286 474 Concubinatu,

1223 474 1269 496 aut
1282 466 1338 496 aliis
1351 466 1574 505 quibuscumque
1586 465 1731 505 prohibitis
1745 469 1790 498 seu
1803 468 1906 499 illicitis
1919 468 2114 508 Amplexibus,

1261 503 1317 542 Et,
1335 504 1354 534 si
1371 514 1457 543 quem
1476 505 1639 534 inveneritis
1659 506 1908 538 contrafacientem
1925 530 1933 546 ,
1958 506 2064 538 faciatis
2084 507 2178 548 Eum,
2204 513 2287 543 omni

1225 541 1336 573 Favore
1350 542 1521 581 postpositO,
1538 541 1705 573 Carceribus
1719 547 1870 583 mancipari
1883 545 1916 576 ad
1930 555 2020 576 omne
2039 547 2132 577 minus
2146 549 2181 578 ad
2195 548 2287 580 Men-

1224 581 1301 625 sem,
1315 582 1349 612 &
1361 580 1397 611 ad
1410 581 1528 621 amplius
1541 589 1651 621 tempus
1669 583 1743 619 juxra
1769 584 1847 621 quod
1867 584 1978 615 Defieri
2004 585 2117 624 qualitas
2142 587 2233 626 exiget
2252 588 2287 620 δι’.

1223 627 1360 657 requiret,

1263 657 1327 688 Pro*
1338 668 1396 697 quo
1409 658 1527 697 quidem
1541 658 1645 689 Mense
1670 659 1726 690 sive
1746 667 1878 697 tempore
1900 662 2006 693 carebit
2030 663 2114 694 etiam
2136 662 2231 694 Vadiis
2253 663 2287 696 ὃς

1224 696 1390 735 stipendiis,
1408 707 1462 728 nec
1476 708 1491 728 a
1505 696 1675 728 Carceribus
1689 698 1851 736 hujusmodi
1868 701 1942 729 exire
1955 704 2131 737 permittatur
2140 703 2235 733 donec
2245 713 2287 733 ra-

1224 736 1388 766 tionabilem
1402 735 1586 766 Securitatem
1601 737 1757 775 invenerit,
1776 737 1825 768 sub
1839 736 1921 767 certa
1935 736 2029 770 Poena
2042 762 2052 778 ,
2070 750 2120 780 per
2141 751 2193 772 vos
2212 743 2242 772 in
2255 752 2288 774 ea

1224 783 1301 817 parte
1314 775 1475 843 lifrliliitanda,
1492 775 1573 814 quod
1589 775 1664 806 bene
1677 775 1711 806 ὃς
1733 773 1852 806 honeste
1871 777 2081 809 conversabitur
2101 781 2136 811 &
2155 780 2183 811 le
2201 780 2290 812 habe-

1227 816 1268 843 bit
1283 814 1311 842 in
1361 822 1467 844 turum.

1271 854 1316 882 IT
1327 861 1399 890 EM,
1417 853 1452 882 ad
1465 852 1553 883 finem
1567 852 1647 892 quod
1665 863 1718 884 nec
1732 851 1811 892 Vos,
1828 862 1883 883 nec
1904 852 2000 892 aliquis
2020 853 2222 895 Soldariorum,
2241 864 2288 889 aut

1229 888 1483 933 Stipendiariorum
1499 891 1678 930 nostrorum,
1698 893 1797 923 futuris
1809 891 2020 931 Temporibus,
2042 893 2214 930 praetendere
2235 906 2290 934 po-

1227 931 1290 959 terit
1307 939 1335 958 in
1350 939 1382 960 ea
1397 939 1476 968 parte
1488 929 1694 970 Ignorantiam,
1710 932 1849 962 mittimus
1862 931 1942 961 vobis
1957 940 2050 961 certos
2064 932 2292 965 ArticulosPrae-

1225 966 1346 998 sentibus
1359 968 1540 1007 interclusos,
1558 979 1647 1008 quos,
1663 969 1819 1000 secundum
1845 968 2000 1000 Tenorem
2019 971 2053 1001 &
2080 970 2216 1001 Formam
2239 981 2290 1002 eo-

1226 1007 1357 1048 rumdem
1367 1029 1377 1044 ,
1394 1006 1521 1038 distriffle
1540 1004 1556 1022 ¹*
1576 1008 1601 1038 V
1610 1017 1630 1037 o
1640 1016 1691 1038 Lu
1703 1016 1730 1038 Μ
1739 1016 1761 1038 υ
1773 1017 1785 1038 s
1800 1007 1969 1047 Observari,
1985 1018 2057 1048 quos
2069 1009 2151 1048 alias,
2167 1019 2217 1048 per
2230 1009 2293 1042 Bal-

1226 1044 1298 1074 livos
1311 1045 1440 1084 nostros,
1458 1045 1597 1076 Publicari
1611 1046 1761 1077 fecerimus
1777 1047 1810 1078 &
1822 1046 2007 1086 Proclamari,

1264 1082 1444 1121 Vobis,ultra
1457 1084 1600 1114 Praemiffa
1624 1084 1751 1115 districh}
1764 1084 1787 1114 P
1797 1094 1858 1115 RAE
1867 1095 1884 1116 c
1893 1095 1903 1115 1
1914 1094 1932 1115 P
1945 1095 1957 1116 1
1969 1095 1988 1116 E
1998 1094 2022 1116 Ν
2033 1094 2056 1116 Τ
2066 1096 2085 1117 Ε
2097 1096 2109 1117 s
2126 1087 2160 1118 &
2175 1086 2242 1118 MA
2252 1097 2292 1119 N-

1229 1130 1250 1151 D
1263 1131 1279 1152 Α
1291 1131 1314 1152 N
1325 1130 1347 1151 T
1358 1131 1376 1152 E
1387 1132 1416 1161 s,
1433 1122 1482 1154 sub
1497 1122 1588 1153 Poena
1600 1107 1804 1164 indignationis
1820 1123 1926 1154 nostrae
1945 1147 1955 1162 ,
1973 1125 2052 1162 quod
2067 1127 2142 1157 circa
2157 1126 2292 1158 Praemis-

1227 1165 1321 1190 iorum
1341 1161 1556 1192 Oblervantiam
1585 1161 1702 1193 fideliter
1722 1163 1756 1193 ὃς
1784 1162 1932 1202 diligenter
1952 1162 2103 1194 Intendatis
2121 1187 2130 1201 ,
2156 1167 2190 1197 ὃς
2212 1167 2294 1204 quod

1226 1199 1382 1230 nullatenus
1395 1202 1526 1238 usurpetis
1541 1200 1585 1230 seu
1598 1210 1746 1232 excercere
1759 1201 1930 1239 praesumatis
1945 1203 2045 1238 quovis
2067 1203 2158 1233 modo
2177 1204 2294 1243 Jurisdi·

1227 1238 1355 1268 cstionem
1370 1238 1568 1281 Qrdinariam,
1585 1240 1619 1270 ad
1633 1240 1753 1272 Ballivos
1768 1240 1801 1271 δε
1817 1240 1886 1270 alios
1904 1239 2077 1278 Justiciarios
2099 1242 2212 1274 nostros
2230 1244 2292 1283 spe-

1227 1279 1350 1307 ctantem
1364 1280 1419 1308 live
1434 1279 1631 1317 pertinentem.

1301 1315 1371 1346 Dat.
1395 1316 1469 1356 apud
1495 1316 1619 1356 castrum
1642 1316 1758 1357 nostrum
1792 1317 1970 1356 Rothomagi‚
1995 1327 2051 1350 xxv
2077 1318 2124 1350 die
2141 1319 2253 1360 Aprilis.

2312 1014 2441 1045 *x.108.

1441 1396 1494 1424 Per
1509 1392 1591 1433 ipsitm
1605 1397 1702 1434 Regem
1716 1396 1756 1426 ad
1769 1394 1938 1426 Relationem
1953 1399 2054 1434 Magni
2068 1396 2188 1428 concilii.

1352 1470 1511 1503 Consimlia
1531 1471 1630 1505 Brevia
1648 1472 1806 1513 diriguntur
1819 1473 1992 1514 subscriptis3
2003 1474 2141 1506 'videlicet
2150 1499 2159 1512 ,

1228 1550 1376 1586 Capitaneo
1401 1549 1433 1579 de
1458 1550 1581 1589 Pon-‘oifi‘
1610 1549 1662 1580 vel
1685 1551 1743 1589 ejus
1780 1554 1930 1589 Capitaneo
1946 1552 1979 1581 de
1997 1554 2113 1592 Tbnque.

1266 1589 1475 1617 Locumtenenti
1487 1588 1593 1618 ibidem.
1781 1593 1926 1627 Capitaneo
1943 1590 1975 1620 de
1992 1593 2113 1630 Bernay.

1230 1628 1375 1663 Capit-meo
1395 1627 1427 1655 a'e
1445 1630 1535 1666 Gisors
1553 1625 1614 1662 ἅτ.
1782 1631 1930 1666 Capitaneo
1945 1630 1977 1658 de
1995 1633 2077 1663 Caen,

1231 1667 1378 1702 Cupitaneo
1396 1666 1430 1694 de
1449 1664 1575 1695 Meulenc
1591 1663 1651 1700 ἀπ’.
1781 1669 1930 1704 capitaneo
1948 1667 1980 1696 de
1999 1670 2119 1697 Baieux.

1232 1705 1378 1740 Capitaneo
1399 1705 1430 1732 de
1449 1707 1551 1733 Mante
1569 1702 1630 1738 &a
1782 1708 1928 1742 capitaneo
1945 1705 1977 1734 de
1997 1709 2144 1736 Carenten.

1231 1744 1379 1779 Capitaneo
1396 1742 1428 1772 de
1446 1744 1551 1771 Vernon
1568 1740 1632 1776 &c.
1783 1746 1930 1780 Capitaneo
1945 1744 1978 1772 de
1995 1741 2171 1782 chierburgh.

1231 1783 1379 1818 Capitaneo
1397 1781 1429 1810 de
1441 1782 1512 1810 Pont
1520 1781 1552 1810 de
1560 1777 1744 1814 I'Arche&c.
1783 1783 1931 1818 Capitaneo
1950 1781 1982 1810 de
2000 1784 2166 1813 Auerences.

1229 1822 1376 1857 capitaneo
1395 1819 1427 1848 de
1445 1821 1572 1848 Louvers
1592 1818 1652 1853 &cz

1231 1863 1379 1895 Capitaneo
1394 1858 1427 1886 de
1443 1861 1570 1896 Gournay
1589 1856 1651 1892 &c.

1232 1899 1379 1964 Capitazeo
1397 1897 1429 1927 de
1448 1894 1626 1936 Neufchastel
1650 1893 1689 1932 ῥ’
1712 1896 1744 1926 de

1267 1937 1332 1964 Torc
1370 1959 1376 1965 .
1639 1941 1642 1943 ’

1231 1945 1380 2012 θαρίῑαηζο
1397 1973 1430 2003 de
1447 1971 1593 2003 Aumarle.

1232 2015 1380 2050 Capitaneo
1396 2012 1429 2042 de
1448 2011 1646 2053 Estrsppaigny.

1232 2054 1383 2090 capitaneo
1400 2051 1433 2080 de
1451 2053 1506 2080 Eu.

1234 2094 1382 2128 Capitaneo
1399 2090 1431 2118 de
1448 2088 1586 2128 Harflieu.

1238 2132 1388 2167 Capitaneo
1405 2128 1437 2157 de
1454 2128 1600 2157 Caudebec.

1233 2171 1381 2206 Capitaneo
1397 2167 1429 2196 de
1441 2165 1588 2196 Guilliard.

1234 2209 1379 2245 Capitaneo
1397 2206 1429 2235 de
1446 2205 1559 2236 Gallivn
1576 2202 1616 2240 ὀ·
1634 2203 1748 2235 Goulet-

1269 2253 1319 2275 les.

1233 2288 1381 2324 Capitaneo
1399 2284 1428 2314 de
1448 2283 1621 2323 Honneflieu,

1783 1821 1932 1856 Capit-aneo
1950 1820 1983 1848 de
2000 1819 2154 1859 constance.

1783 1859 1933 1894 capitaneo
1947 1857 1980 1886 de
1998 1857 2097 1888 Samlo.

1782 1898 1930 1934 Capitaneo
1947 1895 1979 1925 de
1996 1894 2113 1936 Palaisb.

1782 1937 1932 1972 Capitaneo
1948 1934 1982 1964 de
1998 1937 2027 1964 V
2028 1937 2076 1964 ire.

1783 1976 1931 2011 capitaneo
1947 1973 1980 2002 de
1997 1972 2147 2010 Valoignes.

1782 2014 1931 2049 capitaneo
1947 2012 1980 2041 de
1999 2011 2165 2051 Reyneville.

1784 2053 1932 2088 Capitaneo
1948 2050 1981 2079 de
1999 2050 2154 2091 Daufront.

1784 2090 1932 2127 Capitanea
1945 2088 2098 2119 d'Eureux.

1786 2130 1933 2165 capitaneo
1949 2127 1982 2157 de
2001 2127 2126 2158 Couches.

1786 2169 1935 2204 capitaneo
1953 2166 1986 2195 de
2006 2165 2130 2206 Vernuyl.

1786 2207 1933 2242 Capitaneo
1951 2204 1983 2234 de
2000 2207 2055 2234 Die
2087 2216 2111 2234 e.

1786 2245 1933 2282 capitaneo
1950 2243 1982 2274 de
1999 2213 2086 2283 Poiffi

1595 2429 1653 2460 Pro
1675 2428 1762 2461 Duce
1784 2423 1945 2460 Burboniae.

1233 2523 1314 2580 RE
1324 2522 1374 2563 X,
1395 2533 1445 2564 per
1457 2523 1564 2555 Literas
1577 2522 1634 2554 suas
1645 2521 1793 2560 Parentes,
1810 2531 1861 2562 per
1878 2520 1991 2562 Viginti
2005 2519 2078 2552 Dies
2094 2520 2300 2558 proximo'fu-
2321 2522 2452 2556 Am-..D;

1306 2572 1384 2593 turos
1398 2563 1557 2601 duraturas,
1582 2561 1699 2601 suscepit
1719 2563 1749 2591 in
1767 2561 1871 2591 salvum
1893 2561 1927 2591 &
1947 2558 2300 2597 securum100nductum,
2349 2571 2436 2599 1421.

1233 2599 1295 2629 ἃς.
1313 2601 1471 2631 Petruma'e
1495 2600 1661 2631 Fleurimont
1676 2623 1687 2639 ,
1713 2600 1909 2637 Servientem,
1934 2597 2065 2629 cariffimi
2087 2595 2298 2637 Consanguinei
2319 2604 2372 2629 An.
2387 2611 2416 2636 9.

1233 2636 1280 2667 Re
1301 2639 1338 2677 is,
1355 2639 1498 2678 Johanni's
1515 2643 1600 2669 Ducis
1617 2639 1775 2676 Burboniae,
2319 2644 2353 2669 Η.
2370 2648 2398 2675 5.

1308 2688 1374 2708 uem
1389 2678 1466 2708 idem
1481 2677 1551 2707 Dux
1563 2679 1592 2707 in
1606 2676 1744 2715 Regnum
1761 2675 1851 2712 Regis
1864 2673 1981 2711 Angliae
1994 2697 2005 2712 ,
2030 2682 2116 2711 penes
2137 2673 2299 2712 Johannem
2319 2683 2408 2706 Norm.
2424 2686 2453 2714 9.

1234 2715 1404 2758 Coyizewaile
1425 2715 1568 2760 Mil—item,
1584 2724 1637 2754 pro
1650 2714 1730 2758 certa
1744 2712 1865 2745 Summa
1884 2712 1977 2743 eidem
1998 2711 2126 2751 johanni
2144 2712 2298 2752 solvenda,
2318 2721 2352 2744 Η.
2367 2725 2396 2751 5.

1236 2761 1348 2784 mittere
1362 2762 1515 2793 proponit,
1530 2762 1562 2784 ut
1574 2760 1702 2790 accepit,
2319 2765 2355 2784 m.
2370 2764 2419 2790 40-

1274 2791 1374 2822 Versus
1387 2793 1466 2823 idem
1481 2791 1632 2830 Regnum,
1651 2791 1710 2820 tam
1726 2800 1776 2828 per
1796 2790 1919 2821 Terram
1932 2812 1942 2827 ,
1966 2790 2053 2827 quam
2082 2799 2133 2829 per
2154 2789 2270 2828 Aquam
2289 2812 2300 2828 ,

1237 2829 1422 2869 transeundo,
1441 2830 1548 2860 ibidem
1562 2830 1763 2866 morando,&
1777 2828 1879 2859 exinde
1893 2828 1969 2859 salvo
1985 2829 2019 2859 &
2034 2828 2132 2859 secure
2145 2827 2301 2865 redeundo,

1238 2878 1356 2938 Πεὲηοὲ
1369 2868 1465 2908 Bona,
1480 2868 1556 2906 Res,
1571 2868 1605 2899 &
1617 2867 1755 2898 Hernesia
1767 2866 1811 2898 sua
1825 2876 2030 2905 quaecumque3

1303 2916 1313 2938 t
1327 2909 1336 2937 i
1357 2910 1395 2938 eo
1431 2909 1493 2939 &c.

1273 2946 1394 2991 Proviso
1403 2930 1514 2985 ²semper
1529 2945 1610 2984 quod
1624 2945 1680 2985 ipse
1691 2945 1862 2986 quicquam,
1881 2942 1942 2979 &c.
1967 2942 2046 2983 usque
2066 2942 2106 2972 ibi
2118 2965 2129 2981 ,
2153 2942 2235 2974 faciat
2259 2951 2300 2974 at-

1236 2993 1376 3022 temptari.

1275 3022 1308 3053 In
1323 3025 1419 3062 cujus,
1435 3024 1498 3055 &c.
1937 3057 1942 3064 ,
1982 3058 1986 3063 Ι
2085 3057 2091 3063 ,

1287 3060 1355 3093 Dat.
1374 3064 1448 3101 apud
1460 3061 1584 3101 Castrum
1591 3061 1672 3100 suum
1685 3059 1861 3098 Rothomagi,
1876 3065 1944 3089 xxvi
1959 3056 2005 3088 die
2019 3057 2134 3096 Aprilis.

1599 3215 1659 3246 Pro
1682 3209 1791 3258 Viagio
1814 3202 1913 3258 Regis.

1239 3298 1382 3353 REX,
1400 3297 1554 3330 Cariffimo
1565 3298 1652 3329 Fratri
1670 3297 1734 3336 suo,
1753 3295 1902 3337 Hunfiido
1917 3300 1990 3328 Duci
2005 3296 2191 3338 Gloucestriae,
2216 3296 2300 3328 Con·
2317 3297 2395 3331 Anu.
2409 3297 2451 3330 D.

1318 3337 1467 3369 stabulario
1481 3336 1574 3368 Castri
1587 3337 1627 3368 sui
1646 3336 1815 3374 Dovorriae,
1829 3335 1862 3366 &
1876 3335 1998 3367 Custodi
2011 3337 2148 3378 Qinque
2159 3335 2296 3368 Portuum
2340 3345 2426 3376 1421.

1235 3370 1351 3405 suorum
1362 3399 1371 3414 ,
1387 3377 1433 3407 vel
1444 3378 1501 3415 ejus
1514 3376 1737 3407 Locumtenenti
1753 3375 1874 3412 ibidem,
1893 3374 2029 3406 Salutem.

1274 3413 1356 3444 Cum
1369 3414 1491 3446 Baton&
1505 3414 1594 3445 nostri
1610 3415 1750 3454 Quinque
1762 3412 1901 3445 Portuum
1921 3413 2123 3454 praediEtorum
2134 3436 2145 3452 ‚
2171 3412 2208 3444 de
2232 3412 2297 3443 An·
2392 3435 2398 3442 .

1237 3458 1277 3520 po
1290 3454 1318 3496 iti
1336 3453 1472 3522 singulm,
1490 3453 1611 3485 debeant
1628 3455 1712 3485 nobis
1726 3462 1802 3485 certa
1821 3450 1938 3484 Servitia
1958 3462 2008 3492 per
2026 3451 2129 3490 Mare,
2143 3451 2163 3483 fi
2181 3450 2294 3482 neceffe
2317 3452 2435 3518 gunfis).

1251 3499 1333 3521 uerit·
1353 3502 1381 3522 vr
1403 3501 1484 3523 ercet
2347 3499 2391 3526 .5.

1272 3514 1410 3570 Qinque
1422 3515 1526 3561 Porriis
1538 3529 1684 3568 praediffi,
1700 3539 1770 3562 cum
1794 3528 1939 3560 Membris
1951 3551 1962 3568 ,
1984 3527 2128 3559 invenient
2146 3527 2298 3565 Qiinqua-
2320 3538 2357 3557 m.
2367 3537 2414 3564 24·

1241 3569 1326 3645 girai
1332 3570 1365 3600 &
1379 3569 1486 3636 septe?
1502 3568 1604 3599 Naves
1617 3569 1696 3608 super
1709 3568 1812 3607 Mare,
1829 3568 1864 3600 ad
1879 3567 2143 3599 summonitionem
2161 3563 2299 3604 nostram,

1277 3618 1307 3637 Uss
1330 3619 1357 3639 ra
1388 3618 1435 3638 nlla
1468 3617 1556 3637 letum

1280 3646 1318 3676 Et
1330 3617 1499 3684 ingilualibet
1513 3629 1595 3676 Na’vi
1611 3645 1721 3684 Viginti
1732 3645 1879 3688 Homines⁴
1895 3645 1930 3676 &
1949 3639 2140 3681 Magistrum,
2163 3640 2301 3673 Armatos

1241 3684 1274 3714 &
1289 3686 1362 3714 bene
1379 3685 1535 3722 Arraiatos,
1551 3683 1587 3714 ad
1598 3683 1760 3715 faciendum
1778 3683 1932 3714 servitium
1945 3680 2085 3717 nostrum,

1279 3724 1358 3761 Qua:
1374 3722 1490 3761 quidem
1511 3721 1633 3761 Navis,
1655 3723 1690 3753 ad
1716 3723 1846 3762 proprios
1866 3718 1970 3750 Custus
1990 3718 2136 3760 diefcorum
2160 3717 2298 3762 Qinque

1237 3759 1397 3830 gostuudn’
1411 3769 1541 3791 tenentur
1552 3760 1609 3791 effe
1623 3760 1658 3791 ad
1675 3760 1796 3791 Portum
1820 3759 1869 3790 ubi
1893 3756 2082 3788 Summonitae
2109 3753 2212 3789 fuerint
2232 3766 2299 3798 pro-

1258 3809 1283 3829 ci
1296 3809 1348 3829 cen
1369 3809 1394 3829 ae

1277 3837 1335 3875 Et,
1353 3822 1467 3876 qua'ndo
1481 3837 1567 3867 diecae
1582 3836 1681 3869 Navee
1695 3836 1802 3867 ibidem
1819 3833 1948 3865 venerint
1967 3854 1978 3876 ,
1997 3831 2177 3871 Qindecim
2198 3833 2300 3866 diebus
2522 3868 2525 3870 ,

1241 3876 1272 3905 in
1288 3875 1410 3907 Servitio
1426 3879 1441 3893 ²*
1456 3875 1555 3906 nostro
1570 3898 1580 3914 ,
1597 3875 1634 3907 ad
1649 3876 1778 3915 proprios
1793 3871 1898 3903 Custus
1915 3869 2052 3909 Qinque
2069 3870 2210 3903 Portuum
2222 3882 2299 3913 prae—
2314 3881 2449 3917 *X.109;
2497 3891 2503 3896 ·
2524 3899 2530 3902 „

1242 3913 1402 3952 dietorum,
1420 3916 1617 3952 morabuntur,
1901 3948 1906 3953 ,

1280 3951 1334 3990 Et,
1354 3952 1531 3991 Qiindecim
1545 3953 1643 3983 diebus
1655 3951 1765 3990 elapfis,
1780 3947 1881 3980 Naves
1899 3946 1970 3986 illae,
1994 3957 2062 3978 curn
2078 3947 2254 3981 Hominibus
2268 3951 2300 3982 in

1243 3991 1294 4021 illis
1311 3990 1506 4029 existentibus,
1520 3991 1722 4027 morabuntur,
1739 3987 1774 4019 ad
1793 3985 2053 4030 Custus'nostrOS,
2068 3986 2088 4017 fi
2114 3987 2151 4019 de
2175 3988 2299 4021 Serviuo

1241 4029 1292 4061 illo
1309 4029 1525 4070 indiguerimus,
1543 4028 1679 4068 quamdiu
1695 4026 1778 4060 nobis
1791 4024 1942 4065 placuerit3
1959 4024 2107 4064 videlieet,
2231 4062 2285 4096 Ma

2314 3379 2367 3404 An.
2386 3385 2415 3411 9.

2319 3418 2353 3442 H.
2368 3422 2387 3449 5
