2562 4274
52 271 130 304 Ann.
144 268 185 301 D.

76 318 162 350 1432.

52 353 116 377 Rea.
133 350 160 376 6.

63 549 186 586 *X.513.

54 1800 133 1832 Ann.
148 1799 189 1830 D.

77 1849 163 1878 1432.

53 1882 107 1907 An.
128 1887 172 1907 10.

56 1922 92 1945 H.
105 1918 132 1944 6.

54 1960 170 1985 Scot.!0.

57 1997 93 2021 H.
126 1995 154 2020 6.

56 2041 93 2060 m.
111 2040 138 2067 7.

61 2591 139 2623 Ann.
150 2588 192 2619 D.

83 2637 170 2667 1432.

62 2672 114 2695 An.
135 2678 176 2696 10.

64 2711 100 2735 H.
120 2708 147 2733 6.

98 2744 162 2772 Ibid.

102 3202 168 3230 ibid.

71 3517 203 3556 *Xy-14.

769 185 880 227 ET
964 183 1226 225 ACTA

208 270 350 302 Willielmi
368 269 478 309 Balze,
749 269 908 310 Michaelis,

205 313 348 349 Duncani,
367 309 508 349 Johanm's
521 309 674 349 del-'emona
749 313 916 347 Laurentii,

204 349 316 387 Alani,
750 348 893 387 Johannis
912 349 1026 385 Tottres,

204 387 366 418 Alexandri
384 386 509 427 Erskyn‚
753 385 894 417 Malcolmi
912 385 972 417 Filii
991 385 1028 420 &-
1054 383 1179 415 Haeredis
1201 384 1258 413 Do-

203 425 366 457 Alexandri
383 425 416 455 de
433 428 574 464 Stratton,
790 429 857 454 mini
875 426 908 455 de
926 424 1058 464 Culqwn,

204 464 297 532 Acllae,
752 462 790 493 Et
813 462 957 494 Willt'elmi
973 460 1133 502 Crawfhrd,

252 514 299 532 ant

205 507 433 585 Affiut'ficientia
443 540 499 573 five
514 537 722 580 AEquivalentia
729 539 758 568 in
774 537 827 569 hac
842 548 918 578 parte
932 548 979 579 per
989 549 1041 571 vos
1055 538 1164 577 plenius
1174 536 1262 567 infor-

210 587 278 610 mati
289 603 300 618 ,

244 617 294 661 De
307 617 480 662 avisamento
518 617 552 648 &
580 615 685 648 ailensu
708 615 837 647 Concilii
859 615 949 647 nostri
977 616 1063 649 vobis
1090 613 1263 646 Mandamus

201 656 438 732 fflantrgtyssiylyisos,
748 692 784 723 Et
805 693 848 722 W
848 691 988 723 illielmum
1000 689 1158 730 Crawford,

202 732 381 763 Willielmum
400 731 539 770 Sterlyng‚
746 731 833 761 Loco
858 732 984 769 ipsorum
1006 733 1047 762 W
1051 730 1154 761 illielmi
1186 728 1261 759 Mel-

199 770 381 802 Willielmum
398 771 542 810 Gudyng,
784 769 882 807 drom,

199 810 347 839 Robertum
363 808 474 847 Colvill,
747 808 873 837 Andreae
883 831 893 847 ,

201 850 349 878 Hernicum
377 850 405 876 K
402 847 533 886 ynlouth,
560 855 606 879 aut
628 847 710 879 suum
747 845 859 876 Thomae
868 869 877 885 ‚

240 885 407 923 Haeredem,
748 885 859 914 Roberti
871 888 1011 921 Stewart,

204 925 247 953 W
245 923 381 953 illlelmum
398 922 503 962 Balze,
748 922 892 960 Johannis
907 923 1040 962 Kenady,

201 966 365 992 Duncanum
373 985 383 1000 ,
750 961 867 998 David,

201 1000 360 1040 Johannem
378 1001 411 1030 de
423 1003 537 1037 Fenton,
750 998 914 1029 Alexandri
930 997 1035 1038 Ogylby
1042 1021 1053 1037 ,

200 1038 397 1069 Alexandrum
410 1038 518 1076 Erskyn
525 1060 536 1075 ,
749 1036 891 1068 Malcolmi
908 1038 1043 1077 Flemyng,

199 1077 397 1108 Alexandrum
413 1076 445 1106 de
459 1080 605 1114 Stratton,
748 1075 892 1115 Johannis
910 1076 1016 1114 Walas,

201 1117 316 1152 Adam,
749 1117 861 1145 Henrici
879 1115 912 1145 de
928 1114 1064 1152 Douglas,

199 1154 343 1192 Alanum,
750 1155 794 1182 W
791 1152 894 1183 illielmi
907 1153 940 1183 de
957 1152 1095 1190 Douglas‚

201 1192 366 1223 Michaelem
374 1215 386 1230 ,
751 1193 794 1221 W
793 1191 896 1221 illielmi
911 1190 1093 1233 Dysfhyngton
1100 1213 1111 1228 ,

201 1234 402 1269 Laurentium,
748 1229 861 1260 Roberti
876 1233 989 1269 Loggan
998 1253 1009 1269 ,

202 1269 363 1308 Johannem
381 1272 494 1308 Toures,
750 1268 887 1306 Wlteri,

204 1307 396 1346 Malcolmum,
423 1309 528 1340 Filium
551 1309 586 1340 &
607 1306 711 1339 Haere-
748 1308 790 1337 Et
811 1309 946 1345 Patricii,

237 1346 304 1376 dem
317 1346 446 1378 Domini
459 1347 495 1377 de
510 1347 635 1386 Culqwn
644 1369 654 1385 ,

239 1426 411 1466 Recipiatis,
427 1437 460 1457 ac
477 1436 525 1456 eos
540 1426 616 1457 salvo
633 1427 668 1458 &
688 1425 786 1458 secure
802 1426 964 1458 custodiatis
977 1424 1123 1464 quousque
1133 1423 1208 1455 aliud
1216 1432 1265 1463 per

202 1465 287 1501 Nos,
306 1467 333 1496 in
348 1466 400 1496 hac
416 1474 509 1505 parte,
529 1465 678 1496 habueritis
691 1467 720 1495 in
734 1465 887 1496 Mandatis.

240 1504 329 1535 Teste
348 1504 433 1543 Rege
449 1504 523 1543 apud
539 1503 811 1544 Wstmonasterium,
829 1514 865 1535 xx
881 1504 927 1535 die
940 1503 1027 1543 Junii.

630 1583 685 1612 Per
702 1583 796 1612 Breve
815 1581 848 1611 de
867 1583 986 1611 Privato
1004 1578 1105 1617 Sigillo.

504 1710 554 1741 De
579 1705 734 1751 Obsidibus
761 1705 956 1753 Recipt'endis.

210 1793 295 1851 RE
308 1791 339 1823 X
350 1815 360 1832 ,
377 1791 531 1823 Cariffimo
547 1790 770 1830 Consanguineo
788 1789 889 1821 nostro
899 1814 909 1829 ,
931 1794 1027 1822 Comiti
1045 1789 1269 1829 Northnmbriae,

251 1832 254 1833 ⁷
287 1832 427 1863 Salutem.
1141 1835 1146 1841 '·

242 1869 416 1900 Mandamus
432 1868 515 1899 vobis
527 1867 607 1906 quod
623 1868 769 1899 Andream
782 1867 890 1907 Kethe,
917 1867 1052 1899 Thomam
1071 1870 1137 1908 Hay
1159 1867 1270 1900 Chiva-

205 1908 244 1939 ler
254 1932 263 1945 ,
283 1909 316 1940 &
332 1907 479 1939 Rohertum
493 1911 634 1946 Stewart,

244 1946 365 1977 Obfides
378 1956 448 1986 pro,
466 1944 619 1976 Carissimo
633 1945 857 1985 Confanguineo
874 1944 971 1976 nostro
980 1970 991 1984 ,
1008 1944 1116 1984 Jacobo
1130 1947 1201 1984 Rege
1207 1948 1268 1976 Sco-

206 1992 313 2024 torum,

243 2025 345 2063 Qos,
362 2022 480 2054 dilectus
496 2023 595 2060 nobis,
612 2022 732 2053 Thomas
745 2022 870 2061 College,
887 2022 1016 2053 Serviens
1030 2021 1066 2053 ad
1079 2020 1169 2053 Arma
1185 2045 1197 2061 ,
1214 2032 1267 2054 vo-

206 2062 248 2094 bis
263 2072 298 2093 ex·
314 2070 393 2100 parte
406 2061 501 2091 nostra
516 2061 678 2100 Liberavit,

208 2132 211 2133 ⁷
243 2101 294 2132 Ab
305 2100 409 2131 eodem
426 2099 533 2130 Thoma
560 2099 678 2139 college,
702 2109 752 2138 per
773 2098 958 2138 Indenturas‚
983 2099 1049 2130 inde
1071 2099 1142 2130 inter
1160 2108 1214 2130 vos
1234 2100 1268 2131 &

205 2140 354 2180 praefatum
369 2138 499 2170 Thomam
513 2138 615 2177 college
628 2140 723 2170 debite
737 2138 945 2178 conficiendas,
962 2136 1056 2169 Diem
1081 2138 1270 2170 Liberationi's

207 2178 378 2217 eorumdem
392 2177 609 2216 Testificantes,
628 2177 796 2215 Recipiatis,

247 2214 449 2248 Mandavimus
466 2218 544 2247 enim
561 2217 677 2256 praefato
692 2216 797 2248 Thomae
814 2215 914 2254 College
928 2215 1007 2256 quod
1019 2215 1105 2255 ipsoe,
1112 2216 1271 2256 Andrean,

207 2255 343 2287 Thomam
356 2258 437 2296 Hay,
454 2255 487 2286 &
508 2255 652 2285 Robertum
662 2278 672 2293 ,
687 2256 771 2285 vobis
785 2255 908 2285 Liberet.

242 2294 332 2326 Teste
349 2293 432 2333 Rege
447 2293 522 2333 apud
541 2293 794 2334 Westmonasterium
804 2317 814 2332 ,
831 2303 866 2324 xx
879 2294 925 2324 die
935 2292 1023 2332 Junii.

646 2373 700 2402 Per
718 2373 811 2402 Breve
827 2371 860 2401 de
875 2372 995 2402 Privato
1012 2369 1113 2410 Sigillo.

512 2498 562 2530 De
584 2493 741 2540 Obsidibus
768 2494 962 2532 Liberandis.

215 2586 271 2641 R
282 2582 347 2614 EX
358 2606 368 2622 ,
399 2580 543 2614 cariffimo
565 2581 681 2613 Confim
723 2583 789 2613 ineo
809 2583 874 2620 suo,
910 2584 1007 2612 Comiti
1037 2582 1275 2624 Huntyngdoniae,

291 2621 511 2653 Constabulario
530 2621 631 2652 Turris
643 2631 682 2651 no
709 2631 747 2651 rae
764 2621 945 2660 Londoniae,
968 2621 1013 2653 vel
1037 2621 1095 2658 ejus
1118 2622 1276 2654 Locumte-

212 2661 291 2691 nenti
306 2661 433 2699 ibidem,
450 2660 584 2690 Salutem.

253 2697 427 2729 Mandamus
443 2699 526 2729 vobis
543 2698 621 2737 quod
635 2698 782 2729 Andream
800 2697 908 2737 Kethe,
925 2696 1062 2728 Thomam
1085 2700 1151 2739 Hay
1167 2698 1277 2732 Chiva-

215 2737 270 2774 ler,
287 2737 320 2767 &
343 2737 490 2767 Robertum
512 2741 653 2773 Stewart,

250 2775 372 2806 Obsides
384 2786 437 2815 pro
448 2800 458 2813 ,
476 2775 617 2807 cariffimo
634 2775 855 2815 Consanguineo
870 2774 986 2813 nostro,
1005 2774 1113 2814 Jacobo
1131 2778 1201 2815 Rege
1213 2780 1273 2808 Sco-

214 2818 302 2843 torum
310 2836 320 2852 ,
338 2813 391 2844 sub
405 2813 541 2844 Custodia
555 2814 645 2845 vestra
660 2814 694 2844 ad
708 2814 825 2852 praesens
840 2813 986 2844 existentes
996 2838 1006 2852 ,

251 2851 370 2883 Dilecto
385 2853 468 2882 nobis
483 2852 593 2882 Thomae
618 2851 725 2891 alege,
744 2852 883 2884 Servienti
897 2852 931 2882 ad
949 2852 1055 2890 Arma,
1072 2861 1121 2892 per
1142 2852 1277 2885 Indentu-

213 2900 272 2960 rias,
293 2891 358 2959 ἰῖᾀὲ
373 2891 446 2934 inter
456 2900 509 2921 vos
522 2890 555 2921 &
570 2891 719 2928 praefatum
735 2891 864 2921 Thomam
895 2890 988 2929 Colege
1005 2891 1104 2922 debite
1117 2892 1277 2923 conficien»

235 2939 280 2966 as,
329 2940 337 2959 1
359 2937 452 2960 eretis·

253 2953 456 2999 Mandavimu}
471 2968 554 2998 enim
569 2966 686 3005 praefato
709 2965 816 2997 Thomae
834 2966 926 3004 Colege
947 2967 1025 3005 quod
1049 2968 1142 3008 ipsos,
1161 2968 1275 2998 Andre-

212 3014 277 3043 aem‚
293 3006 422 3037 Thomam
439 3009 523 3046 Hay,
540 3006 574 3037 &
593 3005 756 3044 Robertum,
774 3006 809 3036 de
823 3006 906 3037 vobis
922 3004 1063 3042 Recipiat.

253 3044 345 3076 Teste
360 3044 442 3086 Rege
457 3045 531 3084 apud
545 3044 823 3084 Wstmonasterium,
840 3053 875 3073 xx
891 3043 936 3074 die
948 3042 1038 3082 Junii.

639 3123 693 3151 Per
710 3124 804 3151 Breve
824 3120 857 3150 de
875 3121 996 3150 Privato
1015 3119 1114 3159 sigillo.

221 3197 373 3256 REX,
390 3198 496 3230 dileeto
512 3198 583 3237 fibi,
598 3198 706 3229 Thomae
722 3197 813 3236 Colege
832 3220 844 3237 ,
867 3195 1004 3228 Servienti
1023 3197 1058 3228 ad
1079 3207 1174 3237 arma,
1195 3197 1274 3229 Salu-

297 3245 365 3267 tem.

254 3274 440 3314 Praecipimus
453 3275 524 3306 Tibi
537 3273 617 3312 quod
632 3275 779 3305 Andream
796 3273 899 3314 Kethe,
917 3273 1047 3304 Thomam
1063 3274 1139 3315 Hay,
1164 3274 1275 3307 Chiva-

216 3312 274 3350 let,
292 3314 326 3344 &
340 3313 485 3344 Robertum
501 3317 643 3351 Stemmrt,

255 3351 376 3382 obfides
388 3363 458 3392 pro,
474 3351 616 3383 cariffimo
630 3351 851 3382 Consanouineo
865 3349 979 3390 nostro,
1000 3350 1106 3389 Jacobo
1127 3354 1196 3389 Rege
1215 3355 1276 3383 Sco-

218 3396 324 3429 torum,
340 3391 390 3421 sub
402 3390 543 3427 Custodia
554 3413 564 3428 ,
582 3389 714 3420 cariffimi
732 3375 942 3428 Consanguinei
958 3389 1066 3428 nostri,
1077 3394 1185 3420 Comitis
1193 3393 1275 3421 Hun-

218 3429 387 3497 ryn{doniae,
414 3427 623 3460 Constabularii
646 3427 751 3459 Turris
770 3428 875 3459 nostrae
899 3428 1080 3467 Londoniae,
1100 3428 1135 3459 ad
1156 3430 1276 3467 praesens

216 3468 272 3497 exii
288 3476 365 3499 entes

260 3508 276 3523 ²¹²
298 3506 344 3537 Ab
359 3491 462 3537 {odem
484 3505 703 3536 constabulario
716 3527 726 3544 ,
745 3505 802 3536 sive
823 3505 881 3543 ejus
903 3502 1132 3535 Locumtenente
1151 3506 1277 3545 ibidem,

220 3554 269 3583 per
284 3544 463 3582 IndenturaS,
481 3544 546 3575 inde
560 3545 631 3576 inter
655 3544 704 3574 Tc
726 3544 759 3574 &
780 3544 929 3581 praefatum
952 3541 1200 3586 Constabularium
1224 3547 1279 3576 five

219 3584 278 3622 ejus
294 3583 557 3614 Locumtenentem
571 3582 745 3614 antedictum
760 3581 855 3612 debite
869 3580 1077 3620 conficiendas,
1094 3582 1243 3622 Recipias,

258 3622 296 3652 Et
310 3632 362 3653 eos
376 3623 452 3653 salvo
466 3630 498 3652 ut
512 3622 620 3652 obfides
633 3621 718 3659 usque
733 3621 833 3650 Semer
850 3620 929 3650 Duci
939 3642 948 3657 ,
974 3619 1007 3650 &
1021 3630 1068 3650 eos
1090 3622 1198 3651 ibidem
1209 3645 1217 3660 ,
1232 3632 1278 3652 ca-

221 3660 329 3691 fiffimo
344 3661 566 3699 Consanguineo
579 3659 697 3697 nostro,
715 3662 814 3688 Comiti
828 3658 1049 3695 Nortbumbriae,
1069 3669 1119 3696 per
1143 3659 1278 3691 Indentu-

221 3708 281 3736 raS,
299 3701 383 3730 etiam
401 3701 473 3729 inter
488 3699 536 3728 Te
551 3700 584 3729 &
601 3698 748 3738 praefatum
766 3698 916 3727 Comitem
938 3696 1159 3728 Northumbriae
1182 3699 1277 3730 debite

220 3737 430 3805 configendas,
449 3738 542 3768 Diem
557 3737 743 3768 Liberationis
760 3735 930 3766 eorumdem
958 3734 1170 3775 Testificantes‚
1189 3737 1278 3768 Libe-

220 3785 272 3804 mri
319 3785 387 3806 cras·

260 3800 459 3846 Mandav’imus
473 3816 548 3845 enim
561 3811 678 3852 praefato
696 3811 908 3851 constabulario,
916 3811 972 3842 five
989 3813 1046 3849 eius
1062 3812 1277 3844 Locumtenen-

219 3853 258 3921 g,
269 3852 354 3919 ἓιὲοά
369 3854 535 3892 praedictos,
553 3852 718 3890 Andream,
735 3851 865 3881 Thomam
880 3853 944 3891 Hay
955 3873 965 3888 ,
983 3851 1016 3881 δε
1039 3852 1183 3881 Robertum
1190 3876 1203 3892 ,
1223 3853 1278 3883 Ti-

243 3900 250 3919 1
295 3901 302 3920 1
325 3899 383 3920 eret

258 3928 303 3959 Ac
319 3913 439 3965 praefssxto
452 3933 549 3959 comiti
565 3927 770 3959 Northumbriae
780 3927 857 3966 quod
874 3926 988 3958 eosdem
998 3950 1008 3965 ,
1027 3928 1183 3967 Andream,
1206 3928 1277 3959 Tho-

220 3977 293 3996 mam
311 3970 374 4006 Hay
384 3990 393 4004 ,
411 3968 444 3997 ὃς
459 3967 614 4004 Robertum,
631 3968 666 3998 de
679 3967 727 3997 Te
740 3965 880 4005 Recipiat.

255 4005 344 4037 Teste
359 4005 443 4043 Rege
456 4006 529 4044 apud
543 4004 816 4047 Westmonasterium,
836 4013 871 4033 xx
888 4003 934 4034 die
945 4003 1034 4042 Junii.

653 4084 707 4111 Per
725 4083 817 4112 Breve
835 4080 868 4110 de
885 4081 1004 4110 Privato
1020 4079 1116 4118 sigillo,

1307 179 1765 224 PUBLICA.
2287 185 2363 228 181

1338 306 1444 309 CCCC
1456 307 1464 308 c
1477 307 1529 309 W-
1538 307 2359 317 -Ἢ
2380 268 2457 301 Ann.
2467 266 2511 301 D,

2398 318 2484 349 1432.

1485 354 1536 385 De
1557 352 1728 386 Traffando
1755 365 1824 387 cum
1848 352 2039 401 Adverfizrio
2058 358 2155 405 Regis.
2380 352 2444 377 ΗΜ·
2464 349 2492 376 ⁶·

1304 436 1462 492 νΙτεζῇηιο
1475 440 1587 477 Septimo
1601 440 1655 468 Die
1669 438 1770 478 Junii,
1789 441 1874 470 Anno
1888 442 2014 478 Decimo,
2031 441 2104 479 apud
2127 440 2356 473 westmonaste-
2375 436 2428 461 ΛΠ·
2448 443 2492 462 ¹⁰⁶

1376 485 1465 513 num,
1485 476 1699 519 Concordatum
1714 478 1783 515 fuit,
1805 487 1855 517 per
1876 477 2024 509 Dominos
2044 481 2079 510 de
2103 480 2260 519 Concilio,
2278 482 2356 520 quod
2375 475 2406 515 Η,
2429 473 2457 499 ⁶·

1304 509 1438 545 Waranta
1456 514 1582 551 seperalia
1598 513 1664 545 fiant
1675 539 1685 552 ,
1699 516 1803 546 direc'm
1811 515 2037 548 Thesaurario&
2046 517 2213 550 Camerariis
2226 519 2263 550 de
2270 519 2356 550 Scae·
2376 510 2508 538 Bfflss‘m

1305 553 1383 582 cario
1401 553 1448 583 Re
1469 554 1489 582 is
1499 575 1508 590 ,
1524 553 1560 582 de
1574 553 1720 583 Solvendo
1733 554 1857 593 Epzfiopo
1870 555 2003 596 Roffenfi,
2021 556 2123 594 misso,
2139 567 2189 597 per
2203 558 2355 588 avisamen-
2376 547 2502 584 Cleopatr,

1305 595 1365 631 tum
1382 590 1444 629 ejus
1457 600 1503 620 em
1517 590 1663 630 Concilii,
1680 592 1715 622 ad
1727 591 1862 631 Regnum
1877 593 2023 632 Franciae,
2049 596 2078 624 in
2105 596 2277 627 Ambaffiata
2296 596 2357 627 Re·
2373 589 2401 613 F.
2419 595 2448 620 4·

1305 634 1362 666 gis,
1379 639 1431 666 pro
1444 629 1582 673 Traetatu
1598 629 1696 668 Pacis,
1714 639 1746 660 ut
1756 630 1878 669 speratur
1915 632 2047 663 habendo
2061 634 2132 664 inter
2149 637 2245 671 Regem
2260 635 2292 666 ὅ(
2314 635 2356 665 su-

1306 675 1357 696 urn
1375 668 1578 706 Adversarium
1593 671 1725 706 Franciae,
1734 678 1782 706 per
1796 670 1873 699 viam
1886 655 2095 749 l³raeststssgro
2110 681 2135 701 x.
2155 672 2313 712 Mcnfibus,
2320 674 2357 704 de

1305 706 1404 748 quibus
1423 706 1472 735 fibi
1489 705 1608 749 solutum
1625 708 1694 745 erit,
1710 717 1768 745 prae
1782 708 1929 747 manibus,
1956 719 2010 746 pro
2067 712 2171 748 uinque
2193 710 2359 751 Menfibus,

1304 744 1443 782 capiendo
1459 743 1546 775 Vadia
1562 747 1700 776 consueta.

1340 819 1384 849 Ιτ
1397 829 1414 850 E
1424 827 1467 858 M,
1487 820 1653 861 Solvendo,
1670 830 1703 851 ex
1716 822 1794 852 causa
1810 822 1967 862 praemiffa,
1983 825 2099 854 Henrico
2116 824 2262 864 Bromflete
2277 825 2360 855 Mili-

1304 859 1345 926 tli),
1363 868 1411 895 per
1422 860 1506 926 [viam
1521 859 1640 891 Praestiti
1651 882 1660 898 ,
1678 869 1732 898 pro
1747 868 1774 889 x.
1793 860 1942 892 Menfibus
1958 884 1969 900 ,
1984 870 2015 893 ut
2037 863 2131 901 supra,
2157 863 2296 903 capiendo
2311 872 2360 903 per

1336 908 1386 926 lem
1401 908 1420 926 x
1437 907 1457 927 S.

1342 972 1387 1002 Ιτ
1398 981 1415 1003 E
1426 981 1472 1011 M,
1487 973 1523 1004 de
1535 973 1699 1011 Sohrendo,
1716 984 1750 1006 ex
1764 975 1862 1006 eadem
1885 975 1964 1006 causa
1974 998 1984 1013 ,
2010 975 2151 1016 Magistro
2169 978 2281 1008 Thomae
2303 981 2358 1009 Be-

1305 1010 1438 1050 kyngton,
1457 1022 1505 1052 per
1522 1014 1599 1044 viam
1613 1012 1751 1053 Praestiti,
1769 1023 1822 1051 pro
1834 1023 1860 1044 x.
1878 1013 2045 1053 Menfibus,
2063 1024 2094 1047 ut
2107 1016 2203 1055 supra,
2218 1018 2359 1055 capiendo

1297 1057 1348 1087 per
1363 1054 1444 1079 Diem
1458 1062 1499 1081 xx
1508 1062 1527 1081 s.

1627 1185 1686 1215 Pro
1710 1183 1776 1215 Am
1781 1179 1932 1225 baffiatore
1955 1185 2049 1229 Papae.

1308 1264 1423 1322 SExt'o
1442 1268 1498 1295 Die
1515 1265 1609 1304 Julii,
1627 1267 1715 1297 Anno
1732 1270 1858 1305 Decimo,
1875 1267 1949 1307 apud
1964 1266 2299 1308 westmonasterium,in
2308 1267 2367 1300 Ca·
2384 1263 2460 1295 Ann·
2474 1261 2517 1296 D·

1361 1312 1438 1333 mera
1455 1303 1582 1334 Concilii
1596 1304 1792 1343 Parliamenti,
1812 1304 1991 1337 Concessum
2015 1307 2049 1338 &
2072 1305 2290 1338 Concordatum
2308 1307 2366 1345 est,
2408 1312 2495 1344 1432·

1308 1347 1358 1376 per
1372 1339 1517 1372 Dominos
1529 1343 1630 1382 Magni
1645 1343 1772 1374 Concilii
1791 1343 1896 1382 Regis,
1916 1345 1994 1383 quod
2010 1347 2110 1376 Petrus
2126 1345 2157 1374 de
2172 1349 2256 1376 Mera
2277 1345 2366 1376 Cleri·
2384 1347 2440 1372 An.
2459 1353 2500 1371 10⁵

1307 1388 1373 1416 ωε,
1393 1380 1583 1412 Ambaffiator
1598 1382 1709 1411 Domini
1722 1381 1804 1421 nostri
1820 1384 1913 1421 Papae,
1936 1390 2027 1422 nuper
2049 1392 2097 1422 per
2119 1384 2209 1424 ipsum
2233 1384 2368 1414 Domino
2388 1387 2422 1410 H·
2441 1381 2470 1408 6.

1309 1420 1409 1460 nostro
1425 1418 1499 1458 Regi
1513 1421 1594 1450 certis
1610 1420 1646 1450 de
1658 1420 1742 1451 causis
1755 1420 1870 1458 missus,
1886 1421 2001 1460 habeat,
2020 1423 2055 1453 de
2077 1422 2169 1453 Dono
2192 1422 2297 1461 Regis,
2315 1432 2365 1462 per
2420 1419 2485 1447 ibid.

1309 1466 1385 1486 vmm
1402 1457 1544 1496 Regardi,
1562 1457 1582 1487 l.
1600 1461 1713 1488 Marcus
1725 1458 1864 1489 habendas
1878 1460 1914 1489 de
1928 1460 2114 1491 Thesaurario
2129 1461 2178 1490 suo
2198 1485 2208 1499 ‚
2234 1464 2267 1493 ὃ(
2288 1461 2366 1500 quod

1257 1505 1259 1507 ·
1309 1493 1454 1532 superinde
1466 1496 1532 1527 fiant
1548 1496 1670 1535 Literae,
1686 1497 1737 1527 sub
1756 1496 1871 1529 Privato
1886 1497 1983 1537 Sigillo
1999 1498 2104 1538 Regis,
2128 1499 2317 1531 Thesaurario
2335 1500 2369 1531 &

1310 1531 1495 1574 Camerariis,
1513 1543 1543 1566 ut
1558 1536 1588 1565 in
1604 1535 1707 1566 forma.

1352 1611 1510 1642 Duodecimo
1530 1612 1573 1642 die
1593 1612 1688 1652 Julii,
1712 1615 1800 1643 Anno
1824 1615 1933 1643 Decimo
1980 1612 2055 1653 apud
2082 1613 2368 1646 westmonasterium
2419 1611 2486 1639 thid.

1312 1645 1489 1680 Concessum
1506 1651 1539 1682 &
1553 1650 1773 1682 Concordatum
1790 1650 1830 1681 est
1844 1674 1854 1689 ,
1873 1661 1921 1689 per
1944 1635 2093 1682 hominos
2115 1652 2242 1683 Concilii
2267 1653 2369 1684 Parlia-

1313 1690 1421 1726 menti,
1440 1690 1517 1727 quod
1533 1689 1581 1720 fiat
1598 1689 1688 1720 Breve
1708 1689 1882 1720 Custodibus
1905 1689 2044 1721 Portuum
2071 1691 2105 1722 &
2127 1690 2318 1730 Paffagiorum
2335 1692 2371 1723 de

1315 1725 1483 1766 Londonia,
1498 1727 1660 1766 Dovorria,
1680 1727 1822 1766 Orewell,
1846 1728 1903 1758 five
1923 1728 1958 1758 de
1979 1728 2166 1767 Sandewico,
2192 1740 2226 1760 ac
2249 1731 2371 1761 aliorum

1311 1762 1453 1808 Portuum
1467 1768 1501 1798 &
1516 1766 1727 1806 Passagiorum,
1744 1766 1780 1797 de
1800 1765 1990 1804 permittendo
2007 1769 2120 1797 Petrum
2143 1768 2176 1798 de
2193 1770 2276 1798 Mera
2301 1769 2371 1800 Cle-

1312 1813 1424 1842 ricum,
1442 1805 1680 1836 Ambasfiatorem
1688 1808 1799 1836 Domini
1813 1807 1908 1844 Papae,
1926 1805 2013 1836 libere
2035 1806 2069 1837 &
2086 1807 2142 1837 fine
2163 1807 2373 1845 impedimento

1312 1841 1446 1874 Transire
1477 1853 1662 1882 quocumque
1676 1844 1726 1875 fibi
1739 1844 1892 1883 placuerit,
1907 1853 1976 1876 cum
1990 1843 2110 1875 Summa
2127 1843 2254 1877 Centum
2271 1846 2372 1877 Libra-

1312 1890 1376 1911 rum
1392 1882 1423 1911 in
1439 1868 1539 1920 Ᾱυτο,
1554 1881 1697 1952 ’Βὲἕαξϋῆ
1716 1883 1750 1914 &
1764 1883 1822 1913 aliis
1837 1882 1980 1926 Hernefiis
1993 1882 2045 1913 suis
2058 1892 2091 1926 ac
2113 1883 2293 1915 Servientum
2307 1885 2373 1916 suo-

1309 1928 1393 1987 }um,
1410 1922 1444 1952 ὃ(
1458 1921 1537 1960 quod
1552 1931 1581 1950 m
1602 1930 1619 1951 e
1651 1930 1697 1953 ant
1713 1921 1834 1959 Lnerae,
1851 1920 1903 1952 sub
1920 1920 2035 1953 Privato
2051 1921 2152 1960 Sigillo
2171 1922 2277 1962 Regis,
2295 1931 2326 1954 ut
2339 1925 2371 1954 in

1319 1967 1414 1989 orma.

1629 2085 1689 2118 Pro
1711 2087 1844 2119 Domino
1865 2081 1901 2119 de
1917 2082 2037 2120 Talbot.

1375 2168 1440 2202 EX
1453 2169 1601 2201 Omnibus
1614 2193 1625 2209 ,
1642 2169 1678 2202 ad
1691 2179 1781 2211 quos,
1797 2172 1859 2203 &e
1878 2170 2010 2202 Salutem.
2390 2174 2468 2207 Ann.
2477 2175 2520 2207 D,

1430 2209 1606 2248 Supplicavit
1618 2209 1700 2240 nobis
1712 2210 1747 2241 δε
1761 2209 1897 2241 Concilio
1914 2209 2032 2247 nostro,
2049 2208 2219 2248 carissimus,
2236 2210 2270 2242 δε
2285 2209 2372 2243 fidelis
2412 2224 2496 2254 1432.

1313 2245 1550 2286 Consanguineus
1562 2247 1658 2279 noster
1691 2247 1838 2287 Johannes
1853 2251 1986 2279 Dominus
2001 2249 2033 2278 ole
2044 2248 2141 2279 Talbot
2158 2249 2249 2288 quod,
2389 2257 2441 2283 An.
2461 2265 2504 2285 ιο,

1351 2285 1450 2325 Cum,
1480 2286 1635 2318 carissimus
1654 2270 1688 2319 ἐξ
1711 2286 1886 2326 praedilestus
1907 2287 2072 2320 Avunculus
2097 2287 2209 2327 noster,
2228 2287 2374 2327 Johannes
2391 2297 2423 2321 H.
2441 2295 2468 2320 6.

1315 2326 1384 2354 Dux
1401 2328 1568 2364 Bramme,
2389 2335 2448 2361 Par.
2468 2342 2509 2362 ιο,

1353 2363 1543 2395 Confiderans
1557 2364 1642 2396 Onus
1652 2365 1847 2404 importabile,
1864 2365 1941 2403 quod
1968 2364 2118 2403 praedic'tus
2143 2364 2373 2405 consanguineus
2389 2373 2422 2397 H.
2439 2374 2467 2399 6.

1315 2401 1411 2433 noster
1425 2402 1551 2434 sustinuit
1564 2405 1594 2434 in
1606 2404 1754 2434 solutione
1768 2403 1910 2434 Financiae
1924 2404 1957 2435 &
1976 2403 2195 2441 Redemptionis
2208 2405 2317 2435 suarum
2327 2429 2336 2443 ,
2389 2415 2414 2446 p.
2436 2420 2462 2438 2.

1351 2441 1471 2472 Dederit
1486 2443 1519 2474 &
1535 2441 1714 2474 Concesserit
1727 2443 1819 2473 eidem
1834 2442 2056 2482 Consanguineo
2072 2441 2189 2480 nostro,
2205 2444 2233 2472 in
2249 2442 2370 2475 Releva-
2391 2457 2429 2476 m.
2447 2459 2456 2476 ι
2466 2460 2499 2477 ι.·

1314 2480 1424 2511 tionem
1436 2481 1530 2519 suam,
1548 2480 1621 2512 Duo
1638 2480 1720 2512 Milia
1740 2480 1860 2512 Muwes
1876 2481 1959 2519 Salis,
1978 2481 2159 2519 percipienda
2181 2483 2209 2510 in
2233 2479 2322 2512 Insula
2337 2481 2373 2513 de

1315 2518 1475 2558 Gerraund,
1493 2521 1522 2550 in
1537 2518 1628 2551 Patria
1641 2520 1769 2559 praediffi
1784 2520 1930 2551 Avunculi
1947 2519 2053 2558 nostri,
2072 2521 2101 2549 in
2119 2519 2268 2558 Britannia,

1356 2556 1520 2597 VeHemus,
1536 2558 1572 2590 de
1586 2559 1758 2589 avisamento
1770 2557 1803 2590 ὃς
1831 2558 1935 2590 affensu
1955 2559 2024 2589 dicti
2049 2557 2176 2588 Concilii
2196 2558 2302 2597 nostri,
2322 2559 2374 2590 Li-

1316 2597 1442 2628 centiam
1458 2596 1576 2635 praefato
1591 2596 1812 2636 Consanguineo
1831 2597 1931 2628 nostro
1947 2597 2122 2636 concedere,
2149 2597 2226 2635 quod
2247 2598 2304 2634 ipse
2328 2598 2374 2628 Sal

1316 2635 1486 2672 praedietum
1502 2636 1531 2666 in
1548 2636 1646 2666 talibus
1667 2635 1755 2666 Locis
1772 2638 1787 2653 *⁶
1802 2636 1921 2674 ducere,
1940 2645 1999 2675 quo
2022 2636 2072 2666 fibi
2096 2644 2148 2674 pro
2169 2634 2306 2666 Proficuo
2323 2637 2373 2667 suo
2393 2645 2524 2682 *fs-515«

1319 2673 1419 2704 melitis
1433 2674 1524 2705 facere
1538 2674 1678 2705 videbitur
1690 2696 1700 2712 ,
1717 2674 1750 2704 &
1773 2675 1840 2705 inde
1865 2675 1900 2705 ad
1924 2674 2106 2705 Voluntatem
2131 2673 2208 2704 suam
2228 2673 2375 2714 disponere

1316 2711 1418 2751 poffit,
1434 2713 1538 2751 absque
1553 2712 1696 2744 Custuma
1711 2720 1757 2744 aut
1772 2713 1827 2744 alio
1845 2713 1990 2750 Deverio,
2008 2713 2089 2743 nobis
2106 2713 2319 2752 pertinentibus,
2332 2715 2374 2744 in-

1315 2750 1352 2781 de
1368 2752 1449 2782 nobis
1463 2752 1620 2790 solvendis,

1352 2789 1422 2820 Nos
1444 2790 1665 2828 (Supplicationi
1685 2788 1830 2830 praedictae
1851 2790 2040 2820 favorabiliter
2070 2789 2210 2826 inclinati)
2239 2788 2274 2819 de
2290 2790 2374 2821 avisa-

1318 2837 1417 2860 mento
1434 2830 1467 2860 δε
1483 2830 1588 2860 ass'ensu
1603 2829 1745 2867 praedietis
1757 2851 1768 2865 ,
1794 2826 1994 2858 Conceffimus
2014 2828 2048 2858 &
2069 2828 2212 2857 licentiam
2236 2827 2377 2860 Dedimus

1310 2865 1431 2905 praefato
1446 2867 1644 2907 Confiznguineo
1659 2867 1745 2906 nostro
1757 2866 1838 2905 quod
1853 2866 1908 2903 ipse
1924 2866 1969 2896 Sal
1983 2865 2167 2903 praedicslum,
2188 2866 2217 2895 in
2230 2865 2375 2903 hujuihto-

1316 2906 1346 2936 di
1362 2906 1467 2945 Locis,
1483 2916 1548 2945 quae
1561 2907 1611 2936 fibi
1626 2915 1677 2943 pro
1693 2904 1827 2936 Proficuo
1839 2904 1888 2934 suo
1899 2903 1996 2934 melius
2012 2904 2103 2934 facere
2125 2904 2279 2941 videbitur,
2311 2905 2374 2935 Du—

1316 2954 1379 2975 cere
1390 2967 1400 2982 ,
1418 2946 1451 2975 &
1467 2945 1532 2974 inde
1544 2945 1578 2975 ad
1596 2943 1783 2974 Voluntatem
1799 2943 1874 2972 suam
1894 2942 2050 2982 Disponere
2073 2941 2171 2979 possit,
2190 2943 2292 2980 absque
2310 2942 2374 2973 Cu-

1314 2983 1406 3052 gtuma
1427 2990 1479 3013 aut
1487 2983 1544 3013 alio
1560 2981 1706 3019 Deverio,
1723 2981 1807 3011 nobis
1823 2981 2025 3019 pertinentibus
2036 3003 2044 3018 ,
2066 2981 2131 3010 ind‘e
2152 2981 2236 3010 nobis
2262 2981 2373 3012 iolven-

1335 3031 1363 3052 is.

1351 3057 1385 3089 In
1400 3060 1496 3097 cuius,
1513 3058 1573 3090 &c.

1369 3097 1457 3128 Teste
1471 3098 1553 3137 Rege
1566 3096 1639 3138 apud
1654 3094 1909 3137 Wstmonasterium
1918 3117 1929 3133 ,
1945 3094 2048 3125 octavo
2063 3095 2108 3125 die
2117 3094 2193 3133 Julii.

1752 3136 1806 3163 Per
1823 3137 1916 3163 Breve
1935 3133 1966 3163 de
1983 3135 2103 3163 vaato
2116 3133 2212 3171 «sigilla

1338 3274 1388 3304 De
1413 3266 1614 3304 Permittendo
1630 3263 1881 3308 Ambaffiatorem
1898 3268 1978 3311 Papae
1991 3263 2128 3306 Trasfire
2151 3275 2220 3295 cum
2237 3266 2326 3297 Auro
2335 3287 2347 3304 ‚

1639 3318 1787 3357 Moneta,
1811 3316 1847 3352 εἷθ’*
1869 3311 2043 3360 Jocalibtts.

1316 3395 1442 3458 REX
1457 3395 1588 3426 universis
1603 3395 1635 3426 &
1651 3390 1763 3430 singulis
1788 3390 1966 3428 Admirallis,
1993 3389 2173 3430 Capitaneis,
2198 3389 2374 3430 Castellanis,
2396 3398 2522 3431 Amul),

1395 3437 1427 3466 &
1444 3444 1545 3464 eorum
1561 3434 1644 3464 Loca
1659 3429 1836 3467 tenentibus,
1854 3429 2284 3468 Custumariis,Scrutatoribu5,
2292 3430 2375 3460 Con·
2420 3447 2503 3477 14³2.

1315 3473 1552 3505 trarotulatoribus
1563 3494 1572 3509 ,
1587 3473 1619 3502 δε
1634 3469 1858 3508 Supervisoribus
1873 3468 2026 3505 Scrutinii,
2045 3466 2221 3499 Custodibus
2236 3468 2376 3498 Portuum
2395 3481 2447 3505 An.
2461 3460 2502 3509 ῗο,

1317 3512 1420 3549 Maris,
1437 3512 1470 3542 ὃς
1485 3511 1605 3542 aliorum
1622 3509 1770 3539 Locorum
1790 3506 2007 3537 Maritimorum
2023 3528 2032 3543 ,
2049 3516 2083 3536 ac
2101 3506 2157 3536 aliis
2182 3506 2323 3536 Ministris
2341 3508 2373 3537 δε
2396 3519 2429 3543 H.
2449 3518 2478 3543 6.

1318 3551 1458 3581 Fidelibus
1473 3548 1574 3579 nostris
1587 3571 1597 3586 ,
1621 3548 1681 3578 tam
1696 3548 1723 3575 in
1737 3545 1858 3584 partibus
1884 3544 2064 3582 Cismarinis,
2089 3546 2175 3584 quiin]
2198 3545 2375 3576 Transmari—
2391 3554 2478 3592 olaus,

1315 3591 1374 3627 nis,
1392 3589 1426 3619 ad
1449 3598 1536 3627 quos,
1554 3587 1616 3617 &c.
1645 3585 1777 3615 Salutem.
2065 3622 2070 3627 ι
2395 3599 2478 3621 10.H.
2495 3596 2522 3622 6-

1353 3627 1525 3658 Mandarnus
1540 3625 1625 3655 vobis
1638 3625 1671 3655 &
1685 3623 1800 3654 cuilibet
1814 3620 1961 3658 vestrum,
1981 3620 2017 3651 de
2027 3621 2198 3651 avisamento
2212 3622 2245 3652 &
2268 3620 2370 3652 assensu
2388 3642 2424 3659 m.
2444 3642 2468 3660 1,

1317 3664 1442 3696 Concilii
1459 3663 1567 3702 nostri,
1587 3663 1667 3701 quod
1689 3664 1802 3690 Petrum
1816 3660 1849 3689 de
1863 3662 1946 3688 Mera
1960 3658 2109 3689 Clericurn
2121 3683 2129 3697 ,
2155 3661 2186 3689 ὃς
2213 3660 2369 3691 Ambaffia-

1316 3713 1406 3735 torem
1420 3701 1589 3734 Sanc‘tiffirni
1610 3703 1705 3730 Patris
1723 3698 1817 3737 nostrae
1832 3700 1931 3736 Papae,
1948 3697 2017 3728 ultra
2033 3696 2131 3735 Mare,
2150 3698 2183 3728 ad
2201 3708 2371 3737 quemcum—

1316 3751 1372 3780 que
1386 3743 1503 3773 Locum
1519 3741 1570 3770 fibi
1584 3740 1685 3770 melius
1699 3738 1860 3774 videbitur,
1880 3738 1998 3775 migrare
2013 3745 2081 3766 cunr
2098 3736 2178 3766 Auro
2193 3758 2202 3773 ,
2231 3736 2371 3775 Moneta,

1315 3781 1524 3819 &jocalibus,.
1535 3778 1569 3808 ad
1583 3778 1733 3808 Summam
1757 3776 1790 3806 &
1813 3775 1944 3806 Valorem
1967 3772 2092 3804 Centum
2117 3774 2266 3805 Librarum
2290 3777 2373 3806 attin—

1316 3819 1465 3856 gentibus,
1482 3827 1597 3848 necnon
1611 3815 1697 3855 Equis
1710 3815 1743 3845 &
1763 3813 1904 3844 Hernefiis
1917 3813 1968 3842 suis
1983 3813 2118 3851 propriis,
2135 3822 2166 3842 ac
2182 3812 2371 3846 servientium

1315 3858 1428 3887 suorum
1444 3858 1540 3887 secum
1554 3855 1766 3890 transeuntium,
1787 3853 1872 3882 libere
1888 3851 1932 3892 &⁴
1942 3851 2045 3887 absque
2058 3851 2262 3888 impedimento
2276 3853 2370 3891 aliquo

1315 3896 1446 3926 Transire
1466 3894 1647 3932 permittam,
1672 3893 1766 3931 aliquo
1785 3890 1894 3920 Statuto
1916 3892 1961 3919 ieu
1982 3888 2186 3926 Ordinatione,
2206 3890 2234 3919 in
2256 3900 2367 3921 contra-

1316 3936 1389 3965 rium
1404 3933 1492 3970 edita,
1511 3942 1570 3962 non
1585 3931 1722 3961 obstante.
2041 3966 2046 3971 .
2129 3966 2132 3971 ‚
2210 3966 2225 3971 ..

1352 3972 1440 4003 Teste
1453 3971 1535 4010 Rege
1551 3971 1625 4008 apud
1641 3965 1906 4007 westmonasterium,
1924 3964 2236 4003 duodecimodieJulu.

1744 4038 1796 4065 Per
1817 4037 1909 4063 Breve
1927 4034 1959 4062 de
1975 4035 2093 4063 Privato
2110 4033 2210 4071 Sigillo.

1805 4074 1846 4101 Et
1864 4079 1926 4102 erat
1945 4074 2054 4101 Patent.

1793 4112 1859 4149 Z3
2236 4123 2239 4125 >
2284 4108 2375 4141 REX
