2562 4274
792 164 902 208 ET
987 163 1244 207 ACTA
1327 158 1795 208 PUBLICA.

18 262 96 293 Ann.
110 258 154 289 D.
167 256 312 296 splendore
332 254 555 296 Magnificentiae
573 252 737 291 antecellit,
763 252 799 283 sic
821 252 1068 284 Condescenfione
1087 250 1224 283 benivola

41 297 126 339 1418.
169 297 343 327 tractabilem
356 296 382 325 se
394 293 542 332 praebuisse
556 293 689 323 omnibus
702 292 735 321 ad
747 301 810 321 eam
823 292 1065 330 confugientibus,
1083 291 1116 321 ὃς
1138 290 1222 321 talem

21 343 86 367 Han.
105 346 134 373 5.
169 335 196 366 se
211 334 364 365 exhibuisse
372 333 444 371 justa
453 332 847 370 petentibu8‚utnequaquam
854 329 1111 369 contigeritfrustra
1120 338 1223 368 quem-

170 375 245 412 piam
260 374 296 403 ab
311 371 356 402 illa
369 371 512 401 Auxilium
527 369 572 401 vel
588 369 718 399 Gratiam
734 369 870 405 petivisse.

207 410 402 448 Compertum
426 410 536 447 insuper
556 408 640 439 habui
664 407 822 445 (Regnator
842 406 954 441 Inclite)
970 405 1091 437 vestram
1105 404 1225 436 eandem

172 449 357 480 Serenitatem
381 447 484 486 Viros,
503 447 620 477 Virtutis
640 446 674 477 ὃς
694 445 825 476 Scientiae
842 445 1005 486 ymaginem
1029 445 1227 482 praeferentes,

174 487 271 518 colere
288 496 342 524 pro
362 487 466 517 virtute
483 495 567 524 atque
588 485 720 522 diligere,
738 484 842 522 eosque
861 494 920 522 quo
939 484 1027 521 magis
1042 493 1075 514 ac
1089 485 1176 522 magis
1198 484 1228 512 in

172 526 254 563 ipsius
274 524 425 555 honestatis
446 534 480 555 ac
495 524 615 555 veritatis
630 524 752 560 vitaeque
767 523 799 553 <St
814 521 953 553 doctrinae
973 522 1093 552 serendis
1115 521 1230 552 semini—-

173 564 226 594 bus
248 564 282 594 &
301 563 502 594 coacervandis
522 562 648 600 frugibus
668 569 850 599 exercentur,
869 559 998 591 Praemiis
1019 559 1230 597 Praeconiisque

174 601 367 633 condecorare
381 609 464 639 atque
480 600 612 631 extollere
624 599 959 637 consuetam,quamtum
974 599 1069 629 honos
1082 598 1130 629 alit
1138 598 1228 629 Artes!

174 640 423 679 quemadmodum
438 639 569 677 praeclare
587 637 655 668 dixit
676 637 781 668 Orator
792 637 1026 676 praeclarissimus.

213 679 258 709 Ex
276 679 333 710 hoc
354 679 447 709 Fonte
468 678 513 708 illa
530 677 664 716 profluxit
685 677 783 716 ingens
805 677 912 714 prorsus
931 684 1016 714 atque
1035 675 1146 714 insignis
1161 696 1171 713 ,
1197 676 1231 705 &

175 718 310 755 proferiti)
319 722 375 755 ,ut
389 726 489 748 verum
503 716 603 752 fatear,
621 714 700 745 nullo
716 725 765 752 per
780 725 827 745 me
838 715 977 745 Sermone
990 714 1050 744 satis
1064 713 1234 751 explicabilis

174 755 386 791 benevolentia,
405 765 459 793 qua
474 764 567 784 meam
582 754 659 785 exilis
674 755 814 785 momenti
827 754 991 791 parvitatem
1010 751 1101 783 vestra
1121 752 1232 790 dignata

174 794 217 825 est
230 794 355 832 prosequi
370 794 461 832 Regia
476 794 637 824 Sublimitas
646 817 655 829 ,

213 832 325 872 Qiod,
342 832 390 862 etfi
411 833 546 863 mittentis
566 831 738 862 Excellentia
759 829 913 868 postularet
927 829 988 867 (cui
1002 825 1088 858 nichil
1102 828 1233 858 Honoris

174 882 191 902 a
215 880 360 909 quoquam
382 870 554 901 Mortalium
573 871 659 901 nimis
677 869 803 907 impendi
824 875 932 905 poterat
946 889 955 905 ,
974 868 1023 905 qui
1042 867 1126 897 etiam
1147 866 1233 905 digne

175 910 333 948 promeruit
346 909 464 948 vestrae,
483 911 558 940 vivae
569 909 650 940 vocis
664 905 808 944 Oraculo'‚
824 905 980 943 suppremis
993 904 1136 936 Laudibus
1151 905 1234 935 attol-

178 948 211 986 li)
231 948 319 978 michi
333 957 446 986 tamen,
465 948 587 977 minimo
600 957 633 976 ac
648 947 816 985 perexiguo,
834 954 888 983 pro
903 945 1030 975 maximo
1048 944 1102 974 fuit
1122 951 1233 975 tantum

175 987 204 1017 in
220 987 320 1017 Oculis
332 986 429 1017 vestris
443 986 573 1016 Gratiam
588 984 732 1015 invenisse.

214 1025 285 1055 Inde
299 1034 416 1063 quoque
428 1024 502 1061 apud
519 1033 567 1053 me
579 1023 667 1053 oritur
679 1021 789 1062 grandis
801 1021 915 1053 Fiducia
928 1028 960 1051 ut
974 1020 1036 1051 illos
1056 1021 1140 1059 (quos
1167 1020 1234 1050 Vir-

173 1065 240 1094 tutis
260 1062 456 1094 finceriffimos
476 1061 627 1092 Amatores
649 1061 683 1092 &
698 1061 882 1091 Scientiarum
897 1059 1086 1090 Doctiffimos
1101 1059 1234 1090 Elucida-

176 1109 270 1141 tores,
287 1111 375 1139 opere
390 1102 488 1140 pariter
503 1110 536 1130 ac
552 1099 692 1130 Sermone
708 1107 855 1137 potentes,
872 1099 996 1129 familiari
1008 1097 1234 1130 Conversatione

174 1141 316 1178 cognovi)
333 1139 433 1170 vestrae
444 1137 560 1169 audeam
571 1138 716 1169 Serenitati
733 1138 936 1169 commendare
949 1139 1047 1176 (quam
1062 1139 1159 1175 utique
1168 1136 1235 1166 Vir-

175 1187 219 1209 tus
241 1178 330 1217 Regit
344 1199 354 1216 ‚
379 1176 532 1215 Virtusque
554 1177 662 1214 Regno
684 1176 798 1215 dignam
818 1176 920 1213 efficit)
942 1177 1070 1214 quatinus
1092 1175 1234 1213 vestram,

172 1218 234 1286 gei
248 1216 357 1285 ‚devotie-
368 1225 453 1285 arsque
467 1215 611 1247 humiliter
625 1215 803 1256 supplicantis
827 1216 1034 1246 interventione
1046 1237 1056 1253 ,
1075 1221 1234 1245 mereantur

205 1262 327 1285 ratiama
349 1265 357 1285 i
379 1264 435 1285 ici.

210 1293 291 1324 Cum
308 1265 401 1332 itaqliie
418 1293 566 1332 (Princeps
592 1291 738 1329 ustiffime)
756 1291 808 1322 Vir
819 1291 951 1329 quidam,
970 1292 1082 1321 eximiae
1105 1290 1236 1331 Probita-

172 1332 209 1363 tis
223 1332 380 1370 Splendore
394 1331 568 1363 Venerabilis
579 1303 717 1371 iVlagister
732 1329 882 1360 Nicholaus
897 1329 929 1358 de
944 1329 1103 1367 clamengiis
1112 1352 1120 1366 ,
1141 1330 1169 1359 in
1178 1328 1234 1359 Ar-

174 1372 250 1401 tibus
272 1368 411 1409 Magister
425 1396 435 1409 ,
460 1372 494 1403 ὃς
515 1372 544 1401 in
567 1369 649 1401 Sacra
672 1369 836 1406 Theologia
857 1367 1038 1407 Bacallarius‚
1056 1376 1088 1398 ac
1106 1367 1232 1398 Domini

175 1409 267 1440 nostri
282 1411 363 1448 Papae
377 1412 500 1440 Martini
514 1408 617 1449 <§Quinti
630 1408 816 1446 Secrerarius,

211 1447 300 1486 Cujus
324 1448 409 1479 Fama
425 1472 434 1487 ‚
452 1448 571 1479 Nuncia
588 1446 674 1486 Veri,
691 1455 753 1477 turn
768 1445 842 1477 Vitae
858 1444 1033 1483 Honestate,
1053 1451 1116 1475 turn
1133 1444 1233 1475 Scien-

170 1488 274 1519 tiarum
298 1486 422 1526 Fulgore
435 1509 445 1524 ,
471 1494 533 1517 tum
556 1485 703 1517 Sermonis
715 1484 856 1523 praecipua
872 1483 1017 1515 Elevanda
1031 1483 1111 1521 (narn
1125 1492 1160 1513 ex
1175 1484 1233 1522 ejus

173 1526 237 1556 Ore
253 1525 365 1555 dulcior
379 1525 462 1556 melle
476 1525 537 1556 fluit
551 1524 665 1561 Oratio)
682 1534 731 1563 per
747 1523 904 1555 universam
921 1508 1042 1553 &uriam
1059 1522 1233 1561 Romanam,

173 1565 209 1597 ὃς
221 1571 342 1598 omnem
356 1562 515 1594 Galliarum
530 1572 615 1601 atque
628 1562 827 1601 Hispaniarum
843 1560 952 1599 Orarn,
971 1560 1069 1591 diffusa
1085 1560 1142 1599 est,

211 1598 445 1640 canonicatum,
463 1603 497 1635 δε
509 1601 714 1638 Praebendam,
731 1611 765 1631 ac
780 1599 947 1630 Cantoriam
962 1600 991 1629 in
1011 1599 1138 1631 Ecclesia
1154 1599 1235 1639 Bajo-

175 1639 251 1671 censi
259 1639 428 1681 jamdudum
444 1640 612 1679 possederit,
631 1640 781 1673 &Civitas
792 1639 837 1669 illa
849 1638 946 1670 vestris
959 1639 1015 1676 jam
1030 1638 1177 1677 (Princeps
1190 1640 1234 1669 in-

177 1679 255 1716 clite)
280 1679 444 1709 infraenetur
465 1679 594 1710 Habenis
606 1704 615 1717 ,
647 1688 678 1710 ut
699 1679 809 1709 nemini
825 1701 836 1717 ,
853 1677 911 1708 {ine
924 1677 1021 1709 vestro
1034 1676 1216 1716 Beneplacito
1226 1701 1236 1717 ,

178 1718 334 1755 quicquam
357 1717 387 1748 in
411 1716 459 1748 illa
481 1718 583 1749 habere
598 1717 695 1749 liceat:
714 1725 831 1758 propter
847 1715 943 1754 quod,
960 1716 1108 1746 Fructibus
1121 1717 1237 1747 suorum

177 1756 364 1794 praefatorum
386 1755 597 1788 Beneficiorum
620 1756 766 1787 destitutus
783 1778 793 1793 ,
816 1753 962 1785 Belloru’m
982 1764 1049 1785 eum
1065 1754 1237 1786 Discrimina

180 1796 318 1833 (quorum
333 1794 438 1825 faciem
451 1795 528 1826 solita
541 1794 582 1825 est
597 1795 703 1834 egestas
718 1794 855 1832 subsequi)
873 1793 923 1823 illis
940 1794 1018 1824 enim
1033 1803 1085 1831 pro
1100 1804 1178 1824 nunc
1191 1804 1238 1824 ex-

179 1842 288 1872 pertem
302 1832 427 1871 faciunt,
446 1834 481 1864 ad
497 1844 587 1873 quos,
605 1843 673 1864 cum
691 1833 741 1863 sibi
755 1831 904 1863 canonica
920 1831 1098 1864 Institutione
1114 1833 1238 1865 debean-

181 1873 348 1940 tuiidtnerito
360 1872 541 1912 compellitur
554 1873 583 1902 in
599 1871 646 1903 sua
661 1870 838 1904 Necessitate
851 1870 976 1909 aspirare.

253 1920 328 1941 circa
340 1919 395 1941 eoo

225 1948 322 1979 Sciens
345 1933 525 1980 Oatl'iolicam
550 1948 683 1980 Mentem
703 1948 804 1989 Regiae
827 1948 1028 1979 Generofitatis
1048 1948 1150 1979 vestrae
1164 1971 1174 1987 ,
1191 1949 1240 1979 cui

184 1986 293 2024 Operae
315 1987 442 2020 Pretium
463 1997 523 2018 non
546 1987 587 2017 est
602 1997 776 2026 quemquam
791 1988 842 2018 suis
855 1987 871 2018 s
885 1987 971 2017 oliare
982 1987 1113 2025 Juribus,
1130 1988 1175 2018 sed
1189 1987 1242 2017 sin-

186 2025 257 2064 gulis
279 2026 357 2064 quod
377 2026 458 2056 suum
478 2026 520 2056 est
540 2026 628 2056 libere
650 2027 814 2064 permittere
828 2050 838 2064 ,
888 2026 996 2063 irosque
1011 2024 1241 2065 Eccleliasticos,

185 2064 337 2101 praesertim
352 2064 701 2102 elegantes,famosos,ac
717 2065 871 2104 virtuosos,
890 2064 910 2084 ¹*
925 2064 1128 2102 cujUscumque
1140 2065 1242 2096 fuerint

187 2102 346 2142 Nominis,
363 2104 392 2134 in
406 2103 459 2134 suis
470 2103 586 2142 Juribus
594 2126 606 2142 ,
623 2102 863 2142 Praeeminentiis,
879 2102 913 2134 δε
926 2102 1115 2134 Libertatibus
1129 2103 1243 2135 conser-

183 2151 264 2179 vare,

218 2180 325 2219 Qioad
338 2180 419 2211 valeo
432 2180 565 2212 humilius
577 2191 609 2213 ac
624 2180 755 2213 devotius
768 2179 895 2219 supplico
911 2180 1062 2219 ut‚vestrfi
1069 2180 1244 2212 Celfitudine

183 2217 353 2250 decernente
374 2219 589 2258 Imperanteque
602 2243 612 2258 ,
632 2220 763 2258 praefatus
784 2219 838 2250 Ma
859 2219 923 2250 ister
939 2218 1089 2249 Nicholaus
1105 2242 1114 2257 ,
1130 2220 1243 2250 Sanctae

183 2256 382 2301 Apostolicae,
398 2259 532 2296 verique,
551 2259 644 2297 unici,
663 2259 697 2290 &
712 2257 823 2298 pacifici
876 2259 951 2289 icarii
966 2258 1031 2296 jesu
1048 2257 1174 2295 Christi,
1193 2259 1244 2289 be-

184 2305 222 2326 ne
243 2305 359 2326 meritus
381 2296 549 2327 Secretarius
563 2320 573 2336 ,
596 2297 718 2335 plenaria
731 2297 765 2328 δε
781 2297 983 2336 imperturbata
998 2297 1112 2327 suorum
1129 2307 1243 2335 praeno-

186 2335 362 2365 minatorum
383 2333 593 2366 Beneficiorum
616 2335 792 2366 Poffeffione
806 2360 816 2373 ,
835 2335 1056 2374 Frqutibusque,
1077 2336 1181 2373 &jam
1194 2335 1244 2366 de-

185 2372 249 2417 bitis
259 2373 293 2404 &
308 2374 339 2403 in
352 2372 479 2404 futurum
492 2373 646 2412 debendis,
659 2374 777 2405 licenter
791 2375 824 2405 &
839 2374 943 2412 absque
957 2375 1015 2405 ullo
1033 2373 1244 2412 Impedimento

183 2411 240 2455 frui
253 2410 356 2455 poffitz,
375 2413 413 2455 ne
431 2421 528 2451 nunc,
543 2412 695 2444 Seneffimte
708 2413 799 2452 ipsum
810 2414 870 2451 jam
885 2421 1049 2451 premente,
1069 2422 1188 2451 cogatur
1203 2421 1244 2443 ta-

183 2449 218 2480 lis
237 2449 289 2493 Vir
303 2473 313 2486 ,
336 2451 370 2481 &
385 2460 415 2480 in
428 2451 476 2481 tali
489 2450 602 2482 Officio
620 2451 712 2490 (quod
726 2452 802 2483 suam
817 2452 847 2481 in
863 2451 930 2482 loco
938 2451 1147 2482 Beneficiorum
1163 2451 1246 2482 Resi-

184 2487 312 2532 dentiam
327 2487 456 2532 legitime
471 2490 593 2527 excusat)
611 2489 799 2527 constitutus,
815 2489 946 2530 Egestate
961 2499 1043 2528 atque
1058 2489 1247 2528 Inopia,abs—

183 2535 241 2595 qbule
260 2525 320 2556 ullis
337 2526 388 2556 suis
402 2526 563 2571 *Demetitis
580 2552 590 2566 ,
611 2528 657 2560 sed
673 2538 741 2560 cum
756 2528 808 2560 suis
821 2529 972 2569 grandibus
985 2528 1116 2567 Meritis,
1136 2529 1246 2560 misera-

206 2575 217 2595 ι
228 2574 277 2595 iter
291 2573 418 2595 coartari.

223 2602 294 2634 Hoc
319 2604 396 2648 enim
416 2603 566 2649 (Princeps
587 2605 825 2644 metuendiffime)
847 2614 958 2647 gratum
982 2607 1033 2637 erit
1051 2605 1180 2636 Creatori
1197 2617 1247 2637 ve-

186 2640 246 2686 stro
261 2666 271 2680 ,
293 2642 377 2672 vobis
397 2642 590 2674 honorificum
607 2666 616 2682 ‚
636 2645 670 2675 δε
695 2644 830 2676 Domino
854 2645 953 2676 nostro
969 2645 1093 2675 Summo
1112 2645 1247 2676 Pontifici

186 2680 266 2719 (qui,
285 2680 371 2712 Fama
393 2681 464 2713 illius
484 2683 591 2713 excitus
605 2706 615 2721 ,
633 2683 712 2714 illum
727 2683 762 2714 ad
776 2683 802 2714 se
817 2683 892 2715 ultro
909 2683 1034 2721 vocavit)
1052 2683 1133 2715 valde
1146 2694 1248 2723 accep-

188 2727 262 2750 tum.

226 2757 288 2796 Qi
311 2756 445 2795 piiffimus
466 2758 588 2791 Creator
606 2759 698 2790 vester
713 2783 723 2799 ,
748 2761 803 2799 piae
825 2759 998 2791 Devorionis
1013 2759 1131 2791 Affeetu
1148 2762 1248 2800 (quem

186 2795 222 2826 ad
238 2796 265 2826 se
279 2796 313 2826 &
327 2795 484 2828 Ecclesiam
495 2798 572 2828 suam
584 2798 798 2830 Sacrosanetam
811 2800 907 2837 geritis
920 2800 984 2836 vos)
1004 2799 1120 2830 feliciter
1137 2801 1170 2831 &
1183 2801 1247 2831 lon-

186 2842 266 2873 gaeve
281 2835 489 2879 regnarefaciat
503 2836 582 2875 super
598 2836 721 2868 Terram
737 2862 747 2875 ,
771 2839 805 2869 &
821 2839 938 2870 tandem
954 2837 1131 2879 Dyademate
1145 2838 1248 2869 Beato-

187 2880 252 2904 rum
268 2874 407 2912 perhenni
421 2873 517 2906 secum
531 2874 704 2907 AEternitate
719 2875 844 2907 illustret.

37 2064 54 2082 ¹⁸
69 2063 122 2092 tx.

36 2111 104 2140 547-

226 2947 329 2986 Script.
347 2948 510 2989 Constantine
525 2959 589 2983 xxv.
604 2950 652 2982 die
667 2951 775 2983 Mensis
790 2953 941 2983 Februarii.

229 3022 326 3069 V‘st'sae
345 3028 506 3059 Ser-enitatis
519 3027 633 3068 assiduus
646 3028 685 3064 (ᾤ’
699 3029 813 3059 devotus
826 3033 929 3060 Orator
942 3028 1015 3060 Phili
1036 3039 1089 3067 pus
1106 3028 1230 3060 Medalia
1239 3053 1249 3068 ,

193 3062 305 3091 Domznt
320 3062 400 3100 nostri
418 3066 501 3109 Papae
520 3066 705 3097 Cubicularius
718 3092 728 3107 ,
752 3072 797 3109 qui
813 3069 910 3098 dudum
923 3069 963 3099 ad
972 3038 1093 3109 vefiram
1109 3067 1250 3108 Celsztudi-

193 3110 254 3130 nem
266 3100 301 3129 ab
316 3105 461 3138 Aragonia
476 3103 624 3143 destinatus
631 3105 694 3147 fuit
708 3107 907 3147 Ambaffiator.

482 3230 541 3261 Pro
560 3224 719 3275 Abbattffiz
737 3228 774 3263 de
791 3229 950 3264 Cordillon.

45 3316 123 3349 Arm.
132 3315 173 3347 D.
197 3314 328 3374 REX
354 3313 515 3355 Omnibus,
531 3312 566 3343 ad
580 3322 669 3356 quos,
687 3312 747 3343 δῖε.
763 3311 899 3344 Salutem.

69 3356 156 3396 1418.
293 3354 391 3386 Sciatis
406 3351 486 3391 quod
503 3351 550 3389 (de
565 3349 664 3382 Gratia
677 3349 773 3382 nostra
786 3351 908 3390 speciali)
928 3352 1129 3386 Conceffimus
1145 3355 1250 3395 Philip-

43 3397 95 3423 An.
110 3404 138 3430 5.
186 3401 232 3434 pae
252 3393 368 3433 Thesart
385 3415 397 3431 5
419 3389 575 3429 Abbatiffae
597 3389 691 3419 San&
710 3391 857 3420 Laurentii
876 3392 907 3420 de
920 3391 1072 3430 Cordillon,
1091 3395 1120 3424 in
1134 3392 1249 3426 Ducam

44 3437 81 3460 Η.
101 3442 129 3469 5.
194 3431 291 3463 nostro
307 3430 515 3472 Normanniae,
534 3427 636 3472 quod-i
658 3427 683 3458 sa
696 3428 729 3459 &
743 3427 911 3459 successores
923 3429 962 3460 sui
977 3454 986 3466 ,
1005 3431 1160 3462 Abbatissae
1174 3434 1249 3465 Loci

42 3474 102 3498 Par.
195 3470 323 3510 praediffi
336 3495 346 3508 ‚
371 3471 405 3502 &
428 3467 569 3499 Moniales
585 3467 625 3497 ibi
646 3475 757 3505 empto
772 3475 902 3507 tempore
916 3467 1077 3506 existentes,
1095 3470 1249 3504 Abbatiam

43 3511 135 3537 Norm.
147 3517 173 3543 5.
194 3509 268 3541 illam
282 3508 425 3548 poffidere
439 3507 473 3538 &
487 3506 658 3544 inhabitare,
675 3514 708 3535 ac
723 3506 859 3536 omnibus
874 3505 1027 3545 Maneriis,
1045 3506 1145 3539 Terris
1159 3534 1168 3548 ,
1188 3511 1250 3541 Te-

44 3550 159 3582 H·5.m.
196 3549 348 3587 trementis,
367 3545 564 3584 Molendinis,
581 3543 768 3588 Redditibus,
786 3544 819 3576 &
834 3544 976 3584 Servitiis,
995 3547 1028 3577 &
1045 3546 1251 3580 Advocationi-

47 3593 91 3612 ¹²·
194 3587 246 3618 bus
266 3585 456 3617 Ecclesiarum
471 3609 481 3623 ,
506 3584 541 3615 &
560 3582 695 3628 omnibus
717 3582 775 3614 aliis
793 3582 961 3614 Franchesiis
983 3584 1016 3615 &
1036 3583 1226 3618 Libertatibus
1239 3613 1249 3627 ,

193 3625 418 3664 quibuscumque
436 3646 448 3664 2
470 3623 563 3655 eidem
583 3622 713 3653 Abbariae
729 3646 739 3659 ,
757 3620 827 3652 infra
842 3621 990 3653 Ducaturn
1005 3622 1135 3655 nostrum
1148 3626 1252 3663 praedi—

197 3664 301 3703 etum,
323 3663 526 3702 pertinentibus
548 3660 606 3692 five
625 3660 811 3698 speciantibus
824 3683 834 3699 ,
860 3660 946 3691 libere
967 3661 1001 3692 ὅτ.
1024 3662 1142 3699 pacifice
1162 3666 1248 3696 uti&

193 3701 314 3771 ffiudere
334 3700 440 3740 possint
457 3699 560 3739 absque
579 3698 784 3731 Molestatione
804 3698 850 3730 seu
868 3698 1043 3731 Gravamine
1065 3701 1155 3732 nostri
1172 3728 1182 3742 ‚
1203 3703 1248 3734 seu

235 3739 400 3771 inistrorum
411 3747 460 3772 aut
471 3738 629 3779 Ligeorum
645 3737 807 3769 nostrorum
823 3747 1089 3778 quorumcumque,

234 3776 352 3808 Proviso
367 3777 475 3816 semper
488 3777 569 3816 quod
577 3776 717 3807 Divinum
731 3776 882 3807 Servitium
897 3776 1003 3807 ibidem
1016 3777 1177 3809 laudabilius
1193 3780 1248 3811 sus-

197 3816 284 3847 tineat
297 3837 312 3854 5
327 3826 361 3847 ac
380 3816 521 3848 Moniales
540 3816 700 3854 praedictae,
718 3825 833 3846 necnon
855 3825 956 3846 omnes
967 3816 1001 3847 ὅ(
1015 3815 1116 3854 singuli
1130 3817 1248 3850 Tenen-

193 3863 252 3893 tes,
267 3853 444 3893 servientes,
455 3856 488 3887 ὅς
501 3856 549 3886 alii
561 3853 687 3885 Ministri
701 3853 830 3885 Abbatiae
844 3853 988 3893 praedictae
1001 3853 1051 3886 sub
1064 3856 1134 3887 Fide
1147 3858 1182 3889 &
1196 3858 1247 3889 L}-

194 3891 306 3933 geantia
319 3890 418 3922 nostris
432 3903 612 3931 permaneant
628 3892 687 3923 ullo
701 3892 801 3923 modo.

230 3931 266 3962 In
280 3931 373 3969 cujus,
391 3932 452 3962 &c.

229 3968 321 4008 Teste
332 3968 415 4009 Rege

492 3932 604 3962 uamdiu
619 3931 695 3971 Regi
710 3931 842 3969 placuerit
855 3931 1004 3963 duraturas.

509 3969 633 4012 Castrum
646 3971 767 4011 Regirde
781 3970 894 4001 cadomo
912 3979 977 4001 xxv.
996 3970 1042 4001 die
1056 3970 1208 4004 Februarii.

877 4048 929 4078 Per
942 4046 1023 4087 ipfim
1037 4049 1141 4087 Regem.

2270 183 2290 223 3
2299 179 2321 221 7

2340 279 2417 311 Ann.
2434 279 2479 312 D:

1575 338 1633 368 Pro
1651 336 1803 381 Hospitali
1818 335 1854 369 de
1870 337 2011 371 Cadomo.
2346 320 2458 395 iiiiii.

1268 420 1396 479 REX
1424 419 1588 457 Omnibus,
1604 419 1639 449 ad
1655 429 1744 458 quOS,
1759 420 1820 450 &c-
1837 422 1970 452 Salutem.
2347 436 2400 460 An.
2413 442 2443 468 5.

1360 460 1456 490 Sciatis
1470 458 1551 496 quod
1566 457 1653 496 Nos,
2346 475 2374 497 H
2401 481 2418 506 5

1306 497 1521 529 Conliderantes
1537 505 1666 539 magnam
1683 496 1878 533 Paupertatem
1895 499 1926 528 ὃς
1943 498 2071 535 inopiam
2089 523 2099 538 ,
2125 509 2191 538 quas
2204 497 2327 540 Religiofi
2347 492 2430 537 Isia.-

1270 538 1299 567 V
1298 540 1333 566 iri
1349 541 1452 567 Domus
1462 535 1525 574 five
1540 535 1690 573 Hospitalis
1704 537 1759 564 Dei
1773 538 1800 565 V
1801 535 1856 564 illae
1871 535 1965 574 nostrae
1980 538 2011 566 a'e
2026 539 2156 577 Cadomo,
2173 539 2213 569 ob
2228 539 2325 569 Guer-
2348 557 2385 576 m,
2399 546 2479 576 2041,

1270 585 1363 606 rarum
1378 574 1552 611 discrimina,
1569 573 1703 604 sustinent
1717 574 1768 603 hiis
1783 573 1897 611 diebus,

1310 614 1357 644 De
1378 613 1475 643 Gratia
1497 612 1591 643 nostra
1611 612 1718 648 speciali
1733 634 1744 649 ,
1769 612 1802 641 ὃς
1823 612 1863 641 ob
1883 612 1954 642 illius
1969 612 2186 652 Reverentiam,
2204 616 2232 644 in
2248 615 2327 653 cujus

1270 652 1395 683 Honore
1412 650 1529 681 Domus
1544 651 1599 681 five
1612 650 1758 687 Hospitale
1773 650 1839 679 illud
1852 650 1980 681 fundatur
1995 652 2027 681 &
2042 651 2167 691 locatur,

1310 689 1509 721 Conceffimus
1539 689 1641 719 eisdem
1669 688 1817 727 Religiolis
1847 688 1920 718 Viris
1944 689 2080 719 Domum
2108 691 2163 720 live
2181 690 2327 730 Hospitale

1274 729 1460 767 praedkstum,
1476 737 1508 756 ac
1526 726 1627 757 Divini
1640 726 1744 757 Cultsis
1759 728 2038 765 augmentationem,
2055 728 2087 758 ὃς
2102 729 2153 758 alia
2161 729 2256 765 Opera
2265 729 2328 760 Pie-

1274 769 1351 806 tatis,
1372 777 1435 804 quae
1449 765 1570 802 ibidem,
1585 767 1661 803 juxta
1677 774 1744 807 vota
1761 766 1794 796 &
1810 766 1979 795 intentiones
1996 766 2188 796 Fundi-trorum
2204 768 2326 805 ejusdem

1274 804 1394 836 Domsis
1414 804 1470 834 sive
1492 803 1667 840 Hospitalis,
1694 804 1752 833 heri
1773 804 1893 833 debeant
1916 805 1949 835 &
1966 804 2104 841 solebant,
2124 806 2327 837 manutenenda

1273 846 1305 875 ὅς
1320 841 1510 880 sustentanda,
1528 851 1642 873 necnon
1657 851 1756 871 omnes
1773 841 1904 879 Domus,
1924 842 2079 880 Redditus,
2097 844 2130 873 &
2145 852 2247 872 omnes
2259 843 2330 873 Pos-

1275 882 1403 913 sessiones
1423 882 1481 912 fuas
1502 880 1699 919 quoscumque
1715 904 1724 917 ,
1751 880 1863 910 Domui
1880 880 1935 910 five
1952 880 2091 919 Hospitali
2108 881 2146 910 illi
2162 882 2331 917 pertinentes

1276 922 1332 953 five
1345 919 1674 989 slpe&antes,6{dabenda
1687 919 1791 950 eisdem
1808 917 1956 958 Religiosis
1971 919 2045 950 Viris
2060 920 2096 949 de
2111 919 2204 949 Dono
2220 919 2326 950 nostro.

1366 969 1383 988 n
1399 969 1435 989 cu
1448 968 1478 988 us
1547 968 1573 988 c.

1310 996 1400 1030 Teste
1414 968 1496 1036 Rjegg
1506 996 1580 1035 apud
1595 995 1717 1035 castrum
1730 998 1808 1033 Regis
1822 996 1854 1025 de
1868 996 1981 1025 Cadomo
1999 997 2073 1026 xxvi.
2092 995 2139 1026 die
2153 996 2305 1026 Februarii.

1962 1075 2015 1102 Per
2030 1071 2113 1112 ipfhm
2126 1075 2230 1110 Regem.

1408 1200 1432 1222 *
1456 1203 1514 1233 Pro
1534 1200 1699 1246 Capellanis
1717 1201 1819 1232 SanHi
1835 1198 1976 1246 Stephani
1992 1198 2029 1232 de
2048 1199 2191 1233 Cadomo.
2351 1188 2447 1265 ,ἱέχ

1280 1284 1372 1341 RE
1383 1283 1414 1314 X
1440 1283 1603 1321 Omnibus,
1618 1283 1653 1313 ad
1669 1293 1758 1321 qum,
1778 1284 1838 1314 &c.
1855 1284 1988 1314 Salutem.
2360 1294 2437 1325 Am.
2448 1292 2489 1324 D.

1377 1323 1476 1354 Sciatis
1491 1325 1571 1361 quod
1581 1346 1592 1360 ,
2379 1334 2457 1371 1418

1313 1360 1393 1392 Cum
1407 1384 1416 1400 ,
1442 1370 1471 1392 ut
1491 1362 1651 1399 accepImus
1666 1383 1675 1397 ,
1701 1359 1801 1389 diversi
1820 1360 1940 1390 redditus
1954 1384 1963 1398 ,
1986 1361 2179 1400 provenientes
2194 1361 2229 1392 de
2245 1363 2336 1393 certis
2359 1376 2414 1399 Aa.
2431 1382 2447 1407 5
2460 1355 2467 1363 ⁶

1277 1398 1444 1438 Domibus‚
1461 1400 1558 1430 Terris
1574 1401 1607 1431 ὃς
1623 1398 1772 1436 Gardinis,
1790 1407 1847 1428 tam
1862 1400 1890 1428 in
1908 1399 1972 1428 villa
1986 1399 2080 1429 nostra
2093 1399 2128 1429 de
2145 1400 2280 1431 Cadomo
2299 1401 2332 1431 &
2358 1415 2394 1438 Η,
2409 1420 2428 1447 5
2451 1395 2458 1401 ”

1277 1438 1424 1469 Suburbiis
1438 1438 1577 1477 ejusdem,
1594 1447 1680 1476 quam
1693 1437 1777 1474 alibi,
1792 1437 1862 1466 infra
1878 1436 2024 1467 Ducatum
2042 1437 2173 1467 nostrum
2183 1439 2335 1470 Norman-
2361 1434 2442 1477 Nom}
2465 1458 2490 1483 ς,

1277 1478 1349 1514 niae,
1368 1477 1402 1507 ad
1417 1477 1656 1510 Sustentationem
1668 1475 1774 1505 Trium
1790 1475 2026 1514 Capellanorum,
2048 1475 2153 1505 Divina
2167 1478 2195 1507 in
2210 1477 2336 1511 Ecclesia
2365 1492 2399 1515 H.
2415 1470 2493 1523 5Jm,

1278 1515 1437 1546 Parochiali
1459 1516 1554 1546 Sanffi
1577 1515 1709 1552 Stephani
1733 1514 1768 1544 de
1793 1513 1931 1544 Cadomo
1954 1514 2065 1554 singulis
2080 1515 2178 1544 diebus
2192 1517 2337 1548 celebrari·
2369 1535 2413 1561 ¹7*

1278 1555 1350 1585 tium
1361 1577 1370 1591 ,
1387 1565 1419 1585 ac
1434 1554 1555 1585 aliorum
1571 1553 1704 1584 Onerum
1721 1553 1753 1582 ὅ(
1774 1550 1888 1583 Pietatis
1903 1552 2035 1590 Operum
2060 1552 2184 1591 ibidem,
2202 1565 2217 1584 a
2230 1554 2339 1588 Christi

1278 1593 1419 1624 Fidelibus
1433 1594 1466 1624 ὅτ.
1486 1592 1553 1623 Deo
1568 1592 1688 1623 Devotis
1700 1591 1736 1622 ab
1747 1592 1865 1629 antiquo
1878 1591 1935 1621 dati
1947 1591 2059 1622 fuissent
2074 1592 2107 1622 ὃς
2122 1591 2264 1631 assignati,

1319 1632 1382 1670 Qii
1395 1632 1511 1670 quidem
1528 1631 1686 1668 Redditus,
1705 1631 1771 1660 licet
1784 1631 1872 1669 magis
1885 1629 1966 1660 solito
1975 1653 1985 1668 ,
1999 1631 2041 1660 ob
2056 1629 2232 1662 Guerrarum
2246 1632 2342 1662 discri-

1281 1671 1374 1708 mina,
1393 1672 1446 1701 hiis
1465 1671 1562 1701 diebus
1575 1694 1585 1708 ,
1608 1671 1638 1700 in
1658 1668 1831 1699 immensum
1844 1668 2052 1707 diminuantur,
2071 1669 2100 1699 in
2115 1669 2221 1700 Manus
2234 1671 2343 1702 nostras

1280 1710 1354 1746 capti
1374 1709 1424 1740 lint
1437 1709 1471 1740 <Sc
1485 1709 1563 1739 seifiti
1576 1732 1586 1748 ,

1318 1747 1405 1788 Nos,
1423 1748 1460 1778 de
1479 1746 1580 1778 Grati&
1600 1745 1697 1777 nostrii
1712 1745 1838 1784 speciali,
1853 1745 1886 1776 ad
1904 1745 2030 1776 Laudem
2045 1747 2077 1777 &
2093 1745 2249 1777 Honorem
2264 1746 2341 1787 Dei,

1281 1787 1315 1818 &
1329 1787 1362 1817 ad
1378 1786 1523 1825 specialem
1538 1786 1735 1816 Devorionem
1753 1794 1838 1823 quam
1853 1784 1886 1814 ad
1900 1785 2014 1815 beatum
2029 1785 2203 1822 Stephanum
2218 1787 2344 1824 gerimus

1281 1827 1315 1858 ὃς
1330 1826 1481 1863 habemus,
1503 1823 1723 1862 Conceffimus,
1738 1823 1847 1854 dilectis
1860 1823 1941 1852 nobis
1958 1846 1967 1861 ,
1981 1822 2113 1861 Johanm'
2128 1826 2267 1862 Britonis,
2284 1824 2343 1863 Jo-

1281 1864 1367 1894 hanni
1385 1866 1535 1902 Duvimer,
1553 1864 1586 1895 &
1604 1865 1731 1892 Martino
1749 1861 1917 1899 Lebrumen,
1937 1871 2013 1892 nunc
2027 1861 2185 1900 Capellanis
2208 1862 2343 1894 Ecclesiae

1283 1903 1428 1941 praedictae
1444 1925 1454 1940 ,
1480 1912 1513 1933 ac
1531 1904 1649 1932 Henrico
1670 1901 1773 1939 Fabri,
1799 1899 1916 1930 Clerico
1938 1900 1994 1930 live
2017 1900 2200 1932 Procuratori
2216 1901 2344 1933 Fabricae

1283 1941 1407 1980 ejusdem
1427 1940 1562 1972 Ecclesiae
1580 1964 1589 1979 ,
1615 1950 1646 1971 ut
1662 1941 1766 1970 dicitur
1782 1963 1791 1976 ,
1809 1948 1911 1969 omnes
1924 1938 2064 1969 Redditus
2079 1939 2157 1976 suos,
2175 1939 2211 1969 de
2227 1941 2345 1977 quibus-

1282 1981 1349 2010 dam
1365 1979 1689 2018 Domibus,Terris,&
1704 1978 1855 2016 Gardinis,
1872 1986 1930 2007 tam
1943 1978 1972 2007 in
1987 1977 2062 2008 Villa
2077 1977 2211 2015 praedista
2221 1979 2254 2008 &
2270 1977 2347 2008 Sub-

1284 2019 1369 2050 urbiis
1388 2019 1510 2064 ejusdem
1526 2041 1536 2057 ,
1558 2028 1644 2057 quam
1659 2017 1744 2055 alibi,
1761 2016 1830 2047 infra
1853 2016 2002 2047 Ducatum
2022 2016 2153 2047 nostrum
2174 2016 2343 2054 praedietum

1284 2066 1484 2096 provenientes
1491 2080 1500 2096 ,

1323 2096 1354 2126 H
1363 2106 1384 2127 A
1394 2106 1412 2126 Β
1422 2106 1440 2127 E
1452 2105 1474 2128 Ν
1486 2105 1506 2126 D
1515 2106 1535 2126 o
1546 2105 1558 2126 s
1584 2095 1645 2126 Sibi
1665 2095 1700 2126 &
1722 2093 1935 2125 Succefforibus
1953 2093 2004 2124 suis
2013 2117 2022 2132 ,
2041 2093 2070 2124 in
2082 2095 2343 2132 augmentationem

1285 2135 1388 2166 Divini
1402 2134 1508 2166 Cultsis
1520 2133 1626 2165 ibidem
1636 2157 1646 2172 ,
1660 2143 1694 2164 ac
1707 2133 1742 2163 ad
1758 2132 1943 2163 Exorandum
1958 2132 2108 2170 specialiter
2123 2142 2175 2170 pro
2191 2133 2269 2163 bono
2284 2132 2345 2163 Sta-

1286 2182 1316 2204 tu
1332 2173 1430 2204 nostro
1446 2174 1516 2204 dum
1530 2174 1700 2209 vixerimus,
1718 2173 1752 2202 &
1768 2181 1820 2209 pro
1833 2170 1938 2202 Animi
1952 2171 2049 2202 nostra
2069 2181 2139 2202 cum
2162 2172 2197 2202 ab
2210 2171 2263 2202 hac
2277 2171 2343 2202 luce

1286 2214 1523 2252 migraverimus,
1546 2222 1579 2243 ac
1603 2222 1655 2249 pro
1677 2211 1833 2241 Animabus
1856 2209 2077 2248 progenitorum
2100 2209 2263 2241 nostrorum
2278 2233 2288 2249 ,
2311 2210 2347 2241 ὃς

1285 2253 1418 2281 omnium
1435 2251 1458 2281 F
1460 2251 1576 2281 idelium
1588 2250 1791 2281 defunctorum
1801 2271 1810 2287 ,
1829 2257 1944 2278 necnon
1959 2249 1993 2279 ad
2009 2249 2058 2279 alia
2074 2248 2170 2279 Onera
2186 2249 2220 2280 ὃς
2236 2249 2350 2281 Pietatis

1287 2289 1385 2358 Opera
1398 2290 1470 2319 inibi
1484 2289 1610 2320 facienda
1624 2290 1657 2320 ὅτ.
1673 2286 1863 2324 sustentanda,
1881 2287 1917 2317 de
1933 2286 2027 2317 Dono
2042 2286 2155 2325 nostro,

1340 2339 1357 2357 n
1374 2328 1453 2358 cu‘us
1485 2330 1546 2359 &c.

1324 2338 1419 2398 TesteJ
1431 2351 1514 2406 Rege
1525 2365 1600 2404 apud
1615 2368 1775 2395 civatatem
1788 2365 1867 2402 Regis
1880 2363 1913 2393 de
1926 2366 2033 2393 Baieux
2046 2365 2130 2394 tertio
2145 2363 2192 2395 die
2205 2363 2315 2395 Martii.

1968 2443 2022 2470 Per
2036 2440 2118 2480 ipficm
2130 2443 2235 2479 Regem.

1346 2520 1377 2552 T
1395 2520 1567 2552 Mandatum
1580 2518 1620 2551 est
1635 2518 1768 2550 universis
1782 2519 1815 2550 δε
1830 2517 1941 2556 singulis
1954 2516 2064 2548 Ballivis
2076 2541 2087 2556 ,
2106 2517 2354 2556 vicecomitibus,

1313 2584 1316 2587 .
1367 2560 1559 2590 Servientibus
1577 2582 1586 2597 ,
1607 2568 1641 2588 ac
1663 2558 1718 2588 aliis
1738 2557 1890 2587 Officiariis
1908 2558 1941 2587 ὅ(
1956 2556 2096 2586 Ministris
2112 2557 2200 2595 Regis
2219 2555 2352 2587 Ducatsis

1321 2599 1380 2635 egis
1404 2598 1596 2628 Norrnanniae
1611 2620 1621 2635 ,
1646 2596 1764 2627 ubilibet
1778 2595 1954 2632 constitutis,
1974 2594 2055 2633 quod
2068 2593 2133 2634 ipsas
2145 2594 2302 2633 capellanos
2317 2595 2350 2626 &

1289 2638 1436 2666 Henricum
1457 2647 1543 2666 omnes
1565 2635 1704 2666 Redditus
1726 2634 1789 2664 suos
1810 2633 1977 2673 praediCtos,
1998 2642 2027 2663 ut
2043 2635 2213 2670 praedieturn
2228 2633 2286 2672 est,
2303 2633 2353 2664 ha-

1289 2676 1357 2705 bere
1370 2676 1548 2715 permittant,
1564 2676 1638 2711 juxta
1653 2674 1823 2710 Tenorem,
1841 2673 1901 2702 &c.
1921 2672 2008 2709 ipsos,
2027 2672 2089 2704 &c.

1325 2713 1417 2744 Teste
1433 2713 1518 2752 Rege
1532 2713 1606 2752 apud
1623 2716 1792 2750 Civitatem,
1811 2709 1872 2746 &c.
1890 2710 2023 2750 utsupra.

1968 2789 2022 2817 Per
2036 2785 2118 2826 ipficm
2132 2789 2240 2827 Regem.

1358 2917 1406 2948 De
1424 2912 1614 2958 Restitutione
1627 2912 1854 2958 Temporalium
1874 2908 2058 2955 Monasterio
2076 2910 2113 2944 de
2133 2910 2277 2945 Cadomo.

1293 3002 1349 3057 R
1360 2998 1386 3031 E
1396 2999 1427 3030 X
1452 2998 1602 3036 omnibus,
1619 2996 1654 3028 ad
1666 3005 1739 3035 quos
1750 3019 1759 3035 ,
1776 2998 1829 3029 &c
1838 3019 1848 3035 ,
1867 2995 2001 3026 Salutem.
2376 3007 2452 3038 ΑΜ.
2462 3007 2505 3039 D-

1391 3038 1489 3069 Sciatis
1502 3037 1582 3076 quod
2398 3047 2473 3087 1418
2496 3032 2503 3038 ’

1329 3077 1379 3107 De
1394 3075 1494 3106 Gratia
1507 3075 1602 3105 nostra
1615 3073 1743 3111 speciali,
1758 3074 1791 3104 &
1807 3081 1838 3104 ut
1855 3071 2000 3103 Divinum
2016 3071 2170 3103 Servitium
2184 3081 2217 3103 ac
2231 3073 2282 3102 alia
2290 3071 2354 3102 Pie·
2382 3090 2434 3114 An.
2451 3070 2484 3121 5'

1290 3116 1351 3146 tatis
1363 3115 1475 3153 Opera,
1494 3124 1558 3151 quie
1573 3114 1600 3143 in
1619 3111 1784 3152 Monasterio
1796 3112 1905 3142 Sanc‘lae
1918 3114 2065 3141 Trinitatis
2079 3111 2111 3140 de
2126 3111 2240 3140 Cadomo
2263 3111 2352 3149 (quod
2382 3123 2409 3152 Η
2435 3133 2452 3160 5
2473 3109 2482 3116 '

1290 3153 1325 3184 de
1343 3153 1520 3184 Fundatione
1542 3152 1761 3191 progenitorum
1782 3149 1945 3180 nostrorum
1964 3172 1973 3188 ,
1992 3149 2138 3188 quondam
2154 3147 2272 3186 Regum
2292 3149 2354 3179 An-
2383 3146 2463 3191 ΜΨ]

1290 3192 1372 3231 gliae,
1390 3193 1424 3223 δε
1438 3191 1539 3222 nostro
1556 3190 1709 3221 Patronatu
1725 3188 1826 3226 existit)
1843 3187 1901 3218 fieri
1915 3187 2051 3226 debeant,
2070 3187 2130 3225 plus
2145 3186 2228 3217 solito
2244 3197 2352 3219 accres-
2374 3211 2412 3230 Μ.
2431 3211 2471 3229 10,
2478 3199 2505 3229 d]

1291 3240 1357 3262 cant
1374 3231 1406 3262 &
1421 3230 1529 3260 ibidem
1545 3228 1704 3259 laudabilius
1721 3236 1952 3258 manuteneantur
1969 3228 2002 3258 ὃ(
2016 3225 2214 3263 sustineantur,

1328 3269 1528 3300 Conceffimus
1542 3265 1671 3306 Religiofis
1679 3266 1837 3296 Mulieribus
1848 3264 2007 3306 Monasterii
2015 3265 2139 3303 praediifli
2154 3263 2352 3295 omniaTem-

1291 3309 1413 3348 poralia,
1431 3307 1522 3338 eidem
1538 3305 1732 3344 Monasterio,
1752 3304 1823 3336 infra
1838 3303 1987 3335 Ducatum
2000 3302 2130 3333 nostrum
2145 3301 2180 3332 N
2182 3305 2352 3341 ormanniae,

1291 3348 1479 3386 qualitercum
1503 3355 1538 3375 tie
1557 3345 1706 3382 spectantia
1728 3344 1783 3374 sive
1798 3344 1980 3381 pertinentia,
1998 3341 2030 3372 H
2040 3352 2058 3371 A
2068 3351 2087 3371 B
2098 3351 2115 3372 E
2125 3349 2147 3371 N
2157 3349 2204 3371 DA
2216 3364 2225 3380 ‚
2244 3343 2272 3371 in
2287 3341 2353 3372 Sus-

1291 3387 1476 3418 tentationem
1526 3384 1594 3414 ivini
1608 3383 1718 3415 Servitii
1733 3382 1767 3414 &
1782 3382 1904 3412 aliorum
1918 3381 2031 3413 Pietatis
2053 3379 2186 3417 Operum
2201 3380 2354 3418 praedicto-

1292 3434 1354 3456 rum
1364 3447 1374 3463 ,
1390 3424 1425 3454 de
1438 3423 1532 3454 Dono
1549 3421 1660 3453 nostro.

1329 3462 1361 3492 In
1376 3463 1469 3499 cujus,
1487 3462 1549 3492 δίε.

1326 3500 1416 3533 Teste
1430 3500 1513 3540 Rege
1524 3498 1597 3538 apud
1605 3501 1757 3530 Civitatem
1769 3499 1848 3536 Regis
1862 3497 1894 3529 de
1908 3499 2016 3528 Baieux
2031 3496 2133 3535 quinto
2147 3495 2193 3526 die
2207 3493 2314 3525 Martii.

1979 3576 2033 3604 Per
2048 3571 2130 3613 ipficm
2141 3574 2246 3610 Regem.

1292 3653 1347 3715 E
1356 3654 1388 3684 T
1416 3651 1651 3700 Mandatumflest
1669 3651 1805 3697 'universis
1819 3651 1858 3696 δε.
1868 3650 1982 3695 singulis
1993 3648 2148 3694 Officiariis
2161 3648 2195 3678 &
2212 3646 2349 3690 Ministris

1370 3693 1473 3730 Regis,
1493 3691 1623 3722 Ducatus
1637 3691 1676 3722 sui
1692 3690 1886 3722 Normanniae
1901 3713 1911 3729 ,
1936 3689 2052 3720 ubilibet
2075 3685 2249 3723 constitutis,
2267 3685 2349 3723 quod

1281 3732 1356 3776 ,ipsas
1370 3731 1515 3771 Religiosas
1529 3730 1660 3760 Mulieres
1672 3731 1769 3760 omnia
1785 3728 1966 3767 Temporalia
1978 3728 2022 3758 sua
2031 3749 2041 3765 ,
2059 3724 2149 3755 eidem
2160 3722 2350 3763 Monasterio,

1291 3770 1362 3801 infra
1377 3768 1525 3800 Ducatum
1540 3768 1670 3799 nostrum
1684 3767 1872 3806 praedizstum,
1891 3766 2134 3806 qualitercumque
2154 3761 2304 3799 spectantia
2317 3762 2351 3794 fi-

1289 3819 1327 3840 ve
1340 3809 1522 3846 pertinentia,
1539 3808 1641 3838 habere
1654 3807 1816 3845 permittant
1825 3808 1904 3844 juxta
1916 3804 2065 3836 Tenorem
2088 3802 2244 3831 Literarum
2260 3800 2349 3840 Regis

1289 3846 1504 3887 praedictarum,
1521 3846 1592 3884 ipsos
1606 3855 1706 3878 contra
1719 3846 1870 3878 Terrorem
1889 3843 2049 3874 Literarum
2066 3838 2249 3878 earumdem,
2264 3840 2326 3872 &c.

1326 3884 1419 3918 Teste
1433 3893 1464 3917 ut
1477 3885 1566 3924 supra.
2049 3919 2053 3923 ῃ

1977 3919 2030 3948 Per
2043 3913 2128 3956 ipficm
2140 3919 2246 3955 Regem.

2264 4099 2283 4120 ss
2299 4100 2355 4135 Pro
