2562 4274
231 92 286 140 84
676 60 1935 128 CONVENrioNE's,L1TERAE‚

81 175 157 206 Ann.
172 173 210 204 D.
231 174 373 204 Defensor
394 173 460 203 disti
482 171 580 204 Reeni
600 170 688 200 nostri
714 169 823 208 Angliae
843 169 876 199 &
903 166 1037 198 Ecclesiae
1061 165 1225 208 Anglicanae
1248 171 1282 193 ac
1325 163 1434 194 Literas
1449 162 1541 207 Regis
1558 162 1594 193 de
1606 162 1682 192 salvo
1700 160 1860 208 Conduetu
1875 160 2053 200 Capicaneis,
2070 159 2337 202 Gubernatoribus,
2355 161 2392 194 fi·
2407 159 2541 194 Ann.D.

110 223 192 252 1422.
230 213 393 250 Principalis
414 208 705 252 Confiliariusnoster
727 208 757 251 sit
778 209 811 239 δε
828 208 1009 244 nominetur,
1025 206 1102 244 juxta
1118 203 1205 241 Vim,
1223 201 1284 232 for·
1324 211 1362 233 ve
1379 200 1554 248 Custodibus
1567 210 1669 231 eorum
1686 198 2043 245 primitusdemonstrent,
2256 239 2261 245 ·
2277 239 2283 245 ¹
2427 209 2514 240 1422.

82 258 146 281 Hm.
163 261 191 288 5.
227 262 321 289 mam,
339 253 372 283 ὃς
387 249 524 280 effectum
539 247 605 277 A&
619 247 760 285 praedzdti,
1363 239 1402 271 Et
1418 239 1498 277 quod
1514 250 1574 270 non
1589 248 1735 270 morentur
1755 249 1784 269 in
1797 239 1934 276 aliquibus
1952 236 2140 277 Castrorum,
2158 237 2389 279 Fortalitrorum,
2404 243 2471 269 lien.
2488 241 2518 269 6.

98 1116 114 1132 ⁰
135 1117 174 1144 X.

80 1156 144 1181 262.

77 1193 154 1222 Ann.
166 1191 204 1221 D.

103 1240 188 1271 1422.

77 1273 128 1298 An.
149 1280 171 1298 1.

78 1313 112 1335 H.
132 1310 160 1335 6.

77 1348 165 1383 Claus.
188 1358 211 1376 r.

78 1388 180 1414 Ham

77 2222 153 2254 'Arm
167 2221 211 2254 D.

98 2271 183 2301 1422.

76 2305 129 2330 An.
151 2313 174 2330 i.

77 2344 111 2368 H.
140 2343 167 2369 6.

75 2382 163 2407 franc.
183 2390 208 2407 1.

77 2419 192 2447 li.6.nn,

80 3226 159 3258 Arm.
175 3225 219 3259 D.

103 3274 189 3304 1422.

80 3308 134 3331 An.
154 3314 178 3331 i.

82 3346 118 3369 H.
134 3343 162 3370 6.

81 3380 187 3410 Ibidem.

84 3427 120 3446 m.
139 3419 165 3448 8.

104 3828 180 3858 =⁸X.

86 3869 149 3905 263.

263 290 382 320 Proviso
403 289 509 324 semper
531 285 610 324 quod
635 284 765 323 praefatus
787 283 951 314 Avunculus
972 281 1067 312 noster
1089 283 1157 309 Dux
1173 277 1283 308 Glouce-

226 328 297 368 stria:
319 328 423 357 nullam
444 334 519 363 gerat
539 333 584 354 aut
608 324 728 361 habeat,
747 324 844 361 vigore
863 321 1044 352 presentium
1059 342 1069 357 ,
1092 317 1284 360 potestatem,

228 377 283 397 nec
299 376 328 396 ut
345 365 505 402 praesertur,
523 363 701 397 nominetur,
719 361 769 391 nisi
784 371 836 398 pro
858 369 988 397 tempore
1012 368 1070 397 quo
1091 357 1210 400 praesens
1236 355 1284 399 hic

228 406 257 435 in
276 404 381 440 Regno
395 401 494 432 nostro
511 400 619 439 Angliae
633 400 733 438 fuerit,
751 400 780 429 in
797 398 928 429 Absentia
943 397 1012 427 dieti
1030 394 1175 426 Avunculi
1195 393 1284 425 nostri

226 447 309 473 Ducis
325 440 494 481 Bedsordiae,
509 440 542 470 ὃ(
560 446 643 476 prout
659 439 687 468 in
702 437 842 475 praedicto
858 437 934 467 Αξὶο
947 436 1136 478 εοηῑίηςῑωτ·Ἰ
1162 471 1167 477 ,
1240 471 1246 476 ⁹

264 481 372 510 Damus
391 488 487 510 autern
507 477 638 508 universis
659 477 692 507 &
713 476 823 516 singulis
843 474 1067 513 Archiepiscopis
1079 497 1088 510 ,
1114 457 1261 510 Episcopis
1275 494 1285 508 ,

226 518 384 549 Abbazibus
400 540 410 555 ,
427 517 573 548 Prioribus
587 539 597 554 ,
617 515 747 545 Ducibus
759 539 770 552 ,
785 514 949 545 Comitibus
964 536 973 551 ,
993 511 1164 547 Batonibus,
1182 509 1287 540 Militi-

227 558 297 594 bus,
317 558 349 588 ὃς
367 556 500 586 omnibus
521 554 578 584 aliis
598 554 737 585 Fidelibus
759 554 792 584 δε
812 553 935 583 Subditis
957 550 1078 588 nostris,
1096 549 1164 579 dieti
1189 548 1286 591 Regni

227 596 316 626 nostri
339 595 466 634 Angliae,
483 603 608 632 quorum
628 591 758 629 interest,
778 601 877 622 tenore
898 590 1072 628 praesentium
1089 609 1099 625 ,
1115 587 1232 617 firmiter
1255 596 1287 616 in

229 633 374 664 ivl-audatis
400 632 480 671 quod
503 633 561 662 tam
585 631 703 668 praefato
724 630 879 661 Avunculo
900 628 1001 671 nostro
1020 629 1090 657 Duci
1107 624 1286 669 ,Bedftrle’

226 674 355 711 quotiens
369 673 401 703 ὃ(
418 670 552 709 quamdiu
569 669 784 700 Proteffionem
797 670 829 700 δε
846 668 1051 698 Defeni10nem
1066 663 1226 702 hujusmodi
1247 666 1286 710 iic

228 711 356 742 habuerit
379 711 411 740 ὅ(
435 709 642 746 occupaverit,
668 708 754 746 quam
778 706 895 745 praefato
918 704 1073 736 Avunculo
1093 701 1191 746 nostro
1215 705 1286 732 Daci

228 749 411 790 Gloucestriae‚
431 749 560 786 quotiens
575 748 608 778 ὃ(
624 745 756 784 quamdiu
770 745 824 783 ipse
837 744 1008 776 Consimiles
1022 741 1242 788 i'rotecigionem
1251 741 1285 772 &

227 782 435 819 Defeniionem
457 787 583 816 habuerit
605 786 638 817 &
655 785 858 822 occupaverit,
876 784 904 814 in
925 780 1075 815 Praemiffis
1084 779 1220 813 faciendis
1235 788 1284 818 pa-

228 837 323 863 reant,
344 825 496 864 obediant,
515 826 547 856 ὃς
562 824 708 854 intendant
722 831 806 861 prout
820 823 912 854 decet.

265 866 301 897 In
315 867 412 903 cujus,
431 865 491 895 &c.
509 862 644 902 quamdiu
660 861 737 898 Regi
753 861 887 900 placuerit
899 860 1049 891 duraturas.
1183 896 1189 902 ·

264 903 355 936 Teste
370 903 452 941 Rege
465 902 539 941 apud
560 899 820 941 westmonasterium
830 924 839 938 ‚
857 900 958 938 quinto
970 898 1015 928 die
1031 895 1212 927 Decembris.

400 983 454 1010 Per
466 978 548 1018 ipſsmz
564 980 658 1015 Regem
673 975 712 1012 ἔγ
726 976 868 1007 Concilium
877 975 956 1016 ficum
973 977 1002 1004 in
1019 973 1214 1004 Parliamento.

324 1104 349 1130 ’ἦ
378 1105 435 1135 Pro
446 1100 566 1145 Custode
583 1103 698 1148 Magni
717 1101 839 1148 sigilli,
865 1099 901 1132 de
918 1098 1021 1134 vadiis
1027 1095 1190 1145 Jblvendis.

229 1187 364 1246 REX,
381 1187 487 1218 dilecto
511 1186 626 1216 Clerico
650 1185 716 1224 suo,
736 1188 854 1216 Henrico
877 1187 971 1226 Kays,
989 1183 1112 1216 Custodi
1133 1184 1285 1224 Hanaperii

253 1253 255 1255 ,
306 1225 490 1257 Cancellariae
507 1224 626 1262 nostrae,
643 1225 778 1255 Salutem.

265 1265 437 1296 Mandamus
453 1265 534 1294 vobis
553 1264 633 1301 quod
644 1287 654 1302 ,
673 1262 779 1294 dileeto
795 1262 913 1293 Clerico
931 1262 1028 1293 nostro
1044 1285 1053 1300 ,
1073 1265 1171 1292 Simoni
1189 1266 1283 1293 Gaun-

219 1302 313 1343 stede,
331 1303 454 1335 Custodi
476 1302 651 1333 Rotulorum
677 1301 862 1332 Cancellariae
883 1300 989 1331 nostrae
1012 1301 1154 1339 praedic'tae
1167 1325 1176 1340 ,
1195 1312 1282 1340 nuper

229 1342 351 1373 Custodi
369 1342 470 1381 Magni
494 1341 583 1379 Sigilli
605 1339 694 1371 nostri
709 1364 718 1379 ,
735 1340 818 1370 Talia
835 1340 868 1371 ὃς
885 1340 1043 1377 hujusmodi
1067 1339 1153 1370 Vadia
1171 1351 1223 1379 pro
1247 1341 1284 1372 Se

228 1381 304 1418 ipso,
328 1392 361 1411 ac
377 1381 467 1411 Sociis
485 1380 535 1410 suis
554 1378 675 1410 Clericis
688 1403 697 1417 ,
722 1389 755 1409 ac
770 1379 826 1409 aliis
844 1377 982 1408 Ministris
997 1378 1120 1416 ejusdem
1137 1377 1286 1410 Cancella-
1330 1377 1332 1381 ’

228 1430 276 1450 riae
290 1444 299 1458 ,
324 1420 420 1450 secum
445 1418 691 1449 Commensalibus
703 1441 712 1455 ,
737 1427 768 1448 ut
791 1416 832 1447 est
848 1418 934 1459 moris
950 1439 960 1455 ,
985 1426 1000 1446 a
1018 1415 1163 1448 Vicelimo
1178 1418 1285 1450 octavo

232 1458 290 1489 Die
306 1458 478 1496 Septembris
501 1457 605 1487 ultimo
627 1457 767 1494 praeterito
791 1457 862 1493 (quo
875 1454 947 1496 ,Die
965 1455 1093 1494 Sigillum
1117 1457 1284 1494 praeditstum

226 1497 376 1527 liberatum
397 1497 447 1526 fuit
466 1495 581 1534 praefam
599 1505 684 1533 nuper
697 1493 832 1530 Custodi)
847 1496 933 1530 uique
947 1493 1108 1524 Decimum
1125 1494 1160 1525 Sc
1182 1497 1286 1527 timum

227 1536 318 1565 Diem
338 1535 519 1566 Novembris
538 1542 605 1564 tunc
629 1534 761 1570 proximo
781 1532 943 1569 sequentem
969 1534 978 1570 (
1009 1543 1046 1563 uo
1062 1532 1121 1563 Die
1141 1533 1166 1563 iv
1179 1543 1284 1572 agnum

227 1575 355 1613 Sigillum
379 1573 547 1612 praedicstum
567 1572 714 1601 liberatum
727 1570 794 1609 fuit,
814 1570 973 1601 Venerabili
987 1542 1082 1609 (fiatri,
1098 1571 1204 1602 Thomae
1217 1575 1286 1612 Epi-

223 1613 260 1654 scs
265 1621 299 1652 po
324 1610 497 1652 Dunelmenfi
507 1610 684 1641 Cancellario
705 1609 817 1647 nostro)
842 1609 945 1646 Qualia
961 1609 1129 1641 Cancellarii
1155 1611 1285 1652 Angliae,

227 1662 281 1690 pro
304 1660 434 1688 tempore
457 1649 603 1680 existentes
620 1672 630 1687 ,
658 1649 833 1686 temporibus
853 1648 1080 1686 Progenitorum
1103 1649 1285 1689 nostrorum,

251 1690 372 1720 nondam
391 1688 505 1726 Regum
524 1687 654 1727 Anghae,
681 1697 734 1725 pro
756 1687 793 1718 Se
815 1687 893 1726 ipsis,
921 1696 954 1717 ac
970 1687 1063 1718 Sociis
1080 1687 1131 1718 suis
1147 1686 1282 1728 Clericis‚

226 1701 260 1766 gc
282 1728 337 1758 aliis
360 1726 497 1757 Ministris
519 1726 704 1756 Cancellariae
723 1725 866 1763 praedieiae
882 1748 892 1764 ,
918 1725 1167 1757 Commensalibus
1184 1751 1194 1765 ,
1220 1737 1285 1759 ante

226 1768 288 1798 haec
308 1763 740 1811 tempora,·perceperunt,lde
763 1763 891 1795 Exitibus
914 1765 952 1809 &·
974 1764 1107 1810 proficuis
1129 1764 1285 1807 Han-iperii

226 1802 778 1915 garizi*23⁰¹saffcaiiuss¹bssgiiz⁵rm⁸i
794 1802 1287 1876 Essfffflbil‘giiisffssffissssffi

253 1891 368 1913 cremus.

266 1919 358 1951 Teste
372 1919 454 1960 Rege
467 1918 540 1959 apud
553 1918 828 1960 Wstmonasterium‚
845 1919 951 1953 oetam
964 1918 1010 1950 die
1023 1918 1204 1951 Decembris.

959 2002 1014 2032 Per
1030 2001 1182 2033 Concilium.

524 2137 584 2168 Pro
603 2135 716 2167 Comite
731 2131 768 2166 de
784 2132 992 2180 Engonlesme.

290 2220 366 2261 EX,
385 2231 435 2260 per
453 2220 560 2252 Literas
579 2219 638 2251 suas
657 2219 805 2258 Parentes,
822 2217 909 2258 usque
930 2217 1046 2250 Festum
1066 2218 1182 2252 Paschae
1195 2222 1290 2260 proxi-

306 2263 359 2292 mo
374 2260 499 2292 futurum
517 2259 679 2299 duraturas,
696 2259 812 2298 suscepit
834 2259 864 2289 in
884 2257 990 2290 salvum
1005 2259 1039 2290 &
1054 2259 1183 2291 securum
1205 2259 1291 2292 Con-

227 2297 349 2331 ductum
366 2299 464 2338 suurn,
482 2299 557 2329 acin
574 2297 808 2336 protectionem,
822 2297 1008 2336 Tiritionem,
1025 2297 1059 2329 &
1081 2297 1289 2330 Defensionem

228 2337 286 2368 suas
302 2338 448 2376 speciales,
465 2341 595 2367 Simonem
620 2337 814 2378 Fryffiuetour,
832 2335 992 2375 Johannem
1007 2336 1112 2376 Sabat,
1126 2337 1288 2377 Johannem

229 2378 342 2418 Hervy,
359 2379 392 2409 &
407 2376 566 2416 Johannem
582 2376 614 2406 de
626 2379 710 2406 Monc
734 2399 743 2414 ,
762 2375 918 2407 Servitores
936 2374 1061 2407 Comitis
1076 2376 1290 2418 d'Engoulesme,

229 2415 258 2445 in
275 2415 411 2455 Regnum
426 2415 515 2454 Regis
527 2415 639 2454 Angiiae
651 2415 686 2446 de
704 2387 832 2446 lgarnbus
848 2414 990 2453 Franciae,
1011 2424 1080 2445 cum
1094 2416 1217 2454 quadam
1239 2427 1288 2447 na-

228 2455 257 2485 vi
274 2453 395 2493 Portagii
407 2453 536 2484 Centum
551 2453 726 2493 Doliorum,
744 2463 813 2484 cum
831 2452 991 2484 Marinariis
1007 2456 1243 2485 convenientibus
1259 2457 1288 2486 in

228 2493 328 2523 eadem
338 2516 347 2532 ,
364 2503 397 2524 ac
413 2492 491 2523 Vinis
508 2493 541 2524 &
556 2492 614 2523 aliis
631 2492 833 2530 Mercandisis,
852 2502 905 2530 pro
922 2492 1094 2523 Necessariis
1108 2494 1215 2531 praefati
1226 2493 1289 2524 Co-

229 2532 304 2561 mitis
314 2555 323 2569 ,
342 2533 400 2562 tam
413 2541 462 2570 per
477 2531 598 2561 Terram
608 2553 617 2569 ,
633 2532 720 2570 quam
740 2540 789 2569 per
805 2530 904 2568 Mare,
924 2530 1084 2570 veniendo,
1102 2531 1208 2563 ibidem
1222 2543 1288 2564 mo-

231 2569 336 2606 rando,
354 2571 414 2605 &a
422 2577 502 2607 prout
517 2573 545 2598 in
560 2569 660 2599 talibus
677 2571 709 2600 de
724 2569 861 2599 Conduc't'u
877 2572 989 2599 Literis.

230 2643 252 2675 b
267 2606 358 2650 Teste
376 2607 458 2646 Rege
475 2607 549 2646 apud
569 2608 841 2648 Wstmonasterium,
858 2608 975 2640 decimo
992 2617 1092 2647 quarto
1107 2609 1152 2640 die
1160 2609 1289 2642 Decem-

254 2654 296 2675 ris.

967 2688 1020 2715 Per
1037 2686 1187 2717 Concilium.

234 2757 372 2816 REX,
390 2758 449 2794 &a
470 2766 501 2788 rtt
509 2759 593 2798 fiaepra
609 2759 688 2800 usque
703 2761 756 2798 ibi,
772 2761 914 2799 speciales,
932 2759 969 2796 ὠ
983 2769 1047 2792 tunc
1054 2763 1112 2803 fic,
1129 2763 1291 2802 Johannem

313 2799 345 2826 de
359 2800 457 2838 Moncy
471 2798 503 2828 &
518 2801 560 2828 W
560 2798 697 2828 illielmum
712 2799 743 2827 a'e
759 2802 862 2837 Broncy
872 2821 881 2837 ,
899 2800 1056 2831 Servientes
1074 2804 1183 2832 Comitis
1199 2803 1289 2832 d‘En-

229 2834 357 2873 goulesme
371 2859 380 2874 ,
406 2838 435 2865 in
461 2836 596 2874 Regnum
623 2836 711 2876 Regis
727 2837 838 2876 Angli-<e
861 2840 896 2867 de
915 2838 1042 2869 Partibus
1059 2839 1181 2870 Franciae
1195 2865 1204 2878 ,
1230 2843 1291 2872 tam

231 2883 282 2911 per
302 2874 439 2941 Teram‚
460 2876 545 2913 quam
565 2885 612 2915 per
627 2874 730 2914 Mare,
747 2876 905 2914 veniendo,
924 2875 984 2911 &a
1005 2885 1037 2907 ut
1051 2877 1158 2918 ficpra,
1178 2884 1292 2910 mutatis

234 2919 328 2941 mutan
349 2917 378 2942 is.

271 2950 360 2982 Teste
376 2959 406 2982 ut
418 2952 506 2990 supra.

960 2994 1014 3023 Per
1033 2994 1188 3026 Concilium.

229 3135 288 3167 Pro
310 3135 397 3166 Duce
418 3132 594 3175 Aurialeegsi
605 3132 695 3178 sitper
716 3135 863 3166 Fimmcia
884 3137 1007 3168 Comitis
1029 3135 1065 3169 de
1080 3138 1290 3184 Angoulesme.

235 3215 367 3272 REX,
386 3226 435 3256 per
457 3217 563 3246 Literas
582 3216 638 3247 suas
660 3217 788 3250 Parentes
811 3229 859 3256 per
876 3220 952 3250 Tres
970 3220 1082 3251 Menses
1099 3224 1233 3259 proximo
1247 3223 1292 3254 fu—

307 3264 385 3286 turos
407 3256 567 3293 duraturaS,
590 3255 704 3293 suscepit
725 3258 752 3286 in
773 3257 876 3287 salvum
892 3259 924 3289 &
948 3260 1075 3289 securum
1100 3260 1290 3292 Conductum

234 3290 331 3334 suum,
349 3304 382 3323 ac
396 3295 424 3323 in
441 3294 673 3332 Protectionem,
690 3294 876 3335 Tuitionem‚
896 3298 928 3328 &
944 3297 1150 3328 Defensionem
1166 3299 1224 3329 suas
1232 3300 1292 3337 spe·

235 3329 336 3368 males,
361 3331 496 3368 Jacobum
515 3331 636 3362 Boucher
656 3333 870 3364 Thesaurarium
890 3358 899 3371 ,
927 3336 1058 3366 cariffimi
1079 3336 1292 3374 Consanguinei

237 3367 444 3412 Regis,·D-ucis
456 3369 677 3411 Aurelianensis,
692 3372 854 3409 magistrum
874 3376 1013 3411 Hugonem
1034 3376 1142 3405 Perrier
1165 3375 1292 3408 Secreta-

234 3416 311 3438 rium
326 3407 397 3437 dich
411 3407 618 3447 Consanguinei
636 3410 741 3447 Regis,
755 3411 932 3448 Reginaldum
948 3414 1068 3451 mione,
1088 3412 1246 3451 Johannem
1267 3415 1292 3445 le

234 3447 369 3483 Mercier,
388 3445 566 3476 Willielmum
582 3448 701 3486 Pidone,
719 3450 752 3478 ὃς
766 3448 924 3486 Johannem
939 3451 1047 3488 Cheun,
1066 3450 1102 3481 de
1118 3452 1164 3482 Re
1184 3463 1223 3483 no
1230 3453 1292 3483 Re-

233 3485 275 3522 gis
289 3484 434 3523 Franciae,
452 3494 520 3514 cum
537 3485 590 3515 Sex
604 3486 792 3517 Servientibus
813 3489 843 3517 in
864 3487 1011 3519 Comitiva
1035 3489 1096 3526 sua,
1115 3491 1148 3520 &
1206 3491 1293 3522 uode-

233 3523 292 3553 cim
310 3522 414 3561 Equis,
430 3522 467 3552 de
481 3522 597 3554 Ducatu
612 3524 801 3555 Aurelianensi
815 3527 843 3555 in
862 3526 999 3563 Regnum
1014 3526 1104 3566 Regis
1121 3529 1291 3567 Angliae,ad

232 3561 406 3598 portandum
427 3560 590 3591 Fiimnciam
613 3566 720 3593 Comitis
739 3563 947 3605 d'Angoules‘me
965 3588 974 3603 ,
999 3566 1143 3596 veniendo
1158 3589 1167 3604 ,
1185 3568 1292 3599 ibidem

233 3599 444 3643 morandOQ&
461 3608 535 3629 extra
553 3599 647 3643 idem,
667 3601 757 3632 versus
774 3603 965 3641 quascumque
979 3613 1068 3641 partes
1083 3605 1133 3635 fibi
1147 3606 1292 3645 placuerit,

232 3647 299 3682 curn
314 3638 477 3681 jocalibus,
498 3638 615 3675 Literis,
632 3640 731 3677 Auro,
750 3640 900 3679 Argento,
919 3644 951 3673 &
965 3643 1022 3672 aliis
1038 3642 1123 3673 Bonis
1137 3644 1190 3674 suis
1212 3646 1294 3677 licitis

233 3677 476 3745 quibfuicugnque,
491 3676 594 3714 absque
605 3679 818 3714 perturbatione
830 3679 886 3710 five
902 3681 1081 3719 impetitione
1096 3692 1295 3723 quacumque,

234 3722 294 3744 tran
306 3725 361 3746 eun
382 3725 416 3745 0·

269 3751 388 3784 Proviso
408 3739 516 3790 i‘emper
533 3752 613 3790 quod
636 3752 768 3784 Personae
787 3755 929 3794 praedicstae
946 3758 979 3787 δε
991 3757 1059 3788 dieti
1073 3757 1232 3790 Servieutes
1249 3761 1291 3790 sui

233 3790 308 3821 bene
324 3791 489 3823 &honeste
504 3791 530 3821 se
548 3791 668 3822 habeant
684 3793 716 3824 &
730 3801 825 3831 gerant
839 3803 904 3832 erga
924 3795 1037 3835 Regem
1058 3797 1092 3826 ὃς
1118 3798 1226 3828 Fideles
1247 3799 1296 3829 Li-

234 3837 301 3866 geos
323 3830 384 3860 suos
399 3853 408 3868 ,
435 3830 536 3868 absque
555 3830 649 3868 aliquo
668 3832 861 3867 attemptando
877 3854 886 3869 ,
915 3833 960 3863 seu
980 3837 1137 3873 attemptari
1163 3837 1255 3867 facere
1275 3838 1293 3856 ¹⁸

236 3867 448 3911 praesumendo,
468 3868 544 3906 quod
560 3869 586 3897 in
604 3869 689 3908 Regis
703 3869 736 3900 &
752 3869 890 3900 Fidelium
906 3870 1062 3910 Ligeorurn
1078 3873 1198 3905 suorum
1219 3885 1295 3914 prae-

237 3905 372 3942 judicium
389 3907 489 3937 cedere
505 3906 609 3944 valeat,

261 3941 307 3985 ,Et
331 3945 409 3980 quod
433 3945 482 3982 ipsi
504 3946 594 3982 aliqua
616 3945 803 3985 Castrorum,
820 3947 1032 3978 Fortalitiorum
1047 3973 1056 3986 ‚
1075 3950 1131 3980 sive
1153 3950 1297 3982 Villarum

234 3978 436 4021 Firmatarum,
454 3984 574 4015 minime
589 3984 778 4024 ingrediantur
788 4007 799 4025 ‚
816 3985 919 4024 absque
934 3995 970 4017 eo
984 3987 1065 4025 quod
1082 3988 1131 4027 ipsi
1143 3990 1229 4027 praese
1237 3999 1298 4022 ntes

1325 277 1538 346 fiNveciHnamm
1552 278 1725 309 firmatarum
1745 276 1988 315 supradietorum,
2004 276 2055 307 nisi
2070 277 2214 308 dumtaxat
2236 286 2286 315 per
2300 287 2390 310 unam

1365 327 1384 347 o
1417 326 1480 355 em,

1365 354 1515 393 Qiodque
1526 354 1593 392 ipsi,
1611 354 1756 385 existentes
1770 354 1799 384 in
1814 353 1907 391 Villis,
1926 352 2052 392 Castris,
2069 354 2103 385 &
2121 354 2223 392 Locis,
2242 354 2291 385 sub
2303 353 2388 387 Obe-

1323 393 1429 424 dientia
1450 393 1554 432 Regis,
1573 394 1744 431 quicquam,
1761 403 1808 431 per
1829 393 1952 429 aliquem
1974 402 2097 431 eorum,
2114 393 2172 423 five
2193 401 2241 432 per
2253 393 2339 433 alios,
2357 404 2388 426 a-

1328 433 1407 470 perte
1419 432 1464 461 vel
1474 432 1579 462 secrete
1587 455 1596 468 ,
1611 431 1690 469 quod
1706 432 1738 461 {it
1753 440 1851 462 contra
1857 431 2027 462 Traetatum
2047 429 2070 460 P
2078 440 2099 461 A
2109 440 2126 461 c
2134 440 2146 461 1
2156 439 2169 461 s
2189 441 2208 462 F
2216 441 2227 462 1
2237 440 2260 462 N
2270 442 2291 463 A
2301 441 2322 462 L
2331 441 2344 463 1
2354 441 2367 463 s
2375 456 2386 472 ,

1327 472 1399 501 inter
1414 470 1507 509 Reges
1525 471 1559 500 &
1571 470 1630 500 duo
1647 469 1750 506 Regna
1766 470 1875 510 Angliae
1888 471 1921 501 &
1939 469 1962 499 F
1963 470 2066 500 ranciae
2079 470 2162 500 faetae
2175 471 2210 502 &
2225 472 2386 509 conclusae,

1327 510 1360 540 &
1374 518 1474 539 contra
1491 507 1646 538 Honorem
1659 508 1693 538 &
1708 506 1876 539 Proficuum
1889 508 1977 548 Regis
1988 509 2112 539 minime
2124 507 2219 540 dicant
2240 509 2298 541 sive
2317 510 2387 542 scri-

1327 548 1413 584 bant,
1430 556 1477 578 aut
1493 548 1550 577 dici
1562 547 1607 577 seu
1622 546 1705 577 scribi
1717 556 1876 583 procurent.

1362 585 1452 617 Teste
1466 585 1549 626 Rege
1561 585 1635 624 apud
1648 584 1920 626 Westmonasterium,
1938 587 2005 626 xviij
2021 586 2067 618 die
2073 584 2255 617 Decembris.

1816 664 1869 691 Per
1885 663 1977 693 Breve
1992 662 2026 693 de
2039 665 2161 697 Privato,
2179 661 2281 702 Sigillo.

1698 790 1756 822 Pro
1783 785 1908 821 Medico
1931 789 2029 834 Regis.

1708 877 1753 910 Le
1762 877 1818 925 Roy
1833 874 1864 908 la
1883 877 2012 908 Grante.

1329 961 1377 1022 P
1389 961 1412 993 L
1424 971 1443 992 Α
1452 971 1464 992 r
1473 972 1485 992 s
1498 971 1516 992 r:
1542 971 1557 992 a
1565 982 1575 1000 ,
1588 960 1730 993 Treshaut
1741 962 1775 993 &
1787 960 1914 993 Puifflint
1926 953 2044 999 Prince',
2062 958 2089 990 Ie
2103 959 2164 990 Duc
2177 959 2209 989 de
2221 958 2367 1001 Glaucessre
2376 985 2387 1002 ‚
2403 957 2478 988 Arm.
2493 956 2535 989 D.

1395 1001 1479 1031 uncle
1493 1011 1508 1030 a
1520 1001 1614 1030 nostre
1628 1001 1781 1031 Souverain
1797 1000 1934 1039 seigneur
1950 998 1975 1030 Ie
1993 1002 2049 1038 Roy
2059 1023 2069 1037 ,
2087 998 2232 1029 Graunter
2255 1009 2286 1037 a,
2303 1010 2385 1032 votre
2423 1006 2510 1036 1422·

1330 1039 1449 1069 humble
1465 1040 1498 1070 ὃς
1513 1039 1588 1069 soiall
1604 1039 1742 1077 omem,
1761 1040 1852 1069 Pietre
1864 1039 1898 1068 de
1909 1037 2054 1078 Abeobaffe
2066 1036 2171 1076 Clerk,
2190 1036 2329 1068 Phifician
2350 1039 2386 1070 de
2403 1040 2455 1064 An.
2475 1046 2500 1064 ¹-
2514 1058 2518 1061 -

1331 1078 1439 1108 mesine
1455 1077 1479 1107 Ie
1492 1080 1564 1116 Ray,
1581 1078 1606 1108 la
1622 1077 1771 1109 Prebende
1782 1088 1819 1108 en
1834 1077 1859 1108 la
1873 1077 1897 1108 F
1899 1086 1964 1108 rane
1982 1076 2105 1115 Chapeil
2118 1076 2156 1107 de
2168 1075 2248 1107 Seint
2256 1076 2388 1116 George,
2405 1078 2438 1101 H.
2458 1077 2486 1104 ⁶·

1330 1116 1407 1146 deins
1424 1117 1449 1146 la
1464 1116 1590 1147 Chastell
1607 1117 1642 1146 de
1661 1116 1704 1146 W
1705 1116 1858 1156 yndesore,
1872 1115 1898 1146 la
1911 1115 1995 1154 quele
2011 1115 2111 1154 Johan
2125 1113 2212 1159 Estem
2225 1114 2314 1146 Clerk
2328 1117 2388 1155 (qui
2403 1116 2476 1140 Penes

1331 1154 1407 1185 Dieu
1422 1155 1540 1191 alioiile)
1555 1156 1633 1186 avoir
1649 1165 1684 1185 en
1700 1155 1779 1185 icelle
1795 1156 1822 1192 (a
1837 1155 1916 1185 avoir
1930 1163 2005 1185 ovec
2019 1155 2066 1185 sez
2075 1153 2224 1185 Dromires
2237 1153 2389 1194 &Appar-
2405 1149 2475 1180 cler.

1329 1203 1444 1225 tenantz
1458 1194 1613 1232 qeconqes)
1634 1203 1686 1232 pur
1701 1194 1778 1225 Dieu
1792 1194 1826 1226 &
1838 1204 1874 1225 en
1889 1192 2005 1224 Oevere
2018 1193 2055 1224 de
2069 1191 2208 1224 Charite..
2406 1190 2467 1219 Pell.

1362 1274 1430 1305 Dat.
1450 1274 1524 1313 apud
1542 1274 1649 1315 Wcstm.
1667 1274 1773 1306 xxidie
1788 1259 1979 1314 Decembris,
1998 1273 2103 1313 Anno,
2121 1272 2182 1305 &c-
2199 1268 2311 1306 Primo.

1834 1354 1874 1382 H.
1893 1351 2070 1383 chambellan
2087 1349 2289 1389 d’Angletme.
2325 1339 2327 1341 ι

1460 1483 1518 1514 Pro
1533 1482 1618 1514 Duce
1637 1479 1673 1514 de
1692 1478 1848 1519 Bourbon,
1871 1483 1909 1519 &⁶
1919 1492 1976 1529 pro
1993 1482 2106 1514 Comite
2126 1480 2162 1515 de
2182 1484 2254 1516 Em.

1330 1563 1449 1622 REX
1460 1588 1470 1603 ‚
1487 1575 1538 1604 per
1561 1565 1668 1596 Literas
1688 1565 1745 1597 suas
1767 1566 1914 1603 Parentes,
1929 1576 1979 1604 per
1996 1576 2086 1598 unum
2101 1565 2235 1606 Mensem
2248 1570 2384 1607 proximo
2404 1555 2480 1587 Anu·
2496 1557 2540 1590 D·

1407 1604 1533 1634 futurum
1547 1604 1827 1642 duraturas‚suscepit
1842 1606 1870 1635 in
1883 1605 1990 1635 salvum
2003 1606 2036 1636 &
2049 1605 2181 1637 securum
2195 1606 2386 1640 Conductum
2425 1605 2512 1635 ¹4²²·

1327 1640 1422 1679 suum,
1442 1652 1475 1673 ac
1489 1644 1518 1672 in
1531 1642 1764 1681 protectionem,
1782 1642 1970 1680 Tuitionem,
1987 1644 2022 1674 δε
2038 1642 2246 1676 Defenfionem
2257 1647 2314 1678 suas
2327 1647 2388 1686 spe-
2404 1638 2456 1662 ‘4⁷¹'
2479 1646 2505 1664 ¹·

1329 1680 1411 1711 ciales
1421 1705 1430 1719 ,
1448 1680 1609 1719 Johannem
1625 1683 1653 1710 V
1653 1684 1717 1719 igier
1730 1681 1907 1712 Serviente'm
1919 1683 2003 1711 Ducis
2016 1681 2049 1711 de
2068 1682 2198 1721 Burhon,
2217 1683 2250 1714 &
2271 1685 2386 1724 Johan-
2403 1679 2439 1701 H.
2457 1675 2485 1703 ⁶·

1329 1729 1389 1748 nem
1410 1718 1529 1758 Auffi’nt
1553 1720 1728 1756 Servientem
1753 1721 1862 1749 Comitis
1882 1719 1915 1749 de
1937 1721 2018 1757 Ew,
2041 1721 2134 1751 versus
2150 1720 2299 1755 Dominos
2321 1726 2384 1756 suos
2401 1716 2433 1740 Fr
2434 1723 2489 1740 ³⁸¹⁷·
2513 1722 2538 1741 ¹·

1329 1757 1481 1795 praedictos
1504 1757 1670 1789 transeundo
1685 1780 1696 1796 ,
1722 1758 1904 1796 conjunfflm
1919 1780 1931 1796 ‚
1957 1757 2004 1789 vel
2027 1756 2154 1797 divisim,
2181 1761 2312 1798 quotiens
2334 1763 2385 1795 fibi
2403 1755 2438 1779 H.
2455 1751 2482 1779 ⁶·
2500 1761 2538 1779 η’·

1329 1795 1463 1834 placuerit
1497 1797 1692 1834 reveniendo,
2247 1822 2251 1825 .
2404 1790 2431 1818 3·

1371 1821 1492 1867 Proviso
1508 1837 1633 1874 semper,
1651 1833 1710 1870 &c.
1724 1841 1754 1864 ut
1770 1838 1800 1865 in
1812 1832 1944 1865 Similrbus
1961 1834 1998 1878 de.
2010 1833 2147 1865 Conduffu
2164 1836 2280 1869 Literis.

1366 1873 1457 1905 Teste
1471 1873 1554 1914 Rege
1566 1874 1641 1915 apud
1652 1872 1926 1914 Wstmonasterium,
1944 1874 1997 1913 xxij
2015 1874 2062 1905 die
2079 1873 2263 1914 Decembris.

1833 1956 1886 1985 Per
1900 1957 1992 1985 Breve
2008 1955 2041 1985 de
2056 1957 2176 1988 Privato
2189 1953 2298 1997 sigillo.1

1669 2085 1728 2117 Pro
1755 2083 1838 2116 Duce
1860 2080 1897 2115 de
1921 2079 2054 2117 Burbon.

1331 2167 1447 2225 REX
1458 2192 1468 2206 ‚
1481 2179 1530 2208 per
1554 2169 1662 2201 Literas
1683 2167 1741 2200 suas
1760 2168 1911 2213 PatenteS,
1928 2178 1978 2208 per
2000 2178 2091 2200 unum
2107 2167 2246 2215 Mense-m.
2255 2170 2391 2216 proximo
2407 2174 2484 2208 Αῃῃ,
2499 2172 2544 2209 D;

1389 2207 1530 2252 ‘futurum
1543 2207 1700 2247 duraturas,
1718 2207 1755 2238 de
1767 2207 1939 2239 avisamento
1955 2207 1989 2239 &
2005 2207 2249 2250 afferisuConcilu
2261 2208 2318 2248 sui,
2334 2211 2392 2242 sus—
2427 2223 2515 2256 ¹42²·

1326 2255 1409 2292 ,cepit
1428 2257 1457 2277 in
1480 2247 1587 2293 salvum
1612 2247 1646 2280 ὃ(
1661 2246 1800 2291 securum.
1814 2245 2005 2277 Condueium
2028 2246 2109 2293 suurn
2128 2246 2290 2289 Johannem
2308 2250 2393 2296 Fqur-
2407 2259 2463 2293 ,fif
2477 2264 2505 2285 1,

1330 2284 2174 2369 §Zetfflffeiliffffide0ffs0assl'ffiaii,Essslt'i‘fffiss
2186 2285 2394 2364 &swa
2407 2294 2515 2362 fisa.-
2533 2338 2535 2340 -

1328 2364 1404 2396 Tres
1420 2363 1571 2403 Personas,
1589 2364 1714 2395 Valettos
1730 2373 1777 2397 aut
1791 2363 1950 2395 Servientes
1962 2363 2026 2395 suos
2036 2387 2046 2402 ‚
2063 2364 2096 2395 &
2110 2363 2147 2395 de
2179 2364 2310 2397 *omitiva
2325 2364 2390 2405 sua,
2407 2380 2444 2400 m.
2468 2380 2511 2408 ¹9·

1332 2403 1423 2435 versus
1447 2401 1552 2434 Villam
1575 2401 1662 2443 Regis
1687 2401 2036 2446 Rothomagensemeet
2052 2401 2175 2434 Patriam
2191 2402 2280 2443 Regis
2305 2401 2390 2435 Nor·
2430 2410 2436 2415 ·
2530 2409 2534 2415 ’

1330 2443 1454 2474 manni-„e
1466 2465 1475 2480 ,
1489 2452 1558 2473 cum
1572 2441 1658 2473 Bonis
1671 2441 1857 2474 &Hernefiis
1872 2441 1924 2472 suis
1939 2441 2038 2480 licitis,
2055 2441 2131 2474 salvo
2145 2442 2180 2473 &
2194 2441 2292 2474 secure
2306 2451 2394 2475 trans—

1332 2481 1490 2551 euaegiiiso
1502 2519 1611 2558 semper
1621 2542 1632 2558 ‚
1649 2518 1710 2555 &c.
1723 2526 1804 2558 prout
1817 2523 1847 2551 in
1860 2518 1993 2550 Similibui·
2005 2519 2038 2549 de
2054 2518 2191 2549 eandam
2206 2521 2319 2550 Literin

1334 2558 1467 2629 cess'gsr'cg·
1487 2559 1571 2598 Rege
1595 2559 1670 2597 apud
1695 2558 1955 2599 Wlimonasterium
1970 2582 1980 2596 ,
2005 2557 2142 2589 vicefirno
2157 2558 2242 2588 tertio
2263 2557 2312 2588 die
2327 2555 2392 2589 De-

1809 2676 1864 2703 Per
1881 2675 1974 2703 Breve
1991 2672 2023 2702 de
2039 2673 2159 2702 Privato
2176 2671 2276 2710 sigillo.

1583 2795 1610 2822 ἒ*
1634 2799 1693 2830 Pro
1715 2797 1827 2831 Clerico
1849 2799 1944 2831 Ducis
1960 2794 2151 2839 Glaucestriae.
2426 2801 2445 2867 Ξ
2463 2801 2503 2830 X.

2407 2849 2421 2867 2
2444 2852 2473 2878 4-

1701 2886 1746 2917 Le
1763 2886 1821 2934 Roy
1839 2884 1869 2916 la
1889 2885 2016 2917 Grante.

1334 2969 1361 3001 A
1382 2978 1545 3000 NOSTRE
1565 2968 1679 3000 Taes
1705 2975 1952 3000 sovenamu
1969 2967 2199 2998 SEIGNEUR
2218 2975 2266 2998 LE
2292 2966 2393 2999 Rov.

1334 3047 1381 3108 P
1392 3048 1417 3078 L
1427 3057 1444 3077 E
1456 3057 1492 3078 as
1502 3056 1519 3077 Ε
1539 3057 1554 3076 a
1576 3045 1672 3077 vostre
1691 3045 1787 3076 Roiell
1809 3044 1953 3084 Mageste‚
1972 3043 2008 3074 de
2031 3043 2126 3075 vostre
2138 3054 2221 3084 grace
2236 3045 2396 3083 especialle,
2408 3038 2484 3069 Ann-
2500 3037 2544 3070 D·

1402 3097 1455 3124 pur
1479 3085 1581 3115 Doner
1600 3086 1634 3115 &
1660 3085 1802 3115 Presenter
1823 3082 1942 3113 Maistre
1959 3081 2039 3122 Jahn
2060 3083 2225 3124 Swanziych
2241 3107 2249 3123 ,
2277 3084 2395 3114 Maistre
2432 3087 2517 3117 1423.

1337 3124 1420 3155 d'Art
1435 3127 1467 3155 ὃς
1486 3123 1614 3155 Bachiler
1627 3133 1664 3153 en
1678 3123 1788 3160 Philik,
1806 3121 1897 3152 Clerk
1911 3122 1956 3152 del
1973 3121 2114 3152 tresnoble
2128 3122 2230 3153 Prince
2245 3123 2270 3153 le
2286 3125 2347 3152 Duc
2365 3122 2398 3152 de
2412 3121 2464 3145 An.
2483 3126 2507 3145 ¹·

1335 3163 1501 3203 Gloucestre,
1519 3173 1534 3193 a
1551 3161 1672 3198 l'Esglise
1684 3161 1720 3190 de
1734 3160 1862 3191 Bradfeld
1872 3184 1881 3199 ,
1901 3159 1969 3198 q'est
1983 3171 2034 3190 ore
2049 3160 2134 3192 voide
2148 3171 2196 3200 par
2212 3162 2236 3191 la
2258 3161 2341 3191 Mori
2363 3161 2399 3191 de
2413 3158 2447 3182 H·
2469 3157 2497 3183 ⁶·

1336 3202 1380 3233 Sir
1399 3201 1526 3232 William
1546 3204 1671 3237 Curta-75,
1687 3199 1780 3230 darein
1803 3199 1908 3229 Person
1934 3199 2062 3238 illeoqes,
2081 3200 2114 3231 δε
2134 3210 2149 3229 a
2172 3200 2266 3230 vostre
2280 3198 2398 3236 tresgra-
2413 3197 2483 3221 ΡΜΣ

1336 3242 1414 3270 cious
1427 3240 1536 3270 Donne
1545 3247 1726 3276 appertenant
1740 3249 1754 3268 a
1769 3237 1836 3269 icest
1851 3239 1926 3275 soiz,
1946 3248 1992 3275 par
2005 3237 2084 3268 cause
2099 3248 2154 3275 que
2167 3237 2280 3268 Thomas
2300 3240 2398 3276 Lang-
2412 3232 2484 3260 Cler-

1328 3278 1412 3319 ford,
1430 3278 1537 3307 Pati-on
1552 3277 1588 3306 de
1604 3275 1711 3307 mesme
1724 3276 1862 3316 l'Esglise,
1881 3276 1922 3307 est
1935 3277 2020 3307 deinz
2033 3276 2096 3316 Age
2108 3278 2143 3308 δε
2159 3286 2195 3307 en
2210 3275 2306 3309 vostre
2318 3275 2394 3306 Gar-
2409 3268 2469 3298 Pell.

1336 3318 1388 3353 de,
1404 3326 1477 3355 pour
1493 3315 1571 3346 Dieu
1587 3316 1619 3346 δε
1636 3314 1734 3346 Oevre
1747 3315 1783 3347 de
1799 3316 1942 3347 Charitee.

1335 3392 1360 3423 P
1376 3355 1472 3398 Lettre
1485 3362 1533 3384 ent
1547 3353 1607 3384 feut
1622 3353 1686 3385 faite
1701 3366 1719 3384 a
1733 3353 1841 3393 Weflm.
1853 3355 1879 3385 le
1892 3354 1938 3385 xxi
1950 3354 2017 3392 jour
2038 3352 2075 3384 de
2095 3352 2217 3393 januer,
2233 3352 2320 3392 l'An,
2336 3353 2397 3386 &c.

1362 3402 1455 3422 [lmes-

1820 3471 1859 3500 H.
1879 3467 2056 3500 chambellan
2073 3467 2269 3507 &Engleterra

1648 3598 1697 3629 De
1714 3595 1890 3629 Deodandis
1907 3596 2093 3643 Colligendis.

1338 3683 1470 3741 REX,
1489 3685 1624 3715 universis
1642 3685 1676 3716 δε
1690 3684 1801 3723 singulis
1813 3684 2055 3722 Vicecomitibus,
2074 3682 2250 3721 Maioribus,
2270 3682 2399 3723 Ballivis,
2413 3695 2490 3727 Arm,
2503 3694 2546 3726 D,

1420 3722 1669 3762 Coronatoribus‚
1695 3723 1907 3762 Escaetoribus‚
1931 3721 2167 3764 Constabulariis,
2188 3730 2220 3751 ac
2243 3722 2299 3752 aliis
2323 3722 2401 3753 Offi-
2434 3742 2522 3774 1423„

1339 3760 1429 3790 ciariis
1452 3761 1485 3792 &
1510 3761 1651 3791 Ministris
1670 3762 1771 3792 nostris
1793 3763 2035 3800 quibuscumque,
2059 3760 2117 3789 tam
2141 3758 2210 3790 infra
2229 3760 2400 3801 LibertatCS,
2414 3777 2466 3801 An.
2485 3783 2509 3800 ι,

1339 3799 1425 3836 quam
1443 3808 1535 3837 extra,
1554 3800 1588 3830 ad
1625 3810 1673 3830 uos
1685 3800 1832 3838 praesentes
1848 3800 1953 3832 Literae
1965 3799 2161 3837 pervenerint,
2181 3798 2318 3829 Salutem.
2415 3815 2450 3839 H·
2465 3812 2495 3839 6·

1374 3836 1473 3867 Sciatis
1490 3838 1570 3874 quod
1621 3849 1669 3876 os,
2298 3853 2311 3865 X
2419 3855 2480 3878 ΡΜ.
2500 3857 2529 3876 r.¹

1377 3874 1597 3906 Considerantes
1613 3878 1730 3915 qualiter
1743 3875 1921 3907 omnimodae
1934 3873 2117 3912 Deodandrc,
2136 3876 2194 3905 tam
2208 3886 2258 3914 per
2272 3875 2405 3915 Terram,
2421 3893 2455 3916 H.
2465 3888 2492 3914 6,
2497 3886 2552 3924 μζ

1344 3915 1431 3951 quarn
1450 3924 1499 3951 per
1517 3915 1606 3945 Mare
1631 3916 1700 3946 infra
1714 3916 1849 3952 Regnum
1870 3913 1996 3943 nostrum
2014 3914 2124 3951 Anglice
2146 3924 2318 3953 emergentes
2333 3939 2343 3954 ‚
2369 3915 2409 3946 E·
2420 3936 2458 3955 m,
2477 3916 2543 3953 22.''

1340 3951 1539 3985 leemosmario
1558 3953 1685 3993 Hospitii
1701 3954 1806 3991 nostri,
1823 3962 1876 3995 pro
1889 3959 2017 3989 tempore
2041 3952 2183 3991 existenti,
2201 3954 2360 3993 pertinent,
2374 3955 2409 3986 δε
2500 3955 2503 3957 ’

1339 3991 1376 4022 ab
1390 3991 1507 4029 antiquo
1520 3993 1738 4032 pertinuerunt,
1755 3992 1789 4022 &
1800 3999 1938 4029 pertinere
1952 3989 2107 4030 deberent,
2367 4029 2415 4065 Ad
