2562 4274
684 155 791 195 ET
874 149 1138 194 ACTA

0 251 53 283 irin.
69 239 106 270 D.
125 239 297 272 obedientes
311 239 437 279 nostros,
457 240 491 271 &
503 239 612 271 dietum
626 239 837 270 Sereniffimum
860 238 1022 276 Principem
1039 237 1173 268 Karolum

0 288 90 353 lisia?
126 279 349 348 gioggftagguineum
361 279 476 318 nostrum
492 282 631 317 Franciae,
649 277 782 308 vassallos
792 300 801 315 ‚
821 277 968 316 Subditos‚
985 279 1018 309 &
1036 276 1175 307 sibiObe-

10 335 47 346 vll.
85 339 90 344 ι
243 340 252 355 ⁹

166 354 341 389 TenentibUS
365 355 398 387 &
425 355 591 386 Faventibus
620 356 730 384 Partem
753 351 881 391 Delphini
906 353 948 384 seu
970 355 1133 383 Armam‘aoe‘
1160 351 1176 380 a

131 394 310 432 praesentibus
322 394 444 433 Treugis
457 395 577 424 omnino
592 393 728 430 exceptis,

169 432 247 470 Qias
272 431 398 471 Treugas
425 433 546 470 incipere
570 432 701 461 volumus
715 452 725 467 ‚
749 429 802 460 hac
820 429 877 460 Die
892 428 1068 466 Dominica,
1084 425 1178 458 Tertia*

132 469 282 509 Januarii,
301 469 389 500 Anno
401 469 572 507 Millesimo,
589 468 874 507 Qadringentesimo
890 493 899 507 ,
919 468 1047 499 Decimo
1064 467 1159 497 Nono
1172 488 1181 503 ,

172 507 209 538 Et
222 507 359 539 durabunt
373 509 458 548 usque
472 508 505 538 ad
522 510 641 538 Primum
661 510 741 536 Diem
763 510 885 545 Martii,
908 508 1040 545 proximo
1054 506 1181 536 futurum

134 546 198 584 post
214 545 319 576 Datam
336 546 537 584 Praesentium,

173 584 287 622 Qiibus
309 585 423 622 quidem
443 584 564 622 Treugis
588 582 625 613 sic
649 582 810 614 durantibus
826 607 835 622 ,
862 592 994 622 poterunt
1010 591 1069 614 tarn
1086 590 1185 611 omnes

137 623 227 652 nostri
251 622 380 660 Vassalli,
405 623 540 660 Subdiu,
562 623 595 653 &
621 620 793 652 Obedientes
809 644 818 658 ,
843 624 929 660 quam
941 631 1043 652 omnes
1058 618 1186 656 Vaffalli,

136 660 246 690 Subditi
255 685 263 699 ,
274 662 306 692 &
318 660 489 691 Obedientes
504 658 573 691 dicti
585 659 775 699 Constznguinei
787 659 868 698 nostri
877 663 1012 696 Franciae,
1031 660 1086 696 ire,
1101 667 1187 688 trans-

136 700 176 729 ire
193 721 202 737 ,
228 700 324 730 venire
339 723 349 736 ,
373 699 460 728 redire
477 721 487 736 ,
513 698 581 728 stare
597 721 606 736 ,
624 701 749 735 morari,
767 700 861 729 secure
880 700 912 729 ὃς
929 698 1023 735 salvo,
1040 707 1088 734 per
1104 695 1187 726 Mare

141 739 211 767 inter
226 737 372 767 Franciam
395 737 428 767 ὃ(
447 736 578 776 Angliam
597 737 738 773 (videlicet
762 737 777 767 a
794 736 886 767 Patria
905 736 1039 765 Flandriae
1054 735 1136 772 usque
1153 734 1187 764 ad

143 775 248 805 Villam
263 775 386 804 nostram
405 774 614 805 Cadomensem
631 776 660 804 in
675 775 788 805 Ducatu
803 775 901 805 nostro
910 774 1110 809 Normanniae)
1121 782 1189 802 cum

141 820 240 843 eorum
256 812 401 851 Navigio,
411 814 611 852 Apparatibus,
627 813 799 844 Victualibus
809 835 818 851 ,
838 812 1022 849 Mercaturis,
1032 810 1191 848 Hernesiis,

141 850 251 889 aliisque
275 850 359 881 Bonis
381 852 622 889 quibuscumque,
648 851 749 889 absque
765 851 926 888 Captione,
944 850 1131 879 Arrestatione
1146 857 1192 878 aut

144 889 354 927 Impedimento
373 889 537 928 Corporum
553 890 598 919 seu
616 889 762 920 Bonorum
776 890 850 919 alteri
867 888 940 918 Parti
957 898 1006 926 per
1019 889 1131 918 alteram
1150 887 1194 916 in-

144 928 289 965 ferendis,
315 927 432 958 Proviso
453 928 529 966 quod
553 928 663 958 Subditi
686 927 774 957 nostri
801 937 860 956 non
883 927 964 956 ibunt
981 936 1033 955 nec
1052 926 1194 955 intrabunt

146 966 264 1004 Portus,
283 966 352 995 dieze
377 966 471 995 Carolo
491 966 685 1006 Consanguineo
706 966 790 1005 nostra
812 968 930 995 Franciae
949 964 1123 994 Obedientes
1144 963 1194 993 nisi

147 1006 273 1042 primitus
287 1004 403 1035 obtenta
417 1004 543 1035 Licentia
558 1014 573 1034 a
588 1003 745 1042 capitaneis
757 1004 900 1034 distorum
918 1003 1058 1034 Portuum
1069 1025 1078 1040 ,
1097 1002 1197 1040 quibus

147 1043 286 1081 applicare
306 1042 470 1080 voluerint,
496 1043 544 1072 nisi
567 1041 752 1079 Tempestate
771 1051 817 1072 aut
839 1042 984 1079 Fortuni,
1008 1041 1063 1071 sine
1077 1041 1145 1071 dolo
1162 1042 1195 1070 δε

149 1081 258 1111 Fraude
268 1103 277 1117 ,
295 1081 446 1117 contigerit
460 1080 530 1118 ipsos
546 1080 610 1111 illuc
628 1081 762 1111 violenter
778 1080 931 1110 declinare:

190 1119 245 1155 Et,
263 1119 342 1148 iimili
359 1118 464 1155 modo,
482 1119 593 1150 Subditi
605 1118 889 1158 diCfiConsanguinei
906 1117 993 1148 nostri
1006 1116 1201 1146 KaroIiFran-

153 1161 199 1186 ciae
216 1167 275 1187 non
287 1158 367 1187 ibunt
382 1166 434 1186 nec
448 1158 590 1188 intrabunt
604 1157 705 1187 Portus
725 1158 823 1187 Nobis
838 1157 1019 1193 obedientes,
1036 1155 1085 1185 nisi
1099 1156 1201 1185 obten-

154 1196 183 1226 ta
198 1194 325 1225 Licentia
342 1205 356 1224 a
371 1194 530 1232 Capitaneis
545 1195 684 1226 Portuum
700 1195 863 1226 nostrorum
878 1195 977 1233 quibus
996 1194 1131 1231 applicare
1149 1202 1203 1223 vo-

156 1234 275 1269 luerint,
292 1231 358 1271 nisi,
377 1241 407 1263 ut
423 1235 600 1270 praemittitur
610 1257 619 1272 ,
640 1233 824 1271 Tempestate
836 1241 882 1263 aut
900 1232 1025 1263 Fortuna
1038 1256 1048 1270 ,
1064 1232 1120 1262 sine
1135 1231 1203 1261 dolo

155 1273 189 1303 &
205 1270 316 1309 fraude,
332 1272 478 1310 contigerit
492 1273 563 1310 ipsos
576 1272 641 1302 illuc
656 1272 794 1302 violenter
809 1272 964 1302 declinare:

195 1309 232 1340 Et
245 1333 254 1348 ,
269 1309 288 1339 si
302 1311 445 1348 contingat
460 1311 561 1349 aliquas
572 1310 820 1348 Depraedationes,
837 1309 1006 1347 Captiones,
1021 1307 1065 1337 seu
1077 1307 1207 1344 Attemp-

157 1355 211 1378 tata
226 1372 235 1385 ,
262 1349 291 1377 in
314 1349 505 1386 praejudicium
527 1349 708 1387 Treugarum
730 1348 774 1379 seu
796 1348 980 1378 Abstinentiae
1005 1346 1182 1376 Guerrarum
1198 1368 1207 1383 ,

159 1397 208 1423 per
234 1385 337 1423 Mare,
365 1396 413 1423 per
434 1387 549 1418 alteram
575 1386 701 1418 Partium
724 1387 799 1417 alteri
817 1386 891 1416 Parti
909 1386 968 1416 fore
982 1385 1074 1421 fatita,
1094 1392 1208 1421 propter

159 1426 217 1454 hoc
239 1435 299 1455 non
322 1425 506 1464 infringentur
520 1448 530 1464 ,
557 1425 596 1456 set
617 1425 800 1456 remanebunt
823 1426 853 1454 in
877 1434 979 1455 eorum
994 1423 1099 1453 robore
1116 1423 1148 1453 &
1165 1423 1209 1452 vi-

160 1473 230 1500 gore

201 1486 278 1538 Qi'iae
295 1502 391 1531 omnia
406 1501 578 1542 Attemptata
592 1502 625 1533 δι’.
635 1501 784 1532 Μαῐεῖαὲὶα
797 1511 846 1541 per
856 1499 1074 1539 Commisfarios
1087 1499 1119 1529 &
1130 1497 1213 1527 Con-

163 1539 312 1569 servatores
337 1539 414 1578 super
438 1540 496 1570 hoc
515 1542 573 1578 jam
594 1551 610 1570 a
632 1540 717 1569 Nobis
737 1541 770 1570 δε
793 1550 807 1570 a
830 1539 899 1568 disto
922 1538 1114 1576 Con-sanguineo
1128 1536 1214 1575 nostro

164 1580 239 1607 Duce
262 1578 425 1613 Buigundiae
447 1577 666 1615 (Commiss'ario
691 1579 719 1607 in
741 1578 793 1607 hac
817 1587 893 1617 parte
915 1576 983 1606 dieti
1006 1575 1214 1612 Consanguinei

164 1615 245 1654 mstri
260 1615 357 1644 Karoli
373 1617 503 1651 Franciae)
521 1616 664 1646 ordinatos
683 1617 716 1646 ὅτ.
734 1618 752 1635 *
773 1616 918 1653 deputatos
934 1639 943 1651 ,
961 1622 1046 1653 prout
1063 1613 1216 1650 quemlibet

164 1655 289 1691 ipsorum
313 1655 461 1684 concernit
478 1654 523 1684 seu
547 1663 720 1684 concernere
745 1655 870 1692 poterit,
899 1653 1013 1689 Corrigi
1035 1652 1154 1688 debent,
1175 1650 1214 1679 E-

165 1693 291 1722 mendari
303 1715 312 1727 ,
339 1693 372 1722 &
389 1691 484 1722 debite
502 1691 682 1729 Reformari,
698 1693 776 1730 juxta
794 1692 916 1722 formam
934 1693 967 1722 ὃς
986 1690 1103 1720 modum
1123 1690 1150 1719 in
1170 1689 1219 1718 Li-

164 1731 227 1761 teris
238 1730 391 1773 *dietarum
409 1729 588 1768 Treugarum
604 1753 614 1769 ‚
638 1730 822 1761 Generalium
839 1740 887 1768 per
905 1730 1025 1760 Terram
1042 1751 1052 1767 ,
1077 1729 1153 1758 latius
1171 1736 1220 1757 ex—

166 1769 296 1807 preliata:

206 1808 351 1845 Qiocirca
375 1805 485 1836 Damus
511 1807 539 1836 in
564 1805 704 1836 Mandatis
725 1806 883 1837 Admirallis
898 1806 1017 1843 nostris,
1034 1804 1221 1842 omnibusque

166 1845 224 1876 aliis
246 1844 397 1874 Officiariis
420 1845 520 1874 nostris
539 1845 573 1876 &
595 1854 695 1875 eorum
721 1845 957 1876 Locatenentibus
972 1867 981 1882 ,
1007 1845 1134 1881 quatinus
1149 1843 1222 1872 hanc

170 1883 335 1921 praesentem
350 1883 573 1920 Ampliationem
590 1882 787 1921 Treugarum,
804 1884 849 1913 seu
863 1883 983 1914 Gueirae
999 1882 1203 1912 Abstinentiam
1214 1903 1224 1918 ,

172 1932 221 1960 per
245 1921 346 1958 Mare,
373 1920 523 1951 Publicent
545 1921 578 1952 &
593 1920 734 1952 Publicari
751 1921 851 1952 faciant
868 1923 897 1952 in
919 1921 1060 1951 Portubus
1078 1922 1111 1950 ὃς
1125 1919 1224 1950 Haviis

173 1960 223 1991 ubi
239 1960 276 1989 eis
289 1958 416 1996 expedire
431 1959 586 1997 videbitur,

212 1998 380 2028 Mandantes
398 1997 523 2034 insuper,
542 2006 576 2026 ex
593 2004 670 2035 parte
687 1997 779 2027 nostra
790 2021 799 2036 ,
815 1998 949 2028 omnibus
969 1996 1092 2027 Vaffallis
1104 1996 1136 2027 ὃς
1152 1995 1227 2026 Sub-

174 2036 236 2067 ditis
251 2036 349 2066 nostris
365 2035 605 2073 quibuscumque,
625 2035 703 2072 quod
719 2037 869 2067 Praelentes
893 2037 1019 2075 Treugas
1033 2058 1042 2073 ,
1065 2035 1108 2064 seu
1132 2034 1229 2067 Absti-

131 2077 135 2079 ’
176 2075 300 2105 nentiam
325 2073 446 2103 Guerrae
462 2095 472 2110 ,
497 2083 546 2111 per
569 2073 651 2104 Mare
664 2097 673 2110 ,
693 2082 803 2105 teneant
817 2076 850 2106 &
867 2074 1042 2110 custodiant,
1061 2074 1093 2104 &
1110 2073 1145 2102 ab
1158 2072 1229 2110 aliis,

176 2122 312 2156 quatenus
336 2113 364 2142 in
388 2112 427 2141 eis
443 2111 484 2141 est
499 2134 509 2149 ,
528 2111 629 2142 faciant
642 2113 672 2141 in
687 2114 818 2143 omnibus
833 2114 866 2144 ὃς
881 2113 991 2151 singulis
1005 2112 1122 2143 fideliter
1136 2110 1230 2141 obser-

177 2160 244 2183 vari.

217 2188 250 2219 In
264 2188 341 2225 cuius
350 2211 359 2225 ,
377 2188 438 2219 &c.

178 2226 306 2304 Jaffiffip
324 2226 409 2264 Rege
432 2225 505 2264 apud
523 2225 645 2265 Castrum
659 2226 741 2267 ficum
754 2227 910 2266 Rothomagi
927 2227 1063 2260 vicesimo
1079 2227 1173 2265 primo
1188 2225 1233 2256 die

234 2276 251 2296 u
304 2287 310 2295 .

17 1613 37 1631 *
59 1614 110 1643 tx.

864 2306 917 2334 Per
933 2304 1013 2344 ipsitm
1028 2307 1132 2342 Regem.

523 2429 582 2460 Pro
601 2425 738 2462 Abbatia
753 2427 788 2461 de
804 2428 905 2477 Poiffl‘.

41 2515 169 2550 Ann.D.

61 2564 148 2594 1420.

38 2598 91 2622 Aa.
109 2603 136 2629 7.

190 2513 327 2573 REX
340 2513 500 2558 Omnibus,
517 2513 552 2544 ad
566 2523 653 2552 quos,
672 2514 732 2544 &c.
750 2513 883 2544 Salutem.

283 2553 379 2582 beiatis
392 2553 470 2589 quod
479 2575 489 2590 ,

231 2590 310 2620 Cum
323 2598 397 2620 certa
405 2591 534 2629 Jocalia;
552 2589 682 2620 videlicet
691 2613 700 2627 ,

229 2629 336 2697 thum
360 2627 497 2666 Chapelet
519 2628 554 2658 de
576 2627 675 2665 Perle,
700 2636 768 2658 cum
792 2627 1019 2666 Qatuordecim
1041 2626 1200 2657 Monilibus
1217 2627 1245 2656 in

196 2678 231 2699 eo
252 2677 317 2704 em,

233 2705 279 2736 Ac
296 2715 350 2735 una
366 2704 451 2735 Zona
466 2705 502 2735 de
517 2704 610 2743 Perle,
626 2714 693 2734 cum
711 2703 789 2734 Auro
807 2703 956 2735 hernesiata
966 2727 976 2743 ,

230 2744 362 2774 Necnon
379 2743 507 2780 quaedam
522 2742 602 2773 Bursa
616 2743 652 2771 de
671 2742 764 2779 Perle,

233 2782 419 2818 Pertinentia,
436 2790 466 2812 ut
480 2781 598 2818 dicitur,
618 2780 731 2810 Domui
750 2779 954 2818 Religiosarum
971 2778 1007 2808 de
1022 2779 1134 2817 Poissy,
1159 2788 1248 2816 nuper

195 2831 246 2859 per
261 2818 396 2857 quosdam
419 2819 520 2858 Ligeos
543 2819 576 2848 ὅ(
593 2819 725 2848 Subditos
748 2818 857 2848 nostros
872 2817 961 2854 Capta
973 2818 1102 2856 fuissent,
1120 2828 1156 2847 eo
1172 2817 1249 2855 quod

194 2859 303 2898 Jocalia
317 2858 362 2888 illa
377 2856 509 2888 ad-Loca
524 2857 606 2886 nobis
620 2856 740 2886 Inimica
752 2856 891 2899 deportari
907 2855 1083 2893 debuissent,

201 2934 230 2965 C
271 2907 314 2964 οῗ
339 2895 455 2934 quidem
475 2894 582 2934 Jocalia
611 2894 759 2924 occasione
778 2894 824 2924 illa
844 2894 940 2924 Nobis
958 2895 1095 2931 pertinent
1117 2902 1249 2932 tanquam

231 2945 269 2964 on
301 2943 361 2964 cata

238 2972 325 3010 Nos,
344 2956 380 3001 de
394 2972 492 3002 Gratia
505 2970 600 3001 nostra
614 2970 738 3007 speciali,
756 2970 789 3000 &
805 2969 840 3000 ad
859 2969 1099 3007 Supplicationem
1122 2969 1252 3000 Abbatis-

203 3010 240 3041 sae
255 3011 288 3040 &
303 3009 475 3040 Monialium
491 3008 609 3040 Domtis
623 3008 778 3046 praediitae,
800 3008 966 3046 Conceffimus
979 3008 1081 3037 eisdem
1098 3008 1252 3038 Abbatii'sae

203 3050 238 3080 &
260 3047 433 3090 Monialibus
447 3069 457 3084 ,
487 3058 521 3078 ac
538 3048 676 3078 Fratribus
699 3047 804 3076 ibidem
827 3046 895 3076 Deo
915 3047 1094 3077 servientibus
1112 3068 1122 3084 ,
1145 3046 1253 3087 Jocalia

203 3085 354 3126 praedieta,
372 3088 409 3115 lic
425 3086 521 3115 Nobis
536 3085 709 3122 Confiscata‚

241 3123 378 3154 Habenda
394 3123 494 3153 eisdem
509 3123 678 3160 Abbatiffae,
697 3123 885 3160 Monialibus,
903 3123 935 3154 ὃς
945 3122 1083 3152 Fratribus
1093 3145 1102 3160 ,
1121 3131 1253 3160 tanquam

204 3162 381 3193 Thesaurutn
396 3159 513 3191 Domsis
531 3162 692 3198 praedictae,
706 3161 742 3191 de
758 3161 850 3192 Dono
865 3161 980 3198 nostro3

244 3200 361 3230 Proviso
385 3198 492 3235 semper
513 3199 590 3235 quod
609 3200 714 3235 Jocalia
735 3199 779 3229 illa
801 3201 830 3229 in
845 3199 1022 3230 Thesaumria
1036 3200 1104 3228 infra
1123 3198 1255 3228 Domum

205 3240 281 3271 suam
304 3236 468 3275 praedictam
492 3246 659 3275 reponantur
675 3259 684 3274 ,
707 3246 760 3267 nec
784 3238 884 3268 abinde
898 3238 1047 3274 aliqualiter
1059 3237 1257 3274 distrahantur,

206 3278 265 3345 velllu
276 3276 357 3307 alicui
379 3275 528 3305 alienentur
543 3298 552 3313 ,
574 3274 620 3304 seu
635 3274 807 3313 vendantur,
824 3276 924 3314 absque
940 3277 1067 3307 Licentia
1081 3275 1178 3305 nostra
1195 3275 1257 3313 spe-

206 3326 233 3347 ct
259 3325 281 3345 i:

245 3353 279 3384 In
293 3353 389 3391 cujus,
407 3351 468 3382 &c.

208 3430 226 3471 J
245 3391 335 3436 Teste¹
356 3390 438 3429 Rege
458 3388 532 3427 apud
548 3387 669 3428 Castrum
678 3387 759 3429 stium
779 3388 812 3418 de
834 3391 924 3419 Rauen
947 3390 1082 3420 vicesimo
1104 3390 1198 3427 primo
1213 3388 1258 3419 die

228 3440 340 3462 anuarii.

45 2653 132 2697 Niwrn-z-
149 2677 176 2702 7.

45 2712 175 2743 Respa.

42 2755 80 2773 m.
92 2754 140 2780 42.

894 3467 946 3494 Per
961 3465 1041 3505 ipſsim
1055 3468 1158 3503 Regem.

570 3606 627 3635 Pro
649 3604 782 3634 Civitate
801 3604 898 3634 Paris.

67 3699 143 3731 Ann.
158 3697 199 3727 D.

97 3745 182 3776 1420.

68 3781 120 3805 An.
137 3786 163 3810 7.

69 3819 103 3842 H.
123 3822 150 3847 5.

72 3856 129 3880 Par.

73 3894 151 3917 Norm
179 3896 204 3921 7.

75 3931 209 3962 H.5.p.2.

77 3974 115 3993 m.
133 3974 179 3999 4¹·

215 3686 343 3743 REX
366 3688 517 3720 Univerfis
529 3686 634 3718 Christi
651 3686 808 3724 Fidelibus,
825 3685 871 3716 has
886 3685 990 3717 Literas
1008 3685 1112 3716 nostras
1127 3686 1264 3724 inspectu-

279 3727 343 3764 ris,
368 3727 491 3757 Salutem
510 3728 540 3756 in
555 3726 698 3755 Omnium
715 3725 872 3762 Salvarore,
889 3725 921 3754 &
935 3725 1036 3755 eisdem
1049 3725 1145 3755 Fidem
1163 3726 1263 3755 credu-

217 3762 272 3791 lam
288 3772 321 3792 ac
334 3765 477 3794 indubiam
493 3765 633 3795 adhibere.

256 3800 355 3838 Qam
375 3803 525 3832 innumeris
550 3811 623 3833 extet
644 3800 763 3832 honusta
783 3799 942 3837 Dispendiis
953 3823 962 3838 ,
978 3800 1055 3839 quod
1068 3802 1150 3831 etiam
1163 3801 1264 3831 Parens

217 3838 300 3868 fuerit
313 3840 346 3869 &
363 3838 456 3880 Origo
475 3840 621 3870 Malorum
639 3839 809 3878 Regnorum
825 3838 951 3869 Franciae
962 3840 995 3869 δε
1006 3839 1135 3877 Angliae‚
1153 3840 1264 3876 praedo-

220 3876 303 3905 lenda
318 3876 448 3914 Divino,
466 3879 554 3908 exacti
576 3879 751 3909 Recordatio
770 3878 906 3913 temporis
923 3876 1041 3916 edocet,
1060 3878 1093 3907 ὃς
1109 3877 1265 3908 considera-

221 3923 246 3944 ta
278 3915 425 3951 prudenter
451 3915 531 3951 ipsius
550 3919 681 3954 temporis
703 3916 870 3946 Discrimina
890 3916 1078 3952 comprobant
1097 3915 1266 3953 evidenter,

223 3963 344 3989 quorum
369 3951 515 3982 effi-aenem
538 3955 743 3985 multitudinem
757 3978 764 3989 ,
789 3954 896 3984 ςυηέὶίε
919 3961 991 3991 pene
1014 3953 1192 3983 Christicolis
1209 3964 1267 3983 non

221 3993 347 4061 ifgiiotam
364 4013 373 4028 ,
404 3991 555 4021 onerosum
583 3992 698 4030 quidem
725 3992 850 4024 existeret
864 3991 999 4031 descripta
1020 3992 1183 4024 recitatione
1203 4002 1270 4030 pro-

236 4039 303 4059 el'l'e.

286 4069 359 4097 Ihm.
374 4068 422 4097 IV.
441 4068 475 4097 P.
493 4068 552 4097 III.

1220 150 1695 195 PUBLICA.
2187 163 2264 205 155

1249 236 1364 282 Horum
1386 238 1520 280 siquidem
1542 238 1773 272 Confideratione
1795 238 1919 279 matura,
1936 239 2113 272 honorabiles
2129 236 2161 268 ἃ
2176 231 2260 275 pluri-
2285 234 2361 266 Ann.
2374 233 2415 265 D·

1215 283 1296 303 mum
1319 278 1514 315 circumspecti
1532 278 1592 308 Viri
1607 303 1616 316 ,
1644 279 1730 309 Cives
1750 281 1782 310 &
1799 280 1962 318 Biirgenles,
1985 278 2089 308 Incoloe
2101 278 2133 307 ὃ(
2148 276 2259 305 inhabi-
2310 283 2396 312 1420·

1214 321 1320 355 rantes,
1338 316 1473 357 proeclarae
1487 314 1615 346 Civitatis
1630 315 1798 355 parisiensis,
1818 318 1897 348 Pacis
1914 343 1923 355 ,
1950 328 1979 347 ut
1993 317 2091 346 Nobis
2107 314 2196 344 visum
2211 322 2260 344 ex·
2282 317 2344 340 Hem
2362 322 2390 347 52

1215 358 1267 380 titit
1281 353 1441 394 ,aviditate
1466 353 1602 383 ferventes
1615 378 1634 391 ,,
1650 365 1701 392 pro
1717 357 1895 393 inchoando,
1913 358 1982 386 inter
1998 353 2209 385 seieniffimum
2227 361 2260 382 ac

1216 387 1420 420 Inclitiilimum
1443 390 1605 428 Principem
1626 393 1756 422 Karolum
1771 395 1995 433 Confhnguimmn
2011 393 2124 431 nostrum
2138 394 2261 421 Franciae

1218 427 1252 456 ὃ(
1269 426 1339 475 4Ι>Ιο3
1356 451 1364 464 ,
1388 429 1420 459 &
1443 439 1491 465 per
1518 430 1641 459 medium
1664 432 1770 460 illustris
1788 432 1926 468 Principis
1945 431 2154 468 Confiinguinei
2172 429 2261 459 nostri

1220 463 1334 508 thitppi
1353 469 1434 496 Ducis
1449 469 1612 505 Burgundiae
1628 491 1636 506 ,
1664 468 1742 499 Pacis
1759 469 1843 500 finalis
1858 471 1994 500 Tradfflu
2010 493 2019 507 ,
2038 471 2070 499 &
2088 468 2206 506 eodem,
2225 467 2262 497 sic

1220 503 1370 542 inchoato,
1388 507 1421 536 ὅ(
1441 515 1517 535 nunc
1531 507 1684 544 pendente,
1701 508 1733 537 ad
1747 508 1874 538 foelicem
1891 509 1923 538 &
1945 509 2073 538 votivum
2095 508 2201 536 exitum
2216 505 2266 535 de-

1221 541 1356 588 ducendos
1374 565 1383 580 ,
1419 553 1466 580 per
1491 543 1528 573 Se
1550 567 1560 582 ,
1590 546 1623 575 ὃς
1640 546 1701 574 suos
1718 547 1746 574 in
1760 555 1791 575 ea
1807 552 1884 583 parte
1899 545 2033 576 Nuncios
2047 545 2145 575 Varios
2159 546 2191 575 ὅς
2209 544 2269 573 Le-

1223 589 1323 619 gatOS,
1349 590 1366 624 τιΑ
1386 580 1547 619 Septembri
1568 582 1718 613 novilsime
1739 584 1796 622 jam
1820 584 1954 613 transacto
1971 606 1980 621 ,
2002 585 2034 613 ὃς
2057 584 2206 620 deinceps,
2223 582 2268 612 sua

1225 628 1283 661 non
1299 618 1436 661 cessarunt
1452 620 1733 661 impenderenStudia,
1752 622 1902 659 Sumptus,
1919 622 1952 652 &
1975 622 2096 650 Labores
2109 644 2118 658 ,
2141 621 2174 650 ad
2191 619 2269 657 quod

1224 665 1307 687 etiarn
1321 666 1350 685 in
1365 660 1490 687 iuturum
1513 658 1605 688 Omni
1627 659 1671 689 sua
1686 659 1863 696 polsibilitate
1883 660 2090 697 procurandum
2107 660 2131 689 se
2149 668 2271 696 erpone-

1226 705 1255 725 re
1281 693 1401 737 sat-agunt
1418 719 1427 732 ,
1455 705 1537 732 piout
1558 707 1656 726 eorum
1686 699 1789 728 Litetae
1819 698 1947 728 Patentes
1961 720 1970 735 ,
1999 697 2095 727 Nobis
2116 701 2194 734 iuper
2215 697 2272 726 hoc

1225 733 1403 763 Tianlmillae
1414 755 1423 770 ,
1441 733 1550 770 liquido
1566 735 1758 771 protestantur.

1264 769 1297 798 In
1314 770 1396 808 iplius
1410 774 1480 801 vero
1494 773 1643 803 Tractatsis
1655 773 1747 810 Serie,

1243 848 1248 853 η
1265 807 1464 852 Oblationibus
1482 810 1644 847 quibusdam
1661 812 1693 840 &
1707 811 1908 849 petitionibus,
1928 814 1976 848 'per
1993 811 2061 841 Nos
2077 809 2171 848 factis,
2188 809 2221 840 ὃ(
2236 818 2278 839 ra-

1229 846 1408 889 tionabilibus
1423 849 1456 878 ὃς
1473 848 1594 878 honestis
1613 848 1692 879 Pacis
1710 849 1813 879 Mediis
1824 874 1833 887 ,
1852 856 1901 887 per
1915 852 1974 878 Nos
1986 850 2098 886 apertu,

1267 885 1285 903 ⁴⁸
1306 883 1397 914 Iidem
1411 885 1514 924 Cives,
1533 886 1697 925 burgenses,
1714 887 1836 926 Incolae,
1852 889 1885 918 &
1899 886 2099 923 Inhabitantes,
2319 884 2339 903 ³
2360 883 2411 912 IX=

1266 921 1376 953 Exinde
1399 934 1458 954 non
1483 925 1629 955 immerito
1653 926 1706 962 spei
1731 926 1858 957 firmitate
1874 925 2033 963 fiduciaque
2049 922 2188 963 concepta
2202 922 2280 961 quod
2300 923 2367 959 855.

1233 960 1363 997 praefatus
1372 961 1454 993 Pacis
1468 963 1619 994 Tractatus
1634 963 1770 995 effestum
1784 965 1851 995 hinc
1865 964 1930 995 inde
1944 965 2074 995 votivum
2091 963 2230 996 sortiretur
2248 963 2281 993 ὃς

1233 1008 1378 1038 optatum,

1272 1037 1386 1081 Nobis,
1402 1049 1453 1077 pro
1468 1039 1549 1070 Parte
1565 1039 1627 1080 sU,³›
1646 1050 1713 1071 cum
1730 1040 1855 1071 instantia
1872 1040 2015 1079 supplicari
2032 1040 2172 1076 fecerunt,
2192 1046 2288 1077 quate-

1236 1085 1393 1119 nusmcertis
1416 1087 1515 1107 eorum
1536 1078 1774 1109 Poitulationibus
1791 1102 1800 1117 ,
1825 1080 1947 1118 ipsorum
1969 1080 2001 1109 &
2020 1079 2140 1116 praefatae
2157 1077 2287 1107 Civitatis

1236 1113 1508 1157 Pariiienlisfitatum
1524 1116 1658 1147 salubrem
1674 1119 1926 1155 concernentibus,
1940 1127 2060 1148 annuere
2076 1117 2268 1153 dignaremur:

1277 1151 1344 1181 Nos
1365 1162 1445 1195 igitur
1460 1175 1469 1190 ,
1495 1155 1543 1196 qui
1569 1155 1707 1185 celebrem
1723 1156 1756 1185 ὃς
1770 1156 1905 1194 insignem
1921 1156 2076 1185 Civitatem
2093 1153 2290 1190 parisiensem,

1240 1189 1318 1220 velut
1338 1190 1436 1220 Nobis
1450 1191 1632 1231 canffimam,
1651 1203 1786 1230 quantum
1804 1195 1831 1223 in
1851 1194 1947 1223 Nobis
1959 1202 2048 1229 extat,
2067 1192 2167 1231 procul
2185 1192 2291 1228 dubio,

1240 1227 1362 1257 futuram
1373 1250 1382 1264 ,
1401 1238 1454 1272 una
1479 1239 1548 1259 cum
1574 1231 1624 1259 suis
1638 1248 1648 1268 ᾖ
1666 1233 1693 1260 in
1711 1231 1814 1261 nostrie
1828 1231 1997 1262 Dilectionis
2011 1232 2164 1262 archanum
2179 1229 2294 1260 recolli-¹

1242 1275 1308 1303 gere
1325 1268 1493 1296 conabimur
1510 1269 1542 1298 ὃς
1556 1269 1706 1305 amplecti,

1283 1304 1471 1348 Volcntesque
1485 1306 1612 1346 praefatos
1630 1307 1796 1344 postulantes
1807 1306 1842 1336 de
1862 1307 1982 1344 pacificis
1999 1308 2050 1338 suis
2064 1306 2174 1343 studiis,
2191 1305 2295 1334 labori-

1245 1343 1313 1380 bus,
1329 1343 1361 1373 ὃ(
1384 1344 1514 1379 operibus
1537 1348 1613 1381 lupia
1640 1347 1797 1375 memoratis
1818 1346 1969 1382 condignae
1985 1346 2187 1381 retributionis,
2206 1352 2295 1381 quan-

1245 1389 1307 1411 tum
1324 1382 1352 1410 in
1368 1382 1466 1412 Nobis
1483 1392 1571 1420 exrat,
1590 1383 1708 1413 Praemia
1726 1382 1900 1420 priesentne,

1282 1419 1365 1457 Juxta
1386 1420 1496 1450 suarum
1520 1420 1745 1451 postulationum
1769 1420 1983 1451 continentiam
2003 1419 2219 1456 Concedimus,
2238 1418 2299 1449 An-

1248 1460 1376 1493 nunnus,
1392 1460 1425 1488 ὃς
1442 1458 1636 1490 promittimus
1653 1460 1745 1498 quod,

1288 1495 1369 1525 Dum
1385 1497 1416 1526 &
1432 1497 1544 1533 quando
1561 1498 1724 1529 habebimus
1740 1497 1881 1534 Regimen
1899 1496 1994 1536 Regni
2009 1496 2134 1526 Franciae
2150 1519 2158 1531 ,
2173 1505 2222 1534 per
2236 1492 2303 1524 fina-

1251 1533 1307 1563 lem
1323 1534 1526 1576 aeConcordiam
1545 1535 1624 1566 Pacis
1637 1559 1646 1571 ,
1672 1538 1741 1565 inter
1757 1537 1902 1573 praefatum
1918 1533 2128 1565 Sereniffimum
2141 1533 2304 1569 Principem

1253 1574 1481 1611 Consangui'neum
1505 1573 1619 1612 nostrum
1632 1578 1752 1604 Franciae
1771 1576 1803 1606 ὃς
1823 1576 1900 1612 Nos,
1919 1574 2031 1604 favente
2046 1572 2197 1609 Domino,
2216 1570 2304 1600 felici-

1253 1619 1293 1640 ter
1311 1610 1570 1650 Componendain,

1290 1648 1470 1679 Securi-emus
1484 1652 1516 1680 ὃς
1531 1651 1739 1693 adjuvabimus,
1758 1659 1810 1687 pro
1830 1649 1914 1679 Poffe
1931 1671 1940 1687 ‚
1967 1649 2094 1679 nobilem
2116 1648 2148 1678 ὃ(
2165 1647 2307 1686 Insignem

1258 1686 1411 1717 Civitatem
1433 1688 1608 1719 Parisienlem
1624 1711 1633 1726 ,
1661 1689 1746 1719 Cives
1761 1688 1907 1725 Burgenses
1921 1689 2052 1725 degentes
2064 1697 2095 1716 ac
2113 1688 2265 1716 habitantes
2278 1686 2307 1715 in

1256 1726 1354 1756 eadem
1372 1727 1403 1762 (si
1417 1726 1451 1756 de
1467 1727 1523 1756 hoc
1536 1736 1568 1757 ex
1583 1737 1657 1764 parte
1673 1728 1795 1763 ipsorum
1811 1728 1944 1756 iuetiinus
1960 1725 2090 1763 requisiti)
2106 1734 2204 1754 contra
2224 1733 2309 1760 quos-

1257 1774 1381 1807 cumque
1404 1765 1465 1795 suos
1488 1765 1665 1797 Adverfiirios
1687 1766 1720 1795 ὃς
1742 1764 1876 1794 inimicos
1900 1763 1998 1801 Regni
2021 1765 2053 1794 &
2075 1763 2202 1793 Coronae
2223 1762 2311 1792 Fran-

1259 1812 1331 1839 cite,

1295 1841 1565 1882 Procurabimusque
1581 1865 1591 1881 ,
1612 1841 1691 1872 dieto
1714 1840 1806 1879 Casu,
1829 1840 1906 1879 quod
1925 1840 1999 1871 dista
2021 1839 2129 1870 Civitas
2143 1838 2228 1869 Cives
2244 1837 2316 1867 Bur-

1260 1882 1353 1918 genies
1380 1880 1523 1919 Degentes
1553 1882 1586 1912 ὃς
1617 1880 1803 1911 Inhabitantes
1827 1882 1856 1909 in
1884 1879 1983 1910 eadem
2007 1878 2259 1909 manureiiebuntur
2280 1877 2314 1907 &

1261 1918 1498 1949 conservabuntur
1506 1942 1516 1957 ,

1302 1956 1346 1986 Ac
1362 1957 1439 1994 quod
1458 1957 1538 1993 (dum
1552 1958 1584 1988 &
1599 1956 1712 1994 quando
1726 1956 1759 1987 ad
1775 1955 1923 1986 Coronam
1939 1955 2009 1985 dieti
2021 1954 2113 1992 Regni
2126 1954 2248 1984 Franciae
2258 1952 2316 1991 ple-

1264 2003 1304 2023 no
1317 1995 1378 2032 jure
1394 1997 1611 2033 pervenerimus)
1627 1995 1792 2032 praedidtam
1809 1994 1965 2025 Civitatem
1981 1994 2014 2023 &
2037 1991 2106 2030 ipsos
2122 1992 2318 2022 manutenebi-

1266 2042 1328 2062 mus
1342 2034 1375 2064 &
1388 2033 1615 2064 conservabimus
1632 2035 1660 2062 in
1674 2033 1725 2063 suis
1739 2033 1946 2063 Nobilitatibus
1956 2055 1965 2069 ,
1990 2031 2160 2068 Privilegiis,
2179 2030 2320 2061 Franche-

1266 2071 1309 2101 siis
1325 2092 1335 2108 2
1360 2071 1547 2102 Libertatibus
1566 2094 1575 2110 ‚
1601 2071 1710 2102 Usibus
1722 2095 1732 2109 ,
1756 2070 2013 2101 Consuetudin'ibus
2028 2092 2038 2107 ,
2056 2069 2266 2106 Praerogativis,
2285 2068 2318 2098 ὃ(

1266 2109 1381 2148 Juribus
1394 2110 1561 2147 quibuscum
1584 2120 1635 2147 ue,
1653 2109 1753 2148 suaque
1772 2109 1924 2146 Privilegia
1938 2132 1948 2146 ,
1969 2107 2158 2144 Franclieiias,
2175 2107 2322 2144 Praeroga-

1269 2149 1338 2178 tivas
1352 2170 1362 2186 ,
1386 2148 1463 2179 Usus
1479 2171 1489 2187 ,
1511 2150 1544 2180 &
1593 2148 1786 2179 onsuetudines
1799 2147 2046 2184 confirmabimus,
2064 2146 2096 2176 &
2113 2145 2191 2183 super
2203 2145 2254 2175 hiis
2270 2154 2323 2174 no-

1271 2186 1337 2216 stras
1350 2186 1452 2216 eisdem
1469 2186 1665 2217 Concedimus
1682 2187 1811 2217 Patentcs
1828 2186 1963 2223 Litteras,

1309 2224 1393 2255 Salvo
1409 2233 1503 2255 tamen
1518 2226 1547 2254 in
1563 2226 1696 2255 omnibus
1708 2224 1776 2263 Jure
1792 2224 1887 2263 Regni
1903 2222 2032 2253 Coronae
2048 2221 2188 2260 Franciae,
2206 2221 2238 2252 ὅτ,
2253 2219 2326 2251 Rei-

1273 2262 1394 2301 publicae
1412 2263 1536 2299 ejusdem
1551 2263 1665 2301 Regni,
1684 2265 1717 2294 &
1735 2262 1840 2293 alterius
1854 2262 2074 2299 cujuicumque3

1313 2301 1389 2338 Quae
1405 2300 1548 2331 Praemiffa
1563 2300 1632 2331 Nos
1644 2302 1672 2331 in
1691 2300 1836 2331 Omnibus
1848 2301 1880 2331 &
1895 2309 1943 2337 per
1959 2299 2067 2329 Omnia
2088 2297 2207 2327 facturos
2224 2297 2256 2328 δε
2272 2298 2328 2327 im-

1274 2339 1397 2379 pleturos
1416 2340 1626 2380 promittimus,
1646 2339 1807 2370 dummodo
1835 2338 1964 2377 praefatus
1985 2337 2063 2368 Pacis
2081 2336 2228 2366 Tratftatus
2249 2335 2330 2366 suum

1276 2379 1400 2409 sortiatur
1415 2378 1561 2407 effeetum.

1314 2417 1349 2446 In
1364 2417 1441 2453 cujus
1450 2438 1459 2453 ,
1477 2417 1538 2446 &c.

1278 2494 1294 2533 J
1315 2454 1405 2498 Teste
1423 2455 1502 2493 Rege
1517 2453 1590 2492 apud
1604 2452 1810 2493 Castrumfiaum
1824 2452 1979 2490 Rothomizgi
1997 2450 2143 2482 Vicesimo
2161 2450 2272 2488 Qiarto
2287 2448 2332 2479 die

1298 2502 1410 2524 anuaiii.

1965 2529 2018 2557 Pcr
2033 2525 2111 2565 ipfitm
2127 2529 2229 2563 Regem.

1399 2674 1447 2705 De
1467 2668 1647 2702 Nominibus
1665 2668 1856 2701 Collesiornm
1874 2669 1999 2700 Decimae
2019 2663 2232 2709 Certisz'candis.

1289 2764 1438 2823 REX,
1457 2764 1618 2795 Venerabili
1633 2766 1660 2794 in
1676 2763 1793 2794 Christo
1809 2762 1901 2800 Patri,
1918 2764 1955 2791 H.
1976 2761 2074 2791 eadem
2096 2760 2196 2799 gratia,
2216 2758 2338 2790 Archie-
2360 2748 2432 2779 Am·
2449 2747 2490 2777 D·

1368 2804 1485 2842 piscopo
1500 2802 1646 2840 Eborum,
1666 2803 1778 2839 Anglii:
1797 2802 1927 2837 Primati,
1946 2800 2079 2830 Salutem.
2387 2795 2474 2825 1420·

1324 2840 1405 2874 Cum
1420 2853 1487 2879 vos,
1503 2843 1654 2878 caeterique
1677 2841 1785 2870 Praelati
1800 2862 1810 2877 ,
1836 2842 1868 2869 δε
1890 2839 1991 2868 clei-iis
2008 2837 2107 2868 vestrae
2121 2836 2252 2867 Eborum
2268 2836 2340 2867 Pro-
2359 2830 2411 2853 ²³⁷²·
2428 2836 2453 2861 7·

1287 2881 1410 2918 vinciae,
1428 2882 1457 2910 iri
1472 2880 1571 2909 ultima
1585 2880 1805 2909 Convocatione
1821 2876 1929 2914 vestra,
2359 2869 2393 2907 H,-
2413 2873 2441 2899 5·

1325 2918 1358 2948 ln
1373 2920 1498 2949 Ecclelia
1519 2917 1678 2948 Catliedrali
1698 2917 1770 2946 beati
1787 2915 1861 2945 Petri
1877 2915 2006 2944 Eborum
2018 2936 2027 2951 ,
2044 2913 2102 2943 Die
2120 2913 2232 2943 sabbati
2250 2912 2338 2950 (vide-
2359 2905 2413 2929 Fm.
2429 2911 2454 2938 7·

1289 2957 1365 2994 licet)
1386 2955 1603 2987 Tertiodecimo
1624 2955 1682 2984 Die
1703 2954 1848 2992 januarii,
1873 2963 1940 2982 cum
1962 2952 2170 2988 prorogatione
2190 2952 2222 2982 ὃς
2236 2951 2340 2981 Conti-
2358 2944 2391 2967 H.
2403 2949 2419 2976 5
2423 2949 2475 2968 ³¹¹²

1290 2998 1422 3025 nuatione
1438 2996 1547 3024 dierum
1565 2994 1816 3031 subsequentium,
1836 2992 1937 3022 ultimo
1953 3000 2110 3028 praetcrito,
2128 2990 2283 3027 celebrata,

1330 3033 1411 3063 Licet
1440 3033 1510 3062 ultra
1534 3031 1611 3070 posse
1635 3031 1712 3061 suum
1728 3054 1737 3068 ,
1758 3039 1869 3068 propter
1892 3040 1991 3059 eorum
2025 3031 2166 3059 notoriam
2193 3028 2342 3065 Pauperta-

1292 3079 1351 3100 tem
1371 3095 1380 3109 ,
1399 3072 1431 3101 ὃς
1445 3071 1493 3099 alia
1516 3069 1678 3107 quamplura
1704 3069 1836 3106 Dampna
1853 3093 1861 3105 7
1881 3067 2033 3105 Ripensis,
2052 3070 2083 3097 δε
2102 3068 2198 3097 Onera
2211 3068 2345 3103 importa-

1293 3109 1373 3147 bilia,
1391 3109 1449 3139 hoc
1467 3107 1576 3138 instanti
1592 3116 1719 3144 tempore
1734 3108 1792 3144 plus
1806 3107 1886 3136 solito
1900 3106 2070 3141 accidentia,

1330 3148 1367 3177 Et
1392 3147 1532 3185 praecipue
1553 3156 1666 3184 propter
1688 3145 1840 3175 excelsivos
1862 3145 1987 3175 Labores
2010 3148 2041 3176 &
2062 3143 2211 3181 Ripensis,
2227 3144 2254 3172 in
2269 3151 2345 3172 anno

1290 3187 1349 3224 jam
1367 3186 1506 3222 pt'aeterito
1522 3209 1531 3222 ,
1559 3185 1656 3223 saepius
1678 3192 1777 3214 contra
1800 3183 1901 3213 Scotos
1920 3206 1929 3219 ,
1955 3193 2005 3220 pro
2019 3183 2179 3213 defentione
2196 3181 2294 3219 Regni
2311 3182 2345 3212 δε

1295 3224 1427 3255 Ecclesiae
1444 3223 1606 3262 Anglicanae
1621 3223 1780 3252 neceffarias
1791 3245 1799 3258 ,
1818 3222 1929 3251 notorie
1945 3222 2027 3251 factas
2038 3244 2047 3259 ‚

1333 3262 1412 3293 Cum
1434 3261 1596 3298 graviffimis
1618 3261 1648 3291 ὃς
1672 3260 1744 3299 quasi
1762 3261 1982 3299 importabilibus
2007 3259 2192 3290 Praelatorum
2217 3259 2249 3289 ὃ(
2270 3257 2347 3288 Cleri

1296 3301 1498 3338 praediCtorum
1521 3299 1662 3329 Oneribus
1677 3321 1686 3336 ,
1715 3298 1826 3335 aliisque
1847 3299 2031 3328 Pecuniarum
2054 3298 2179 3327 Pcnuriis
2192 3320 2202 3335 ,
2218 3297 2346 3334 Frugum

1295 3348 1345 3377 per
1360 3339 1437 3368 Aeris
1451 3338 1612 3368 Siccitatetn
1631 3336 1921 3373 Consumptionibus,
1938 3336 2109 3367 Animalium
2131 3344 2178 3374 per
2197 3335 2345 3365 Morinam

1296 3385 1329 3406 ex
1352 3377 1529 3408 Pasturarum
1553 3375 1665 3406 defectu
1689 3375 1934 3405 Delii-uetionibus
1948 3399 1957 3412 ,
1980 3385 2012 3405 ac
2038 3373 2174 3404 Hostium
2187 3373 2346 3404 lncurlibus

1295 3417 1377 3446 variis
1387 3439 1396 3454 ,
1412 3415 1574 3445 inconsuete
1589 3415 1793 3452 ingruentibus,

1336 3454 1384 3484 De
1407 3453 1551 3483 Beneficiis
1573 3453 1668 3482 vestris
1683 3474 1692 3489 ,
1717 3453 1749 3483 &
1764 3452 1812 3481 suis
1828 3451 2025 3482 Ecclefiasticis
2038 3450 2251 3487 Dignitatibus,
2268 3451 2346 3480 Prae-

1298 3491 1414 3530 bendis,
1429 3491 1633 3530 Hospitalibus,
1652 3489 2068 3529 portionibus,pensionibus,
2085 3499 2117 3518 ac
2128 3489 2345 3526 Temporalibus

1299 3529 1488 3568 Spiritu-:ilibus
1503 3531 1630 3566 annexis,
1648 3529 1718 3558 infra
1733 3529 1836 3558 dietam
1856 3528 2039 3558 Provinciam
2055 3527 2210 3557 constitutis
2223 3551 2233 3566 ‚
2249 3527 2348 3558 secun-

1298 3567 1367 3598 dum
1385 3568 1506 3598 Novam
1526 3567 1634 3597 Taxam
1650 3567 1758 3602 taxatis,

1338 3607 1575 3644 Qiibuscumque
1594 3605 1763 3634 Prioratibiis
1779 3604 1811 3634 &
1830 3603 2009 3634 Monasteriis
2022 3603 2057 3635 de
2071 3603 2165 3641 Drax,
2182 3602 2345 3641 Madersay,

1300 3645 1408 3682 Fellap,
1426 3643 1570 3680 Rufford,
1588 3643 1728 3680 Watton,
1747 3642 1872 3672 Ellerton
1886 3666 1896 3679 ,
1922 3643 2073 3680 Egleston,
2100 3652 2131 3672 ac
2146 3642 2227 3671 etiam
2243 3641 2347 3672 Eccle-

1300 3683 1335 3713 fia
1356 3684 1391 3712 de
1412 3681 1567 3712 Kirkeliam
1589 3683 1616 3711 in
1634 3681 1871 3711 Archidiaconatu
1887 3704 1896 3718 ,
1918 3681 2134 3710 Richmondiae:
2152 3682 2185 3710 ὃς
2199 3678 2346 3710 Beneficiis

1299 3722 1465 3751 Sandiarurn
1490 3719 1662 3750 Monialium
1688 3728 1931 3756 quarumcumque
1953 3728 2066 3755 propter
2087 3727 2180 3747 earum
2200 3718 2344 3748 notoriam

1300 3759 1493 3798 Paupertatem
1507 3768 1513 3787 2
1543 3768 1658 3788 necnon
1678 3756 1854 3788 Communia
1875 3756 2009 3786 Ecclesiae
2025 3755 2196 3785 Catliedralis
2212 3755 2344 3786 Eborum

1299 3807 1413 3836 propter
1428 3797 1548 3826 celerem
1569 3795 1852 3826 Consummationem
1878 3794 2002 3823 Fabricae
2027 3793 2145 3829 ejuidem
2160 3803 2166 3821 :
2193 3794 2226 3824 &
2242 3801 2272 3823 ut
2284 3795 2347 3824 alias

1301 3836 1416 3872 Terris,
1435 3836 1467 3865 ὃ(
1482 3835 1681 3872 Tenementis,
1700 3844 1732 3864 ac
1745 3832 1964 3864 Poss‘effionibus
1986 3831 2102 3860 Abbatis
2124 3832 2157 3861 &
2174 3830 2347 3862 Conventus

1301 3875 1335 3903 de
1351 3873 1441 3903 Melsa
1456 3882 1504 3910 per
1517 3872 1611 3910 Aquas
1627 3872 1712 3901 Maris
1728 3872 1878 3902 Humbriae
1894 3871 1926 3900 &
1942 3869 2059 3898 aliorum
2079 3871 2097 3888 *
2117 3869 2281 3900 Fluviorum
2296 3871 2345 3902 de·
2380 3867 2396 3884 *¹
2415 3867 2468 3894 IX·

1302 3913 1426 3942 struetis:
1445 3921 1477 3941 ac
1493 3912 1575 3941 etiarn
1592 3910 1761 3940 Prioratibus
1783 3910 1815 3938 &
1834 3906 2011 3937 Monasteriis
2023 3929 2032 3944 ‚
2057 3917 2090 3937 ac
2109 3906 2250 3938 Beneficiis
2269 3908 2345 3938 Om-
2362 3906 2427 3943 856.

1304 3951 1383 3980 nibus
1392 3949 1621 3979 Cumberlandiae
1634 3972 1643 3986 ,
1658 3946 1919 3981 Westmerlandiae,
1937 3945 1969 3974 N
1973 3946 2176 3983 orthumbriae,
2196 3948 2229 3978 ὃς
2244 3945 2347 3985 Conp-

1306 3989 1404 4019 landiae
1418 4010 1427 4026 ,
1450 3997 1483 4017 ac
1502 3987 1720 4024 Temporalibus
1742 3986 1775 4016 &
1797 3982 1989 4026 Spiritualibus
2007 3984 2045 4012 eis
2063 3985 2173 4025 annexis
2189 4008 2198 4021 ,
2213 3985 2346 4016 totaliter:

1307 4036 1421 4058 necnon
1436 4024 1612 4056 Monasterio
1625 4025 1660 4055 de
1673 4023 1757 4063 Selby
1772 4032 1827 4053 aere
1841 4022 1934 4051 alieno
1947 4031 1980 4053 ac
1993 4022 2136 4054 excessivis
2149 4022 2352 4054 Taxationibus

1816 4059 1841 4090 V
1861 4068 1879 4088 2
2276 4061 2348 4092 mul-
