2562 4274
639 205 763 245 ET
846 205 1161 246 ACTA

46 329 128 357 ¹409·

27 364 89 390 2515..
110 373 138 393 ψ·
175 363 342 394 Reverendo
362 362 431 392 Patri
446 385 455 400 ‚
473 363 601 393 Thoniae
616 387 626 402 ,
646 364 775 394 Arnaldo
789 387 798 402 ,
816 364 940 402 Hugoni
955 388 964 404 ,
981 366 1013 396 &
1026 364 1152 402 ⁴Iohanni
1175 364 1235 400 iplis

174 401 311 437 Quinque
323 400 404 430 simul
422 423 431 438 ‚
449 400 580 438 Quatuor
596 424 605 439 ,
622 402 729 432 Tribus
742 425 752 440 ,
771 402 814 432 vel
829 402 952 434 Duobus
962 403 1127 433 eorumdem
1146 403 1237 439 (quo-

173 449 235 469 ruin
249 439 323 467 idem
339 438 523 469 Reverendus
539 438 618 470 Pater
632 441 754 470 omnino
769 450 840 471 unus
854 442 884 472 sit
894 448 902 477 )
923 443 1040 481 placebit
1055 442 1083 470 in
1093 447 1237 476 eventum,

174 486 242 506 cum
255 476 335 506 dieto
348 476 511 507 Adversario
528 477 624 507 nostro
636 478 672 508 de
682 478 797 508 Francia
805 479 1025 516 ‚sufficientibus
1040 478 1186 516 Deputritis
1193 477 1240 507 seu

173 514 347 551 Depumndis
363 516 398 544 ab
413 515 534 554 eodem,
555 515 689 554 Ineundi,
706 516 886 555 Ordinandi,
896 515 1241 553 Faciendi2Perficiendi,

173 551 328 591 Capiendi,
348 555 381 584 ὃς
398 553 603 593 Concedendi,
621 564 687 584 cum
703 556 925 594 quibuscumque
940 556 1091 593 ClausuliS,
1108 554 1241 584 Conditi-

172 592 273 621 onlbus
287 614 296 629 ,
314 591 575 623 Modificationibus
589 616 599 631 ,
619 595 652 624 &
669 592 896 625 Circumstantiis
918 595 1071 626 necessariis
1085 617 1094 632 ‚
1112 592 1242 629 utilibus,

171 628 216 660 vel
233 631 378 668 oportunis

211 668 257 698 Ac
271 670 356 698 etiam
373 653 590 699 Gommissarios
604 668 650 700 seu
667 678 757 700 certos
772 669 949 709 Deputatos,
967 670 1146 706 Gardianoz,
1159 667 1242 706 Judi-

174 716 235 744 ces,
256 706 299 736 seu
316 706 548 743 conservatores,
566 715 626 745 tot,
644 707 676 738 &e
691 709 769 745 tales,
783 719 816 739 ac
834 711 862 739 in
879 709 961 747 locis,
979 709 1030 739 ubi
1052 707 1182 745 expedire
1196 706 1242 735 vi-

175 745 285 775 debitur
309 755 360 782 pro
383 743 474 774 stabili
493 768 502 783 ,
528 744 609 775 firma
624 769 633 784 ,
652 746 684 776 ὃ(
699 746 772 777 fideli
793 747 1015 777 Conservatione
1035 746 1218 782 Treugarum
1231 765 1241 780 ,

172 783 412 813 Tollerantiarurri
426 805 435 820 ,
453 784 487 814 &
504 782 741 815 Abstinentiarum
756 785 911 823 hujusmodi
926 808 936 822 ‚
955 795 988 815 ac
1002 794 1055 822 pro
1069 784 1162 814 debita
1181 782 1241 811 Re-

173 823 344 852 formatione
357 822 390 851 &
404 820 593 858 Reparatione
606 823 780 854 omnium&
790 824 961 863 singulorum
977 833 1040 860 qua:
1053 830 1151 852 contra
1159 820 1242 857 Vim,

173 859 307 890 Formam
321 882 331 898 ,
349 860 382 890 &
395 858 542 891 Effectum
562 861 680 898 ipsarum
702 861 879 900 Treugarum
894 883 904 898 ,
926 861 1164 890 Tollerantiarurn
1179 880 1188 895 ,
1205 859 1240 889 δε

173 897 415 928 Abstinentiarum
437 899 677 937 qualitercumque
699 900 857 937 attemptari
877 900 1031 935 contigerit
1051 898 1082 927 in
1094 896 1242 933 futurum,

174 936 287 974 Dandi,
307 936 485 974 Deputandi,
505 936 719 976 Constituendi,
737 936 930 975 Przeficiendi,
945 938 977 967 &
991 934 1170 972 Ordinandi,

212 973 343 1005 Necnon
358 975 436 1015 quod
453 976 534 1014 Nos,
551 985 603 1014 pro
623 975 736 1013 Nobis,
751 974 920 1005 Haeredibus
934 997 943 1011 ‚
961 976 994 1006 ὃ(
1012 973 1243 1010 successoribus,

174 1023 209 1043 ac
225 1013 368 1052 Subditis,
383 1012 549 1051 Colligatis,
567 1015 600 1044 &
614 1013 823 1043 Confoederaris
843 1012 961 1051 nostris,
979 1013 1125 1052 Treugas,
1142 1010 1244 1042 Toue-

169 1053 292 1090 xantias,
312 1051 501 1082 Abstinentias
514 1075 524 1089 ,
544 1053 578 1083 &
596 1051 795 1082 Ordinationes
814 1052 1001 1091 quascumque
1018 1052 1050 1082 ὅς
1070 1049 1244 1089 qualescum-

196 1100 229 1120 ue

174 1100 193 1128 q
213 1113 299 1158 C’irca
314 1127 478 1165 Praemiffa,
498 1137 546 1164 per
560 1126 711 1158 Praesentes
725 1127 944 1159 Commissarios
960 1127 1005 1158 seu
1021 1127 1177 1168 Deputatos
1190 1135 1241 1155 no-

173 1166 259 1205 stros,
276 1176 375 1196 ornnes
391 1165 528 1203 Quinque
542 1165 638 1203 simul,
659 1166 809 1205 Qiatuor,
827 1167 965 1205 Tres‚vel
976 1166 1058 1197 Duos
1072 1165 1242 1196 eorumdem

174 1204 371 1242 (Dumtamen
386 1204 514 1242 praefatus
530 1202 716 1235 Reverendus
729 1205 811 1236 Pater
830 1215 900 1235 unus
914 1215 1013 1235 eorum
1028 1204 1077 1240 sit)
1099 1213 1166 1234 cum
1182 1213 1244 1240 par-

171 1252 202 1273 te
217 1242 382 1273 sufficienter
396 1242 545 1280 Deputatis
558 1242 604 1272 seu
615 1242 805 1281 Depurandis,
824 1241 1245 1282 faciendas,ordinandas,con-

173 1280 342 1318 veniendas,
354 1281 565 1317 concedendas,
583 1281 615 1312 ὃς
631 1281 786 1319 habendas,

189 1336 193 1338 v
209 1317 289 1349 Cum
304 1319 356 1349 suis
375 1320 509 1349 omnibus
530 1318 663 1349 Clausulis
676 1343 686 1358 ,
705 1319 822 1358 Medis,
840 1318 1082 1357 Conditionibus,
1100 1316 1242 1348 Circum-

173 1356 296 1393 stanrfis,
313 1358 348 1387 δε
365 1357 542 1395 Appenditiis
556 1357 795 1396 quibuscumque,
1216 1394 1219 1397 Α

190 1412 192 1414 -
211 1395 233 1424 F
236 1397 329 1432 irine,
346 1395 479 1433 fideliter,
496 1397 529 1426 ὃς
547 1396 744 1427 inviolabiliter
755 1395 995 1434 observabimus,
1014 1396 1048 1426 ὃς
1064 1402 1201 1433 quantum
1214 1403 1243 1422 in

175 1433 275 1463 Nobis
289 1434 329 1464 est
344 1434 483 1464 observari
498 1434 651 1472 faciemus,

209 1471 337 1502 Necnon
351 1473 387 1502 de
401 1472 496 1502 debit‘e
514 1471 709 1503 Reformando
724 1474 758 1504 ὃς
774 1471 945 1510 Reparando
958 1480 1069 1508 totum,
1087 1472 1121 1503 ὃς
1136 1470 1155 1500 si
1167 1468 1245 1509 quid,

173 1510 203 1539 in
219 1513 462 1547 contrarium,per
478 1510 590 1540 Partem
604 1511 729 1542 nostram
750 1512 847 1550 (quod
862 1512 929 1542 absit
939 1515 947 1546 )
957 1512 1043 1548 conti*
1056 1511 1107 1540 erit
1122 1517 1244 1550 attemp-

175 1550 243 1586 tari,
261 1550 290 1578 in
313 1549 451 1579 Animam
473 1549 615 1587 nostram,
633 1549 683 1579 sub
703 1551 794 1581 vei-bo
815 1549 930 1588 Regio,
948 1559 982 1579 ac
1005 1558 1032 1579 ta
1066 1549 1086 1578 is
1107 1548 1190 1577 etiam
1205 1551 1244 1575 la-

175 1587 325 1617 crosandtis
342 1586 505 1624 Evangeliis
521 1611 529 1624 ‚
544 1587 683 1626 jurandi,
700 1599 733 1619 ac
755 1588 900 1626 quodlibet
918 1587 991 1617 aliud
1007 1597 1094 1624 genus
1108 1586 1179 1616 liciti
1195 1584 1244 1615 Sa—

174 1627 328 1663 crainent'i,
347 1626 467 1656 nomine
481 1625 578 1656 nostro
613 1628 646 1658 &
662 1636 714 1664 pro
729 1626 825 1657 Nobis
840 1649 849 1664 ‚
868 1625 1034 1664 praestandi,

208 1663 341 1703 Necnon
361 1664 550 1701 quascumque
567 1648 720 1695 Gauriones
738 1666 827 1695 solitas
840 1665 872 1695 ὅτ
888 1663 1016 1694 honestas
1037 1661 1224 1700 Exponendi,

211 1702 388 1741 Dictumque
409 1702 608 1733 Adversarium
631 1703 760 1734 nostrum
774 1726 784 1742 ‚
804 1703 960 1740 Deputatos
983 1703 1028 1733 vel
1050 1699 1239 1739 Deputandos

174 1741 210 1770 ab
224 1740 343 1779 eodem,
362 1740 542 1771 conlimiliter
552 1741 648 1780 Jurare
662 1741 781 1772 Petendi
797 1743 830 1773 δε
846 1741 990 1772 Audiendi
1000 1764 1010 1780 ‚

140 1781 147 1791 ²
211 1778 439 1817 Hujusinodique
460 1780 589 1817 Treugas
607 1802 617 1818 ,
635 1780 838 1817 Tollerantias,
858 1780 1062 1817 Abstinentias,
1077 1778 1246 1808 Ordinatio-

172 1826 237 1855 nes,
255 1820 288 1849 Sc
302 1816 518 1849 Conventiones
536 1819 726 1857 quascumque
742 1841 752 1856 ,
769 1819 897 1849 Personis
910 1819 942 1849 &
960 1818 1047 1848 Locis
1063 1816 1246 1858 quibuscum-

172 1865 245 1894 que,
262 1857 456 1894 ubicumque,
473 1858 505 1887 &
520 1858 759 1895 quandocumque
780 1856 911 1894 expedire
926 1857 1084 1894 videbitur,
1104 1855 1245 1885 lnimuan-

172 1895 220 1932 di,
240 1894 438 1932 Notificaudi,
458 1895 671 1934 Proclamandi,
689 1897 722 1927 δε
736 1894 918 1933 Publicandi,
937 1894 1086 1932 insinuari,
1105 1891 1249 1927 Notifica÷

178 1933 219 1969 ri,
237 1934 270 1964 ὃ(
288 1933 462 1963 Proclamari
475 1934 596 1963 faciendi
613 1935 646 1965 ὃς
661 1934 829 1972 mandandi,

211 1971 342 2001 Necnon
359 1972 455 2001 omnia
469 1971 520 2001 alia
534 1974 567 2003 ὃς
584 1972 686 2011 singula
709 1972 822 2011 Agendi
836 1995 845 2008 ,
863 1970 1058 2008 Excercendi,
1077 1970 1109 2000 δε
1126 1967 1249 2009 Expedi-

175 2008 244 2038 endi
261 2020 325 2048 quae
338 2011 366 2039 in
381 2009 532 2040 Praemiffis
547 2011 590 2040 vel
603 2012 679 2041 circa
694 2021 725 2040 ea
743 2011 892 2041 necessaria
906 2010 1007 2040 fuerint
1020 2010 1066 2039 seu
1081 2008 1246 2048 quomodo-

174 2046 241 2077 libet
257 2057 415 2086 oportuna,
429 2050 512 2078 etiam
526 2049 544 2078 si
557 2049 592 2079 de
606 2048 632 2078 se
650 2047 820 2079 Mandatum
837 2049 946 2087 exigant
967 2047 1100 2086 speciale,
1118 2049 1151 2078 &
1167 2047 1248 2089 altio:

177 2087 214 2115 ris
228 2086 261 2116 N
265 2096 349 2117 aturae
365 2087 465 2117 fuerint
482 2088 568 2125 quam
584 2087 715 2125 Capitula
730 2086 897 2124 expressam,
915 2097 948 2116 ac
964 2096 1028 2124 quae
1042 2086 1172 2125 &qualia
1186 2089 1251 2116 nol-

179 2133 240 2155 met
256 2125 305 2163 ipsi
320 2124 412 2156 facere
427 2124 570 2162 posteinus
583 2126 603 2156 fi
613 2125 791 2163 personaliter
807 2124 998 2156 interessemus

214 2163 412 2195 Promittimus
424 2165 524 2202 etiam,
545 2165 618 2194 bona
631 2164 702 2205 fide,
721 2165 811 2195 verbo
827 2163 940 2201 Regio,
958 2147 1048 2194 &sub
1063 2162 1249 2194 Attestatione

178 2201 415 2241 DiviniJudicii,
433 2202 518 2241 Nos,
535 2212 590 2240 pro
612 2201 728 2240 Nobis,
746 2202 916 2233 Haeredibus
931 2224 940 2238 ‚
956 2200 1172 2232 Succefforibus
1185 2226 1194 2240 ‚
1213 2204 1247 2233 ὃς

175 2241 300 2271 Subditis
315 2264 325 2279 ,
361 2241 512 2278 Colligatis
525 2263 536 2278 ,
571 2241 604 2271 ὃς
637 2240 847 2271 Confoederatis
878 2241 980 2271 nostris
996 2263 1006 2279 ,
1044 2248 1183 2277 quantum
1216 2241 1245 2270 in

177 2278 277 2309 Nobis
289 2279 483 2318 est,Ratum,
502 2278 643 2318 Gratum,
660 2278 693 2311 ὃ(
710 2279 838 2310 Firmum
853 2279 992 2318 perpetuis
1005 2279 1183 2315 temporibus
1200 2278 1248 2309 ha-

177 2317 288 2347 bituros
304 2319 441 2348 toturn&
458 2318 592 2356 quicquid
616 2327 665 2356 per
688 2318 846 2356 hujusmodi
861 2316 1075 2348 Commissarios
1087 2316 1131 2347 seu
1147 2316 1249 2355 Depu-

176 2364 250 2386 tatos
264 2355 372 2387 nostros
387 2379 397 2394 ,
415 2356 551 2395 Quinque
573 2356 655 2387 simul
671 2379 681 2395 ‚
702 2357 849 2396 Qatuor,
866 2356 958 2394 Tres,
976 2355 1021 2386 vel
1037 2354 1120 2385 Duos
1131 2361 1251 2385 eorum-

175 2394 243 2424 dem
265 2395 405 2432 (quorum
427 2404 496 2425 unus
518 2394 550 2424 sit
570 2396 693 2425 omnino
714 2395 845 2432 praefatus
868 2394 1050 2426 Reverendus
1064 2392 1166 2430 Pater)
1189 2395 1247 2424 una

177 2442 247 2463 cum
260 2433 339 2463 disto
354 2433 519 2464 Adversario
534 2432 631 2463 nostro
645 2432 681 2464 de
695 2433 827 2473 Francia,
845 2433 992 2471 Deputatis
1011 2431 1054 2463 seu
1070 2430 1249 2469 Deputandis

175 2472 212 2501 ab
222 2472 345 2510 eodem,
364 2471 493 2509 Adrum,
512 2470 650 2509 Farftum,
664 2469 1154 2511 Ordinatum,Concordaturn2vel
1167 2469 1249 2500 Con-

178 2518 296 2541 ventum
321 2511 404 2540 fuerit
418 2512 447 2540 in
462 2509 612 2540 Praemiffis
625 2509 670 2541 vel
686 2510 715 2540 in
727 2511 822 2549 aliquo
837 2508 1046 2540 Praemifforurn
1054 2532 1065 2548 ,

216 2547 253 2578 Et
265 2549 432 2585 exponimus
447 2548 635 2586 Cautionem,

217 2586 315 2626 anue
326 2588 424 2618 omnia
437 2588 469 2618 ὃς
483 2587 586 2625 singula
603 2596 652 2626 per
668 2586 773 2617 Literas
788 2585 894 2617 nostras
909 2587 942 2617 &
956 2585 1005 2616 sub
1022 2584 1135 2623 Magno
1151 2584 1249 2624 Sigillo

180 2625 280 2656 nostro
296 2624 510 2658 Ratificabimus
525 2627 558 2657 &
574 2623 819 2656 Confirmabimus
839 2648 847 2664 ,
867 2624 1121 2663 quotienscumque
1139 2623 1173 2655 ad
1193 2625 1250 2654 hoc

182 2664 316 2699 fuerimus
331 2664 462 2702 requisiti.

219 2701 253 2732 In
277 2704 355 2740 cujus
375 2705 413 2733 rei
438 2701 633 2733 testimonium
658 2701 706 2733 has
730 2701 837 2732 Literas
857 2700 964 2731 nostras
986 2699 1113 2731 Patentes
1125 2699 1199 2739 fieri,
1218 2701 1251 2731 ὃς

186 2739 291 2777 Magni
307 2741 398 2778 Sigilli
417 2740 508 2772 nostri
522 2741 683 2771 munimine
699 2739 819 2771 fecimus
832 2740 967 2770 roborari.

223 2788 291 2820 Dat.
309 2790 338 2820 in
355 2790 466 2820 Palatio
485 2788 572 2829 nostro
592 2787 700 2830 Wstm.
719 2788 824 2820 Tertio
842 2787 888 2818 die
906 2786 1088 2825 Septembris.

949 2866 1004 2894 Per
1019 2862 1100 2902 ipsicm
1113 2865 1219 2900 Regem.

41 3023 60 3042 Φ
93 3021 177 3048 VIII.
474 3010 495 3029 ²*
522 3008 579 3043 Ad
594 3005 802 3042 Traffandnm
816 3005 853 3039 de
867 3008 954 3040 Pace.

66 3064 131 3087 (101.

45 3126 122 3156 Am,
137 3124 177 3153 D,
197 3113 324 3168 REX
343 3113 487 3145 Omnibus
501 3136 510 3153 ‚
534 3113 571 3144 ad
593 3122 664 3154 quos
676 3134 687 3150 ,
712 3111 773 3142 &c.
798 3110 922 3141 Salutem
945 3111 975 3140 in
993 3108 1129 3140 Domino
1145 3109 1259 3147 Sempi-

43 3172 172 3229 ,411140190
232 3161 545 3222 NrifzreiiiffUniverfitas
559 3189 649 3220 vestra
663 3188 743 3227 quod
758 3187 825 3232 Nos
840 3210 858 3230 ,h
868 3186 1072 3232 Reverendurn
1091 3187 1120 3216 in
1143 3185 1258 3232 Christo

43 3245 79 3268 H.
94 3250 122 3275 4,
196 3231 330 3267 Patrem,
349 3228 511 3258 Dominum
525 3230 688 3265 nmmum,
706 3226 765 3258 Dei
788 3225 878 3264 gratia
892 3248 902 3264 ,
921 3223 1136 3266 Wyntontenfi’m
1152 3224 1258 3264 Epzsco-

44 3282 178 3306 Franmo.
190 3277 255 3308 pum
271 3277 306 3298 ac
320 3265 447 3296 Thomam
466 3264 606 3304 Beauford
671 3266 808 3295 mirallum
825 3265 952 3302 Angliae,
968 3264 1072 3294 Fratres
1088 3262 1196 3294 nostros
1213 3273 1258 3294 ca-

195 3306 336 3344 riffimos,
349 3313 479 3341 necnon,
498 3303 629 3335 Diieetos
696 3303 803 3334 Fideles
824 3305 950 3340 nostros,
970 3302 1131 3331 Arnaldum
1149 3306 1258 3339 Savage

193 3345 338 3381 Militem,
357 3345 493 3380 Hugonem
509 3345 657 3382 Mortymer
677 3341 894 3379 Domicellum,
909 3342 941 3372 ὃ(
959 3340 1132 3377 Magistrum
1145 3340 1257 3378 Johan-

193 3395 254 3416 nem
272 3382 374 3418 Catryk
388 3381 585 3412 Licenciatum
598 3382 628 3410 iri
643 3379 790 3416 Decretis,

233 3422 283 3453 De
298 3430 420 3459 quorum
436 3418 594 3455 Fidelitate,
609 3416 877 3454 Circumspeffione
890 3438 901 3454 ,
917 3418 951 3448 δε
966 3415 1101 3448 Industria
1115 3439 1126 3455 ,
1143 3417 1255 3454 plenam

193 3463 224 3494 in
239 3461 371 3492 Domino
386 3458 517 3488 fiduciam
533 3458 710 3494 optinemus,
947 3493 952 3498 ¹

233 3498 359 3530 Nostros
368 3507 466 3534 verOS,
483 3494 632 3532 certos,&
646 3493 817 3524 indubitatos
831 3491 1106 3532 Commissarios,ac
1122 3504 1174 3531 pro
1189 3493 1257 3524 No-

195 3539 256 3577 bis,
274 3538 400 3575 Regnis,
420 3535 586 3571 Dominus,
603 3533 635 3563 &
652 3531 792 3569 Subditis,
809 3541 842 3562 ac
858 3530 1004 3574 Colligatis
1019 3533 1052 3563 &
1066 3532 1256 3563 Confoedera—

192 3579 227 3607 tis
238 3575 478 3617 quibuscumque,
497 3573 655 3610 Deputatos
675 3569 818 3607 speciales,
837 3569 997 3600 melioribus
1012 3571 1081 3609 viis,
1098 3570 1205 3608 modo,
1222 3573 1256 3602 δε

193 3615 300 3646 Forma
315 3615 415 3651 quibus
431 3611 592 3650 possumus,
607 3607 1256 3647 Ordinamus,Facimus,Constituimus,Cre-

193 3663 290 3691 amuS,
307 3654 341 3685 δε
359 3651 535 3682 Praeficimus
549 3659 597 3687 per
614 3645 779 3690 Praesentes,

233 3691 341 3722 Dantes
355 3689 476 3727 eisdem,
494 3686 666 3718 Reverendo
688 3685 785 3721 Patri,
799 3683 947 3723 Thomae,
965 3684 1105 3723 Arnaldo,
1121 3684 1258 3724 Hugoni,

197 3731 231 3762 &
243 3730 384 3769 johanni,
402 3728 516 3766 plenam
529 3726 692 3758 &liberam
711 3723 936 3760 Auctoritatem,
954 3722 1142 3761 potestatem,
1160 3725 1192 3754 ὃ(
1204 3724 1259 3755 Fa-

198 3769 332 3800 cultatem
367 3767 401 3797 ad
416 3766 570 3796 Honorem
592 3764 649 3794 Dei
662 3786 671 3801 ,
688 3762 930 3798 evitationemque
944 3761 1092 3799 Sanguinis
1107 3762 1258 3801 Cristiani‚

198 3807 236 3838 de
270 3817 323 3845 pro
331 3791 349 3845 ,²
360 3807 392 3837 &
405 3804 484 3842 super
498 3803 598 3840 firma,
617 3801 724 3839 stabili,
740 3802 774 3832 &
788 3807 919 3837 perpetua
934 3799 1027 3838 Pace,
1064 3839 1069 3844 ι

234 3829 372 3876 Flabenda
386 3845 456 3874 inter
468 3842 552 3880 Nos,
569 3840 719 3878 Haeredes,
738 3837 974 3878 Successoreffi&
983 3837 1129 3876 Subditos,
1145 3849 1178 3869 ac
1188 3838 1261 3870 Col—

198 3883 295 3921 ligatos
308 3884 341 3913 &
357 3881 575 3912 Confoederatos
588 3879 697 3910 nostros
712 3876 906 3916 quoscumque
914 3898 923 3914 ,
934 3876 1092 3914 Regnaque
1105 3878 1139 3907 &
1154 3877 1261 3907 Domi-

199 3923 244 3951 nia
259 3920 351 3951 nostra
366 3922 434 3951 citra
448 3922 482 3952 &
496 3920 565 3950 ultra
578 3918 675 3955 Mare,
694 3926 728 3947 ex
751 3925 804 3946 una
826 3923 903 3952 parte
915 3936 925 3952 ‚
942 3915 974 3945 &
988 3914 1196 3954 Adversarium
1213 3926 1260 3945 no—

191 3959 280 4000 strum
293 3960 324 3988 de
338 3963 453 3988 Francia
463 3981 472 3995 ,
486 3957 639 3996 Haeredes‚
654 3954 850 3991 Succeffores,
864 3954 897 3983 &
914 3953 1065 3992 Subditos‚
1081 3963 1114 3984 ac
1131 3953 1261 3991 Colliga-

199 4008 259 4036 tos‚
276 3997 309 4028 &
324 3995 540 4027 Confoederatos
552 3996 629 4033 suos,
645 4004 679 4025 ac
695 3994 835 4025 Dominia
846 3991 905 4035 sua,
923 4001 957 4021 ex
968 3990 1068 4029 altera,

241 4034 476 4074 Quibuscumque
491 4033 601 4064 Diebus
615 4035 648 4065 &
666 4033 752 4063 Locis
766 4039 930 4069 oportuniS,
949 4040 1017 4060 cum
1033 4031 1114 4061 dicto
1127 4030 1263 4062 Adversa-

202 4076 244 4108 rio
259 4073 374 4111 nostro,
393 4072 481 4112 ejusve
504 4072 705 4104 sufficientibus
728 4070 880 4110 Deputatis
900 4068 946 4102 seu
968 4067 1145 4109 Deputandis
1160 4070 1190 4101 in
1207 4070 1262 4101 hac

45 3320 80 3344 H.
96 3326 125 3350 4.

47 3363 121 3383 ma..

1247 204 1809 252 PUBLICA.

24 283 95 312 Ann.
114 278 154 312 D.'
174 286 251 330 simul
267 287 309 317 vel
326 286 467 330 separatim
477 309 486 325 ,
505 287 666 317 melioribus
680 289 732 319 viis
747 311 757 327 ,
775 288 864 327 modo
878 313 887 327 ,
905 289 939 319 ὃς
953 288 1047 319 forma
1061 288 1160 331 quibus
1175 285 1233 330 fieri
1273 300 1349 328 parte
1365 291 1565 324 Conveniendi
1579 317 1588 332 ‚
1613 295 1770 327 Tradtandi
1788 319 1798 335 ‚
1825 295 2050 336 componendi,
2069 298 2102 330 ὃ(
2125 296 2242 329 finaliter
2256 298 2339 329 Con-

174 326 255 362 pollit
269 347 278 362 ‚
298 327 391 354 tandiu
414 326 447 355 ὃ(
470 334 548 354 tanto
569 333 698 362 tempore
717 327 856 356 duraturas
877 327 1028 357 secundum
1042 326 1118 365 quod
1134 325 1234 365 dictis,
1271 331 1418 369 conflandi,

2259 229 2275 255 1
2287 228 2337 265 59

2355 319 2432 350 Ann.
2449 317 2489 349 D.

1311 370 1445 413 Necnon·
1456 371 1644 413 quascumque
1658 371 1725 402 Vias
1741 371 1918 412 inductivas,
1934 383 1966 404 ac
1981 374 2095 412 Media,
2113 374 2190 404 licita
2204 374 2237 404 δε
2251 374 2341 406 hone—
2377 367 2463 409 ¹4⁰9·

1276 409 1333 446 sta,
1351 409 1384 437 ad
1399 408 1556 445 hujusmodi
1572 407 1677 451 Pacem
1693 419 1745 446 pro
1768 414 1902 448 perpetuo
1920 410 2084 443 firmandam
2099 435 2109 451 ‚
2127 412 2341 451 stabiliendam,
2358 401 2424 424 Hm.
2443 407 2472 431 4‘

1277 449 1310 479 &
1326 447 1481 477 habendam
1492 470 1501 485 ‚
1518 444 1668 477 Offerendi
1684 448 1716 476 δε
1732 447 1931 486 prosequendi,
2350 452 2352 455 ’

1313 484 1494 521 Ulteriusque
1519 484 1650 514 Faciendi
1666 507 1676 521 ,
1693 484 1852 516 Exercendi
1895 488 1928 518 &
1943 487 2119 526 Expediendi
2135 498 2198 527 quae
2221 489 2251 519 in
2262 488 2342 519 1²1oe-

1280 522 1364 566 miffis
1380 524 1423 554 vel
1439 525 1516 553 cii-ca
1531 533 1561 552 ea
1574 523 1724 566 necessaria
1738 524 1837 554 fuerint
1851 509 1895 555 se⁷u
1909 527 2126 563 quomodolibet
2140 535 2280 565 oportuna
2289 539 2336 566 ‚e-

1279 569 1348 591 tiam
1366 561 1384 590 si
1401 563 1429 591 in
1445 561 1470 590 se
1486 561 1652 591 Mandatum
1666 569 1775 599 exigant
1791 561 1924 599 speciale3

1316 598 1515 630 Promittimu's
1529 600 1614 630 etiarn
1627 622 1636 637 ‚
1651 600 1729 630 bona
1745 598 1799 629 fide
1815 622 1823 636 ,
1841 599 1874 629 δί
1887 599 1986 631 Verbo
2001 602 2116 641 Regio,
2134 603 2202 634 Nos
2216 603 2322 635 Rarum
2332 626 2342 641 ,

1281 635 1405 667 Gratum
1421 660 1430 675 ‚
1455 639 1487 668 &
1512 638 1642 667 Firmum
1665 638 1802 675 perpetuis
1821 636 2016 674 Temporibus
2037 641 2178 672 habituros
2197 650 2291 672 totum
2305 643 2339 672 &

1281 676 1416 712 quicquid
1432 686 1480 715 per
1494 677 1604 714 dic‘tos,
1620 674 1823 706 Reverendum
1840 674 1971 713 Patrem,
1989 677 2157 717 Thomam‚
2177 680 2344 718 Arnaldum,

1280 713 1441 750 Hugonein
1451 737 1459 752 ,
1477 715 1677 752 &johannem
1686 736 1694 750 ‚
1711 714 1818 744 Actum
1827 735 1836 750 ,
1854 712 1970 743 Fadium
1980 715 2186 752 ,Conventum
2195 718 2253 755 ,seu
2260 718 2345 749 Cou-

1279 753 1426 782 cordatum
1441 753 1521 790 fuerit
1536 753 1563 781 in
1581 751 1733 782 Prsemiiiis
1749 775 1758 790 ‚
1777 750 1821 782 vel
1836 752 1866 781 in
1881 752 1974 791 aliquo
1990 752 2215 794 Praemifforum,

1314 790 1352 820 Et
1365 792 1532 827 exponimus
1543 789 1721 821 Cautionem.

1318 829 1351 859 In
1371 829 1469 866 cujus,
1487 829 1550 858 &a

1318 868 1386 899 Dat.
1405 869 1434 896 in
1453 866 1564 896 Palatio
1583 864 1669 906 nostro
1690 865 1796 906 Wcstm.
1813 866 1915 897 Tertio
1937 866 1983 898 die
2005 866 2187 905 Septembris,

2028 946 2082 973 Per
2101 944 2184 985 ipsum
2202 948 2303 985 Regem.

1667 1070 1716 1101 De
1738 1068 1927 1102 Protefflone.

1284 1153 1359 1208 vv
1367 1151 1494 1182 Illir'mus
1513 1153 1687 1183 Sminbomm
1708 1153 1845 1191 Armiger
1860 1176 1871 1191 ‚
1896 1152 2065 1194 Capitaneus
2087 1154 2178 1186 Casti-i
2202 1155 2292 1194 Regis
2311 1157 2346 1189 de
2366 1159 2441 1191 Ann.
2454 1159 2496 1190 D.

1373 1190 1481 1234 ⁴Merk,
1500 1193 1548 1229 qui
1565 1193 1593 1221 in
1611 1192 1756 1231 Obsequio
1773 1192 1876 1231 Regis,
1892 1191 1970 1229 super
1984 1192 2056 1223 salva
2067 1192 2208 1225 Custodia
2222 1196 2344 1227 e'usdem
2388 1208 2471 1238 1409.

1286 1228 1381 1260 Castri
1397 1238 1539 1268 moratur,
1556 1231 1638 1260 babet
1651 1230 1759 1262 Literas
1772 1229 1864 1267 Regis
1878 1231 1915 1261 de
1928 1231 2110 1262 Proteetione
2121 1234 2130 1270 (
2140 1242 2208 1263 cum
2249 1233 2346 1266 lausulfi.
2366 1242 2415 1267 An.
2436 1248 2479 1265 io.

1284 1268 1422 1304 volumus)
1446 1277 1492 1304 per
1507 1279 1596 1299 unum
1619 1268 1736 1298 Annum
1758 1268 1908 1299 duraturas.
2364 1281 2398 1303 H.
2421 1286 2448 1312 4.

1321 1305 1406 1337 Praes.
1429 1306 1490 1336 &o
2363 1314 2474 1343 [brian.

1343 1343 1447 1412 bTeste
1466 1343 1551 1381 Rege
1568 1343 1640 1382 apud
1662 1344 1919 1384 Wstmonasterium
1934 1368 1943 1383 ‚
1962 1344 2078 1377 decimo
2098 1348 2204 1380 oetavo
2222 1348 2268 1380 die
2282 1350 2353 1390 Sep·
2370 1362 2396 1390 3.

1283 1391 1341 1413 tem
1363 1392 1406 1412 ris.

1856 1423 1910 1451 Per
1925 1423 2018 1452 Breve
2031 1423 2062 1453 de
2082 1426 2202 1456 Privato
2216 1425 2314 1465 Stgillo.

1285 1561 1342 1592 Pro
1359 1556 1510 1605 Magistro
1529 1556 1668 1590 Generali
1688 1555 1815 1590 Ordinis
1829 1554 1916 1590 beatae
1935 1559 2050 1591 illaria
2063 1556 2325 1596 Thcntonicorum.

2403 1572 2443 1606 Π

1285 1643 1485 1697 ΗΕηνίῑιις,
1505 1642 1564 1673 Dei
1588 1642 1691 1679 gratia,
1710 1643 1772 1671 Rex
1794 1640 1907 1679 Angliae
1927 1641 1966 1677 ἐφ’
1984 1646 2108 1672 Franciae
2123 1666 2132 1681 ,
2149 1645 2182 1675 ὃ(
2208 1644 2354 1677 Dominus
2371 1634 2444 1665 Arm·
2460 1633 2503 1666 D·

1361 1683 1524 1718 Hiberniae,
1543 1681 1661 1712 Tenore
1679 1680 2002 1719 Praesentium,Notum
2015 1683 2133 1713 facimus
2151 1683 2314 1723 Univeriis‚
2389 1683 2476 1712 1409·

1322 1721 1391 1753 Nos
1411 1721 1518 1750 Teneri
1537 1721 1571 1751 ὃς
1591 1718 1749 1749 firmissime
1773 1719 1923 1758 Obligari,
1942 1720 2046 1750 Nobili
2067 1730 2099 1750 ac
2122 1720 2237 1752 Potenti
2255 1722 2350 1753 Almae
2367 1716 2409 1737 Δὶ
2445 1720 2487 1739 ¹¹·

1286 1760 1452 1797 Religionis
1466 1758 1556 1796 Viro,
1572 1757 1657 1787 Fratri
1672 1757 1759 1787 Ulrico
1770 1758 1802 1786 de
1814 1757 1989 1797 Jitngingen,
2013 1757 2131 1789 Oriinis
2148 1759 2234 1790 beatae
2250 1760 2350 1792 Mai-iae
2368 1755 2400 1776 H.
2426 1761 2458 1786 4·

1286 1799 1537 1830 Tlieutonicorum
1559 1795 1698 1835 Magistro
1719 1796 1867 1828 Generali,
1895 1797 2001 1827 Ainico
2025 1797 2121 1827 nostio
2141 1798 2280 1828 carissimo
2296 1823 2305 1837 ,
2323 1802 2352 1830 in
2369 1792 2503 1836 {mn-¹¹·

1288 1839 1425 1876 Quinque
1448 1835 1567 1865 Milibus
1588 1835 1758 1872 Nobilium,
1775 1834 1934 1865 Trescentis
1958 1836 2071 1866 Dessem
2087 1840 2119 1865 (X
2136 1836 2217 1867 Octo
2233 1837 2355 1868 Nobili-
2373 1831 2404 1855 Α
2427 1836 2504 1866 4·”’·

1288 1878 1356 1914 bus,
1372 1883 1442 1906 cum
1458 1873 1593 1904 Dimidio
1606 1873 1730 1912 Nobili,
1745 1873 1807 1911 puri
1822 1873 1908 1912 Auri,
1923 1875 1956 1904 &
1966 1873 2033 1912 justi
2048 1873 2201 1912 Ponderis,
2223 1875 2355 1907 Monetae
2375 1875 2419 1893 ²0-

1288 1914 1392 1945 nostrae
1411 1912 1541 1951 Angliae,
1553 1923 1587 1943 ac
1603 1911 1771 1942 Tresdecirn
1786 1911 1915 1942 Denariis
1930 1913 2135 1952 Sterlingorum
2146 1935 2155 1950 ,
2170 1915 2278 1944 ratione
2293 1917 2326 1947 ὃς
2343 1919 2358 1932 ³*
2378 1907 2391 1919 '⁵
2423 1904 2506 1934 vlu,

1288 1953 1436 1984 occasione
1453 1951 1654 1988 Dampnorum
1677 1951 1710 1981 ὃς
1733 1950 1943 1981 Gravaminum
1968 1952 2037 1982 dieti
2062 1951 2194 1987 Magistri
2209 1952 2358 1985 Generalis
2394 1944 2459 1969 ⁶02·

1289 1991 1429 2029 Subditis,
1449 1991 1508 2020 tam
1522 1990 1678 2028 Prucenis,
1698 1989 1782 2026 quam
1799 1988 2029 2028 Livoniensibus,
2049 2000 2098 2028 per
2117 1990 2221 2026 Ligeos
2235 1993 2267 2021 ὃς
2283 1992 2358 2023 Sub-

1289 2030 1363 2061 ditos
1376 2051 1385 2068 ,
1410 2028 1515 2059 nostr-,ie
1540 2027 1654 2058 Ditioni
1676 2027 1827 2064 Subjeetos
1845 2050 1855 2066 ,
1882 2028 2008 2059 indebite
2034 2029 2177 2059 fastorum
2203 2029 2236 2058 ὃς
2264 2030 2356 2062 illato-

1290 2079 1355 2099 rum

1326 2090 1387 2137 Hzis
1409 2106 1495 2143 igitur
1518 2103 1674 2135 Nobilium
1696 2103 1827 2135 Summas
1843 2103 1910 2136 Nos
1924 2103 2084 2143 Henricus,
2102 2105 2165 2135 Rex
2185 2107 2361 2146 antedictus,

1290 2145 1350 2176 tam
1366 2144 1479 2182 nostro,
1500 2145 1585 2182 quam
1599 2142 1776 2180 Haeredum,
1796 2142 1995 2175 Successorum
2012 2167 2021 2182 ,
2041 2144 2074 2174 &
2089 2143 2281 2175 Executorum
2305 2157 2360 2176 no-

1288 2184 1413 2214 strorum
1431 2182 1626 2219 Nominibus,
1645 2181 1861 2220 Promittimus,
1879 2181 1933 2212 fide
1948 2182 2211 2221 regiQfoedei-eqie
2228 2184 2361 2215 constan-

1287 2224 1308 2253 ti
1324 2224 1358 2255 &
1377 2220 1469 2259 fideli,
1487 2220 1567 2250 dicio
1582 2219 1726 2257 Magistro
1743 2220 1896 2259 Generali‚
1913 2222 1956 2251 vel
1971 2221 2051 2258 ipsius
2074 2221 2250 2252 procuratori
2267 2222 2363 2259 legiti-

1288 2271 1356 2299 rno,
1373 2270 1419 2291 aut
1433 2259 1645 2290 Succefforibus
1660 2258 1728 2297 suis,
1746 2259 1791 2289 seu
1805 2269 1902 2290 eorum
1920 2259 2153 2290 procuratoribus
2168 2260 2319 2299 legitimis,
2329 2263 2360 2292 in

1288 2299 1371 2330 Festo
1387 2299 1460 2329 beati
1473 2297 1593 2328 Martini
1608 2297 1906 2335 Episcopi,proximo
1918 2299 1980 2335 jam
1996 2297 2106 2337 futuro,
2124 2298 2153 2327 in
2169 2299 2293 2330 Civitate
2306 2310 2362 2330 no-

1288 2337 1344 2368 stra
1361 2336 1540 2373 Londoniae,
1557 2337 1684 2374 integre,
1704 2337 1761 2366 fine
1776 2335 1981 2374 cujuscumque
1999 2335 2094 2366 Morte
2110 2338 2143 2368 ὃ(
2159 2336 2362 2374 [mpedimenti

1287 2376 1450 2413 dispendio,
1469 2375 1569 2412 absque
1583 2375 1669 2405 etiam
1682 2374 1766 2404 omni
1783 2374 1970 2404 Arrestatione
1985 2374 2020 2404 &
2037 2373 2290 2415 Contradidtione,
2303 2378 2358 2408 rite

1287 2415 1409 2452 solvere,
1426 2413 1535 2444 tradere
1573 2414 1606 2444 ὃς
1620 2411 1732 2442 liberare
1750 2412 1880 2450 penitus,
1900 2411 1950 2442 sub
1963 2412 2076 2450 favore,
2093 2414 2192 2445 colore
2228 2415 2260 2445 ὅ(
2273 2425 2362 2446 occa-

1287 2453 1364 2483 iione
1382 2475 1392 2490 ,
1411 2452 1512 2490 quibus
1555 2450 1645 2481 olutio
1660 2449 1817 2480 hu'usmodi
1832 2451 1996 2490 prorogari,
2015 2451 2168 2491 impediri,
2185 2437 2232 2483 [feu
2245 2453 2364 2494 infringi

1288 2491 1394 2528 posset,
1415 2489 1583 2520 cessantibus
1599 2489 1686 2528 quibu
1697 2498 1839 2526 cunique,

1325 2529 1362 2559 Et
1377 2552 1387 2567 ,
1404 2528 1438 2558 ad
1462 2527 1631 2565 praemiffam
1655 2526 1832 2557 Solutionem
1848 2548 1858 2563 ,
1877 2526 1905 2555 in
1919 2525 2063 2557 Termino
2076 2527 2110 2558 &
2126 2529 2226 2569 Loco,
2245 2530 2280 2561 de
2303 2533 2365 2569 qui-

1287 2568 1340 2598 bus
1356 2566 1551 2605 praemittitur,
1570 2565 1684 2596 fideliter
1698 2567 1728 2595 in
1745 2572 1839 2595 totum
1853 2565 1886 2595 ὃς
1902 2567 2047 2596 executive
2064 2566 2283 2606 fiiciendum7ac
2299 2579 2365 2600 om-

1289 2608 1376 2643 nino,
1396 2605 1525 2642 indilate,
1543 2605 1575 2635 &
1592 2605 1669 2635 facto
1686 2603 1933 2642 perimplendum,
1951 2604 2020 2634 Nos
2036 2604 2194 2643 Henricus,
2214 2607 2278 2637 Rex
2291 2619 2363 2645 prae-²

1289 2644 1378 2682 fatus,
1396 2643 1481 2682 Nos,
1499 2642 1687 2681 I-laeredesque
1697 2666 1706 2681 ,
1725 2642 1757 2673 &
1774 2639 1953 2672 Succeffores
1968 2642 2080 2673 nostros
2094 2644 2123 2674 in
2140 2644 2245 2684 Regno
2260 2644 2358 2677 nostro

1292 2683 1401 2720 Angliae
1423 2681 1567 2712 antediCto
1582 2705 1592 2720 ,
1608 2691 1720 2712 necnon
1745 2681 1919 2712 Executoi'es
1941 2679 2052 2711 nostros
2066 2705 2075 2720 ‚
2093 2693 2125 2713 ac
2143 2682 2290 2714 Bonorum
2309 2696 2363 2715 no-

1296 2721 1419 2751 strorum
1428 2721 1491 2760 post
1509 2720 1640 2750 Mortem
1656 2719 1780 2750 nostram
1795 2717 2044 2750 Administratores
2053 2742 2062 2758 ³
2081 2730 2113 2751 ac
2130 2722 2239 2759 insuper
2253 2724 2368 2754 univer-

1293 2759 1321 2790 sa
1337 2761 1371 2791 ὅ(
1388 2760 1492 2798 singula
1511 2758 1605 2789 nostra
1622 2759 1718 2798 Regni
1737 2758 1826 2788 nostri
1850 2757 1982 2796 Angliae,
1999 2768 2032 2788 ac
2048 2769 2298 2799 quorumcumque
2315 2762 2367 2792 Li-

1294 2807 1412 2837 georum
1429 2800 1462 2829 &
1478 2797 1664 2828 Subditorum
1680 2796 1841 2826 nostrorum
1857 2797 1977 2834 ejusdem
1993 2796 2110 2835 Regni,
2126 2797 2203 2829 Bona
2217 2809 2365 2839 quaecum-

1296 2847 1367 2874 que,
1387 2837 1562 2874 ubicumque
1578 2859 1587 2874 ‚
1606 2836 1638 2867 ὅς
1653 2835 1703 2865 sub
1720 2844 1900 2873 quacumque
1924 2836 2046 2864 maneria
2063 2845 2166 2874 reperta
2186 2837 2302 2875 fuerint,
2320 2838 2367 2869 fir-

1295 2876 1421 2905 missime
1434 2898 1444 2914 ,
1462 2876 1545 2906 etiam
1562 2875 1597 2905 de
1613 2873 1740 2904 Consilio
1757 2873 1957 2903 Dominoruin
1974 2873 2101 2904 Concilii
2118 2875 2222 2914 nostri,
2241 2876 2364 2914 Obliga-

1298 2923 1359 2943 mus
1373 2924 1421 2953 per
1435 2914 1587 2944 Praesentes
1596 2935 1605 2950 ,

1334 2951 1374 2982 Ita
1389 2953 1484 2991 qubd,
1503 2952 1653 2990 postquam
1674 2950 1759 2980 dietae
1776 2949 1933 2992 Nobilium
1956 2948 2086 2980 Summae
2101 2974 2110 2988 ‚
2129 2952 2156 2980 ii]
2174 2952 2255 2983 Toto
2272 2954 2315 2983 ve}
2336 2955 2364 2984 in

1298 2991 1396 3029 Parte,
1415 2991 1464 3022 fint
1479 2990 1584 3022 Solutae
1600 2989 1672 3027 hiis,
1691 2990 1789 3027 quibus
1800 2989 1877 3026 juxra
1894 2990 2017 3018 formam
2033 2990 2221 3027 priescriptam
2235 2992 2296 3021 sunt
2312 2993 2366 3022 sol-

1298 3029 1417 3068 vendae,
1434 3030 1521 3061 libere
1535 3029 1570 3059 de
1585 3028 1694 3063 Regno
1709 3027 1806 3057 nostro
1820 3027 1953 3064 Angliae‚
1971 3037 2019 3064 per
2035 3028 2217 3058 Escambium
2228 3053 2237 3067 ,
2254 3032 2287 3061 ὃς
2304 3032 2366 3061 nul-

1297 3067 1402 3098 latenus
1418 3069 1445 3098 in
1462 3066 1583 3098 Moneta
1600 3067 1643 3096 vel
1661 3068 1688 3095 in
1706 3065 1797 3095 Massa
1819 3066 1887 3095 Auri
1904 3066 1949 3094 vel
1965 3066 2086 3101 Argenti
2107 3067 2193 3099 (salva
2211 3069 2365 3099 rationabili

1297 3105 1419 3136 Summ&
1435 3117 1486 3144 pro
1503 3105 1634 3142 Expensis
1657 3103 1847 3134 Nuncioruin
1868 3102 1937 3133 dieti
1956 3103 2088 3141 Magistri
2105 3106 2268 3145 Generalis,
2287 3117 2362 3138 nuuc

1297 3145 1327 3174 in
1343 3145 1446 3176 eodem
1464 3145 1567 3184 Regno
1582 3142 1777 3179 existentium)
1798 3142 1881 3172 educi
1902 3141 2021 3172 debeant
2036 3143 2078 3172 vel
2097 3144 2285 3181 transporiari5

1333 3183 1446 3214 Statutis
1471 3185 1504 3215 δε
1532 3182 1773 3214 Prohibitionibus
1790 3180 1912 3218 nostris,
1938 3182 1970 3211 ὃ(
1993 3180 2086 3217 Regni
2115 3183 2339 3219 nostri-Angliae
2354 3207 2364 3223 ,

1296 3222 1325 3250 in
1352 3223 1527 3253 contrarium
1554 3221 1634 3252 editis
1657 3219 1701 3249 seu
1725 3219 1840 3250 edendis
1855 3241 1865 3257 ,
1897 3229 1958 3250 non
1983 3219 2158 3251 obstantibus
2184 3222 2366 3259 quibuscum-

1318 3271 1360 3291 ue.

1297 3270 1315 3298 q
1334 3298 1440 3330 Datum
1469 3297 1543 3337 apud
1566 3297 1705 3327 Palatium
1737 3295 1852 3333 nostrum
1875 3295 2165 3336 Wstmonasterienfi‘,
2191 3297 2240 3328 sub
2267 3298 2365 3338 Sigillo

1295 3336 1393 3367 nostro
1410 3337 1536 3376 Majori,
1551 3338 1580 3366 in
1603 3335 1781 3366 Evidentiam
1804 3334 1838 3365 &
1860 3334 1959 3365 Fidem
1982 3335 2113 3364 omnium
2131 3335 2341 3368 Praemiisorum
2356 3360 2366 3376 ,

1294 3385 1328 3405 ex
1351 3376 1426 3406 certa
1444 3375 1538 3406 nostra
1560 3373 1674 3405 scientia
1696 3373 1730 3404 &
1751 3372 1828 3404 mera
1849 3373 1989 3403 voluntate
2013 3372 2196 3405 Praesentibus
2217 3377 2338 3413 appenso
2351 3396 2362 3409 ³

1295 3414 1382 3444 Anno
1406 3415 1526 3445 Domini
1547 3413 1701 3443 Millesimo
1717 3434 1727 3450 ,
1747 3410 2034 3480 Qadringentefimo
2056 3411 2087 3441 N
2091 3422 2151 3443 ouo
2164 3436 2175 3452 ,
2192 3413 2302 3444 decima
2318 3414 2365 3443 die

1293 3451 1400 3483 Menfis
1414 3453 1571 3490 Octobris,
1586 3451 1676 3481 Anno
1685 3452 1756 3481 vero
1803 3450 1870 3487 egni
1886 3449 1973 3480 nostri
1989 3449 2168 3482 Undecimo.

1294 3529 1491 3583 HEnricus,
1507 3528 1567 3559 Dei
1582 3525 1687 3570 gratia,
1706 3524 1775 3571 ἀι..
1787 3533 1818 3555 ut
1827 3524 1913 3565 ficpra
1932 3525 2011 3570 usqu?
2024 3527 2079 3565 ibi,
2096 3526 2360 3572 Ielgitimis‚&tugzc
2411 3537 2476 3566 Ibid·

1361 3568 1418 3607 fic,
1435 3570 1463 3598 in
1484 3566 1566 3598 Festo
1584 3564 1790 3596 Purificationis
1813 3566 1902 3595 beatae
1919 3564 2024 3596 Mariae
2045 3569 2178 3604 proximo
2201 3566 2311 3603 futuro,
2330 3575 2359 3595 in

1293 3607 1417 3638 Civitate
1433 3605 1528 3636 nostra
1543 3603 1724 3642 Londoniae,
1744 3602 1803 3639 ὠς.
1823 3610 1854 3632 ut
1859 3602 1954 3641 fhpra.

1353 3644 1441 3676 Teste
1457 3653 1488 3675 ut
1505 3644 1592 3681 supra.

2399 3718 2466 3749 lbid.

1294 3722 1472 3777 HEnricus
1488 3742 1498 3757 ,
1515 3718 1573 3749 Dei
1594 3718 1700 3758 gratia,
1723 3721 1784 3748 Rex
1806 3717 1918 3756 Angliae
1940 3716 1978 3752 dv
1999 3721 2120 3748 Franciae
2132 3740 2141 3755 ,
2157 3719 2191 3749 &
2211 3717 2368 3750 Dominus

1370 3760 1519 3790 l-iiberniae
1534 3782 1544 3797 ‚
1561 3758 1677 3788 Tenore
1694 3756 1876 3787 Praesentium
1891 3780 1899 3795 ‚
1919 3757 2034 3787 Notum
2052 3757 2168 3787 facimus
2187 3757 2338 3796 universiS,

1332 3798 1399 3829 Nos
1421 3797 1528 3827 Teneri
1549 3796 1582 3827 &
1602 3795 1760 3825 firmissime
1780 3797 1865 3826 etiam
1887 3795 2018 3831 Obligari
2033 3818 2042 3832 ,
2061 3794 2163 3824 Nobili
2186 3804 2219 3825 ac
2240 3794 2355 3827 Potenti

1296 3839 1386 3874 Viro,
1404 3836 1488 3866 Fratri
1507 3834 1595 3865 Ulrico
1607 3835 1638 3864 de
1651 3833 1826 3872 Jungiugen⁷
1844 3833 1958 3864 Ordinis
1974 3833 2062 3863 beatae
2079 3831 2178 3862 Mari-„e
2192 3833 2356 3865 Theutoni-

1297 3885 1398 3908 corum
1420 3873 1561 3910 Magistro
1584 3872 1716 3903 Generali
1730 3895 1739 3910 ,
1759 3874 1865 3902 Amico
1889 3871 1984 3901 nostro
2005 3868 2145 3900 carissimo
2162 3894 2171 3909 ,
2187 3872 2215 3901 iri
2240 3870 2355 3904 Decem

1299 3914 1418 3945 Milibus
1432 3912 1587 3943 Nobilium
1603 3934 1612 3949 ,
1629 3911 1771 3941 Sexcentis
1785 3934 1794 3948 ,
1811 3911 1941 3948 Triginta
1952 3931 1960 3944 ‚
1987 3910 2019 3939 ἃ
2041 3908 2156 3945 Septem
2178 3908 2336 3941 Nobilibus
2349 3935 2360 3950 ,

1299 3953 1361 3990 puri
1376 3951 1493 3983 Auri&
1505 3949 1571 3988 justi
1584 3949 1718 3980 Ponderis
1734 3971 1743 3987 ,
1765 3948 1893 3978 Moneta:
1915 3947 2016 3977 nostrae
2040 3947 2167 3986 Angliae,
2184 3959 2216 3979 ac
2233 3949 2358 3983 Duobus

1300 3989 1401 4021 Solidis
1415 3989 1447 4019 &
1465 3989 1587 4019 Duobus
1607 3987 1735 4018 Denariis
1754 3986 1958 4022 sterlingorum
1972 4007 1982 4022 ,
1998 3985 2106 4014 ratione
2121 4008 2130 4024 2
2148 3987 2208 4020 &a
2224 3995 2257 4017 ut
2271 3989 2357 4027 Jicpra

1300 4028 1380 4069 usque
1392 4027 1430 4056 ibi
1465 4027 1614 4063 legitimis,
1630 4025 1667 4059 ὠ·
1680 4024 1804 4063 tunc-fic,

1340 4066 1373 4098 In
1392 4050 1475 4098 Festo
1498 4064 1701 4097 Purificationis
1716 4064 1802 4094 beatae
1824 4060 1928 4092 Mariae
1950 4059 2099 4100 Virginis,
2117 4064 2194 4101 quod
2215 4065 2361 4132 contlixnget

2308 4112 2368 4133 nno
