2562 4274
222 84 239 111 1
249 82 276 118 .0

58 135 140 171 'At-in.
157 133 199 165 D.

86 182 173 214 1421.

62 218 128 243 ΗΜ
155 221 185 248 5'
557 244 617 275 Pro
640 244 729 276 Duce
750 241 786 275 de
810 242 941 278 Burbim.

62 321 116 349 An·
133 318 161 347 3-
223 325 360 383 REX,
376 326 509 371 universis
524 328 557 358 δε
581 327 692 372 singulis
715 327 876 366 Capitaneis
891 353 901 368 ,
924 329 1090 361 Castellanis
1102 354 1111 369 ,
1138 333 1172 364 &
1186 341 1288 376 eorum

67 363 102 387 H·
117 366 146 392 5·
301 366 555 404 Locatenentibus,
574 365 719 397 Gentibus
736 367 893 399 Armorum
907 370 940 400 &
957 369 992 399 de
1007 369 1118 400 Trad‘tu
1128 393 1137 408 ,
1164 370 1289 401 Officia-

102 395 168 424 thid.
220 402 283 441 riis,
303 403 457 442 Ministris,
478 403 592 442 Ligeis,
609 405 642 435 &
657 405 782 436 Subditis
796 407 989 445 praecarissimi
998 410 1094 437 Patris
1106 408 1189 447 nostri
1200 412 1288 440 Fran-

66 442 103 463 m·
132 443 175 463 ¹²·
217 443 313 509 ciaeS&
328 440 455 510 Nostrf'sd,
471 442 506 473 ad
518 452 591 483 quos
607 443 754 481 praesentes
770 444 875 476 Literae
889 447 1066 486 pervenerint
1082 469 1092 485 ,
1117 447 1254 479 Salutem.

279 489 356 510 eiatis
391 491 430 510 uo

254 517 336 549 Cum
346 541 355 557 ,
370 491 529 549 {arrisimus
541 518 777 558 Consanguineus
788 521 901 561 noster,
917 521 1064 562 Johannes
1079 526 1149 553 Dux
1163 524 1291 554 Eurbon-

216 559 271 586 niae
289 557 449 596 Johannem
463 558 495 587 de
512 562 640 598 Cantepie
659 560 842 599 Armigerum
858 585 868 598 ,
892 561 1072 592 Servientem
1092 564 1125 593 &
1158 563 1290 593 Familia—

218 605 282 626 rem
296 595 395 634 suum,
414 597 444 625 iri
456 595 583 628 Civitate
595 598 690 628 nostra
705 598 886 639 Rothomagi
901 599 935 630 ad
961 600 1082 640 praesens
1103 600 1271 632 existentem
1280 626 1289 641 ‚

218 634 325 665 abinde
339 634 429 665 versus
442 634 546 666 Villam
567 636 604 667 de
627 636 758 677 Crotoy,
783 647 869 674 penes
893 638 1016 668 diversos
1039 637 1204 670 Creditores
1229 641 1290 671 suos

217 673 327 704 ibidem
337 696 346 712 ,
366 683 420 712 pro
434 675 516 704 certis
528 674 663 705 Pecuniae
679 676 806 706 Summis
820 677 856 706 ab
868 676 973 707 eisdem
996 679 1192 716 recuperandis
1201 703 1211 718 ,
1236 690 1289 710 no-

219 711 276 742 stra
290 712 431 743 mediante
445 712 594 752 Licentia,
612 715 737 745 intendat
749 714 903 753 destinare,

256 750 293 782 Et
310 751 409 782 Nobis
420 751 615 792 supplicaverit
629 762 741 792 ut,pi‘o
754 753 909 785 Securitate
925 753 1002 795 ipsius
1011 753 1153 794 Johannis
1169 756 1201 786 de
1216 759 1291 787 Can-

220 793 307 828 tepie,
325 791 445 821 velimus
460 792 581 831 gratiose
597 792 761 831 providere,

255 829 276 848 ²*
296 829 364 859 Nos
383 829 605 867 (Supplicationi
624 830 679 862 suae
696 831 884 862 favorabiliter
906 831 1084 869 annuentes)
1119 832 1291 872 suscepimus

219 865 305 906 ipsimi
331 867 492 907 Johannem
518 872 646 907 Cantepie
659 891 668 907 ,
694 869 786 900 versus
810 869 978 908 praedidiam
1002 870 1123 908 Villam,
1150 881 1184 902 ex
1206 874 1292 903 caulis

217 906 375 945 praedietis,
393 907 579 947 transeundo,
598 909 632 938 δε
646 907 749 938 abinde
761 907 925 946 redeundo,
944 909 1000 938 una
1015 918 1086 940 cum
1099 909 1184 940 Bonis
1202 934 1212 949 ,
1231 911 1291 942 Re-

217 946 288 984 bus,
307 945 496 977 &Hei'nesiis
507 946 559 977 suis
593 946 814 986 uibuscumque,
833 948 867 978 ὃς
880 946 986 977 salvum
1003 947 1036 977 &
1056 946 1187 979 securum
1207 949 1290 980 Con-

217 983 339 1015 ductum
355 983 505 1023 nostrum,
523 984 562 1016 ad
611 984 805 1016 rotedtionem
824 985 858 1017 &
877 985 1086 1016 Defensionem
1106 987 1213 1019 nostras
1230 989 1291 1029 spe-

215 1023 311 1053 ciales·

253 1061 291 1091 Et
305 1047 375 1091 ’ideo
389 1061 473 1092 vobis
489 1059 663 1092 Mandamus
676 1061 757 1101 quod
793 1061 933 1092 raediHum
955 1060 1117 1101 Johannem
1132 1065 1164 1095 de
1187 1069 1288 1096 cante-

210 1102 272 1137 pie,
292 1101 346 1130 una
358 1109 426 1130 cutn
446 1099 546 1138 Bonis,
564 1099 680 1139 Rebus,
697 1101 732 1132 δε
783 1100 896 1131 ernefiis
920 1101 972 1131 suis
994 1103 1152 1141 praediffis,
1168 1113 1200 1135 ut
1216 1115 1288 1143 prae-

216 1139 352 1177 mittitur,
367 1138 551 1176 transeundo,
571 1141 791 1178 manuteneatis,
808 1141 969 1179 protegatis,
994 1142 1027 1173 ὃς
1042 1141 1212 1182 defendatis,
1227 1154 1288 1175 non

214 1177 367 1208 inferentes
380 1178 421 1215 ei,
440 1178 483 1209 vel
498 1177 593 1208 inferri
610 1179 820 1218 permittentes,
842 1179 972 1217 injuriam
983 1202 992 1218 ,
1018 1181 1192 1221 molestiam,
1207 1182 1287 1215 dam-

213 1224 305 1253 pnum
315 1238 324 1254 ,
339 1225 386 1246 aut
404 1225 571 1255 gravamen:

252 1253 305 1292 Et,
325 1254 344 1285 fi
360 1255 426 1293 quid
438 1256 483 1293 ei,
501 1256 562 1286 &c.

251 1291 373 1323 Proviso
386 1294 494 1333 semper
507 1293 587 1332 quod
600 1294 656 1333 ipse
671 1296 842 1335 quicquam,
859 1295 921 1332 &c.
941 1295 1021 1337 usque
1035 1297 1089 1336 ihi,
1107 1308 1168 1329 non
1181 1307 1286 1331 attem-

213 1339 294 1372 ptent
312 1333 414 1370 quovis
433 1332 531 1363 modo.

248 1369 283 1401 ln
301 1371 397 1409 cujus,
415 1373 476 1403 &o
497 1382 547 1411 per
563 1372 636 1402 Tres
650 1372 823 1409 Septimanas
837 1374 975 1413 proximo
995 1374 1099 1406 futuras
1115 1375 1266 1407 duraturas.

249 1408 320 1440 Dat.
338 1418 369 1440 ut
380 1410 474 1449 supra,
494 1420 574 1441 nono
592 1410 638 1441 die
658 1410 768 1442 Martii.

82 826 202 861 'X.7i.

435 1545 494 1577 Pro
519 1543 644 1589 Collegio
665 1542 702 1576 de
725 1545 895 1578 Daunville
918 1547 1061 1590 Paristus.

58 1629 190 1665 'Am-1,D,
211 1623 360 1684 REX,
382 1627 548 1673 Omnibus,
566 1629 599 1660 ad
616 1639 703 1668 quos,
721 1631 783 1675 ἃς.
803 1630 949 1678 Μυῖα-ηπ.-
1125 1676 1129 1681 Ι

77 1681 166 1710 1421-
321 1665 380 1696 Pro
396 1677 490 1705 parte,
510 1668 682 1698 dilectorum
698 1670 795 1706 nobis,
820 1669 949 1710 Magzsr'ri
971 1671 1008 1708 (ἦν
1029 1672 1175 1702 Scolarium
1195 1672 1282 1703 Colle-

56 1715 108 1739 Aa.
126 1712 153 1741 3·
204 1704 244 1739 gii
257 1703 289 1733 de
302 1705 458 1735 Daunville
471 1706 589 1745 Parifircs
605 1708 686 1737 nobis
706 1709 850 1739 humiliter
873 1713 1066 1748 exponebatur
1079 1713 1166 1756 ‘quud
1181 1734 1190 1749 ,
1210 1713 1282 1744 inter

57 1753 93 1776 H.
104 1759 131 1784 5,
208 1740 276 1784 alia,
293 1742 327 1772 ad
342 1743 462 1775 Vic‘tum
477 1745 509 1774 ὅ(
523 1745 764 1777 Sustentationem
782 1747 912 1789 Magistri
926 1750 958 1779 ὃ(
977 1751 1137 1781 Scolarium
1156 1751 1280 1789 ejusdem

95 1788 160 1815 lhil.
209 1780 255 1817 pini
270 1779 436 1813 Devotiene
454 1784 569 1820 collata,
590 1784 665 1815 idem
682 1785 866 1826 Collegium,
884 1788 914 1817 in
930 1788 969 1818 sui
991 1788 1173 1826 primordiis,
1199 1790 1281 1821 dota-

57 1831 97 1854 μ,
113 1825 140 1855 3,
208 1826 270 1848 tuin
284 1822 374 1851 extitit
388 1822 418 1852 T
421 1822 549 1853 rescentis
563 1823 678 1854 Decem
694 1825 726 1855 δε
743 1825 826 1856 Octo
841 1826 935 1856 Libris
951 1850 961 1865 ,
985 1827 1135 1859 Sexdecim
1159 1829 1279 1867 Solidis,

205 1855 322 1889 Decem
338 1859 484 1899 Denariis,
511 1863 544 1893 &
558 1862 682 1902 Obolo,
708 1864 941 1903 Turonenfibus,
968 1867 1151 1904 percipiendis
1171 1878 1278 1899 annua-

204 1897 276 1935 tim,
296 1897 329 1928 ad
345 1897 428 1930 Duos
447 1901 525 1931 Anni
539 1901 712 1942 Terminos,
730 1902 810 1941 super
832 1903 912 1934 Halis
938 1904 971 1935 &
994 1905 1170 1936 Molendinis
1192 1905 1278 1938 Viliae

203 1935 307 1973 nostr-:e
322 1937 515 1977 Rothomagi,
534 1950 621 1977 prout
636 1950 668 1971 ex
683 1941 849 1980 quibusdam
866 1943 984 1982 Literis,
1003 1945 1033 1974 in
1055 1944 1088 1976 ea
1106 1955 1183 1983 parte
1202 1944 1274 1977 No-

203 1974 246 2004 bis
260 1975 293 2005 &
312 1974 449 2007 Concilio
462 1977 563 2009 nostro
576 1979 720 2018 exhibitis,
740 1981 851 2018 plenius
864 1983 1025 2022 apparebat,

241 2013 407 2046 Afferebant
418 2016 528 2054 insuper
543 2018 641 2065 quod,
661 2029 676 2049 a
691 2028 820 2058 tempore
835 2019 1021 2051 Fundationis
1041 2021 1112 2053 dicti
1133 2022 1202 2053 Coll
1239 2024 1278 2064 ii,

201 2050 230 2081 i'n
246 2059 356 2092 tempus
372 2065 447 2094 quo,
464 2055 564 2088 divina
576 2056 689 2087 favente
703 2057 816 2089 dexteri
830 2081 839 2096 ,
866 2057 1015 2090 Ducatum
1038 2060 1169 2092 nostrum
1228 2073 1278 2093 or-

200 2091 582 2134 manniaeConquilivimus,
594 2095 736 2135 Magister
755 2097 789 2127 &
809 2096 934 2128 Scolares
958 2098 1026 2129 dieti
1048 2098 1192 2140 Collegii,
1212 2103 1276 2141 qui-

199 2138 270 2160 cum
294 2141 328 2161 ue
348 2142 402 2169 pro
424 2142 552 2171 tempore
569 2134 716 2166 existentes
729 2158 739 2174 ,
764 2137 906 2173 praefatam
930 2136 1080 2168 Summam
1106 2139 1275 2172 Trescenta-

200 2176 265 2198 rum
313 2179 394 2201 ecem
408 2172 442 2203 δε
466 2172 548 2203 Gelo
570 2173 741 2213 Librarum,
767 2174 919 2206 Sexdecim
939 2175 1104 2207 Solidorum
1127 2200 1137 2215 ,
1160 2177 1276 2209 Decem

199 2205 409 2249 Dmariorum,
428 2211 461 2242 &
476 2210 586 2250 Oboli,
605 2213 839 2252 Turonensium,
865 2213 975 2252 singulis
995 2215 1103 2254 Annis,
1130 2216 1163 2247 ad
1188 2217 1275 2249 Duos

198 2244 278 2276 Anni
291 2247 465 2289 Terminos,
483 2251 561 2290 super
576 2251 715 2289 praec’it‘tis
731 2252 838 2290 Locis,
857 2262 1043 2293 perceperunt
1058 2256 1091 2286 &
1106 2254 1274 2296 habuerunt,

198 2284 511 2357 absqgeximssffdimemi
527 2291 659 2329 cujusque
675 2291 721 2322 vel
744 2292 978 2323 contradictionis
991 2293 1157 2333 obstaculo,
1176 2295 1275 2336 libere,

196 2332 261 2361 paci
283 2334 336 2363 ce,
422 2330 495 2358 uiete

240 2362 340 2394 Nobis
354 2337 694 2407 huriiiiirer'supplicantes
707 2370 854 2409 quatinus,
883 2370 996 2401 Pietatis
1018 2372 1119 2402 intuitu
1136 2395 1144 2410 ,
1163 2373 1275 2405 favore-

200 2410 256 2440 que
269 2402 360 2433 Studii
369 2427 377 2441 ,
396 2414 428 2435 ac
443 2407 690 2444 contemplatione
701 2408 725 2438 P
735 2419 754 2438 A
764 2417 799 2439 et
812 2418 823 2438 s
854 2418 871 2438 F
881 2417 892 2438 1
903 2417 925 2438 Ν
936 2420 954 2439 Α
965 2418 985 2438 L
996 2419 1006 2439 1
1019 2419 1030 2440 s
1046 2434 1055 2448 ,
1074 2412 1145 2442 inter
1168 2422 1276 2451 praeca—

200 2439 341 2483 tissimum
359 2445 471 2473 Patrem
486 2444 603 2484 nostrum
618 2450 742 2476 Franciae
757 2447 790 2478 δε
805 2450 866 2476 Nos
889 2449 999 2485 pridem
1016 2472 1024 2487 ,
1051 2451 1184 2489 largiente
1207 2452 1272 2483 Do-

201 2485 299 2517 mino,
317 2490 455 2512 coMPo
467 2492 572 2514 SITAE
589 2507 599 2522 ,
621 2487 743 2523 gratiose
768 2487 918 2524 providere
940 2488 1120 2524 dignaremur
1140 2492 1219 2527 quod
1238 2493 1268 2522 ii-

200 2515 287 2560 deme,
308 2517 445 2558 Magister
461 2523 493 2552 δε
509 2522 651 2562 scolares,
670 2534 829 2563 eorumque
852 2525 1033 2556 Succeffores
1048 2551 1057 2564 ,
1076 2526 1204 2560 Redditu
1227 2530 1272 2561 su—

199 2554 327 2599 pradietq
340 2559 460 2595 gaudere
475 2559 578 2597 possint
591 2562 623 2592 δε
639 2563 766 2601 valeant,
783 2564 852 2594 licut
869 2573 944 2602 ante,

236 2592 304 2623 Nos
319 2597 403 2632 igitur
431 2598 441 2631 (
459 2607 559 2628 eorum
580 2600 838 2637 Supplicationibus
861 2603 1052 2634 favorabiliter
1076 2605 1217 2636 inclinatil
1235 2607 1271 2637 de

198 2628 300 2661 Gratia
315 2633 408 2664 nostra
419 2634 527 2671 speciali
543 2638 711 2677 Conceffimus
726 2641 759 2670 ὃ(
776 2641 946 2670 Concechmm
966 2643 1104 2681 praefatis,
1126 2643 1270 2681 Magistro

196 2669 232 2700 &
243 2669 420 2710 Scolaribus,
438 2674 518 2712 quod
533 2675 596 2713 ipsi,
615 2678 648 2707 &
664 2687 763 2707 eorum
784 2678 965 2709 Succeii‘ores
978 2683 1202 2720 imperpetuum,
1220 2685 1269 2713 ha-

196 2707 280 2739 beant
295 2709 328 2740 &
344 2713 498 2749 percipiant
513 2716 657 2745 annuatim
672 2715 842 2752 praediemm
863 2717 1022 2748 P.edditum
1049 2719 1269 2752 Trescentarum

194 2744 312 2790 Decem
329 2749 362 2780 &
378 2750 450 2781 osto
467 2751 633 2791 Librarum,
652 2753 800 2785 sexdecim
821 2754 1006 2795 Solidorum,
1026 2755 1141 2788 Decem
1170 2759 1267 2789 Dena-

197 2794 325 2828 rtorum,
343 2788 377 2819 δε
395 2788 503 2828 Oboli,
520 2790 754 2830 Turoneniium,
769 2792 804 2823 de
823 2793 856 2823 &
883 2794 963 2829 super
986 2795 1065 2825 Halis
1088 2797 1121 2827 ὃς
1149 2797 1269 2828 Molen-

194 2823 270 2868 dinis
287 2825 373 2856 distae
391 2826 523 2860 Civitatis
541 2830 645 2861 nostrae
663 2830 863 2871 Rotbomagi,
891 2832 995 2863 eisdem
1014 2834 1104 2865 modo
1123 2836 1156 2866 &
1173 2837 1269 2867 forma

194 2863 297 2931 gilbus
314 2864 362 2902 ipsi
381 2865 492 2897 dkstum
510 2868 669 2900 Redditum
685 2879 750 2901 ante
779 2869 981 2909 Conquestum
1007 2873 1138 2904 nostrum
1164 2876 1269 2911 praedi-

229 2911 278 2932 um
296 2902 452 2936 habuerunt
471 2907 503 2937 δι
530 2917 742 2947 perceperunt,
768 2919 801 2940 ac
822 2919 906 2947 prout
931 2912 965 2942 &
994 2921 1130 2949 quatenus
1155 2913 1207 2952 Ipli
1234 2916 1267 2945 ὃς

196 2939 417 2973 Praedeceisores
433 2945 472 2974 sui
492 2944 617 2976 Redditu
637 2947 702 2986 illo,
719 2957 734 2976 a
746 2955 876 2987 tempore
894 2949 1076 2981 Fundationis
1094 2952 1268 2992 supradictae,

194 2978 333 3010 hactenus
350 2982 548 3014 rationabiliter
567 2984 607 3015 usi
627 2985 689 3016 sunt
709 2987 741 3017 ὃς
761 2987 865 3025 gavisi,

234 3016 422 3058 Mandantes,
440 3022 558 3054 Tenore
575 3023 775 3063 Praelentium,
791 3025 902 3056 dilectis
922 3027 956 3057 &
980 3026 1109 3058 fidelibus
1133 3029 1236 3060 nostris
1259 3053 1269 3069 ,

194 3055 382 3088 Thesaurario
399 3059 499 3090 nostro
518 3060 652 3092 Generali
671 3062 881 3102 Normanniae,
899 3074 933 3095 ac
954 3064 1116 3098 Praesidenti
1133 3069 1166 3100 &
1183 3068 1266 3099 Gen-

196 3095 271 3124 tibus
287 3096 323 3127 de
350 3096 473 3128 Camera
499 3099 592 3130 nostra
615 3099 834 3138 Compotorum
862 3103 969 3134 ibidem
984 3127 993 3142 ,
1018 3115 1133 3136 necnon
1159 3110 1267 3138 caeteris

192 3132 371 3176 justitiariis,
386 3135 558 3177 Officiariis,
577 3139 609 3169 &
628 3138 768 3170 Ministris
785 3140 884 3171 nostris
897 3165 907 3180 ,
930 3143 1109 3179 praesentibus
1131 3145 1164 3176 &
1191 3146 1267 3177 futu—

196 3180 232 3200 ris
246 3194 255 3209 ,
273 3181 396 3210 quorum
415 3175 547 3214 interest,
565 3177 645 3214 quod
665 3179 812 3216 praefaros,
837 3180 1000 3220 Magistrum
1019 3181 1058 3216 ό
1079 3183 1213 3223 Scolares,
1232 3187 1266 3216 ὃς

196 3208 376 3253 Succefforcs
399 3213 461 3244 suos
484 3237 493 3252 ,
520 3215 649 3253 praesenti
672 3216 864 3248 Conceffione
890 3218 988 3250 nostra
1006 3242 1015 3256 ,
1045 3222 1072 3250 in
1099 3221 1193 3253 forma
1211 3224 1267 3261 qui

196 3248 368 3316 fraedrdium
386 3252 426 3282 est
439 3275 448 3290 ‚
467 3254 508 3284 uti
522 3254 555 3284 ὃ(
569 3254 689 3293 gaudere
704 3257 867 3293 permittant
884 3257 987 3296 absque
1001 3257 1205 3291 Molestatione
1220 3266 1266 3292 leu

214 3287 409 3322 mpedimento
428 3301 621 3331 quocumque.

235 3323 270 3355 In
289 3327 384 3364 cujus,
405 3329 467 3358 δίε.

249 3362 319 3395 Dat.
337 3365 413 3403 apud
431 3367 554 3407 Castrum
568 3369 687 3410 nostrum
703 3369 881 3410 Rothomagi,
900 3371 1030 3403 Decimo
1045 3373 1104 3405 Die
1124 3374 1230 3406 Martii.

357 3443 412 3472 Per
422 3443 504 3482 ipsum
518 3447 614 3483 Regem
626 3447 668 3477 ad
685 3446 852 3478 Relationem
868 3450 968 3487 Magni
987 3449 1108 3481 Consilii.

67 3569 174 3606 ⁰X.72.
223 3562 252 3590 *τ
270 3567 378 3599 Litera
404 3565 626 3614 Archiepisbopi
656 3571 875 3618 Burdegalenſss
895 3571 932 3605 de
958 3575 1232 3620 congratulatione.

48 3654 180 3685 Αῃῃ,[),
203 3649 418 3711 SEreniffime
439 3653 473 3685 &
498 3652 682 3685 Invietiffirne
697 3654 832 3693 Princeps
847 3679 857 3694 ,
873 3667 908 3687 ac
924 3657 1121 3698 Benigniffime
1140 3661 1173 3691 ὃ(
1200 3660 1270 3692 Me-

131 3704 142 3723 1

68 3703 124 3730 142
148 3718 153 3723 ,
237 3726 242 3730 ¹
262 3691 438 3721 tuendissime
460 3691 508 3722 Mi
526 3692 657 3722 Domine
689 3694 854 3729 (humilima
876 3695 1176 3729 Recommendatione
1191 3710 1271 3737 prae-

48 3735 100 3760 An.
117 3732 143 3761 8.
204 3726 306 3764 missa)
337 3729 442 3768 scripsit
463 3730 599 3761 Serenitas
628 3730 718 3761 vestra
747 3755 756 3770 ,
786 3734 819 3763 &
841 3734 980 3765 mandavit
1007 3736 1142 3773 quosdam
1169 3738 1272 3768 Nobi-

48 3774 85 3798 Η.
107 3779 133 3804 5,
204 3763 242 3792 les
266 3765 434 3805 Domitios,
466 3770 499 3799 ὃς
532 3770 683 3800 nonnullos
714 3770 892 3802 Scientificos
926 3772 1010 3803 Viros
1030 3797 1039 3811 ,
1070 3775 1150 3813 hujus
1171 3776 1272 3807 vestrae

48 3812 89 3836 Ex
98 3808 163 3835 Bihl.
206 3799 297 3845 Ligiae
316 3805 447 3837 Civitatis
469 3807 674 3847 Burdegalenfis
705 3809 739 3840 ὃς
761 3809 862 3840 Patriae
876 3833 887 3848 ,
916 3809 1065 3847 Magestati
1088 3814 1188 3844 vestrae
1209 3815 1275 3846 Re-

49 3850 108 3873 Cot.
126 3850 179 3874 Ca,-
207 3847 260 3906 {2ae
286 3842 416 3879 subjeetae
447 3847 480 3876 &
504 3847 554 3877 sibi
576 3847 741 3877 adhaerentis
764 3870 773 3885 ,
807 3857 874 3878 cum
908 3852 988 3879 certis
1024 3849 1276 3884 Informationibus

50 3884 139 3919 ligula.
251 3878 501 3921 ,instructionibus
524 3909 534 3922 ,
563 3885 673 3916 Statum
700 3885 803 3917 Patriae
828 3887 973 3923 praediCtae
1001 3888 1035 3920 &
1061 3888 1194 3921 Ducatsis
1226 3903 1276 3922 ve-

52 3925 86 3950 υ
105 3931 133 3958 5,
209 3914 257 3944 stri
273 3917 448 3955 Aequitaniae
470 3925 710 3955 concernentibus
724 3948 735 3963 ,
763 3926 798 3955 ad
820 3924 1000 3956 Praesentiam
1028 3928 1150 3964 ejusdem
1175 3929 1274 3969 vestrae

208 3955 480 4024 ssegtieaeMagestatis
497 3962 648 4002 accedere,
674 3973 728 4003 pto
752 3962 972 3996 Reformatione
996 3964 1065 3997 diCti
1091 3966 1225 4000 Ducatfis
1242 3969 1277 4001 &

237 4003 252 4024 a
281 4004 289 4024 i
315 4016 326 4031 ,

664 71 1476 126 CONVENTIONES‚
1531 71 1920 123 LITERAE‚

1362 158 1408 190 Ac
1425 160 1516 192 voluit
1533 160 1682 192 Celfitudo
1699 159 1790 192 vestra
1813 160 1895 205 quod
1918 159 2145 206 Informationes
2168 159 2202 193 &
2226 158 2398 207 histrus-{io-
2417 155 2496 189 Ann-
2508 156 2551 189 D·

1327 207 1376 228 nes
1391 199 1556 237 hujusmodi
1573 201 1603 230 in
1619 199 1737 240 Scriptis
1752 200 1787 232 &
1803 199 1916 231 Litteris
1930 199 2032 240 Sigillo
2050 211 2119 233 meo
2145 198 2267 239 sigillatis
2286 200 2394 240 redige·
2418 205 2536 271 He1n42}

1319 246 1415 268 rentur
2477 257 2484 265 ·
2527 255 2553 277 υ

1363 260 1442 313 Quive
1456 276 1573 313 quidem
1587 276 1623 308 ad
1640 286 1776 317 magnam
1795 277 1877 309 Corn
1897 277 2046 309 lacentiam
2068 278 2103 310 &
2124 279 2292 320 singularem
2312 276 2397 308 Con-

1323 312 1492 344 solationem
1509 316 1567 345 mei
1583 314 1700 347 humilis
1717 316 1847 348 Oratoris
1929 316 2006 357 Ligii
2025 317 2109 348 vestri
2131 321 2261 356 cedunt,
2286 316 2317 347 R
2355 326 2398 348 rz-

1325 353 1435 391 tiorque
1451 361 1590 392 quantum
1606 355 1687 384 valeo
1701 356 1784 386 eidem
1801 355 1899 396 vestrae
1914 358 2004 393 Regiae
2015 354 2173 396 Celfitudini
2184 357 2220 388 de
2234 364 2314 389 tanto
2363 365 2399 386 o-

1325 400 1396 422 nore
1429 400 1458 421 er
1470 391 1591 422 eandem
1611 391 1823 463 (Ξὸεὶίὶῑᾳᾲίῃειῶ
1830 395 2086 464 πιὶῗὶὴίῃίωιῖξῐιίος
2098 395 2237 465 ξεὲετέἓε
2255 394 2396 466 ἑῐὲῗηξέιὲιε-

1346 438 1374 459 er
1388 440 1404 459 a
1457 439 1559 460 uaecun
1581 440 1616 460 ue
1650 441 1732 462 ervitr
1900 443 1935 464 ati
1949 444 1983 464 ve
2010 443 2048 465 rae
2085 443 2098 464 r
2151 446 2156 452 ·
2224 445 2244 465 o

1326 438 1404 498 {otus
1417 467 1446 499 C
1457 478 1520 499 erus
1555 440 1696 507 ssobsses,
1713 443 1750 502 ὃὲ
1758 443 1873 511 Ὀἰνὲξῗ
1885 482 1918 503 ac
1932 482 2036 504 omnes
2054 443 2164 504 firmia}
2185 458 2224 505 a?
2241 457 2396 504 Habitr'ito-

1326 515 1369 536 res
1382 505 1465 545 hujus
1477 516 1514 538 ve
1542 516 1581 537 rae
1594 507 1713 547 Patriae,
1732 509 1900 547 Magestatis
1913 512 2013 542 vestrae
2035 511 2112 552 Ligii
2130 512 2164 544 δί
2185 512 2294 550 semper
2312 512 2397 542 Fide-

1327 544 1384 582 les,
1402 545 1438 575 de
1452 553 1495 576 tot
1508 546 1543 577 &
1558 547 1640 577 tantis
1652 547 1812 585 magnificis
1829 549 1975 588 Operibus
1988 551 2022 581 δε
2037 551 2187 588 Victoriis,
2205 560 2239 581 ac
2262 550 2398 582 mirandis

1326 582 1512 622 Triumphis,
1531 585 1565 615 &
1579 583 1696 616 strenuis
1709 585 1823 625 Gestis,
1839 597 1890 626 per
1903 587 2104 620 Celsitudinem
2123 589 2266 628 vestram,
2283 598 2314 620 ut
2332 599 2397 634 cre-

1326 622 1435 659 dimus,
1453 623 1486 653 &
1501 624 1571 653 certi
1586 623 1695 661 sumuS,
1712 624 1849 656 divinitus
1875 628 1994 664 peractis
2006 651 2016 666 ,
2037 628 2106 660 Con
2127 628 2272 660 ratulantes
2292 629 2398 672 in.¹m‘

1327 660 1476 699 mensum,
1501 662 1534 693 ὃ(
1558 660 1707 692 Consolati
1726 662 1805 703 supra
1822 663 1968 703 Modum,
1992 667 2090 697 anirno
2102 677 2175 698 iores
2195 668 2230 699 δε
2252 667 2398 698 solidiores

1327 699 1357 728 in
1374 699 1566 731 conservanda
1578 700 1726 732 Fidelitate
1758 704 1788 732 in
1803 701 1950 733 Dominio
1964 703 2127 744 Magestatis
2140 706 2240 737 vestrae
2257 715 2396 746 augmen-

1327 738 1434 776 tando,
1449 739 1482 770 &
1498 739 1526 769 in
1543 739 1655 770 cunetis
1669 739 1704 770 ad
1722 725 1850 772 ssaudem
1866 742 1900 772 δε
1915 740 2049 786 Gloriam
2062 743 2204 776 Nominis
2225 744 2313 778 vestri
2332 745 2395 785 glo-

1326 776 1391 806 n'ofi
1405 777 1586 816 peragendis,
1603 778 1703 809 effedti
1717 779 1810 810 sumus
1831 780 1866 811 &
1886 779 2071 820 consolidati,

1364 814 1434 846 Nec
1452 818 1615 854 immerito,
1632 827 1769 857 quantum
1781 819 1941 857 hujusmodi
1959 818 2117 858 vietoriae,
2135 821 2168 851 &
2189 821 2220 852 Ο
2272 832 2288 853 a
2303 821 2397 854 vestra

1345 853 1447 885 loriosa
1462 856 1495 886 ὃ(
1511 855 1680 895 magnifica,
1696 858 1726 887 in
1741 856 1894 888 Personam
1909 857 2007 898 vestrae
2027 862 2117 896 Regiae
2132 832 2296 898 Μαςεβῗὲὶε
2314 883 2325 900 ,
2343 871 2394 899 per

1359 902 1428 923 eum
1444 893 1703 939 Omnipotentenb
1720 896 1893 940 cunctorum
1906 896 2072 928 Hominum
2101 897 2303 929 plasmatorem
2320 921 2330 937 ,
2348 900 2398 938 qui

1326 931 1434 962 cun&a
1447 932 1568 970 disponit
1583 933 1617 964 &
1629 934 1757 979 ordinat,
1774 936 1938 980 mirabiliter
1951 936 2082 980 peracta,
2098 937 2168 967 sicut
2182 937 2258 967 bene
2276 935 2399 980 Oelfitu-

1325 970 1367 1039 fi?
1378 969 2398 1053 gg‘gffig‘gffingfflyffiaeffinfibgtgzugffifffgssnggffigg·

1327 1017 1446 1117 Gffatgcfii,
1463 1049 1498 1079 &
1514 1047 1628 1080 Virtute
1639 1049 1814 1089 procedere,
1838 1035 1910 1082 cii’m
1930 1053 2028 1083 omnis
2048 1052 2177 1084 Potestas
2195 1053 2232 1084 ab
2251 1062 2289 1085 eo
2310 1053 2344 1086 fit
2361 1038 2400 1086 &t¹

1324 1095 1397 1124 proc
1434 1095 1471 1118 at.
2324 1131 2331 1136 Ι

1365 1124 1404 1169 Et
1418 1125 1534 1169 oblioc
1547 1125 1638 1165 ipsum
1654 1125 1755 1158 Deum
1769 1126 2015 1173 Omnipotentem
2029 1128 2116 1168 Nos,
2133 1130 2242 1179 praesati
2256 1130 2333 1176 Ligu
2348 1140 2400 1162 ve-

1326 1161 1375 1193 stri
1389 1164 1423 1195 &
1439 1164 1563 1204 Fideles,
1578 1175 1634 1204 pro
1648 1164 1728 1197 Statu
1741 1166 1836 1198 vestro
1848 1168 1986 1205 feliciori,
2001 1178 2056 1208 pro
2069 1168 2169 1200 Gratia
2183 1169 2317 1207 ampliori
2334 1191 2345 1207 ,
2361 1178 2398 1202 ac

1326 1200 1464 1234 Victoriis
1477 1204 1576 1234 vestris
1594 1205 1628 1236 &
1649 1203 1818 1245 Triumphis
1832 1206 1941 1243 semper
1965 1207 2177 1245 augmentandis
2190 1230 2199 1246 ,
2225 1217 2294 1239 cum
2321 1208 2397 1240 Pro-

1324 1241 1494 1273 cessionibus
1509 1243 1542 1274 &
1559 1242 1743 1274 Orationibus
1756 1247 1784 1274 in
1801 1243 1917 1276 Divinis
1935 1243 2069 1285 Officiis,
2093 1256 2159 1286 quae
2191 1246 2297 1279 cotidie
2314 1257 2397 1286 pera·

1322 1281 1431 1319 gimus,
1445 1280 1614 1313 inceffimier
1629 1283 1823 1323 deprecamur.

1360 1318 1471 1351 Gratias
1482 1320 1633 1352 immensas
1646 1321 1739 1352 eidem
1753 1322 1904 1353 referentes
1916 1345 1926 1361 ,
1944 1330 2082 1362 quantum
2097 1324 2238 1355 credimus
2252 1334 2314 1369 pro·
2329 1333 2394 1356 cer-

1323 1365 1355 1386 to
1364 1379 1373 1395 ,
1391 1368 1446 1396 pro
1458 1367 1539 1389 tanto
1557 1361 1622 1397 quia
1635 1371 1651 1391 a
1666 1361 1769 1391 humili
1784 1362 1817 1393 ὃ(
1831 1364 1911 1392 bono
1924 1360 2042 1401 Corde,
2061 1371 2095 1393 ac
2108 1363 2188 1394 recia
2212 1363 2394 1403 Intentione,

1321 1395 1354 1425 ὃ(
1371 1396 1416 1434 pia
1429 1396 1536 1428 Mente
1547 1398 1637 1429 Gesta
1647 1398 1740 1430 vestra
1754 1400 1932 1440 procedunt,
1948 1410 1981 1431 ea
1992 1400 2099 1439 semper
2115 1401 2252 1432 Domino
2266 1401 2336 1433 Deo
2350 1410 2396 1434 at-

1320 1435 1492 1474 tribuendo,
1510 1438 1519 1466 i
1542 1437 1689 1476 fiusque&
1704 1437 1881 1483 Sanctorum*
1888 1439 2004 1470 suorum
2025 1439 2165 1485 Ecclesias
2178 1440 2292 1510 ἒεῆξὶα
2311 1441 2396 1473 Loca

1321 1474 1929 1559 {Eiissssasnssssaiffiss'Yffi‘sseufficssiffisssffissss
1940 1479 2396 1563 igenmdisss‘sstssfliffopffipssssssffle

1320 1552 1356 1582 &
1371 1552 1540 1584 laudabiliter
1556 1563 1569 1583 r
1588 1554 1699 1593 vendo,
1718 1555 1798 1592 quod
1814 1555 1894 1593 super
1905 1565 2006 1599 omnes
2027 1556 2110 1594 hujus
2131 1556 2226 1588 Seculi
2246 1556 2343 1597 Reges
2360 1558 2396 1588 δε

1320 1588 1468 1629 Principes
1482 1593 1562 1623 vobis
1589 1593 1706 1623 :tatiani
1721 1596 1754 1624 &
1769 1594 1905 1625 virtutem
1921 1594 1997 1624 dedit
2011 1604 2045 1625 ac
2059 1595 2206 1634 Laudem,
2225 1594 2345 1626 Famam
2358 1596 2395 1627 &

1321 1627 1474 1668 Gloriam,
1492 1631 1520 1660 in
1534 1640 1702 1670 perpetuum
1717 1632 1807 1675 dabit,
1823 1632 1856 1662 &
1873 1631 1989 1675 finaliter
2005 1632 2123 1663 Animae
2140 1633 2240 1680 vestrae
2255 1634 2396 1665 Salvatio-

1319 1677 1386 1698 nem
1416 1678 1483 1706 quas
1497 1668 1572 1699 idem
1589 1669 1669 1699 Deus
1685 1668 1880 1708 Omnipotens
1891 1669 2007 1709 ejusdem
2022 1670 2122 1710 vestre
2139 1674 2230 1710 Regrae
2249 1671 2392 1712 Magella-

1320 1711 1356 1736 tis
1376 1690 1504 1737 Persona:
1517 1717 1610 1746 parare
1625 1707 1755 1747 dignetur
1768 1708 1816 1738 sua
1829 1708 1970 1739 immensa
1987 1708 2126 1740 Bonitate.

1356 1744 1460 1784 Script.
1477 1746 1669 1785 Burdegaliae,
1688 1745 1749 1777 Die
1763 1746 1889 1777 Decima
1904 1746 2013 1778 Mensis
2028 1747 2136 1779 Martii.

1356 1821 1525 1853 Excellentis
1539 1823 1638 1863 vestrae
1653 1827 1817 1855 Serenitatis
1833 1822 1941 1854 humilis
1956 1826 2056 1863 Ligius
2069 1821 2109 1860 ὁ·
2131 1823 2246 1855 devotus
2268 1823 2392 1863 Capella}

1424 1873 1475 1892 nus
1492 1862 1531 1898 ὠ·
1548 1866 1652 1893 Orator
1670 1862 1769 1903 vester,

1476 1938 1519 1970 D.
1539 1940 1915 1973 ARCHIEPISCOPUS
1935 1940 2252 1974 BURDEGALEN.

1671 2086 1731 2118 Pro
1756 2086 1842 2119 Duce
1863 2082 2024 2120 Burbom'ae.

1312 2167 1452 2226 REX,
1471 2167 1650 2210 Capitaneis,
1669 2169 1910 2210 constabulariis,
1928 2170 1985 2205 swe
2000 2170 2246 2216 Gubernatoribus
2259 2171 2295 2202 de
2311 2171 2387 2213 Ley-
2401 2169 2478 2202 Am.
2493 2172 2538 2204 D;

1383 2208 1457 2238 born
1472 2210 1505 2240 &
1520 2208 1542 2239 F
1544 2209 1644 2241 ronsak
1659 2233 1668 2248 ,
1687 2212 1716 2240 in
1732 2211 1856 2247 partibus
1871 2210 1975 2241 nostris
1991 2211 2190 2250 Aquitanniae,
2220 2212 2256 2243 ὃ(
2282 2221 2383 2242 eorum
2422 2220 2510 2250 1421.

1312 2243 1554 2278 Locatenentibus
1565 2249 1695 2286 ibidem,
1707 2249 1842 2280 Salutem.
2401 2253 2454 2278 Aa.
2469 2251 2499 2279 8·

1352 2285 1434 2316 Cum
1450 2286 1604 2318 carissimus
1618 2286 1852 2327 Consanguineus
1866 2287 1980 2327 noster,
1998 2287 2146 2326 Johanner
2163 2291 2235 2320 Dux
2258 2289 2385 2321 Barbari·
2399 2293 2434 2318 H.
2448 2299 2476 2325 5-

1312 2326 1364 2353 niae
1378 2326 1434 2355 Sex
1450 2324 1583 2357 Personas
1593 2349 1602 2365 ,
1622 2326 1658 2357 de
1672 2327 1696 2357 F
1697 2327 1868 2358 amiliaribiis
1884 2327 1918 2358 &
1933 2327 2125 2358 Servientibus
2145 2327 2214 2367 suis,
2237 2328 2324 2372 usque
2343 2329 2388 2360 di·
2401 2332 2490 2357 Norm.
2508 2328 2535 2357 8-

1311 2364 1370 2393 ctas
1386 2362 1482 2395 Partes
1497 2365 1692 2404 Aquirannffl,
1708 2367 1741 2398 &
1758 2367 1904 2406 praecipue
1919 2365 1953 2397 ad
1969 2364 2125 2397 Civitatem
2139 2366 2387 2407 Burdegaliae,pro
2402 2371 2436 2394 H·
2455 2376 2482 2402 5-
2493 2392 2500 2405 .

1310 2402 1343 2432 δε
1359 2402 1439 2441 super
1451 2405 1531 2434 certis
1546 2404 1681 2443 Negotiis
1696 2404 1748 2434 suis
1760 2405 1867 2435 ibidem
1881 2405 2050 2443 exequendis
2063 2405 2097 2436 &
2110 2406 2307 2444 expediendis,
2321 2417 2386 2446 quae
2400 2411 2428 2442 p-
2448 2414 2475 2433 2·

1310 2439 1513 2473 Commodum
1530 2444 1563 2473 ὃ(
1580 2442 1750 2474 Proficuum
1763 2443 1876 2474 nostros
1889 2453 2082 2482 concernunt,
2096 2445 2222 2475 intendat
2237 2445 2385 2483 destinare,
2402 2453 2438 2471 m·
2455 2452 2481 2477 7·

1353 2480 1492 2519 *Quibus
1507 2481 1563 2511 Sex
1579 2481 1710 2513 Fericinis
1724 2481 1855 2513 nostrun·
1871 2482 1978 2513 salvum
1993 2483 2027 2514 δε
2040 2483 2170 2526 securum
2183 2482 2387 2529 Condmstum,
2419 2481 2477 2515 *Xr
2488 2489 2532 2518 73-

1308 2527 1358 2556 per
1375 2520 1481 2550 Literas
1496 2520 1624 2551 Patentes
1637 2544 1648 2560 ,
1665 2520 1888 2559 Conceffimus,
1907 2530 1991 2559 prout
2004 2522 2034 2550 in
2049 2521 2153 2551 eildem
2177 2521 2288 2561 plenius
2308 2531 2383 2552 con-

1308 2567 1414 2588 [inetur

1348 2581 1463 2627 Idciico
1478 2598 1576 2635 vobis,
1595 2598 1628 2628 &
1643 2598 1758 2628 cuilibet
1774 2597 1921 2635 vestrum,
1944 2596 2061 2627 firmiter
2082 2596 2276 2636 injungendo,
2295 2597 2385 2643 M.²¹¹‘

1309 2634 1408 2665 damus
1421 2637 1549 2674 quatinus
1560 2635 1706 2675 praedictas
1719 2636 1774 2666 Sex
1796 2635 1951 2678 Personas,
1971 2638 2046 2679 'cutm
2067 2634 2102 2665 ad
2124 2635 2158 2665 &
2179 2644 2228 2674 per
2249 2637 2385 2680 praedicta

1310 2673 1393 2704 Loca
1408 2673 1498 2703 vestra
1512 2675 1733 2712 declinaverint,
1749 2675 1873 2713 benigne
1889 2682 2027 2711 recipiatis
2047 2673 2080 2703 &
2106 2674 2385 2719 pertractetis-'prout

1313 2711 1397 2741 decet
1414 2734 1423 2749 ,
1442 2722 1555 2742 necnon
1571 2714 1655 2750 ipsas,
1670 2722 1739 2743 cum
1753 2712 1857 2751 Equis,
1883 2711 1986 2751 Bonis,
2012 2710 2114 2741 Rebus
2129 2734 2138 2750 ,
2166 2711 2308 2758 Cariagiis·
2319 2715 2383 2758 2&

1308 2749 1453 2780 Hei‘nefiis
1467 2751 1534 2788 suis,
1553 2761 1569 2781 a
1585 2751 1669 2781 Locis
1684 2749 1782 2781 vestris
1796 2751 1829 2781 &
1845 2750 1991 2792 cujussibet
2003 2749 2148 2795 vestrum,
2166 2751 2252 2795 usque
2271 2750 2382 2783 Civita-

1307 2797 1367 2818 tem
1387 2788 1514 2819 nostram
1531 2789 1697 2826 praedictam
1715 2811 1724 2827 ,
1746 2798 1815 2819 cum
1838 2789 1989 2819 sufficienti
2011 2787 2140 2818 Stuffiira
2161 2788 2304 2835 Gentium
2323 2791 2382 2821 Ar-

1308 2837 1424 2857 morum
1441 2830 1473 2859 ὃς
1488 2828 1524 2858 de
1537 2827 1646 2859 Trac‘tu
1663 2829 1672 2863 (
1689 2827 1711 2857 si
1724 2836 1773 2865 pet
1797 2827 1903 2859 easdem
1925 2826 2060 2858 Personas
2080 2828 2113 2857 ad
2135 2828 2194 2858 hoc
2210 2827 2318 2872 fueritis
2335 2839 2379 2860 re-

1327 2866 1416 2900 uisiti)
1435 2867 1511 2896 salvi)
1527 2867 1560 2898 &
1575 2867 1670 2897 secure
1686 2866 1813 2896 conduci
1823 2865 1930 2897 faciatis
1949 2866 2018 2902 (suis
2039 2873 2135 2896 tamen
2157 2865 2326 2903 Sumptibus
2342 2870 2379 2901 &

1324 2904 1438 2940 ‘xpenlis
1447 2912 1456 2942 )
1476 2906 1509 2936 &
1524 2905 1581 2936 hoc
1597 2905 1752 2936 nullatenus
1767 2906 1915 2936 omittatis:
1933 2926 1936 2931 .
2027 2942 2033 2947 ¹
2152 2942 2158 2948 ι

1342 2942 1463 2974 Proviso
1477 2945 1584 2982 semper
1602 2944 1682 2982 quod
1696 2944 1745 2983 ipsi
1759 2944 1826 2983 quic
1847 2952 1922 2980 uam,
1931 2942 2008 2981 quod
2025 2951 2055 2971 in
2071 2940 2158 2985 nostri
2171 2950 2377 2986 contemptum

1303 2982 1349 3011 vel
1367 2982 1581 3022 praejudicium,
1597 2984 1643 3013 seu
1666 2982 1768 3020 Populi
1791 2992 1831 3012 no
1858 2983 1878 3011 ri
1899 2981 2059 3024 dampnum
2074 3003 2083 3018 ,
2106 2980 2260 3019 aliqualiter
2277 2983 2377 3027 cedere

1302 3021 1406 3059 valeat,
1426 3031 1486 3051 non
1501 3030 1687 3060 attemptent,
1706 3021 1752 3051 seu
1771 3020 1876 3051 faciant
1889 3019 2109 3063 quomodolibet
2131 3028 2301 3065 attemptari.

1340 3059 1410 3090 Dat.
1427 3061 1500 3100 apud
1519 3060 1643 3101 Castrum
1658 3062 1737 3098 Regis
1754 3057 1915 3096 Rothomagi
1929 3057 2106 3089 duodecimo
2119 3056 2165 3088 die
2178 3057 2287 3090 Martu.

1447 3218 1497 3250 De
1520 3213 1749 3260 Confirmatione
1765 3225 1821 3261 pro
1846 3215 1959 3248 Sanfla
1982 3215 2106 3262 Capella
2127 3217 2229 3251 Paris.
2286 3220 2287 3223 ’

1308 3300 1363 3355 R
1376 3299 1454 3368 E)I<,
1473 3298 1638 3337 Omnibus,
1655 3300 1690 3331 ad
1694 3309 1796 3369 ὅξος,
1815 3300 1876 3332 &c.
1895 3299 2028 3345 Salutem.
2096 3340 2102 3345 .
2248 3343 2253 3350 .
2358 3357 2372 3364 -
2391 3332 2420 3365 Α
2478 3334 2511 3367 D

1440 3347 1462 3369 N
1474 3346 1674 3369 SPEXIMUS
1754 3349 1827 3376 tam,
1845 3339 1962 3371 celebris
1979 3340 2264 3384 memoriae,Karolt,
2277 3350 2357 3386 quoii
2421 3345 2471 3366 ¹¹¹¹·
2512 3360 2521 3367 ·

1303 3378 1369 3409 darn
1385 3380 1507 3407 Franciae
1523 3376 1562 3414 ό·
1577 3379 1725 3408 Navarrae
1739 3380 1819 3416 Regis
1835 3401 1845 3416 ,
1864 3378 2058 3418 Progenitoris
2076 3377 2184 3417 nostri,
2211 3379 2316 3412 factam
2341 3389 2371 3410 in
2411 3383 2498 3413 ¹421·

1298 3418 1362 3448 haec
1377 3417 1472 3456 verba,
2389 3416 2459 3487 gns
2459 3413 2490 3442 8

1338 3493 1459 3525 Karolus
1474 3493 1533 3524 Dei
1546 3492 1650 3532 gratia,
1670 3496 1793 3523 Franciae
1812 3492 1851 3528 &
1871 3496 2015 3524 Navarrae
2034 3498 2104 3525 Rex.
2384 3495 2444 3520 ΡΜ.
2458 3490 2489 3520 8·

1341 3536 1448 3563 Notum
1454 3531 1574 3570 facimus
1589 3533 1735 3570 universis,
1755 3535 1815 3563 tam
1831 3534 2028 3572 praesentibus,
2045 3535 2131 3572 quam
2145 3533 2255 3572 futuris,
2280 3532 2368 3573 Nos,
2387 3535 2479 3558 Norm.
2493 3529 2520 3558 8-

1302 3571 1436 3603 karisfimi
1448 3571 1573 3601 Domini
1588 3570 1720 3609 Philippi,
1737 3573 1882 3609 quondam
1906 3572 2053 3603 dierorum
2065 3571 2241 3610 *Regnorum
2262 3574 2342 3610 Regis
2361 3595 2371 3612 ‚
2390 3573 2425 3597 H·
2446 3577 2476 3604 5·

1301 3611 1442 3642 Germani
1457 3609 1562 3647 nostri,
1580 3609 1703 3648 Literas,
1721 3611 1750 3639 in
1772 3609 1847 3641 Cera
1866 3610 1950 3641 viridi
1964 3610 2102 3648 sigillatas,
2121 3608 2241 3648 Vffiffi,
2350 3650 2356 3656 .
2387 3615 2414 3646 p.
2426 3614 2521 3646 3.m.3.

1339 3650 1473 3688 Qiarum
1489 3648 1641 3679 Tenorem
1655 3649 1791 3686 totalem,
1809 3650 1842 3679 ἃ
1857 3649 1892 3680 de
1911 3648 2000 3680 verbo
2010 3647 2045 3678 ad
2060 3647 2181 3678 verbum
2195 3672 2203 3686 ,
2227 3648 2371 3687 praesentl-

1301 3690 1354 3720 bus
1368 3687 1448 3718 inseri
1463 3686 1583 3718 fecimus
1596 3688 1626 3716 in
1638 3687 1715 3718 hunc
1729 3687 1870 3726 modum,

1340 3774 1487 3814 Philippus,
1507 3775 1565 3806 Dei
1579 3777 1680 3816 gratia,
1699 3779 1821 3806 Franciae
1835 3772 1875 3809 ὠ·
1890 3775 2037 3818 Νςνυαννι
2057 3777 2126 3820 Refc.
2173 3815 2178 3820 ι
2320 3816 2326 3822 .

1342 3815 1423 3845 Deus
1437 3815 1509 3853 ipse,
1529 3815 1595 3845 Rex
1609 3815 1764 3854 Regnum,
1782 3814 1817 3844 δε
1837 3812 1984 3856 Dommus
2006 3812 2249 3860 Dormnantium,
2267 3814 2376 3847 Altiffi-

1308 3863 1387 3890 muS,
1405 3854 1441 3883 ab
1456 3854 1566 3884 excelso
1581 3854 1638 3884 suae
1650 3854 1785 3885 bonitatis
1802 3852 1929 3889 irriguo,
1950 3861 1981 3894 in
2002 3851 2120 3897 atridam
2136 3852 2308 3898 *Rgionem
2323 3854 2376 3886 ha-

1308 3893 1449 3922 bitationis
1472 3893 1604 3923 humanae
1628 3892 1666 3923 fic
1690 3893 1834 3923 Ymbrem
1855 3888 1974 3919 salutaris
1999 3889 2174 3922 Devotionis
2191 3892 2316 3923 infundit
2339 3893 2375 3924 δε

1310 3929 1441 3967 Rorem,
1457 3931 1537 3968 quod
1552 3940 1691 3968 concepta
1703 3927 1842 3961 divinitus
1857 3928 1887 3956 in
1901 3925 2017 3958 Patrum
2034 3927 2180 3961 Cordibus
2194 3930 2291 3970 Opera
2304 3929 2376 3962 San-

1313 3969 1414 4000 &iratis
1425 3968 1459 3998 ad
1475 3969 1591 4006 plenum
1607 3969 1744 4006 compleri
1758 3964 1908 4009 interdum.
1917 3976 1976 3997 non
1991 3967 2068 4007 sinit,
2087 3968 2132 3999 sed
2146 3969 2248 4001 eadem
2262 3977 2378 4008 proten-

1314 4006 1356 4039 dit
1367 4006 1402 4038 ad
1416 4006 1520 4045 Filios,
1539 4008 1610 4038 utin
1625 4005 1777 4039 succeffiva
1788 4003 1947 4044 Propagine
1969 4015 2149 4047 nequaquam
2167 4006 2382 4080 ἀεςωαξὲῃῐὲιᾶ
