2562 4274
25 229 103 260 Ann.
113 228 154 259 D.

168 149 224 186 66

169 239 233 260 rum
252 227 287 259 de
304 227 434 265 Rouen,
452 235 506 264 pro
528 223 625 255 Vadiis
641 222 751 262 Viginti
770 221 803 251 &
825 220 957 258 Qatuor
982 215 1173 248 Soldariorum
1189 214 1245 250 (vi-

631 96 1884 179 coNvENTioNEs,Lt·1-ERAE‚

1323 211 1465 251 Escaeton·
1487 214 1566 251 Regis
1584 214 1613 242 in
1638 214 1712 242 eom.
1727 209 1816 249 Salop.
1836 220 1869 240 ac
1883 206 1996 240 March.
2014 206 2099 240 Wall.
2117 207 2201 240 eidem
2216 210 2288 241 Com.
2305 210 2357 243 ad-
2377 201 2456 236 ΑΠΗ-
2470 203 2515 236 D.

51 277 136 306 1422.
170 268 284 304 delicet)
308 267 361 297 Sex
392 265 560 295 Hominum
583 263 618 292 ad
648 262 758 299 Arma,
777 260 810 290 &
839 259 954 289 Decem
973 256 1006 286 δε
1024 254 1107 285 Οὸὶο
1126 254 1246 293 Sagitta-
1284 250 1446 289 jacentibus.

23 311 87 335 Hm.
99 316 129 345 5.

27 1145 103 1177 Ann.
119 1142 163 1174 D.

48 1193 132 1222 1422.

24 1227 78 1251 An.
99 1233 141 1251 ιο.

25 1266 60 1290 H.
79 1271 105 1295 5.

61 1300 127 1329 [bid.

23 1565 160 1601 ⁰X.215.

27 2091 152 2122 AnnD.

47 2140 131 2169 1422.

25 2174 77 2197 Aa.
98 2180 139 2197 ιο.

25 2213 58 2236 H.
82 2217 108 2242 ς’.

26 2248 97 2273 Exit.
113 2246 140 2273 de

27 2289 108 2312 Ter-n.

25 2324 161 2358 Pafcbdo.

26 2403 100 2426 Penes

26 2441 95 2465 Ger.

25 2476 86 2507 J'cll.

170 308 300 344 riorum,
318 306 354 335 de
381 303 553 334 Garnilione
578 300 734 339 praedic'ta,
752 309 804 339 pro
835 307 896 329 uno
923 294 1025 326 Mense
1045 294 1182 332 proximo
1201 291 1246 323 fu-

173 354 297 421 ωιᾶὖοε
319 380 352 410 ad
374 378 608 410 Conducendum
630 387 722 409 certos
743 374 916 405 Prisonarios
934 371 1046 403 nostros
1065 369 1149 409 usque
1164 370 1197 401 ὃς
1216 370 1246 400 in

173 421 312 459 Regnum
337 418 466 448 nostrum
493 417 606 455 Anglix
631 415 783 454 specialiter
810 412 1017 443 Ordinavimus
1036 409 1070 440 &
1087 409 1246 447 Deputavi-

178 469 242 490 mus

215 482 264 527 De
288 494 418 525 Denariis
443 493 545 524 nostris
567 492 654 523 solvas
675 491 708 521 &
728 490 882 527 deliberes,
899 488 938 520 Et
962 487 1020 517 hoc
1044 486 1198 517 nullatenus
1213 490 1247 516 0-

176 544 268 566 mittas
288 544 294 562 ε

214 573 262 603 De
288 572 387 610 quibus
408 570 535 601 Centum
559 571 590 600 ὃ(
614 568 831 607 Qiinquaginta
857 565 949 596 Scutis
964 566 993 594 in
1009 563 1161 601 Compoto
1178 571 1248 601 tuo,

174 621 292 648 eoram,
310 610 416 640 dilediis
441 611 473 641 δε
501 609 628 638 fidelibus
652 607 773 643 nostris,
790 605 974 635 Thesaurario
993 603 1091 632 nostro
1111 602 1247 633 Generali

176 650 387 686 Normanniae,
397 658 429 678 ac
442 648 587 678 Gentibus
602 647 638 677 de
652 645 773 676 Camera
788 643 883 674 nostri
893 642 1110 680 Compotorum
1127 641 1246 679 ibidem,

176 688 226 720 Te
237 688 368 718 volumus
380 687 476 716 debite
493 687 633 722 Aliocari3
1050 719 1055 723 η

211 727 327 766 Qiibus
345 725 531 756 Thenai-ario
555 726 587 755 Sc
607 723 767 759 Gentibus,
786 720 906 761 Tcnore
924 718 1125 757 Praesenrium,
1143 717 1245 748 distin-

174 766 223 797 Cte
246 765 416 795 Mandamus
433 764 528 802 quod,
547 764 608 793 vilis
622 761 827 797 Praesentibus,
844 759 871 788 id
890 759 992 788 iaciant
1008 758 1112 796 absque
1130 766 1244 788 contra-

174 804 304 835 diffione
321 812 501 841 quacumque

211 842 302 874 Teste
319 842 400 882 Rege
415 842 488 879 apud
503 839 626 880 Castrum
635 837 715 879 fisum
733 836 910 874 Rothomagi,
922 836 1062 867 vicesimo
1080 835 1125 866 die
1139 833 1221 866 Maii.

832 916 887 944 Per
904 912 986 952 ipsium
1003 914 1108 950 Regem.

465 1053 560 1095 Super
587 1046 783 1080 condumam
804 1043 957 1093 praedista.

177 1135 257 1194 RE
270 1135 301 1167 X
322 1135 470 1180 Willielmo
486 1139 564 1178 Sapei·
580 1133 616 1178 de
629 1132 783 1171 Hampton
793 1154 802 1169 ,
822 1129 957 1160 Salutem.
1007 1168 1012 1173 ι
1225 1167 1231 1173 ⁸

285 1176 362 1206 Scias
375 1176 455 1213 quod
470 1175 676 1212 Asszgnavimus
688 1172 736 1201 Te
751 1170 784 1200 ad
798 1167 941 1207 quandam
957 1167 1149 1206 Balingeram,
1166 1166 1249 1197 habi—

174 1211 230 1242 lem
251 1214 283 1244 δε
308 1214 516 1251 sufficientem,
535 1221 587 1251 pro
610 1209 775 1241 reducendo
798 1209 884 1245 usque
907 1207 941 1237 ad
964 1208 1012 1249 has·
1034 1215 1123 1243 partes
1138 1205 1247 1236 nostras

173 1250 367 1320 fformanniae
388 1252 495 1292 Viginti
517 1253 550 1282 ὃς
575 1251 710 1286 Quatuor
729 1248 872 1279 soldarios
894 1245 1069 1276 Garniiionis
1083 1244 1187 1275 nostrae
1209 1244 1246 1275 de

205 1301 310 1368 (ἓξὲξ,
327 1329 364 1359 de
390 1328 536 1367 praesenri,
552 1327 587 1358 ad
609 1323 844 1357 Conducendum
870 1331 962 1353 certos
981 1321 1167 1358 Prisonarios,
1197 1330 1246 1358 per

172 1366 243 1435 113103
261 1370 288 1397 in
306 1367 440 1411 Regnum
455 1368 585 1398 nostrum
602 1365 714 1405 Angliae
728 1363 974 1399 transmittendos,
989 1362 1194 1391 Ordinavimus
1210 1362 1243 1391 δε

277 1416 320 1435 avi

208 1416 453 1483 {gigitilateni'usgfim
476 1455 524 1482 per
546 1443 617 1481 ipsos
630 1464 640 1481 ,
664 1441 709 1472 seu
730 1440 823 1471 saltem
844 1439 969 1477 ipsorum
992 1436 1244 1477 Gubernatorem,

174 1484 258 1514 fueris
278 1484 438 1522 requisitus,
458 1485 648 1520 ubicumque,
666 1480 735 1510 infra
751 1479 870 1508 Portum
885 1477 1088 1514 Hamptoniae,
1108 1477 1165 1506 iive
1178 1477 1243 1506 alios
1295 1491 1311 1494 -ν

176 1521 281 1553 Portus
302 1523 396 1553 cidem
419 1522 575 1561 adjacentes
590 1521 634 1550 seu
650 1520 772 1554 vicinos,
788 1518 910 1554 reperire
924 1517 1044 1553 poteris,
1063 1515 1243 1552 Capicndum

173 1561 208 1592 ὃ(
233 1561 440 1598 Arestandum,
464 1562 496 1590 ὃ(
518 1570 585 1590 cum
610 1557 750 1596 Magistro
768 1557 801 1587 δε
817 1557 834 1575 ¹*
855 1555 1010 1585 Marinariis
1033 1553 1174 1592 ejusdem,
1191 1563 1244 1593 pro

173 1609 277 1630 eorum
291 1600 415 1637 salario,
432 1609 482 1636 pro
496 1600 527 1629 ὃς
546 1597 681 1627 Nomine
696 1594 813 1631 nestro,
829 1592 1092 1631 Conveniendum,

215 1638 264 1669 De
289 1648 347 1676 quo
366 1638 485 1674 Silano,
505 1646 554 1674 per
577 1636 625 1665 Te
646 1642 791 1665 convento
811 1635 844 1665 δε
865 1632 1058 1669 concordam,
1077 1632 1104 1660 in
1120 1630 1242 1669 ipsorum

176 1677 340 1708 Adventum
351 1699 359 1713 ,
377 1678 404 1705 in
423 1675 494 1705 vill-li
511 1674 604 1705 nostra
621 1673 657 1704 de
673 1672 798 1709 Rouen,
815 1682 864 1711 per
878 1670 1093 1701 Thesaurarium
1110 1669 1240 1700 nostrum

175 1715 367 1747 Normanmae
383 1715 453 1744 solvi
468 1715 500 1744 δε
517 1713 671 1743 contentari
687 1712 842 1747 faciemu53

210 1755 248 1785 Et
260 1754 325 1783 ideo
342 1753 411 1783 Tibi
431 1752 613 1791 Praecipimus
627 1751 707 1791 quod
725 1751 801 1780 circa
816 1747 979 1787 Praemissa,
1000 1746 1063 1778 &c-

214 1793 326 1822 Damus
345 1801 453 1830 autern,
469 1793 530 1822 &a

214 1830 248 1862 In
268 1832 361 1868 cujus,
381 1832 442 1861 ἃς.

247 1869 336 1900 Teste
352 1878 381 1899 ut
398 1869 477 1907 supra
492 1867 630 1899 vicesimo
645 1866 691 1897 die
708 1865 790 1896 Maii.

482 1996 532 2027 De
550 1993 730 2039 pristinariis
741 1989 938 2038 [ιφναάῐὲἶὶς.

176 2082 336 2137 ROberto
355 2079 585 2119 lb'hitgreve,uni
602 2077 638 2109 N
640 2085 830 2108 umeratorum
844 2076 881 2106 de
900 2073 1030 2112 Recepta
1043 2073 1200 2112 Scaccarii,
1218 2074 1247 2103 in

243 2121 374 2152 Denariis
384 2144 393 2158 ,
411 2121 462 2150 sibi
481 2119 600 2150 liberatis
615 2127 663 2154 per
680 2115 786 2146 Manus
802 2115 936 2154 proprias,
954 2123 1008 2151 pro
1023 2113 1137 2145 diverfis
1151 2112 1249 2144 Custi-

176 2158 229 2190 bus
250 2161 284 2192 &
306 2158 456 2197 Expensis,
477 2167 525 2197 per
550 2157 642 2194 ipsum
659 2164 747 2194 nuper
762 2153 858 2192 fastis,
876 2153 912 2183 de
930 2152 1072 2183 Mandato
1089 2153 1196 2190 Regis,
1212 2151 1249 2182 de

178 2196 294 2230 Parifius
312 2197 396 2237 usque
412 2196 612 2232 Londoniam,
632 2195 708 2225 circa
723 2192 866 2222 oliverum
880 2193 1004 2229 Maune,
1020 2192 1167 2220 Ricardum
1179 2189 1250 2229 Ceffi

177 2235 367 2277 Capitanetim
381 2237 416 2266 de
434 2235 535 2265 Mieux
548 2235 577 2264 in
597 2234 685 2272 Brye,
704 2234 816 2261 Petrum
834 2230 867 2260 de
886 2230 1025 2268 Lupo,&
1039 2231 1166 2269 quinque
1182 2229 1250 2260 alios

179 2275 260 2306 Armi
282 2286 359 2314 eros,
377 2274 549 2305 Prisonarios
570 2272 640 2302 dieti
667 2271 771 2310 Regis,
789 2270 822 2300 &
850 2269 992 2308 quendam
1013 2268 1101 2299 aliurn
1117 2269 1251 2306 Armige-

180 2324 242 2344 rum
262 2285 354 2354 {egis
374 2314 411 2344 de
431 2312 583 2343 Comitatu
605 2309 785 2346 Lincolniae,
808 2308 902 2338 eidem
923 2306 1038 2336 Roberto
1056 2330 1065 2346 ,
1087 2316 1138 2347 pei-
1159 2308 1250 2346 ipsum

176 2352 349 2421 Portunum
367 2352 499 2391 Regem,
517 2349 591 2390 apud
611 2348 729 2379 Pariiius
751 2347 934 2386 praeditstam,
952 2355 1042 2386 nuper
1061 2346 1250 2384 commissos,

188 2393 279 2423 cilicet

212 2430 272 2461 Pro
288 2416 401 2462 ’Batello
425 2427 461 2459 de
486 2427 601 2458 Parisios
623 2424 756 2464 praedicta
775 2423 861 2463 usque
875 2422 1048 2461 caudebec,
1063 2424 1098 2455 &
1114 2423 1251 2464 Eskippa-

175 2478 274 2499 meiito
300 2469 333 2500 &
358 2467 434 2498 salvo
456 2465 615 2497 Conduetu
635 2464 806 2496 eorumdem
831 2462 868 2493 de
889 2461 1008 2493 Harfleu
1029 2462 1113 2502 usque
1139 2461 1251 2493 Portes-

176 2508 278 2538 mouth
303 2509 333 2537 in
357 2505 477 2543 Anglii,
504 2506 537 2537 δε
562 2504 664 2534 deinde
687 2512 740 2546 pro
758 2502 815 2532 aliis
827 2500 1011 2544 Custibus&
1031 2501 1181 2539 Expensis,
1200 2511 1249 2539 per

174 2545 265 2581 ipsum
286 2545 433 2575 Robertum
457 2554 509 2582 pro
530 2543 612 2573 distis
635 2541 796 2572 Priionariis
821 2541 855 2572 &
877 2539 1032 2576 Armigero
1045 2540 1147 2578 factis,
1165 2539 1248 2578 usque

177 2583 362 2614 Londoniam
372 2605 381 2618 ,
400 2593 446 2620 per
465 2582 602 2621 Quinque
616 2580 810 2622 Septimanqs,
823 2589 872 2619 per
887 2577 1154 2610 Considerationem
1167 2579 1249 2610 The-

181 2621 289 2652 saurarii
303 2623 335 2653 ὃς
355 2619 584 2650 Camerariorum
598 2620 633 2650 de
648 2619 800 2649 Scaccario
904 2618 976 2655 xxxij
986 2616 1004 2647 l.

224 2756 273 2788 De
304 2747 528 2797 Nmporalibus
563 2749 753 2794 Epifiopatus
779 2747 1000 2792 Hercfordensts
1027 2747 1202 2781 liberandis.

158 2835 310 2895 ,REX
325 2859 334 2873 ,
360 2835 501 2866 Escaetori
532 2834 580 2864 suo
603 2835 631 2863 in
654 2832 806 2863 Comitatu
829 2831 1008 2862 Herefordiae
1023 2856 1032 2872 ,
1056 2843 1089 2863 ac
1112 2832 1248 2864 Marchiis

266 2875 381 2905 Walliae
400 2875 491 2904 eidem
508 2872 665 2903 Comitatui
681 2872 880 2909 adjacentibus,
900 2871 1034 2902 Salutem.

218 2913 298 2944 Cum
326 2913 470 2943 Dominus
493 2915 612 2941 Summas
632 2908 777 2949 Pontifex,
802 2908 1002 2940 venerabilem
1027 2910 1156 2948 Patrem,
1174 2910 1249 2939 Tho-

183 2964 254 2983 mam
271 2962 357 2990 nuper
381 2951 534 2989 Eptftopum
557 2948 796 2991 Hercfoi·de74s}m,
814 2959 829 2978 a
852 2949 989 2987 vinculo,
1008 2959 1067 2987 quo
1085 2948 1177 2979 eidem
1194 2949 1250 2979 Ec-

143 3023 148 3030 ,
183 2991 273 3021 cleliae
289 2991 449 3028 tenebatur,
468 2989 641 3026 Absolverit,
658 2990 690 3018 ὅ(
706 2989 794 3027 ipsum
810 2988 839 3016 in
854 2986 1027 3026 Episcopum
1044 2987 1250 3019 Cicestrenicm

181 3029 371 3060 Transtulerit

219 3068 264 3099 Ac
282 3051 389 3098 eidem’
399 3065 528 3098 Ecclefie
543 3064 744 3095 Herefordenfi
761 3063 814 3102 de,
833 3064 941 3094 (111εᾶ0
957 3064 1053 3094 Nobis
1069 3065 1097 3094 in
1112 3063 1232 3094 Christo
1243 3088 1251 3103 ,

180 3106 305 3144 Thomd,
324 3115 411 3144 nuper
435 3103 551 3143 Roffezfi
573 3103 694 3140 Elec-10,
712 3103 889 3133 Auctoritate
914 3103 1098 3142 Apostolica,
1116 3105 1250 3142 provide-

181 3148 234 3183 rit,
251 3145 396 3182 ipsumque
414 3144 442 3173 in
460 3143 628 3182 Episcopum
648 3142 721 3172 Loci
736 3141 806 3170 illius
822 3141 979 3179 praefecerit
993 3143 1025 3171 ὃς
1041 3141 1186 3171 Pastorem
1197 3165 1206 3180 ,

220 3184 300 3214 Sicut
319 3193 366 3221 per
383 3183 486 3212 Literas
504 3180 618 3212 Bullatas
634 3180 714 3218 ipsius
726 3178 847 3209 Domini
862 3179 976 3210 Summi
993 3179 1250 3219 Pontificis,nobis

183 3222 258 3290 indieY
266 3222 400 3259 direcTtaS,
421 3221 501 3250 nobis
516 3218 643 3257 constat,

262 3270 293 3289 os

221 3297 281 3327 Pro
299 3282 335 3327 ἐς)
357 3297 436 3336 qucid
459 3297 534 3326 idem
558 3295 696 3332 Episcopus
712 3293 917 3335 Herefhrdensis
936 3295 1070 3324 omnibus
1091 3296 1124 3326 ὃ(
1142 3295 1252 3335 singulis

186 3336 298 3372 verbis,
316 3337 345 3364 in
369 3337 450 3365 diclis
474 3335 575 3365 Literis
597 3333 706 3363 Bullavis
719 3334 876 3371 contentis,
897 3333 994 3362 Nobis
1008 3334 1040 3363 ὃ(
1057 3332 1186 3363 Coronae
1199 3343 1252 3363 no-

188 3374 255 3406 strae
277 3374 521 3412 praejudicialibus,
540 3381 637 3402 coram
653 3371 750 3400 Nobis
764 3371 855 3408 pallini
872 3374 905 3403 &
920 3371 1042 3411 expresse
1058 3373 1252 3410 renunciavit,

189 3414 224 3444 &
239 3411 349 3442 Graii-:e
363 3411 466 3441 nostrae
481 3411 624 3441 humiliter
639 3408 665 3439 se
677 3408 801 3439 submisit
811 3432 821 3447 ,

228 3450 363 3481 Volentes
385 3459 453 3480 cum
468 3460 503 3479 eo
518 3451 546 3478 in
561 3449 612 3478 hac
633 3457 710 3486 parte
724 3457 808 3483 agere
822 3447 959 3484 gratiose,
977 3447 1104 3485 cepimus
1119 3447 1141 3476 F
1143 3447 1252 3478 idelita-

190 3498 248 3522 tem
273 3489 355 3527 ipsius
378 3487 494 3526 Epiftopi
510 3484 727 3526 Herefordenfis,
745 3487 778 3517 &
793 3485 978 3520 Temporalia
996 3485 1118 3521 ejusdem
1133 3485 1249 3525 Episco-

191 3527 272 3568 patus
287 3527 518 3563 Herefordcnsis,
537 3534 619 3565 prout
634 3525 720 3554 moris
731 3523 788 3561 est,
806 3523 992 3553 Restituimus
1006 3523 1115 3560 eidem,

230 3567 267 3596 Et
294 3565 358 3595 ideo
388 3565 458 3595 Tibi
489 3564 674 3601 Praecipimus
704 3562 783 3600 quod
813 3562 904 3592 eidem
928 3560 1052 3600 Eptjscopo
1067 3561 1257 3606 Hereforderfi

191 3604 373 3648 Temporalia
390 3602 537 3641 praedidta,
553 3611 621 3632 cum
634 3600 828 3639 Pertinentiis,
846 3602 874 3630 in
890 3599 993 3630 Balliva
1009 3599 1075 3638 tufi,
1093 3599 1209 3631 Liberes
1225 3613 1254 3632 in

193 3645 285 3674 forma
300 3641 451 3679 praedicta,
469 3641 546 3671 salvo
559 3641 618 3677 iure
629 3638 782 3675 cujuslibet-

230 3680 320 3712 Teste
346 3679 494 3719 Humfrido
519 3681 594 3708 Duce
619 3676 787 3715 Gloucestriae
811 3676 939 3706 Custode
954 3675 1064 3715 Angliae
1078 3677 1151 3717 apud
1170 3678 1256 3718 Wst-

194 3719 378 3759 monasterium
387 3741 398 3757 ,
414 3717 550 3749 vicesimo
565 3716 668 3754 quinto
681 3714 739 3744 Die
754 3714 837 3745 Maii.

673 3793 727 3820 Per
739 3793 830 3820 Breve
843 3789 874 3819 de
887 3791 1006 3819 Privato
1027 3790 1126 3828 Sigillo.

201 3874 367 3907 Consimilia
381 3874 476 3905 Brevia
489 3874 647 3913 diriguntur
663 3870 856 3901 Escaetoribus
869 3869 1041 3908 subscriptis,
1058 3871 1088 3900 iri
1102 3870 1257 3903 Comitati-

374 3913 425 3943 bus
441 3912 613 3952 subscriptis,
630 3911 679 3941 sub
696 3910 795 3940 eadem
812 3907 905 3945 Data,
930 3908 1080 3946 videlicet,

236 3987 374 4027 Escaetori
397 3990 472 4026 Regis
499 3992 527 4018 in
553 3991 623 4018 Com.
643 3985 733 4017 Glauc.
753 3996 784 4015 ac
803 3983 936 4015 Marchiis
955 3982 1065 4015 Walliae
1085 3985 1167 4019 eidem
1185 3989 1257 4017 Com.

195 4026 389 4065 aayacentihm.

1321 289 1461 328 EJc’aetori
1477 291 1556 326 Regis
1574 291 1604 319 in
1621 291 1694 319 Com.
1714 290 1757 318 W
1757 287 1827 318 iltes.

1324 328 1433 369 Dilqelo
1448 327 1502 368 fibi
1524 327 1658 358 Roberto
1681 326 1822 358 Chichele
1839 324 1946 364 Majm·
1965 326 2100 356 Civitatis
2112 325 2190 365 Regis
2203 325 2354 358 Londoniae

1286 365 1324 402 ὠ·
1344 368 1482 405 Escaetort
1497 367 1575 403 Regis
1587 369 1618 395 in
1630 366 1722 396 eadem
1734 368 1870 396 civitate.

1324 406 1465 445 Escaetori
1481 407 1559 442 Regis
1576 406 1606 434 in
1623 407 1696 434 Com.
1712 407 1837 444 Wygorn.

1325 479 1366 512 Et
1386 480 1560 512 Mandatum
1578 478 1620 511 est
1639 479 1798 520 Militibus,
1815 481 1878 514 &c.

1557 618 1586 646 *ε
1611 624 1661 656 De
1688 621 1854 656 Callatim
1881 624 1919 654 V
1917 624 2075 655 icariams.

1289 706 1433 763 REX,
1459 707 1570 738 dile-{tis
1589 707 1638 738 fibi
1660 708 1689 738 in
1711 705 1829 737 Christo
1845 729 1855 745 ‚
1879 708 1989 736 Decano
2010 704 2049 741 ὠ
2071 705 2198 746 Capitale
2217 705 2352 738 Ecclefiae

1368 745 1436 777 Coll
1474 747 1535 777 iatae
1551 746 1640 777 bmtae
1654 745 1759 776 Mariae
1775 745 1937 783 Medunte,
1953 743 2088 775 Salutem.

1296 821 1307 827 Ἴ
1323 783 1432 824 Vobis,
1479 794 1568 816 enore
1591 784 1794 822 Praeseudum,
1811 782 2008 824 significamus
2025 783 2106 823 quod
2124 783 2298 816 Vimriatum
2318 787 2349 817 iu

1284 820 1410 854 Ecclesia
1424 823 1576 865 praedidta,

1305 862 1423 931 efiQiem
1446 872 1537 901 nuper
1559 863 1687 902 optinere

1339 910 1406 932 anus

1283 910 1303 940 p
1327 939 1382 970 Per
1392 923 1459 983 *eius
1477 938 1602 970 Obtium
1627 949 1705 971 nunc
1723 939 1843 970 liberum
1862 939 1898 971 &
1917 948 2065 972 vacantem
2078 962 2089 979 ‚
2115 939 2149 971 &
2170 938 2206 971 ad
2228 938 2353 973 nostram

1287 978 1487 1009 Donationem
1495 978 1669 1016 spectantem
1684 986 1716 1009 ut
1728 979 1848 1016 dicitur,

1327 1015 1448 1048 Dilecto
1469 1015 1568 1047 Nobis
1591 1015 1719 1055 Johanni
1740 1016 1834 1046 Morel
1847 1015 2024 1057 Capellano,
2042 1027 2112 1049 cum
2126 1017 2177 1049 suis
2187 1017 2304 1058 Juribus
2317 1018 2352 1051 δε

1289 1055 1469 1086 Pertinentiis
1485 1056 1636 1094 universis,
1654 1054 1822 1085 contulimus
1833 1056 1866 1086 &
1879 1058 2039 1094 Donamus3

1327 1094 1500 1126 Mandantes
1513 1095 1643 1132 quatinus
1660 1094 1752 1132 ipsum
1767 1093 1929 1133 Johannem
1947 1094 2040 1126 More!
2052 1095 2081 1125 in
2093 1095 2273 1135 corporalem
2283 1094 2352 1126 Pos-

1288 1132 1437 1164 seffionem
1452 1131 1611 1164 Vicariatfis
1628 1132 1756 1171 praediffi
1772 1135 1881 1171 ponatis
1893 1134 1927 1164 &
1943 1134 2098 1173 inducatis,
2115 1133 2161 1166 seu
2179 1135 2249 1173 poni
2262 1134 2295 1166 &
2307 1130 2352 1165 in'-

1289 1173 1355 1203 duci
1368 1172 1489 1210 faciatis,
1508 1181 1623 1202 necnon
1639 1171 1807 1210 Fructibus,
1823 1171 2072 1213 obventionibus,
2089 1174 2122 1204 &
2134 1172 2355 1212 Emolumentis,

1287 1212 1320 1244 ad
1345 1211 1468 1242 eundem
1487 1210 1690 1249 spectantibus,
1708 1211 1750 1241 uti
1775 1211 1809 1242 δε
1831 1211 1950 1250 gaudere
1963 1213 2144 1251 permittatis,
2156 1211 2354 1244 adhibitisso-

1289 1250 1498 1288 lenipnitatibus
1517 1250 1548 1279 in
1568 1249 1668 1280 talibus
1683 1248 1743 1279 fieri
1755 1249 1911 1281 consuetis„

1326 1289 1360 1320 In
1377 1289 1472 1326 cujus,
1492 1289 1553 1319 &c.

1364 1327 1453 1359 Teste
1471 1326 1556 1365 Rege
1571 1326 1644 1365 apud
1664 1325 1783 1368 Parifius
1796 1351 1805 1366 ,
1825 1326 1961 1359 vicesimo
1973 1327 2051 1360 sexto
2068 1327 2114 1360 die
2132 1326 2213 1359 Maii.

1704 861 1810 893 solebat
1827 861 1858 892 in
1875 860 1972 892 eadem
1989 861 2135 901 Johannes
2156 861 2277 894 Soms'ller
2291 863 2349 897 Ca.

1921 1405 1975 1434 Per
1989 1403 2074 1444 ipfhm
2090 1407 2197 1442 Regem.

1440 1551 1535 1594 Super
1560 1546 1871 1593 Amortisiutionibus,
1905 1547 1943 1582 de
1967 1547 2201 1584 Proclamando.-

1291 1634 1419 1690 REX
1434 1657 1442 1672 ,
1470 1633 1582 1664 Ballwo
1602 1632 1648 1672 βω
1670 1633 1702 1663 de
1723 1635 1836 1672 Rouen,
1860 1632 1906 1665 vel
1925 1633 1982 1672 eius
2001 1633 2225 1668 Locumtenenti
2239 1657 2250 1675 ‚
2271 1634 2351 1668 salu-

1367 1683 1434 1703 tem.

1324 1710 1422 1750 Cum,
1445 1721 1492 1749 per
1513 1709 1602 1741 Breve
1621 1709 1765 1749 nostrum,
1783 1710 1864 1741 vobis
1887 1709 2121 1744 Mandaverimus
2137 1711 2238 1752 quod,
2254 1713 2284 1743 in
2297 1712 2351 1743 fin-

1287 1751 1360 1786 gulis
1383 1750 1482 1787 Locis,
1502 1749 1574 1779 infra
1588 1747 1750 1787 Balliagium
1773 1747 1916 1786 vestrum,
1931 1748 1966 1779 ad
1980 1749 2038 1780 hoc
2051 1749 2206 1789 consuetis,
2224 1759 2259 1782 ex
2273 1759 2351 1790 parte

1286 1788 1381 1819 nostra
1388 1814 1398 1826 ‚
1418 1787 1590 1819 proclamari
1605 1787 1730 1818 faceretis
1737 1809 1747 1825 ,

1327 1827 1421 1866 Quod
1432 1836 1533 1858 omnes
1546 1825 1698 1863 Eccleliae,
1716 1827 1773 1856 tarn
1790 1823 1933 1864 Maiores,
1949 1826 2037 1864 quarn
2052 1823 2199 1864 Minores,
2216 1826 2250 1857 &
2264 1836 2353 1864 gene-

1287 1866 1381 1897 raliter
1397 1865 1522 1896 universa
1534 1864 1676 1901 Religiosa
1691 1864 1737 1894 seu
1751 1863 1802 1894 Pia
1817 1863 1918 1902 Loca,
1933 1873 1998 1904 quae
2012 1863 2134 1903 Terras,
2155 1863 2355 1905 Tenementa‚

1289 1904 1445 1943 Redditus,
1473 1902 1678 1941 Poffeffiones,
1694 1911 1742 1934 aut
1764 1902 1941 1940 Proventus,
1961 1902 2034 1934 infra
2056 1902 2206 1934 Ducatum
2225 1903 2357 1935 nostrum

1290 1943 1502 1981 Normanniae,
1518 1951 1564 1973 aut
1583 1942 1634 1973 alia
1656 1942 1737 1972 Loca
1757 1940 1932 1981 Conquestae
1945 1939 2066 1979 nostrae‚
2083 1940 2186 1981 absque
2200 1941 2358 1974 Amortifii-

1290 1983 1368 2014 tione
1380 1982 1523 2020 expressa,
1541 1989 1708 2019 tenuerunt,
1724 1981 1770 2011 seu
1785 1989 1886 2010 eorum
1901 1979 2014 2011 Praelati
2026 1980 2073 2011 vel
2086 1978 2233 2020 Personae,
2247 1991 2358 2012 earum-

1290 2021 1357 2051 dem
1372 2020 1562 2051 Ecclesiatum
1578 2018 1623 2050 seu
1640 2019 1788 2050 Locorum
1804 2019 1940 2056 nornine,
1956 2018 2002 2049 seu
2015 2018 2214 2059 Dignitatum,
2231 2019 2358 2051 Officio-

1290 2069 1373 2097 rum,
1390 2068 1439 2090 aut
1460 2057 1726 2096 Ministrationum,
1743 2067 1810 2097 quas
1836 2058 2018 2095 optinuerunt
2040 2059 2070 2088 in
2085 2057 2205 2097 eisdem,
2223 2058 2360 2092 instarent

1290 2098 1323 2130 &
1346 2099 1489 2128 mitterent
1503 2107 1555 2135 pro
1571 2106 1672 2127 eorum
1688 2095 1921 2134 Amortisatione,
1935 2095 1985 2126 sub
1998 2095 2114 2136 Magno
2127 2096 2227 2137 Sigillo
2243 2097 2359 2138 nostro,

1289 2146 1349 2176 quo
1366 2137 1395 2166 in
1411 2135 1586 2167 Cancellaria
1600 2134 1696 2166 nostra
1711 2134 1907 2165 Normanniae
1921 2135 2043 2173 utimur,
2062 2144 2082 2165 o
2102 2134 2234 2175 tinends,
2252 2146 2304 2175 pro
2315 2146 2360 2168 ra-

1292 2175 1421 2206 tionabili
1440 2175 1473 2206 &
1492 2174 1634 2205 moderata
1651 2174 1784 2205 Financia
1800 2196 1810 2212 ,
1835 2174 1905 2204 citra
1921 2173 2054 2204 ultimum
2094 2174 2151 2204 iem
2170 2173 2244 2205 Maii
2263 2175 2359 2214 proxi-

1293 2214 1514 2283 mig-futurum,
1538 2213 1558 2244 fi
1576 2212 1605 2244 id
1621 2212 1697 2252 Sibi,
1721 2213 1755 2244 &
1773 2211 1924 2252 Ecclesiis‚
1937 2212 1984 2243 seu
2002 2211 2091 2244 Locis
2107 2212 2159 2244 suis
2175 2212 2295 2246 viderint
2312 2222 2362 2245 ex-

1313 2263 1328 2284 e
1349 2262 1388 2283 ire

1291 2263 1312 2292 p
1330 2275 1468 2331 Alio'quin
1485 2290 1585 2332 absque
1601 2289 1672 2321 dolo
1685 2313 1695 2329 ,
1719 2289 1815 2321 fraude
1831 2312 1841 2328 ,
1866 2288 2000 2328 fietione,
2025 2289 2071 2321 seu
2117 2290 2200 2321 uovis
2226 2290 2363 2332 exquisito

1292 2329 1417 2368 Colore,
1439 2329 1538 2361 eadem
1558 2329 1681 2368 Terras,
1702 2328 1898 2367 Tenementa,
1921 2327 2078 2367 Redditus,
2130 2328 2310 2370 offeffiones,
2327 2330 2363 2362 δε

1294 2369 1456 2402 Proventus
1491 2368 1596 2400 realiter
1609 2368 1643 2399 &
1659 2377 1729 2399 curn
1744 2366 1867 2403 είῖἱιέὶυ,
1883 2375 2022 2405 ponerent
2038 2375 2114 2398 extra
2127 2376 2243 2399 manum
2257 2367 2363 2400 Eccle-

1294 2408 1355 2447 fiae,
1373 2408 1441 2438 infra
1455 2392 1632 2438 'firminum
1647 2405 1836 2444 supradietum
1850 2429 1860 2444 ,
1885 2405 1935 2437 sub
1955 2406 2050 2437 Poena
2073 2405 2291 2438 Confiscationis
2311 2417 2362 2439 eo-

1294 2447 1427 2478 rumdem
1437 2470 1447 2486 ,
1463 2447 1497 2478 &
1512 2446 1717 2486 Applicationis
1733 2445 1767 2476 ad
1783 2444 1967 2476 Domanium
1983 2444 2114 2476 nostrum
2124 2467 2136 2484 ,

1329 2485 1367 2516 Et
1387 2486 1423 2517 de
1443 2486 1526 2516 omni
1541 2494 1593 2524 eo,
1611 2484 1690 2525 quod
1711 2483 1749 2515 fic
1769 2492 1844 2515 extra
1862 2483 1985 2515 Manum
2001 2483 2078 2515 suam
2091 2483 2260 2524 posuissent,
2277 2483 2310 2515 &
2322 2483 2360 2514 de

1294 2525 1387 2555 modo
1408 2524 1442 2556 &
1463 2524 1531 2555 serie
1551 2523 1632 2561 ipsius
1651 2522 1746 2561 Facti,
1764 2522 1854 2561 Nos,
1871 2523 1900 2553 in
1910 2521 2087 2553 cancellaria
2102 2521 2196 2553 nostrfi
2208 2521 2362 2561 praedffili,

1292 2563 1497 2601 certificarent,
1516 2562 1587 2593 infra
1608 2561 1788 2600 Quindecim
1812 2560 1904 2600 Dies,
1919 2560 1984 2600 post
2002 2560 2122 2599 Lapsum
2136 2560 2269 2592 Termini
2282 2568 2361 2591 ante·-

1291 2602 1376 2640 diffi,
1396 2602 1445 2633 sub
1461 2601 1554 2632 Poena
1569 2601 1692 2640 superius
1704 2608 1854 2638 annotata,
2346 2609 2351 2614 ·

1329 2640 1366 2671 Et
1390 2641 1505 2671 ulterius
1529 2640 1611 2669 vobis
1634 2638 1865 2670 Mandaverimus
1886 2637 1965 2677 quod
1989 2636 2088 2667 omnia
2102 2637 2135 2668 δε
2149 2636 2253 2676 singula
2267 2636 2362 2676 hujus-

1293 2680 1377 2710 modi
1398 2679 1519 2716 Terras,
1546 2677 1744 2715 Tenemema,
1769 2675 1926 2714 Redditus,
1950 2674 2153 2714 Posseffiones‚
2175 2676 2210 2708 &
2230 2675 2362 2708 Proven-

1292 2727 1335 2748 tus

1331 2740 1409 2793 ’Quae
1423 2765 1438 2784 a
1454 2753 1596 2792 praedictis
1616 2752 1765 2790 Ecclefiis,
1788 2751 1834 2783 seu
1856 2751 2024 2791 Religiosis,
2045 2760 2091 2782 aut
2114 2750 2172 2782 Piis
2194 2751 2300 2790 Locis,
2316 2752 2363 2783 vel

1293 2804 1392 2824 eorum
1416 2792 1555 2830 Praelatis,
1575 2792 1619 2822 seu
1640 2791 1781 2828 Personis,
1800 2790 1963 2821 earumdem
1987 2789 2177 2821 Ecclefiarum
2191 2790 2248 2821 five
2263 2791 2364 2822 Loco-

1293 2843 1358 2862 rum
1379 2831 1532 2869 Nomine,
1551 2829 1613 2870 post
1643 2829 1812 2868 praedid'mm
1835 2830 1965 2860 ultimum
1987 2829 2063 2860 diem
2084 2827 2175 2867 Maii,
2192 2829 2295 2868 absque
2318 2829 2362 2859 A·

1294 2871 1502 2908 mortisatione,
1520 2879 1568 2909 per
1590 2867 1755 2907 diligentem
1779 2867 2010 2906 inquisitionem,
2037 2876 2087 2907 per
2110 2877 2160 2897 vos
2180 2867 2209 2896 in
2232 2878 2264 2898 ea
2283 2875 2360 2905 parte

1295 2909 1436 2947 fiendam,
1454 2909 1540 2939 teneri
1561 2908 1745 2945 reperilletis,
1763 2917 1796 2937 ea
1817 2905 1986 2944 (videlicet)
2005 2915 2070 2945 quae
2085 2905 2217 2944 adquisita
2230 2906 2363 2944 fuerunt,

1294 2949 1364 2978 infra
1383 2948 1578 2987 Qadraginta
1592 2947 1694 2977 Annos
1707 2946 1852 2985 proximos
1867 2953 1932 2976 ante
1945 2944 2074 2974 Gratiam
2091 2943 2126 2973 ali
2148 2945 2257 2982 uam,si
2272 2953 2360 2981 quam

1294 2987 1430 3017 hac'lenus
1452 2987 1610 3024 habebant,
1634 2984 1671 3014 de
1692 2994 1750 3015 non
1772 2984 1908 3022 ponendo
1933 2980 2094 3020 hujusmodi
2149 2991 2237 3021 erras,
2263 2981 2363 3014 Tene-

1294 3034 1390 3095 rsnenta
1409 3048 1419 3064 ,
1453 3024 1616 3064 Redditus,
1650 3022 1859 3060 Poffeffiones,
1884 3021 1917 3052 &
1941 3020 2100 3052 Proventus
2115 3044 2125 3059 ,
2152 3029 2228 3051 extra
2254 3019 2362 3053 Manus

1307 3074 1352 3095 uas

1331 3087 1390 3133 Vbs
1411 3103 1439 3133 in
1463 3101 1571 3132 Manus
1591 3100 1696 3131 nostras
1709 3107 1812 3130 extunc
1828 3097 1886 3128 fine
1898 3095 2033 3128 dilatione
2048 3097 2189 3135 poneretis
2202 3097 2236 3128 &
2248 3096 2363 3130 saifiare-

1295 3141 1343 3178 τίς,
1363 3142 1406 3173 seu
1422 3142 1491 3179 poni
1506 3142 1539 3172 &
1552 3139 1629 3170 saisiri
1643 3138 1782 3174 faceretis,

1332 3180 1370 3211 Et
1393 3180 1429 3210 de
1450 3179 1509 3210 Dili
1531 3178 1621 3215 entia,
1636 3185 1721 3216 quam
1742 3173 1939 3213 impenderetis
1961 3174 1989 3204 in
2007 3173 2174 3212 Praemiffi53
2192 3183 2306 3206 necnon
2325 3174 2363 3206 de

1295 3220 1430 3249 omnibus
1451 3218 1488 3248 &-
1517 3215 1635 3254 ingulis,
1653 3223 1717 3253 quae
1739 3214 1768 3243 in
1792 3212 1844 3243 hac
1863 3222 1939 3252 parte
1961 3212 2099 3252 feceritis,
2117 3214 2152 3245 &
2178 3222 2279 3253 eorum
2294 3212 2362 3245 Cir-

1296 3256 1488 3294 cumstantiis,
1513 3254 1600 3291 Nos,
1619 3253 1646 3283 in
1667 3251 1840 3282 Cancellaria
1860 3250 1953 3282 nostra
1972 3251 2123 3290 ρτκάίᾶε,
2142 3252 2211 3282 citra
2228 3251 2363 3282 ultimum

1294 3296 1372 3326 diem
1391 3294 1469 3333 Junii
1489 3293 1624 3329 proximo
1648 3291 1793 3330 futurum,
1812 3289 1861 3321 sub
1882 3289 1985 3329 sigillo
2003 3289 2118 3328 vestro,
2134 3288 2270 3322 distinete
2287 3291 2320 3323 &
2333 3301 2364 3322 a·

1295 3335 1394 3373 perte,
1412 3331 1629 3368 Certificaretis,

1334 3371 1372 3401 Et
1389 3370 1446 3400 hoc
1462 3369 1622 3400 nullatenus
1636 3369 1818 3404 omitteretis,

1334 3409 1421 3446 Nos,
1438 3409 1581 3439 informati
1600 3407 1680 3446 quod
1702 3407 1871 3446 praedic’tum
1894 3404 2065 3437 Mandatum
2076 3404 2205 3436 nostrum
2219 3414 2279 3436 non
2293 3403 2362 3436 exti-

1297 3456 1365 3479 terat
1379 3447 1476 3477 debito
1491 3456 1620 3486 tempore
1639 3446 1820 3477 Publicaturn
1837 3446 1869 3475 &
1886 3443 2065 3482 Execurum,
2083 3453 2116 3474 ac
2130 3443 2195 3474 illud
2210 3453 2226 3474 a
2239 3441 2362 3474 nonnul—

1297 3487 1329 3517 lis
1340 3489 1458 3517 erronee
1473 3485 1554 3516 fuiffe
1569 3485 1786 3523 Interpretatum
1801 3484 1833 3515 &
1848 3482 2024 3514 intelleehim
2033 3505 2042 3520 ,
2054 3483 2107 3513 hiis
2120 3483 2154 3514 δε
2167 3481 2225 3512 aliis
2236 3481 2272 3512 de
2284 3479 2362 3510 Cau-

1298 3526 1329 3555 sis
1352 3524 1420 3555 Nos
1443 3527 1472 3555 in
1497 3534 1527 3554 ea
1546 3533 1622 3561 parte
1641 3523 1839 3560 moventibus,
1859 3521 1930 3551 Dies
1952 3522 1986 3552 &
2007 3521 2163 3552 Tei-minos
2177 3518 2360 3558 supradictos,

1299 3574 1370 3599 quos
1392 3564 1425 3593 ad
1449 3562 1595 3594 Praemiffa
1612 3562 1794 3592 limitavirnus
1807 3561 1840 3592 &
1856 3559 2046 3599 praefiximus,
2063 3559 2098 3591 ad
2116 3558 2136 3578 ²¹²
2151 3557 2304 3588 Terminos
2319 3556 2362 3587 in-

1300 3602 1457 3640 frascriptos
1470 3601 1601 3631 duximus
1614 3599 1836 3637 Prorogandum
1847 3621 1856 3636 ‚

1339 3640 1431 3671 Vobis
1446 3640 1548 3677 igitur,
1566 3639 1635 3668 sicut
1647 3639 1726 3676 alliis,
1743 3638 1858 3668 firmiter
1873 3635 2065 3675 injungendo,
2084 3632 2254 3665 Mandamus
2263 3632 2363 3671 quod,

1302 3681 1331 3710 in
1346 3679 1454 3718 fingulis
1467 3678 1538 3707 locis
1552 3701 1561 3714 ‚
1580 3676 1706 3714 Balliagii
1722 3676 1806 3708 vestri
1821 3675 1987 3714 supradicti,
2001 3672 2111 3704 rursum
2124 3680 2159 3702 ex
2178 3679 2256 3709 parte
2266 3671 2363 3704 nostra

1299 3717 1472 3750 Proclamari
1486 3716 1589 3746 faciatis
1596 3738 1606 3753 ,

1340 3755 1433 3794 Qiod
1449 3764 1550 3784 omnes
1566 3753 1698 3784 Ecclesiae
1709 3776 1718 3791 ,
1736 3754 1797 3785 tam
1812 3751 1954 3790 Majores,
1969 3751 2055 3788 quam
2070 3746 2215 3787 Minores,
2231 3751 2266 3782 &
2277 3759 2365 3790 geno-

1304 3795 1394 3825 raliter
1409 3792 1535 3825 universa
1550 3791 1690 3830 Region
1704 3792 1748 3823 seu
1763 3790 1814 3821 Pia
1828 3790 1928 3826 Loca,
1944 3796 2010 3826 quae
2020 3786 2140 3824 Terras,
2157 3787 2340 3823 Tenementa
2352 3813 2365 3830 ‚

1302 3832 1461 3868 Redditus,
1488 3830 1674 3861 Posseffiones
1688 3851 1698 3868 ,
1715 3837 1761 3860 aut
1780 3828 1955 3864 Proventus,
1974 3824 2044 3855 infra
2064 3823 2212 3856 Ducatum
2232 3827 2365 3859 nostrum

1303 3869 1493 3902 Norrnanniae
1509 3892 1518 3906 ,
1535 3878 1580 3898 aut
1593 3869 1643 3898 alia
1657 3868 1738 3899 Loca
1754 3864 1929 3904 Conquestae
1950 3861 2072 3900 nostrae,
2092 3864 2193 3903 absque
2212 3864 2366 3898 Amortisa-

1302 3911 1381 3939 tione
1396 3908 1537 3945 expressa,
1556 3915 1652 3936 tenerit
1661 3929 1671 3944 ,
1689 3906 1733 3938 seu
1746 3912 1846 3935 eorum
1861 3901 1970 3932 Praelati
1984 3901 2028 3945 vel
2042 3901 2187 3940 Personze,
2201 3905 2366 3936 earumdem

1301 3947 1490 3978 Eccieiiamm
1505 3947 1547 3976 seu
1564 3945 1713 3975 Locorum
1723 3943 1858 3974 Nomine
1864 3940 1938 3983 ,seu
1950 3938 2156 3983 Drenimnm,
2173 3940 2365 3984 Officiorum,

1304 3994 1351 4016 aut
1366 3984 1627 4020 Ministrationum‚
1644 3992 1713 4020 quas
1732 3981 1863 4050 ‹iptinent
1879 3988 1908 4008 in
1929 3980 2033 4009 eudem
2044 4002 2053 4017 ,
2071 3979 2176 4011 instent
2195 3980 2228 4011 &
2250 3981 2365 4015 mittant

1303 4033 1357 4062 pro
1371 4031 1472 4054 eorum
1487 4021 1725 4058 Amonisadone,
1752 4019 1791 4050 ub
1806 4016 1918 4057 Magno
1933 4016 2032 4058 sigilio
2045 4017 2157 4058 nostro,
2175 4028 2235 4058 quo
2246 4020 2275 4050 in
2289 4017 2367 4090 191133-

2255 4066 2290 4089 ce
2348 4069 2363 4092 a

2399 251 2487 283 1422.

2375 286 2440 312 Hm.
2459 290 2489 317 5.

2374 622 2430 651 ‘X.
2441 626 2502 651 2¹6.

2375 706 2503 741 Anao.

2402 756 2488 784 1422.

2372 789 2425 814 An.
2444 796 2485 815 10.

2369 829 2403 852 H.
2418 834 2445 859 5.

2368 867 2505 891 Narmm.

2369 906 2404 930 H.
2420 911 2449 937 5.

2373 952 2465 971 mae„

2372 1637 2449 1670 Anti.
2464 1637 2506 1670 D.

2397 1686 2484 1716 1422.

2371 1719 2424 1745 An.
2445 1727 2488 1754 ¹3·

2370 1759 2406 1783 H.
2422 1764 2451 1791 5.

2370 1794 2435 1822 Ibid.
2450 1803 2490 1822 m.

2373 1841 2420 1861 20.
2430 1833 2457 1861 d.

2379 3566 2512 3603 *Xan-
