2562 4274
25 213 105 246 Rnn.
119 211 164 242 D.

60 261 146 292 ¹4¹2·

30 297 96 320 lffvu
115 301 145 326 4.

30 334 85 358 Au.
105 339 148 366 ¹3-

30 373 68 397 H.
83 378 110 403 4.

32 406 100 433 Ibid.
114 415 151 435 m.

34 455 81 472 20.

44 737 157 766 *vrit

42 786 109 813 7¹5·

46 1266 125 1298 'Am
140 1262 181 1293 D.

68 1313 154 1343 1412.

46 1347 99 1372 An.
119 1352 162 1379 ¹3.

48 1425 90 1448 Bx
103 1402 163 1452 adu-

47 1466 114 1497 ngr.

172 136 201 178 4

208 300 266 331 Pro
295 297 414 330 Nuncio
438 297 518 340 Papa:
539 296 571 325 in
593 290 817 335 Ambaffiamm
839 294 872 323 in
895 289 1046 337 Angliam
1068 296 1209 321 venturo.

252 381 332 419 EX,
351 390 398 420 per
413 380 517 410 Literas
528 379 586 409 suas
603 378 748 415 Parentes,
762 387 812 414 per
833 385 924 407 unum
945 375 1064 406 Annum
1087 372 1250 409 duraturas,

261 420 376 457 suscepit
391 420 420 448 in
435 419 541 449 salvum
557 418 589 448 ὃς
603 417 733 448 securum
747 415 939 446 Condu&um
959 413 1041 443 suum
1051 436 1060 449 ,
1077 422 1111 442 ac
1128 412 1158 440 in
1175 409 1249 439 Pro-

181 458 360 496 tec'tionem,
385 457 573 494 Tuitionem,
597 457 630 486 ὃς
654 455 858 486 Defensionem
880 454 937 484 suas
959 453 1102 490 speciales,
1122 450 1248 491 Fratrem

183 500 340 527 Antonium
359 496 390 525 de
410 497 502 525 Pireto
522 493 689 525 Ministrum
709 493 881 524 Generalem
902 490 1020 520 Ordinis
1041 490 1169 519 Fratrum
1186 486 1247 517 Mi-

184 545 307 573 norum,
325 533 577 572 Ambassiatorem,
602 532 773 564 Sanetiffimi
791 532 878 562 Patris
898 532 930 559 R.
949 531 1052 566 Papae,
1074 537 1108 558 ac
1129 525 1251 556 Duode-

185 575 246 604 cim
262 573 392 604 Personas
406 572 553 611 Equestres
576 573 606 602 in
626 570 775 601 Comitiva
794 570 859 607 sua,
874 570 904 598 in
924 567 1062 605 Regnum
1086 565 1174 604 Regis
1190 563 1251 608 An·-

184 614 266 652 gliae,
284 613 313 642 in
331 611 532 642 Ambassiatam
546 621 561 642 a
580 609 762 641 Sanciiffimo
777 607 857 638 Patre
873 606 949 645 Regi
973 605 1114 644 praeditsto
1136 611 1253 635 venien-

185 652 243 689 do,
263 650 369 681 ibidem
383 650 540 687 morando,
559 647 809 688 perhendinando,
826 648 859 677 &
883 644 1046 682 redeundo,
1061 643 1138 674 salvo
1158 643 1192 673 ὃ(
1215 640 1255 671 se-

186 691 256 721 cure
271 689 372 729 absque
387 689 594 728 impedimento
608 686 653 718 vel
671 686 850 724 impetitione
866 693 1063 726 quacumque,
1221 718 1226 723 ι

230 729 250 748 *
259 727 378 760 Proviso
390 729 496 768 semper
510 727 585 765 quod
595 726 673 756 idem
683 725 826 754 Antonius
839 734 872 754 ac
881 723 1012 753 Perlonae
1026 720 1172 761 praedietae
1181 727 1262 756 quic—

189 776 295 808 quam,
311 767 390 806 quod
410 768 439 796 in
462 766 550 804 Regis
571 764 617 794 seu
637 762 740 805 Populi
763 762 803 792 sui
825 761 1022 801 praejudicium
1036 760 1138 790 cedere
1151 759 1259 795 valeat,

191 817 253 838 non
265 814 436 844 attemptent
449 805 494 841 vel
508 802 666 841 attemptari
680 801 783 832 iaciant
798 802 899 838 quovis
914 799 1023 836 modo,

230 845 381 885 Qiodque
396 844 445 879 ipsi
458 842 587 873 Person-„e
600 839 767 878 abjudicatae
779 839 825 870 seu
837 846 915 870 extra
929 838 1066 876 Regnum
1081 835 1172 874 Regis
1186 843 1259 873 prae-

194 884 304 916 dictum
322 883 446 914 bannitae
459 891 521 911 non
537 879 663 910 existant.

227 923 317 955 Teste
329 923 410 961 Rege
424 920 497 958 apud
513 916 772 958 Wstmonasterium
781 939 792 955 ,
809 925 864 948 xxv
877 914 923 946 die
934 914 1069 954 Januarii.

678 996 733 1023 Per
747 991 852 1022 Billam
865 992 896 1022 de
915 994 1035 1022 Privato
1049 988 1149 1028 Sigillo.

200 1064 1258 1086 --....--——-—-—-————---—---

193 1127 441 1160 Procuratorinm
461 1134 515 1170 per
539 1123 689 1166 Principes
713 1120 845 1151 francia
865 1144 874 1160 ‚
907 1115 951 1149 ad
973 1118 1008 1150 T
1003 1113 1185 1148 rafiandum
1205 1113 1262 1158 su-

219 1177 275 1221 per
298 1171 491 1213 Restitutione
515 1175 552 1210 ᾤ’
576 1168 757 1203 Traditione
780 1166 856 1199 reali
877 1168 1018 1200 Ducatus
1041 1166 1226 1211 Aquitania.

195 1260 365 1326 Johannes
400 1257 489 1298 Regis
503 1256 680 1287 Francorum
696 1252 800 1290 Filius,
816 1255 885 1282 Dux
899 1253 1018 1281 Bituriae
1040 1249 1078 1286 &⁴
1095 1248 1245 1280 Alverniae
1255 1270 1265 1286 ,

252 1299 362 1329 Comes
372 1282 530 1333 Pi&aviae‚
547 1294 743 1334 Stamparum,
761 1291 892 1321 Boloniae
907 1292 940 1321 &
958 1290 1128 1332 Arverni-ae,

234 1336 369 1375 Karalus,
387 1340 456 1366 Dux
473 1332 696 1372 Aurelianenfis,
714 1332 752 1366 όν
767 1329 879 1369 Valefii,
897 1329 1007 1360 Comes
1015 1327 1143 1359 Bleseniis
1157 1327 1190 1359 ὅ(
1201 1324 1266 1357 Bel-

197 1374 340 1415 iimontis,
361 1376 395 1406 &
414 1375 562 1405 Dominus
576 1371 734 1408 Conciaci,
883 1407 888 1412 θ

233 1415 379 1455 Johamies
396 1417 466 1445 Dux
485 1411 634 1442 Bourbonii
645 1434 654 1449 ,
682 1409 792 1439 Comes
811 1406 996 1438 Clarimontis
1016 1405 1050 1437 &
1071 1403 1267 1442 Forestamm,

198 1456 231 1487 δί
247 1455 394 1486 Dominus
409 1452 479 1484 Belli
490 1451 576 1491 Joci,
1103 1483 1108 1489 .
1202 1483 1206 1487 .

238 1493 276 1524 Et
285 1492 432 1532 Johannes
444 1495 535 1521 Comes
549 1493 582 1520 de
597 1489 752 1519 Alanconio
767 1484 805 1520 &
821 1485 852 1514 de
869 1487 994 1523 Pertica,
1016 1481 1163 1514 Dominus
1175 1481 1268 1521 Frige-

196 1533 302 1564 riarum
319 1533 353 1563 &
367 1530 542 1568 Gucrchiae,
1121 1561 1125 1566 ⁸

234 1571 354 1602 Notum
367 1570 485 1600 facimus
499 1567 648 1599 Universis
664 1564 743 1604 quod
759 1563 845 1605 Nos,
864 1562 898 1592 ὅ(
911 1561 1045 1593 nostrsim
1059 1560 1194 1600 quilibet,

237 1610 287 1641 De
303 1609 450 1647 fidelitate,
471 1607 626 1645 probitate,
643 1603 919 1641 circumspectione,
943 1602 976 1632 ὃς
1001 1601 1165 1640 prudentia,
1182 1608 1268 1639 quam

202 1649 293 1681 multa
315 1644 408 1679 rerum
429 1645 601 1685 experientia
622 1643 802 1680 didiscimus,
820 1639 956 1670 Fai‘coneti
976 1643 1076 1670 Daciae
1097 1637 1217 1676 Militis,
1235 1638 1268 1668 δε

199 1687 332 1728 Niagistri
347 1686 453 1725 Jacobt'
474 1688 572 1722 Magni
597 1686 626 1714 in
647 1683 721 1713 sacra
735 1681 840 1720 Pagina
855 1679 1037 1717 Professoris,
1055 1689 1088 1710 ac
1109 1679 1219 1708 Elloris
1237 1677 1268 1706 de

197 1729 271 1757 Pont
290 1728 394 1755 Briant
405 1748 414 1763 ,
440 1725 473 1756 δε
490 1726 569 1753 Petri
588 1724 620 1752 de
638 1720 775 1760 VerJalln's
789 1721 818 1750 in
841 1720 908 1750 sacri
923 1718 1028 1757 Pagina
1046 1717 1197 1749 Bachalarii
1212 1716 1272 1746 for-

197 1767 292 1804 mati,
316 1765 351 1795 &
368 1762 469 1805 Galesti
489 1762 522 1791 de
544 1761 653 1802 Acheyo
676 1759 794 1798 Militis,
811 1768 845 1790 ac
860 1757 991 1798 Johanni
1011 1759 1134 1787 Louveti'
1160 1755 1270 1786 Domi-

198 1805 281 1842 celli,
297 1804 333 1834 ad
349 1803 467 1841 plenum
480 1800 592 1839 consili,

236 1842 332 1881 Ipsos,
357 1842 392 1873 &
419 1850 521 1871 eorum
546 1838 705 1878 quemlibet
738 1836 922 1868 Praesentium
947 1835 1065 1866 Tenore
1075 1835 1091 1872 ⁴,
1124 1832 1273 1872 Fecimus,

198 1881 388 1918 creavimus,
406 1882 441 1912 ὃς
457 1878 683 1915 Ordinavimus,
702 1877 849 1914 Facimus,
872 1873 1026 1912 CreamuS,
1044 1872 1273 1910 &Ordinamu5,

197 1919 391 1957 nostrumque
407 1918 527 1957 quilibet
550 1916 649 1954 Facit,
668 1914 774 1954 Creat,
793 1915 827 1946 &
851 1912 975 1943 Ordinat
996 1913 1199 1944 Procuratores
1220 1921 1272 1942 no·

197 1959 271 2029 ¹[tros
284 1965 393 2014 certos,
412 1956 602 1993 indubitatos,
622 1955 656 1986 &
670 1952 882 1991 irrevocabiles,
901 1961 933 1982 ac
947 1950 1085 1983 Nuncios
1100 1952 1134 1983 &
1149 1950 1272 1990 Legatos

245 2007 327 2028 ζιελ-ΕΞ

209 2008 286 2069 PeAd
307 2019 529 2072 firmandum,
553 2030 817 2070 Concordandum,
842 2028 1101 2068 Concludendum,
1120 2037 1207 2067 cum,
1224 2027 1275 2059 Se-

200 2074 349 2108 reniffimo
359 2074 513 2111 Principe,
535 2071 671 2102 Domino
692 2072 826 2108 Henrico,
846 2069 904 2099 Dei
921 2069 1028 2108 gratia,
1047 2071 1117 2106 Rege
1139 2066 1272 2105 Angliae,

200 2115 236 2146 &
247 2112 435 2153 Illustriffimis
445 2113 502 2150 ejus
517 2112 605 2140 Natis
614 2132 624 2148 ‚
642 2108 839 2147 conjunffim,
857 2109 890 2138 δε
903 2107 1032 2148 divilim,
1049 2109 1082 2140 &
1093 2117 1191 2139 eorum
1201 2116 1274 2145 quo-

198 2154 286 2193 libet,
303 2152 339 2183 de
352 2155 386 2184 &
402 2151 480 2190 super
494 2149 687 2180 Restitutione
702 2148 735 2179 &
751 2147 922 2178 Traditione
943 2148 1008 2178 reali
1032 2145 1166 2178 Ducatsis
1182 2146 1274 2184 Aqui-

199 2195 300 2231 taniae,
318 2201 388 2223 cum
401 2192 452 2221 suis
462 2189 578 2228 Juribus
592 2190 627 2220 ὃ(
640 2187 822 2218 Pertinentiis
835 2185 999 2224 Universis,
1019 2186 1054 2216 ad
1077 2185 1207 2222 dicium,
1224 2182 1274 2214 Se-

202 2231 379 2264 reniffimum
394 2229 576 2265 Dominum,
595 2227 708 2267 Regem
721 2225 834 2264 Angiiae
849 2223 1024 2256 haereditario
1036 2225 1116 2263 jure,
1135 2232 1166 2255 ut
1182 2222 1274 2254 afferi-

200 2276 263 2307 tur,
282 2270 446 2309 pertinentis
458 2289 469 2305 ,
487 2276 538 2306 per
554 2265 640 2304 Nos,
659 2265 763 2295 eisdem
776 2264 890 2303 fiendis,

245 2308 379 2339 Necnon
399 2306 435 2337 ad
457 2305 651 2342 Faciendum,
670 2302 918 2334 Concordandum
935 2328 945 2342 ,
973 2303 1007 2334 &
1027 2300 1273 2333 Concludendum

202 2357 272 2379 cum
292 2346 396 2378 eisdem
419 2346 453 2377 &
467 2345 595 2383 quolibet
618 2343 803 2381 eorumdem,
823 2351 877 2380 pro
901 2345 934 2374 δε
956 2342 1053 2379 super,
1073 2339 1224 2371 Praemiffis
1241 2341 1274 2371 ὃς

203 2387 262 2417 aliis
280 2384 525 2425 quibuscumque,
548 2382 835 2419 Confoederationes,
859 2380 960 2419 Pacta,
986 2379 1222 2417 ConventioneS,
1240 2380 1273 2409 &

205 2424 361 2456 'statinus
375 2446 385 2461 ,
408 2422 598 2462 quascumque
609 2444 620 2460 ,
637 2430 841 2459 quaecumque,
866 2420 899 2451 &
916 2419 1129 2459 quoscumque,
1149 2418 1275 2448 meliori-

206 2464 259 2494 bus
280 2465 314 2495 &
336 2461 592 2499 expedientioribus
612 2460 681 2497 viis,
699 2459 788 2488 modo
825 2459 858 2489 &
881 2457 991 2496 forma,
1011 2459 1111 2495 quibus
1132 2457 1275 2494 praedietis

205 2501 309 2533 nostris
324 2500 571 2536 procuratoribus,
589 2497 731 2535 Nunciis,
749 2498 782 2527 &
797 2480 931 2535 Legatis,
951 2506 997 2526 aut
1009 2506 1108 2527 eorum
1122 2495 1229 2526 Tribus
1241 2494 1276 2525 ad

206 2541 316 2578 minus,
334 2538 423 2570 visum
439 2538 522 2567 fuerit
537 2536 666 2574 expedire

244 2578 378 2609 Necnon
392 2576 427 2607 ad
438 2574 598 2613 jurandum
613 2576 643 2605 in
660 2559 776 2604 Animas
794 2574 900 2616 nostras
937 2573 970 2605 &
980 2572 1124 2614 cujussibet
1134 2571 1276 2610 nostrum,

205 2616 242 2648 ad
265 2616 370 2648 Sancta
390 2614 450 2645 Dei
472 2613 639 2652 Evangelia,
658 2612 842 2650 corporaliter
865 2596 944 2643 taeio
964 2611 1073 2650 Libro,
1095 2615 1172 2649 super
1196 2611 1276 2641 Reli-

228 2657 284 2686 uias
296 2653 430 2691 Sandias,
449 2652 482 2682 &
499 2652 564 2682 alias
577 2651 814 2690 quomodolibet,
830 2660 914 2690 prout
936 2649 1073 2688 praefato,
1092 2649 1275 2680 serenissimo

244 2695 365 2730 omino,
385 2690 460 2730 Regi
474 2689 586 2728 Anglire
602 2689 704 2720 melius
720 2690 871 2729 placuerit,
888 2689 924 2718 de
936 2687 1124 2719 Observandis
1146 2687 1277 2718 universis

206 2734 243 2803 ἒ(
258 2732 372 2770 singulis
379 2730 500 2762 Punffis
512 2730 546 2760 &
558 2728 689 2759 Articulis
698 2751 707 2766 ,
724 2728 759 2758 de
768 2729 867 2766 quibus
880 2729 913 2759 δε
922 2736 1006 2767 prout
1021 2726 1138 2757 finaliter
1154 2736 1277 2757 concor-

228 2773 316 2803 abunt

247 2810 284 2841 Et
300 2793 336 2840 d}
350 2808 411 2848 ipsis
425 2807 562 2837 omnibus
573 2806 607 2837 ὃς
624 2804 751 2844 singulis,
767 2815 818 2842 pro
833 2813 909 2842 parte
924 2803 1016 2834 nostra
1030 2804 1063 2834 &
1078 2801 1212 2833 nostrum
1226 2812 1278 2833 cu-

207 2849 333 2888 jussibet,
351 2846 417 2877 reali
432 2845 604 2876 Executioni
619 2844 838 2881 demandandis,
855 2843 939 2880 dolo,
964 2842 1076 2879 fraude,
1093 2842 1278 2872 cavillationi-

210 2889 281 2926 bus,
296 2888 330 2919 &
345 2884 524 2924 subterfugiis
537 2883 705 2914 cessantibus
717 2882 961 2922 quibuscumque,

249 2925 297 2957 Ad
312 2923 522 2961 Recipiendum
535 2923 637 2958 etiam,
658 2921 730 2951 vice
745 2921 856 2958 nostra,
870 2931 886 2951 a
900 2920 996 2957 dieto,
1015 2918 1196 2950 Serenissimo
1211 2917 1278 2948 Do-

209 2965 311 3001 mino,
327 2963 410 3001 Rege
429 2961 559 3000 Angliae,
576 2961 610 2992 &
626 2958 815 2990 Illustrissimis
829 2961 887 2997 ejus
901 2958 1001 2996 Natis,
1018 2960 1052 2990 &
1068 2967 1169 2988 eorum
1185 2957 1276 2995 quoli-

209 3005 277 3041 bet,
295 3011 329 3033 ac
344 3002 403 3032 aliis
413 3000 659 3039 quibuscumque,
675 2998 832 3029 confimilia
843 2998 1008 3036 juramenta
1023 2997 1059 3027 de
1073 2996 1279 3027 Observatione

209 3039 499 3073 Coiicordandorum
511 3048 561 3075 per
577 3047 625 3068 eos
639 3046 673 3067 ex
689 3037 734 3067 sua
749 3046 845 3075 parte,

251 3079 362 3111 Dantes
382 3078 416 3108 &
439 3076 641 3107 Concedentes
657 3075 757 3106 nostris
780 3074 902 3113 praefatis
923 3073 1174 3111 Procuratoribus,
1190 3072 1282 3103 Nun-

210 3120 280 3157 ciis,
296 3119 331 3149 &
350 3116 483 3156 Legatis,
507 3124 553 3145 aut
571 3124 672 3144 eorum
692 3114 727 3144 ad
745 3116 836 3144 minus
849 3113 974 3149 Tribus,
992 3114 1106 3150 plenam
1127 3113 1159 3142 &
1180 3113 1279 3142 omni-

212 3158 333 3188 modam
348 3154 535 3190 Potestatem,
554 3153 587 3184 &
600 3152 757 3190 expressum
771 3153 803 3183 ὃς
825 3152 942 3190 speciale
957 3151 1145 3188 Mandatum,
1161 3151 1195 3181 ad
1213 3160 1279 3180 om-

211 3197 259 3226 nia
271 3197 305 3226 &
320 3194 426 3233 singula
437 3191 610 3231 supradicta,
625 3201 657 3222 ac
669 3191 719 3220 alia
733 3199 941 3230 quaecumque,
960 3191 1045 3220 etiam
1067 3190 1210 3227 praedietis
1230 3198 1280 3220 ex-

234 3233 335 3264 ressatis
351 3232 482 3269 Maiora,
499 3232 533 3263 &
549 3239 614 3268 quae
629 3228 799 3259 Mandatum
815 3230 956 3268 exigerent
971 3229 1057 3258 etiam
1073 3229 1160 3266 tnagis
1178 3227 1282 3267 specia-

211 3243 257 3310 fe,
273 3273 306 3302 &
320 3270 501 3308 generaliter,
519 3268 570 3306 ad,
586 3269 684 3298 omnia
698 3268 731 3298 ὃ(
742 3267 862 3306 lingula,
881 3277 945 3305 quae
959 3266 1075 3304 Noiipsi
1085 3266 1135 3303 ,&
1150 3266 1282 3296 nostrum

216 3311 354 3348 quilibet,
373 3309 465 3338 facere
481 3308 638 3346 possemus,
658 3306 678 3336 si
691 3307 837 3344 praesentes
849 3308 883 3336 &
895 3305 1074 3345 personaliter
1081 3304 1283 3343 intereii'emus,

215 3350 273 3381 fine
287 3347 454 3384 exceptione
465 3347 513 3375 vel
526 3346 682 3376 retentione
696 3353 891 3382 quacumque,
911 3344 1090 3381 faciendum,

259 3386 461 3418 Promittentes
473 3384 542 3414 Nos
554 3393 672 3420 omneS,
691 3384 726 3413 &
742 3383 860 3421 singuli,
880 3382 958 3413 bona
980 3382 1052 3419 fide,
1069 3382 1119 3412 sub
1133 3382 1284 3421 Ypotheca

220 3426 255 3457 &
269 3424 453 3463 Obligatione
466 3424 597 3452 omnium
613 3421 760 3451 Bonorum
774 3421 953 3458 nostrorum,
967 3421 1119 3450 mobilium
1133 3422 1165 3450 &
1179 3422 1286 3451 immo·

218 3465 341 3500 bilium,
358 3461 535 3500 praesentium
556 3460 590 3490 &
612 3459 772 3490 futurorum
788 3469 1051 3499 quorumcumque,
1069 3460 1101 3489 &
1125 3459 1173 3489 sub
1192 3460 1286 3490 hono-

221 3513 254 3533 re
273 3501 361 3533 nostri
377 3500 516 3531 Nominis
536 3499 678 3538 perpetui,
696 3499 729 3529 &
751 3497 954 3529 Successorum
979 3497 1159 3535 nostrorum,
1179 3499 1211 3528 &
1234 3498 1284 3527 sub

216 3541 278 3572 labe
289 3541 404 3572 &nota
417 3539 570 3576 perpetuis,
588 3547 674 3574 quam
689 3546 723 3566 ex
737 3547 815 3567 nunc
832 3537 963 3567 volumus
978 3538 1134 3573 incurrere,
1152 3535 1170 3565 si
1185 3544 1284 3566 contra

92 3593 111 3611 a·
125 3589 210 3620 vm,
223 3578 424 3615 Concordata,
443 3586 493 3614 per
505 3585 568 3613 eos,
583 3576 626 3605 vel
638 3585 738 3606 eorum
747 3575 875 3614 aliquod,
892 3575 977 3612 NOS,
998 3576 1043 3606 vel
1059 3573 1192 3604 nostrsim
1209 3579 1223 3591 ³⁵
1233 3575 1282 3605 ali-

78 3628 143 3662 716.

224 3628 309 3657 quem
328 3615 420 3655 (quod
434 3615 514 3645 Deus
528 3615 641 3648 avertat)
662 3615 759 3644 venire
771 3616 951 3651 contingeret
965 3615 996 3643 in
1009 3614 1144 3644 futurum-

259 3656 293 3686 In
335 3663 434 3685 uorum
450 3653 583 3683 omnium
598 3651 813 3682 Testimonium
835 3653 868 3682 ὃ(
885 3652 1039 3682 Munimen
1060 3651 1154 3689 Sigilla
1174 3651 1283 3689 nostra,

223 3696 256 3725 δε
282 3666 413 3724 riociiriim
427 3691 590 3729 cujussibet,
605 3691 662 3722 una
683 3700 749 3720 cum
772 3691 1015 3727 subscriptionibus
1038 3690 1211 3721 manualibus
1230 3700 1284 3720 no-

225 3733 346 3763 strorum
360 3732 546 3768 Nominum,
563 3729 743 3767 praesentibus
758 3729 858 3758 Literis
874 3729 1003 3758 duximus
1016 3728 1191 3765 apponenda.

264 3770 372 3800 Datum
387 3772 509 3806 Bittius,
527 3770 592 3798 xxiv
610 3767 655 3797 die
670 3766 775 3796 Mensis
786 3766 929 3804 januarii,
945 3766 1034 3796 Anno
1047 3765 1173 3796 Domini
1189 3766 1285 3797 Mille-

227 3807 318 3845 simo,
338 3807 637 3846 Qiadringentelimo,
653 3804 833 3836 Undecimo.

261 3846 374 3884 Jehan,
395 3847 505 3875 charles
515 3869 524 3883 ,
540 3844 655 3884 Jehan,
673 3842 779 3882 Jehan.

384 3922 437 3951 Sub
455 3921 552 3959 sigillis
565 3921 755 3960 praedici'orum
773 3924 879 3950 Ducum
897 3917 934 3954 &³
953 3922 1062 3949 comitis
1076 3941 1085 3956 ,
1112 3922 1140 3948 in
1161 3930 1220 3950 cera
1236 3930 1284 3951 ru-

422 3959 472 3991 bra
486 3960 622 4000 expreffis,
632 3959 809 3998 pendentibus
826 3970 845 3990 a
863 3958 952 3990 caudis
961 3966 1138 3998 pergamenae.
1279 3956 1282 3958 ’

648 103 1427 162 CONVEN'TIONES,
1483 102 1883 154 LITERAE,
2155 109 2163 116 ··
2263 104 2266 137 f

2365 185 2445 220 Ann.
2462 189 2505 225 D.

1438 284 1710 325 Procuratorium‚
1729 292 1785 328 per
1806 282 1955 314 Comitem
1981 281 2176 314 Armaniaci.

2393 236 2480 267 1412.

2365 270 2432 297 Hen.
2449 278 2480 304 4.

1285 366 1495 423 BErnardus,
1512 365 1573 398 Dei
1577 366 1698 435 xgratia,
1722 371 1812 398 Comes
1839 367 2008 396 Armam'aci
2022 386 2033 402 ,
2056 362 2148 404 Fesen.
2166 363 2352 395 Ruthenorum
2370 363 2448 395 Ann.
2462 364 2505 395 D.

1349 406 1382 436 δε
1399 406 1526 435 Pardiaci
1540 428 1550 443 ,

1607 407 1804 442 icecomesque
1826 405 1923 435 Fesen.
1949 403 2081 434 Brulhesii
2096 425 2106 440 ,
2129 402 2274 442 Creyffelli
2289 427 2299 443 ,
2321 405 2356 436 ὃς
2392 412 2481 442 1412.

1286 442 1455 482 Carladesii,
1473 454 1506 474 ac
1527 443 1675 474 Dominus
1688 444 1846 474 Terrarum
1868 443 2034 484 Rippariae,
2057 441 2158 483 Aurae,
2184 443 2218 472 &
2235 442 2357 474 Monta·
2372 446 2425 470 An.
2445 452 2489 480 ¹3-

1288 481 1448 512 nerensium
1469 482 1671 513 Ruthenorum
1686 505 1697 520 ,
1721 483 1854 513 universis
1875 483 1909 515 &
1933 481 2064 518 singulis,
2082 482 2229 518 praesentes
2250 480 2358 513 Literas
2372 486 2408 509 H.
2423 491 2452 516 4.

1288 521 1335 552 ins
1349 521 1467 558 eeturis,
1486 521 1598 559 visuris,
1616 521 1745 559 lecturis,
1761 531 1794 552 ac
1808 522 1895 552 etiarn
1909 520 2059 557 audituris,
2077 518 2212 549 Salutem.

2376 525 2412 548 Ex
2431 521 2492 549 Au-

1358 559 1426 596 um,
1445 558 1618 589 illustriffimi
1633 558 1777 597 Principes
1797 560 1831 590 ὃ(
1846 559 1988 597 Domini,
2007 556 2221 603 praecariffimus
2239 558 2274 589 &
2297 567 2359 589 me·
2373 567 2440 598 togr.

1290 596 1481 628 tuendiffimus
1496 597 1579 628 Pater
1596 597 1629 628 &
1643 596 1794 628 Dominus
1808 598 1922 636 noster,
1940 597 2085 628 Dominus
2100 599 2170 626 Dux
2186 597 2363 638 Bituricenfis

1292 635 1331 670 ἐν
1351 634 1519 674 Alverm'ae,
1536 635 1684 666 Dominus
1708 638 1778 665 Dux
1794 636 1997 676 Aurilianenſss
2031 634 2243 676 praecariffirnus
2265 635 2363 667 Frater

1294 674 1389 705 noster
1405 677 1475 704 Dux
1495 674 1638 704 Borbonen
1649 684 1689 712 15,
1704 675 1738 705 ὃς
1758 674 1971 714 praecariffimus
2011 674 2230 711 *onsanguineus
2252 674 2366 714 noster,

1295 717 1386 743 Comes
1400 714 1432 743 de
1446 715 1572 752 LanJone
1581 734 1591 751 ,
1607 721 1701 742 certos
1717 712 1949 750 Ambaxiatores,
1964 714 2001 742 δι
2013 713 2213 745 Procuratores
2225 713 2259 743 ad
2276 722 2365 751 partes

1296 752 1426 790 Angliae,
1441 761 1528 796 propt
1545 751 1752 789 intelleximus,
1767 746 1983 788 destinaverint,
1997 749 2045 781 seu
2061 747 2262 789 proposuerint
2279 752 2366 783 desti-

1298 801 1381 829 nare,
1400 799 1454 828 pro
1469 790 1491 820 Ἰ
1503 789 1655 828 radiando,
1669 788 1904 825 Concordando,
1922 787 2065 820 Faciendo
2086 791 2120 820 &
2136 788 2289 822 Firmando
2304 801 2368 822 cer-

1296 838 1335 860 tas
1352 829 1472 868 Liguas,
1491 828 1778 866 Cor-,foederationes,
1797 827 1830 859 <sc
1852 827 1957 864 Pacta,
1976 833 2045 857 cum
2065 824 2206 858 nonnullis
2225 829 2368 868 Principi-

1298 868 1351 914 bus
1363 869 1396 898 &
1415 867 1554 935 Dominis
1568 868 1664 906 Regni
1679 867 1810 907 Angliae,
1825 868 1884 896 tarn
1905 865 2008 905 Regali
2022 865 2157 904 dignitate
2177 867 2368 908 fulgentibus,

1298 916 1383 945 quam
1399 915 1414 935 a
1426 916 1475 944 iis,

1335 944 1475 982 Nosque,
1502 944 1552 983 qui
1571 954 1639 975 cum
1660 945 1743 976 dietis
1765 943 1904 975 Dominis
1927 943 2061 979 Ducibus
2081 943 2116 973 &
2135 941 2256 975 Comite
2274 943 2372 979 sumus

1299 982 1435 1022 Colligati
1448 993 1516 1013 cum
1533 983 1638 1013 eisdem
1655 984 1685 1014 in
1698 983 1782 1015 dietis
1798 983 1910 1023 Liguis,
1930 980 2039 1021 Paetis,
2056 983 2089 1013 &
2104 980 2370 1013 Confoederationi-

1301 1023 1371 1060 bus,
1388 1031 1436 1060 per
1452 1022 1582 1060 praefatos
1597 1022 1744 1054 Dominos
1758 1023 1855 1054 Duces
1876 1023 1909 1054 ὃ(
1924 1022 2094 1058 Comitem,
2113 1020 2158 1051 seu
2182 1031 2284 1052 eorum
2299 1022 2374 1052 Am-

1301 1062 1454 1091 baxiatores
1478 1062 1512 1091 &
1533 1060 1672 1102 Nuncios
1685 1059 1872 1100 TraCtandis,
1891 1059 2125 1099 Concordandis,
2141 1060 2175 1091 δε
2199 1060 2374 1100 Firmandis,

1300 1099 1415 1169 adjlungi
1438 1099 1556 1130 velimus
1572 1099 1606 1130 &
1622 1099 1796 1130 aflecffemus.

1353 1139 1454 1169 dcirco
1472 1138 1593 1169 Notum
1613 1137 1751 1176 facimus,
1775 1137 1958 1168 Praesentium
1977 1138 2114 1176 Tenore,
2131 1137 2213 1176 quod
2236 1137 2318 1177 Nos,
2337 1147 2375 1169 eo

1302 1177 1383 1218 quod
1398 1177 1474 1208 circa
1494 1176 1642 1207 Praemiffa
1661 1175 1792 1208 interesse
1813 1176 1993 1216 personaliter
2014 1182 2076 1206 non
2097 1176 2237 1215 valemus,
2253 1177 2378 1208 zelantes

1303 1225 1334 1247 ut
1349 1215 1500 1254 praemiffae
1516 1215 1551 1246 Li
1593 1225 1637 1254 ae,
1655 1214 1945 1252 confoederationes,
1963 1215 1997 1245 &
2020 1213 2108 1244 Pacta
2122 1216 2237 1246 veniant
2255 1216 2290 1246 ad
2306 1215 2378 1246 effe-

1303 1256 1384 1286 ctum
1394 1278 1404 1294 ,
1421 1255 1456 1286 &
1472 1256 1502 1284 in
1518 1255 1543 1284 ei
1576 1263 1625 1285 em
1642 1254 1726 1284 simus
1740 1254 1909 1292 conjunffl,
1924 1253 2024 1292 gratiS,
2039 1261 2073 1282 ex
2088 1251 2182 1282 nostra
2197 1262 2272 1284 certa
2284 1255 2375 1285 scien-

1303 1295 1356 1332 tia,
1375 1294 1410 1325 &
1425 1293 1576 1333 spontanea
1591 1292 1754 1332 voluntate,
1772 1302 1807 1324 ac
1818 1292 2022 1323 deliberatione
2057 1290 2172 1329 lenaria,
2187 1290 2324 1323 dilectum
2337 1293 2374 1324 &-

1303 1332 1417 1363 fidelem
1438 1332 1649 1363 Conciliarium
1669 1331 1803 1363 nostrum
1834 1330 2004 1362 Dominum
2057 1329 2190 1360 ohannem
2207 1329 2240 1360 de
2257 1333 2378 1370 Lopiaco

1305 1370 1452 1409 Militem,
1470 1370 1614 1402 absentem
1628 1379 1761 1410 tanquam
1776 1370 1962 1409 praesentem,

1343 1409 1393 1440 De
1406 1411 1486 1448 qu‘us
1498 1409 1679 1448 Nobilitate,
1699 1409 1850 1448 fidelitate,
1867 1409 2028 1447 probitate,
2044 1405 2232 1446 discretione,
2250 1407 2285 1440 &
2299 1407 2377 1441 bona

1304 1449 1352 1480 dili
1373 1450 1448 1480 entia
1462 1449 1567 1480 merito
1584 1449 1737 1487 plenariam
1752 1449 1875 1488 gerimus
1889 1447 2042 1485 fiduciam,

1369 1496 1562 1519 rocuratorem
1575 1511 1585 1525 ,
1611 1488 1844 1518 Ambaxiatorem
1861 1510 1870 1525 ,
1891 1485 2049 1517 Nuncium
2091 1484 2125 1515 &
2152 1483 2304 1516 Fadiorem
2326 1496 2382 1517 no*

1306 1526 1395 1557 strum
1412 1534 1541 1565 certum,
1559 1526 1811 1564 &indubitatum
1830 1527 1863 1558 &
1874 1525 2039 1563 especialem
2047 1507 2277 1564 donstituimus,
2293 1523 2383 1556 Crea-

1307 1575 1387 1605 mus,
1404 1566 1438 1597 &
1456 1564 1650 1604 ordinamus,
1663 1566 1697 1596 &
1711 1565 1784 1596 adse
1803 1563 2068 1602 Transportandum
2083 1561 2260 1602 personaliter
2281 1564 2317 1595 ad
2337 1563 2384 1595 di-

1307 1604 1365 1635 etas
1377 1612 1467 1643 partes
1487 1603 1617 1642 Angliae,
1636 1605 1690 1635 una
1708 1613 1777 1635 curn
1800 1603 2051 1634 Ambaxiatoribus
2067 1601 2215 1632 dierorum
2234 1601 2384 1634 Domino-

1308 1653 1372 1674 rum
1387 1643 1509 1673 Ducum
1522 1642 1717 1681 Bituricenfis,
1738 1641 1960 1681 Aurelianensis,
1978 1641 2012 1672 &
2034 1639 2250 1680 Borbonienfis‚
2268 1651 2302 1674 ac
2318 1641 2384 1674 Co-

1309 1683 1385 1712 mitis
1401 1682 1437 1713 de
1452 1681 1598 1720 Lansone,
1616 1689 1664 1712 aut
1681 1682 1737 1712 sine
1751 1681 1830 1720 ipfis,
1851 1679 2045 1719 destinamus,

1345 1721 1392 1752 Ad
1407 1720 1473 1751 tales
1485 1721 1518 1752 &
1533 1719 1692 1751 confimiles
1707 1719 1742 1750 Li
1764 1729 1824 1758 uas,
1845 1718 2135 1758 Confoederationes‚
2151 1717 2185 1750 ὅτ
2198 1717 2290 1753 Ραᾶα
2303 1730 2385 1760 quae-

1311 1769 1457 1798 cumque,
1475 1769 1543 1790 cum
1560 1758 1729 1797 quibussibet
1771 1758 1946 1799 rincipibus,
1964 1757 2122 1796 Dominis,
2136 1757 2170 1788 &
2191 1755 2322 1789 Personis
2342 1760 2386 1791 di-

1310 1799 1351 1829 eti
1374 1799 1471 1838 Regni
1490 1798 1617 1837 Angliae,
1641 1795 1844 1837 cujuscumque
1866 1796 1959 1828 Status
1977 1802 2024 1827 aut
2047 1796 2233 1827 Conditionis
2252 1797 2389 1837 existant,

1310 1838 1392 1869 etiam
1406 1839 1425 1868 si
1439 1837 1574 1876 dignitate
1595 1836 1677 1876 regali
1696 1836 1839 1876 fulgeant,
1857 1834 2056 1874 Faciendum,
2070 1834 2283 1874 Tractandum,
2301 1835 2387 1867 Con-

1312 1876 1510 1914 cordandum,
1534 1875 1740 1914 Firmandum,
1765 1875 1799 1906 &
1829 1876 1860 1904 iri
1893 1874 2032 1904 Animam
2054 1873 2182 1904 nostram
2207 1873 2387 1914 jurandum,

1311 1915 1421 1955 quales,
1441 1924 1525 1954 quae,
1543 1915 1576 1946 &
1590 1922 1720 1953 quantae,
1738 1923 1788 1952 per
1800 1913 1893 1944 dictos
1915 1912 2133 1943 Ambaxiatores
2156 1911 2303 1944 dictorum
2318 1912 2387 1944 Do-

1313 1955 1459 1985 minorum
1475 1952 1596 1984 Ducum
1612 1952 1645 1983 &
1659 1952 1803 1990 Comitis,
1821 1951 1945 1991 superius
1966 1952 2197 1990 nominatorum,
2217 1951 2389 1992 Tractatae,

1313 1992 1508 2024 Concordatae
1517 2015 1528 2031 ,
1547 1993 1698 2029 Firmatae,
1712 1990 1861 2022 Promiffae
1881 1990 1915 2021 &
1924 1990 1942 2029 J
1946 1999 2032 2021 utatae
2050 1989 2154 2021 fuerint
2170 1999 2240 2021 cum
2261 1989 2387 2030 eisdem,

1312 2042 1363 2071 per
1383 2031 1505 2063 modum
1528 2031 1562 2061 &
1587 2031 1711 2060 formam
1735 2029 1904 2067 Potestatis,
1927 2028 2031 2060 eisdem
2056 2029 2323 2068 Ambax'iatoribus‚
2337 2039 2390 2067 pet

1313 2071 1444 2109 prcefatos
1469 2070 1618 2100 Dominos
1636 2068 1735 2098 Duces
1756 2070 1789 2100 &
1813 2067 1980 2106 Comitem,
1996 2067 2140 2098 attributae
2161 2067 2196 2098 δε
2219 2067 2388 2110 concessae,

1311 2110 1434 2150 ipsalque
1448 2109 1554 2147 Liguas
1565 2109 1598 2140 δε
1614 2106 1884 2139 Confoederationes
1899 2106 2046 2138 observare
2061 2105 2305 2147 promittendum,

1348 2149 1385 2180 Et
1402 2150 1458 2187 pari
1479 2146 1588 2187 modo,
1607 2145 1707 2177 nostro
1731 2146 1885 2185 Nomine,
1898 2146 1935 2177 ab
1957 2145 2092 2176 omnibus
2109 2145 2178 2183 illis,
2197 2155 2266 2176 cum
2286 2145 2390 2186 quibus

1313 2188 1400 2219 didiae
1418 2188 1518 2227 Liguae
1539 2188 1572 2218 ὃ(
1596 2184 1869 2217 Confoederationes
1891 2185 1975 2215 faciae
1993 2184 2118 2223 fuerint,
2134 2184 2204 2228 ipsas
2224 2183 2391 2215 Promissio-

1313 2237 1378 2265 nes,
1396 2226 1630 2263 Conventiones,
1647 2223 1751 2263 Pacta,
1770 2224 1892 2262 Liguas,
1910 2223 2243 2261 &Confoederationes‚
2260 2223 2390 2263 cumJu-

1312 2274 1442 2297 ramento
1458 2264 1688 2302 Recipiendum,
1705 2265 1739 2296 &
1754 2273 1806 2304 pro
1818 2262 1917 2294 Nobis
1932 2263 2151 2299 stipulandum,
2256 2272 2258 2274 ’
2375 2286 2381 2290 .

1351 2304 1464 2336 Literas
1479 2314 1530 2342 ue,
1556 2302 1800 2341 Instrumentum,
1819 2302 1866 2333 seu
1889 2300 2101 2339 Instrumenta,
2121 2297 2236 2338 Cartas,
2251 2299 2286 2331 &
2308 2295 2389 2337 quai:

1313 2354 1439 2384 cumque
1459 2315 1654 2382 {sermm-as,
1671 2343 1750 2380 super
1771 2339 1922 2372 Praemiffis
1943 2339 2108 2371 necessarias
2133 2339 2168 2369 &
2193 2345 2389 2378 opportunaS,

1313 2392 1397 2421 prout
1418 2384 1451 2415 &
1463 2380 1708 2422 quemadmodum
1724 2390 1773 2417 per
1793 2380 1887 2410 dictos
1907 2379 1976 2410 alios
1998 2377 2216 2409 Ambaxiatores
2240 2377 2389 2408 <iustorum

1313 2421 1513 2452 Dominorum
1528 2419 1649 2450 Ducum
1663 2420 1696 2450 ὃ(
1713 2419 1854 2457 Comitis,
1874 2417 2033 2456 dabuntur,
2049 2416 2190 2448 tradentur
2224 2415 2389 2447 conceden-

1312 2461 1424 2529 ²52²&
1438 2459 1665 2528 (ἐὴιίῃεὺυηωῐ,
1684 2457 1822 2489 Dandum
1832 2480 1842 2496 ,
1858 2456 2066 2495 Tradendum,
2083 2437 2314 2486 Concedendum
2324 2476 2336 2493 ,
2353 2454 2389 2485 &

1367 2509 1443 2530 tinen
1466 2508 1516 2529 um

1351 2537 1388 2569 Et
1402 2522 1635 2568 demum’omnia
1649 2535 1700 2566 alia
1713 2535 1839 2567 universa
1850 2534 1884 2566 δε
1896 2533 2000 2574 singula
2009 2555 2020 2571 ‚
2036 2531 2067 2563 in
2086 2530 2240 2562 Praemissis
2262 2530 2297 2563 &
2311 2530 2388 2562 circa

1312 2575 1459 2607 Praemiffa
1471 2576 1637 2612 neceffiria‚
1654 2575 1687 2605 &
1704 2584 1769 2614 quae
1782 2583 1831 2614 per
1847 2573 1915 2603 alios
1940 2572 2034 2603 distes
2054 2569 2275 2600 Ambaxiatores
2294 2569 2390 2601 dicto-

1312 2625 1376 2645 rum
1392 2615 1593 2645 Dorninorum
1607 2612 1728 2644 Ducum
1743 2613 1777 2643 &
1793 2611 1937 2649 Comitis,
1954 2619 2023 2640 cum
2035 2608 2176 2648 quibusvis
2192 2607 2389 2648 Principibus,

1314 2653 1467 2692 DominiS,
1483 2653 1517 2683 δε
1537 2651 1667 2682 Personis
1687 2651 1774 2689 faeta,
1793 2648 1984 2687 concordata,
2000 2647 2127 2686 firmata,
2144 2647 2300 2692 promissa,
2316 2657 2387 2686 pro-

1312 2700 1420 2731 curata,
1440 2693 1473 2724 &
1485 2691 1592 2728 jurata,
1611 2697 1659 2720 aut
1673 2688 1821 2726 concessa,
1840 2687 1887 2718 seu
1909 2687 2027 2718 obtenta
2045 2686 2065 2706 ²*
2085 2686 2205 2725 fuerint,
2222 2687 2310 2717 libere
2331 2685 2386 2717 Fa·
2401 2687 2422 2710 ²*
2438 2690 2524 2721 vm.

1312 2731 1463 2768 ciendum,
1489 2727 1753 2765 Concordandum,
1776 2725 1980 2764 Firmandum,
2000 2725 2255 2764 Promittendum,
2278 2723 2385 2764 Juran-
2401 2738 2465 2765 7¹7·

1312 2769 1400 2807 dum,
1420 2767 1673 2805 Concedendum‚
1692 2765 1892 2796 Obtinendum
1902 2765 1935 2795 <sc
1949 2763 2187 2802 Procurandum,
2202 2764 2236 2795 &
2246 2773 2311 2802 quae
2319 2763 2387 2794 Nos

1315 2809 1488 2844 faceremus,
1507 2806 1553 2836 seu
1567 2805 1659 2836 facere
1675 2804 1820 2842 possemus
1832 2803 2010 2844 personaliter
2022 2802 2185 2841 constituti,
2199 2802 2279 2832 nullo
2293 2802 2389 2840 impe-

1313 2845 1407 2877 diente
1421 2854 1515 2877 errore
1530 2845 1575 2875 seu
1589 2843 1720 2881 defectu,
1737 2843 1757 2873 si
1772 2844 1833 2881 quis
1849 2842 1944 2873 forsan
1958 2843 1990 2872 in
2004 2841 2058 2872 hiis
2077 2841 2180 2872 nostris
2196 2840 2302 2871 Literis
2315 2839 2387 2872 Pro-

1314 2886 1447 2916 curatorii
1461 2885 1495 2916 &
1509 2882 1658 2914 Potestatis
1673 2881 1896 2920 quomodolibet
1911 2880 2114 2917 intervenerit,
2379 2891 2382 2896 ’

1354 2923 1438 2954 Cum
1452 2932 1521 2960 nos,
1537 2922 1618 2959 super
1632 2920 1772 2960 praediCtis
1781 2943 1791 2958 ,
1809 2919 1892 2950 dieto
1908 2919 2046 2949 Domino
2055 2917 2181 2956 Johanni
2194 2915 2232 2947 de
2245 2916 2390 2957 Lopiaco,

1314 2961 1498 2993 Procuratori
1510 2961 1544 2991 &
1560 2960 1753 2991 Ambaxiatori
1765 2958 1884 2996 nostro,
1899 2956 2011 2988 Damus
2027 2956 2061 2987 &
2076 2954 2278 2987 Concedimus
2292 2957 2389 2995 plena-

1315 3002 1384 3031 riam
1397 3001 1431 3032 &
1445 3000 1562 3030 liberam
1576 2998 1750 3029 Potestatem
1759 3020 1769 3036 ,
1930 3022 1933 3025 ,

1354 3039 1575 3076 Promittentes,
1595 3037 1677 3075 Nos,
1695 3035 1805 3066 Comes
1818 3033 1997 3072 Armaniaci,
2015 3031 2202 3063 Constituens
2218 3032 2389 3074 praedictus,

1317 3087 1350 3109 ac
1365 3079 1450 3109 etiarn
1467 3077 1567 3117 sponte
1579 3075 1708 3115 Jurantes
1721 3084 1768 3114 per
1780 3073 1882 3104 Deum
1897 3081 2017 3109 verum,
2036 3071 2071 3101 &
2088 3073 2116 3102 in
2126 3071 2180 3102 fide
2193 3071 2290 3103 nostra
2305 3073 2388 3113 super

1316 3117 1373 3147 hoc
1386 3115 1528 3154 praestita,
1542 3125 1573 3146 ut
1589 3114 1718 3153 Legualis
1733 3112 1846 3142 Comes
1860 3111 1894 3142 δε
1909 3110 2013 3148 Miles,
2031 3119 2083 3140 nos
2096 3110 2223 3149 Rarum,
2242 3109 2386 3150 Gratum,

1317 3156 1350 3187 δε
1367 3155 1497 3185 Firmum
1512 3154 1620 3191 semper
1632 3152 1736 3182 habere
1749 3151 1783 3182 δε
1796 3158 1907 3187 tenere,
1925 3149 2089 3186 servareque
2109 3150 2143 3181 ὃς
2157 3149 2321 3189 complere,
2339 3159 2386 3181 to-

1317 3203 1378 3224 tum
1395 3195 1426 3224 &r
1442 3193 1578 3231 quicquid
1595 3201 1644 3228 per
1663 3190 1775 3220 dietum
1795 3188 1963 3219 Dominum
1982 3187 2146 3227 Johannem
2168 3187 2390 3226 Procuratorem

1317 3234 1350 3263 ὃ(
1368 3232 1602 3263 Ambaxiatorem
1624 3228 1755 3259 nostrum
1769 3228 1805 3264 {in
1827 3227 1992 3265 Praemiffis,
2012 3228 2047 3258 &
2068 3228 2145 3257 circa
2163 3225 2328 3263 Praemiffa,
2344 3226 2387 3257 A-

1319 3272 1417 3309 etum,
1443 3268 1584 3307 Gestum,
1610 3267 1798 3303 TraCiatum,
1825 3265 2063 3302 concordatum,
2090 3265 2266 3295 Promissum
2276 3288 2285 3303 ,
2305 3265 2389 3303 Jura-

1318 3318 1397 3346 tuin,
1419 3307 1615 3344 Conceffum,
1632 3305 1832 3336 Obteiitumve
1847 3305 1950 3343 fuerit,
1969 3312 2016 3334 aut
2029 3303 2085 3335 alio
2104 3303 2296 3342 quovismodo
2316 3303 2386 3333 Pro-

1319 3357 1468 3384 curatum,
1491 3347 1540 3376 sub
1563 3345 1710 3375 Bonorum
1734 3343 1899 3374 nostrorum
1921 3343 2093 3381 Ypotheca,
2111 3343 2144 3373 &
2164 3341 2246 3370 omni
2259 3341 2335 3380 Juris
2349 3342 2386 3372 ἅτ

1320 3387 1399 3417 FaCti
1416 3385 1661 3420 Renunciatione,
1678 3383 1755 3422 quod
1770 3381 1922 3412 Praemisfis
1935 3389 2098 3421 contrayret
2111 3387 2158 3410 aut
2171 3378 2264 3417 poffer
2283 3379 2385 3419 aliqua-

1320 3427 1378 3456 liter
1390 3426 1546 3461 contiaiie,
1562 3424 1663 3461 pariter
1678 3424 1711 3452 &
1725 3420 1872 3452 Cauthela.

1358 3463 1391 3493 In
1406 3473 1529 3501 quorum
1545 3462 1643 3491 Fidem
1658 3461 1690 3491 δε
1706 3460 1923 3490 Testimonium
1939 3457 2152 3489 Praemissorum
2176 3455 2307 3495 Sigillum
2329 3466 2384 3487 no-

1321 3502 1410 3533 strum
1424 3502 1473 3531 hiis
1486 3500 1664 3538 praesentibus
1679 3499 1779 3528 Literis
1795 3497 2023 3536 impendendum
2032 3494 2160 3533 juffimus
2171 3494 2383 3532 apponendum.

1357 3541 1468 3571 Datum
1481 3542 1513 3570 ἅ
1531 3539 1636 3569 Actum
1651 3537 1760 3567 Ruthen
1769 3561 1779 3574 ,
1797 3537 1842 3568 die
1856 3537 1940 3574 xxviij
1956 3534 2062 3566 Meniis
2071 3533 2212 3572 Januarii,
2221 3532 2308 3563 Anno
2317 3532 2384 3564 Do-

1319 3581 1390 3610 mini
1404 3577 1480 3609 Mili.
1493 3575 1622 3608 CCCC.
1638 3577 1676 3606 xi.

2103 3612 2221 3639 Bernat.

1362 3697 1415 3725 Per
1434 3696 1581 3723 Dominum
1600 3695 1728 3723 Comitem
1738 3689 1872 3730 praesente
1889 3689 2005 3719 Domino
2021 3686 2163 3717 Bernardo
2181 3686 2214 3716 de
2231 3687 2350 3720 BacutoJ

1358 3770 1407 3802 De
1421 3769 1591 3810 Calvarupp.

1359 3847 1414 3879 Sub
1431 3846 1520 3887 sigillo
1540 3846 1609 3879 Cera*
1629 3845 1713 3878 rubea*
1731 3843 1863 3886 expreffl,
1877 3842 2011 3882 pendente
2026 3852 2045 3872 a
2062 3842 2149 3872 cauda
2160 3842 2350 3882 pergamenae.'

2274 4036 2382 4072 contra
