2562 4274
16 238 94 270 Ann.
103 233 147 268 D.

45 284 131 315 1421.

19 319 81 347 Hm.
94 323 124 355 5.

18 1094 157 1123 *X.120.

711 144 822 187 ET
906 144 1175 188 ACTA
1234 143 1713 191 PUBLICA.

167 231 320 304 dissolugili
335 233 512 265 Concordiae
527 233 560 265 &
582 231 729 264 Amicitiae
751 232 870 265 vinculo
892 233 1027 265 foeliciter
1047 233 1081 265 &
1102 235 1242 272 perpetuo

209 283 248 303 nn
299 281 380 303 antur

170 282 290 343 coHilic
304 311 346 341 est
357 295 436 350 qdod
453 309 540 350 Nos,
558 308 695 349 Philippus
708 309 868 350 Epist-opus,
885 309 1050 351 Johannes,
1067 320 1101 342 ac
1119 309 1241 340 Williel-

173 362 231 382 mus
240 373 249 389 ,
267 350 466 381 Commissarii
481 349 611 388 praedicti
620 372 630 387 ,

207 389 266 420 Pro
280 398 358 429 parte
373 389 481 427 praefiti
493 387 668 419 illustrissimi
685 386 810 417 Domini
827 386 915 418 nostri
930 391 1008 428 Regis
1023 387 1137 426 Angliae
1148 388 1242 427 supra-

168 428 256 466 dieti,
275 437 327 465 pro
342 426 395 464 Se,
413 426 601 464 Haeredibus,
621 427 653 457 ὃς
676 425 890 457 Succefforibus
911 428 980 467 suis,
999 437 1033 459 ac
1060 427 1165 465 Regno
1189 427 1239 456 suo

170 467 303 535 ssninae,
325 465 440 505 Terris,
463 465 629 504 Dominiis,
656 464 769 503 Ligus,
793 464 918 496 Subditis
932 489 943 506 ,
967 468 1002 499 &
1022 464 1149 497 Vaffallis
1171 464 1241 503 ejus-

190 514 236 535 em

205 527 337 610 {zenon
352 542 517 611 Istrahel&
530 539 836 581 Stephanus,Nuncii,
846 541 1084 582 Ambaffiatores,
1103 541 1240 574 &Com-

171 583 213 612 mi
237 582 285 611 arii
319 591 357 611 rte
380 583 428 612 ici

209 620 266 650 Pro
300 591 398 650 {aefato
412 605 520 659 potenti
536 617 610 649 Viro
625 620 716 657 Duce,
731 628 765 649 ac
780 619 876 650 Nobili
898 621 1097 650 communitate
1109 618 1239 658 Januen-

171 659 255 727 lsium,
271 629 306 690 ἐξ(
321 657 536 728 {accessoribus
547 657 614 695 suis,
627 656 737 695 Terris,
755 657 900 689 Dominiis
909 682 919 698 ,
934 656 1076 696 Subditis,
1095 657 1241 689 &Vaffal-

182 707 204 728 is
218 707 319 728 eorum
341 707 388 727 em

207 719 438 766 Communiccito
459 732 608 772 Consilio,
625 733 789 772 Consensu,
806 735 839 766 &
857 733 973 765 Affensu
997 733 1114 773 nostris,
1132 735 1241 773 bonas,

170 774 285 812 firmas,
303 773 432 810 stabiles,
449 774 482 804 &
502 772 678 814 inviolabiles
700 773 865 811 Amicitias,
884 772 1170 812 Confoederationes,
1191 775 1241 804 Al-

170 813 312 852 ligantias,
332 812 365 842 &
379 811 463 850 Ligas
482 812 565 842 reales
586 814 619 843 &
641 821 784 851 perpetuas
804 813 875 843 inter
899 811 988 851 ipsos,
1007 811 1241 850 Illustriffimum‚

171 851 337 891 Dominum
362 851 492 882 nostrum
510 853 624 889 Regem,
642 852 676 882 &
697 850 847 889 praefatum
871 851 975 880 Ducem
991 849 1109 889 Januae,
1126 860 1242 881 eorum—

169 896 226 928 que
244 887 381 920 Haeredes
396 890 430 920 ὅτ
447 888 644 928 Successores,
664 888 817 928 Regnum,
836 889 956 926 Terras,
975 887 1096 927 Patrias,
1115 890 1149 920 δί
1174 888 1242 919 Do-

170 929 275 966 minia,
292 927 414 967 Ligeos,
433 926 582 967 Subditos,
601 928 634 957 &
658 926 813 966 vassallos,
829 927 875 959 seu
899 926 1094 958 Distrietuales
1115 927 1241 965 ipsorum

169 967 381 1005 quoscumque,
405 966 560 1004 inivimus,
583 964 851 1004 Concordavimus,
870 964 1077 1004 Firmavimus,
1102 966 1136 997 δί
1161 965 1238 996 Feci·

171 1015 251 1044 muS,
269 1016 320 1045 ac,
340 1003 526 1036 Praesentium
554 1004 689 1041 Tenore,
716 1003 842 1042 Inimus,
864 1002 1086 1035 Concordamus
1100 1027 1111 1043 ,
1136 1004 1243 1035 Firma-

174 1054 238 1074 mus
248 1068 257 1082 ,
273 1046 306 1076 ὅς
318 1044 454 1082 facimus,
470 1053 519 1082 per
536 1041 703 1081 Praesentes,
719 1043 810 1073 modo
823 1045 858 1074 &
872 1042 969 1074 forma
980 1044 1028 1081 qui
1043 1043 1209 1082 sequuntur,

212 1084 465 1120 *INPRIMIQ
493 1080 838 1113 ConcoRDATUM
861 1081 903 1111 est
918 1104 927 1120 ,
954 1081 1037 1120 quod
1059 1081 1168 1112 amodo
1191 1084 1244 1113 lint

172 1121 326 1159 Amicitia,
343 1120 465 1158 Unitas,
480 1118 719 1160 confoederatio,
737 1122 770 1152 &
787 1120 866 1150 firma
876 1120 966 1161 Liga,
985 1129 1118 1158 perpetua
1133 1120 1166 1151 &
1182 1131 1241 1151 rea-

168 1161 219 1199 lis,
235 1171 284 1199 pet
296 1160 436 1197 Terram,
451 1158 563 1198 Aquas,
581 1159 615 1190 ὃς
632 1159 734 1197 Mare,
753 1161 824 1190 inter
839 1159 954 1190 diffitum
973 1158 1187 1190 Sereniffimum
1206 1161 1241 1190 &

168 1198 437 1230 victoriosissimum
450 1197 627 1236 Dominum,
642 1198 808 1229 Dominum
824 1198 1058 1237 Henricum,Dei
1069 1197 1174 1237 gratia,
1189 1199 1243 1228 Re—

167 1249 227 1276 gem
247 1236 376 1276 Angliae,
393 1236 587 1275 Haeredesque
607 1238 640 1268 &
661 1237 842 1268 Succeffores
864 1237 942 1275 suos,
960 1247 994 1267 ac
1015 1235 1172 1274 vassallos,
1190 1236 1241 1266 Li-

190 1287 256 1316 eOS‚
272 1275 424 1314 Subditos,
441 1276 475 1307 &
490 1275 685 1307 Districtuales
699 1276 823 1314 ejusdem
833 1298 842 1313 ,
859 1274 1072 1307 Ecclesiasticos
1093 1276 1128 1307 &
1151 1274 1240 1305 Secu-

181 1326 257 1354 ares,
280 1315 476 1359 Regnumque
494 1315 576 1360 suum
597 1315 729 1355 Angliae,
745 1322 779 1346 ac
805 1315 911 1352 Teras,
936 1314 1060 1358 Patrias,
1085 1313 1241 1358 Civitates,

170 1353 425 1423 vsssszvllljzaff
437 1352 1083 1432 ῗὲἙὲῗὲἶᾷἓίξοῗέΒῖῗρῖἳαῖιέηέἆῗῗὲὲ
1093 1351 1242 1430 Ῑῖἵέἒὲῗὲἶ

167 1442 232 1463 cam
256 1435 486 1461 Communitatem
507 1431 616 1470 Januae
631 1453 641 1470 ,
661 1431 778 1470 suosque
808 1431 1008 1468 Successores,
1026 1429 1182 1467 Subdiros,
1206 1430 1242 1462 &

169 1470 379 1508 Distritstuales,
397 1470 516 1509 Ligeos,
535 1469 747 1501 Ecclefiasticos
762 1471 795 1501 &
813 1469 968 1508 Seculares,
987 1469 1240 1508 Territoriumque

165 1519 284 1549 eorum,
303 1510 424 1547 Terras,
443 1508 562 1547 Patrias‚
580 1507 735 1547 Civitates,
752 1516 838 1546 atque
852 1507 956 1544 Villas,
973 1508 1007 1538 &
1024 1506 1165 1538 Dominia
1179 1507 1243 1546 sua,

167 1557 202 1579 ex
213 1549 312 1586 altera,
328 1548 467 1587 perpetuis
478 1547 579 1578 futuris
592 1548 771 1588 temporibus
785 1547 984 1577 inviolabiliter
998 1547 1192 1586 permansurae,

204 1586 335 1625 ITEM,
354 1587 524 1617 unanimiter
549 1585 897 1617 CoNcoRDATUM
916 1583 958 1615 est
972 1607 982 1622 ,
1007 1584 1088 1623 quod
1111 1584 1245 1621 praefatus

166 1625 360 1656 Serenislimus
378 1624 527 1655 Dominus
541 1627 602 1655 Rex
616 1623 770 1661 Vaffallos,
791 1623 918 1661 Ligeos,
935 1632 969 1652 ac
978 1632 1081 1652 omnes
1096 1622 1131 1652 &
1144 1622 1243 1659 fingu-

165 1664 208 1694 los
222 1664 355 1694 Subditos
372 1664 449 1701 suos,
469 1663 682 1694 Ecclefiasticos
695 1664 730 1694 &
745 1662 907 1699 seculares,
923 1671 1038 1692 necnon
1064 1660 1158 1691 dietus
1172 1661 1245 1692 No-

169 1703 231 1734 bilis
253 1701 307 1733 Vir
326 1705 412 1741 Dux,
433 1703 467 1732 &
491 1706 634 1732 Commune
653 1699 779 1738 Januae,
808 1699 963 1740 Vassallos,
980 1699 1191 1738 Distridtuales,
1209 1709 1244 1731 ac

167 1752 268 1773 omnes
284 1743 318 1772 &
335 1740 456 1779 fingulos
477 1739 613 1770 Subditos
633 1738 712 1776 suos,
732 1738 944 1770 Ecclefiasticos
967 1739 1001 1770 &
1024 1737 1167 1769 Seculares
1189 1747 1244 1778 pro

167 1781 276 1818 Iniuriis
289 1802 299 1818 ,
321 1778 609 1819 Depraedationibus,
635 1776 826 1816 Captionibus
847 1776 1054 1815 Personarum,
1076 1776 1245 1815 Bonorum,

165 1821 200 1851 δε
216 1819 369 1855 Navium,
387 1816 577 1855 Vulneribus,
594 1816 755 1853 Incendiis,
773 1815 993 1846 &Homicidiis
1007 1815 1235 1855 quibuscumque

165 1858 236 1889 hinc
255 1858 290 1889 ὅτ.
305 1856 389 1894 inde,
408 1863 475 1886 ante
501 1854 608 1886 Datam
631 1853 833 1893 Praesentium,
853 1853 953 1892 Actis,
973 1854 1082 1892 Faffls,
1096 1852 1219 1885 Commi
1233 1873 1246 1878 -

165 1897 212 1934 sis,
229 1897 263 1926 «Sc
278 1895 447 1932 Perpetratis
461 1895 611 1931 utrinque,
630 1892 839 1932 pacificabunt,
857 1903 890 1923 ac
905 1894 1016 1932 quietos
1039 1893 1074 1924 &
1090 1901 1244 1924 contentos

164 1934 271 1965 facient
292 1935 325 1965 &
341 1932 476 1970 reddent,
494 1931 566 1962 adeo
590 1931 670 1970 quod
689 1931 781 1962 dicius
804 1931 952 1962 Dominus
973 1933 1032 1961 Rex
1056 1931 1190 1970 Angliae,
1209 1942 1242 1963 ac

163 1972 303 2003 Haeredes
314 1995 324 2010 ,
341 1973 375 2003 (Sc
390 1970 573 2001 Sticceffores
588 1971 646 2008 sui,
665 1970 819 2009 Vaffallos,
837 1970 975 2001 Subditos
987 1993 996 2008 ,
1014 1971 1048 2002 ὅτ.
1069 1970 1242 2002 Distric‘cua-

165 2011 205 2042 les
217 2012 424 2050 praedictorum
436 2012 524 2040 Ducis
539 2010 574 2040 &
588 2012 798 2040 communitatis
809 2008 936 2048 Januae,
954 2010 988 2040 ὃς
1004 2009 1128 2048 ipsorum
1142 2019 1244 2049 quem-

168 2050 258 2089 libet,
275 2050 425 2087 dictusque
438 2052 570 2078 Dominus
586 2052 671 2086 Dux,
689 2049 723 2079 &
743 2051 887 2078 Commune
907 2048 1014 2086 Januae
1048 2057 1082 2078 ac
1106 2047 1249 2081 Haeredes

167 2089 203 2121 δε
219 2087 400 2120 successores
419 2087 479 2126 sui,
495 2086 650 2125 Vassallos,
668 2087 793 2127 Ligeos,
811 2087 845 2118 &
864 2086 1002 2118 Subditos
1021 2070 1150 2118 Domini
1166 2090 1246 2127 Regis

160 2128 307 2168 praediffi,
324 2127 362 2158 ab
373 2125 420 2157 Im
458 2126 624 2164 titionibus,
639 2125 893 2164 Accusationibus,
907 2125 1095 2165 Aetionibus,
1110 2125 1246 2158 Deman-

166 2167 228 2205 dis,
252 2166 402 2205 Qrerelis,
451 2165 628 2196 exationibus
649 2165 683 2196 &
712 2164 976 2196 Perturbationibus
997 2164 1245 2204 quibuscumque,

169 2203 306 2236 Realibus
329 2204 374 2235 vel
395 2203 608 2242 personalibus,
635 2203 789 2239 occasione
811 2203 1048 2241 Praemifforum,
1061 2205 1092 2233 in
1109 2203 1244 2244 Judicio,

166 2243 212 2274 vel
226 2252 320 2282 eutra,
338 2243 407 2273 hinc
421 2242 467 2273 vel
482 2243 547 2274 inde
563 2243 714 2282 faciendis,
731 2243 898 2281 movendis,
919 2242 964 2274 ieu
983 2243 1194 2282 proponendis,
1212 2243 1246 2274 il-

167 2281 247 2352 Ιὲεἷοε
269 2283 303 2314 &
329 2282 496 2320 indempnes
522 2282 747 2321 conservabunt,
763 2291 799 2313 ac
822 2282 935 2322 quietos
955 2281 991 2312 &
1012 2289 1166 2312 contentos
1182 2281 1247 2312 red-

189 2329 248 2352 ent.

211 2359 224 2390 Ι
235 2366 286 2390 TE
295 2367 342 2396 Μ,
361 2356 450 2389 CoN
459 2367 505 2390 co
516 2362 540 2389 R
551 2367 572 2389 D
582 2368 602 2389 a
611 2366 634 2388 τ
643 2367 667 2389 υ
678 2366 706 2389 Μ
721 2357 781 2398 est,
795 2358 876 2398 quod
896 2359 1029 2397 praefatus
1050 2358 1247 2390 Sereniffimus

168 2397 319 2429 Dominus
331 2400 393 2427 Rex
411 2396 543 2436 Angliae,
560 2407 594 2428 ac
616 2397 771 2436 Haeredes,
788 2399 822 2429 &
841 2398 1022 2428 Succeflbres
1041 2397 1081 2428 sui
1124 2406 1245 2429 omnem

168 2437 357 2474 Amicitiam,
375 2433 618 2474 Benivolentiam,
635 2437 670 2467 ὃς
687 2436 803 2467 firmam
824 2435 931 2467 Pacem
947 2436 1044 2474 dietis,
1060 2420 1170 2467 N²obili
1191 2436 1245 2467 Vi-

168 2485 203 2507 ro
224 2478 314 2514 Duci,
339 2476 372 2508 &
391 2478 529 2505 Communi
550 2474 676 2514 Januae,
693 2474 882 2514 Haeredibus,
899 2474 1128 2513 Successoribus,
1149 2474 1246 2506 Vaffa-

167 2514 270 2554 lisque,
289 2515 322 2546 &
336 2513 463 2544 Subditis
484 2514 537 2544 suis
558 2513 803 2553 quibuscumque,
821 2514 962 2553 perpetuis
985 2514 1084 2544 futuris
1105 2516 1247 2553 tempori-

170 2550 241 2592 bus,
256 2553 396 2584 continue
411 2552 576 2590 servabunt,
591 2553 776 2592 impendent,
791 2553 985 2590 exhibebunt,
1002 2553 1035 2583 &
1059 2552 1178 2590 quilibet
1197 2553 1247 2583 suo

169 2600 302 2629 tempore
316 2591 455 2629 servabit,
473 2590 635 2630 impendet,
654 2592 688 2622 ὃς
702 2591 865 2630 exhibebit,
884 2591 918 2622 δε
932 2591 970 2622 lic
983 2602 999 2622 a
1012 2591 1083 2629 sub,
1104 2599 1246 2629 quantum

167 2632 198 2662 in
213 2631 251 2662 eis
267 2631 339 2669 erit,
352 2631 472 2668 servari,
484 2630 616 2669 ,impendi
650 2631 685 2662 &
700 2630 826 2662 exhiberi
841 2631 955 2660 facient:

205 2669 260 2708 Et,
278 2680 295 2701 e
308 2668 470 2706 converso,
487 2668 578 2700 dietus
599 2653 720 2700 Nobilis
742 2668 796 2700 Vir
816 2671 886 2699 Dux
907 2669 941 2700 &
961 2670 1105 2698 Commune
1146 2679 1244 2706 anuae,

169 2706 326 2744 Haeredes,
341 2707 578 2746 Successoresque
594 2708 632 2737 sui
642 2729 652 2745 ,
666 2717 787 2739 omnem
801 2708 988 2746 Amicitiam,
1005 2707 1093 2738 Beniv
1126 2708 1245 2746 entiam,

168 2746 204 2777 δε
217 2746 330 2778 firmam
343 2746 451 2780 Pacem
463 2746 545 2776 ἀὶᾶο
565 2745 748 2777 Sereniffimo
770 2746 910 2777 Domino
931 2748 999 2784 Regi
1019 2745 1152 2783 Angliae,
1170 2745 1245 2776 Hae-

171 2783 286 2815 redibus
299 2807 308 2823 ,
335 2785 370 2816 ὅς
392 2785 608 2816 Succefforibus
628 2785 699 2822 suis,
716 2794 751 2816 ac
772 2784 916 2824 Vassallis,
936 2784 1050 2824 Ligeis,
1068 2786 1103 2817 δε
1120 2784 1246 2815 Subditis

165 2822 393 2863 quibuscumque
406 2823 548 2862 ejusdem,
565 2825 706 2864 perpetuis
718 2825 895 2862 temporibus
904 2847 913 2862 ,
931 2825 1070 2854 continue
1083 2823 1245 2861 servabunt,

168 2860 354 2901 impendent,
372 2862 407 2892 &
422 2862 612 2901 exhibebunt,
632 2864 666 2893 &
680 2863 799 2901 quilibet
819 2863 869 2893 suo
882 2872 1015 2900 tempore
1035 2862 1175 2901 servabit,
1190 2863 1246 2892 im·

169 2900 275 2946 pendet
311 2901 345 2935 ὃς
360 2900 520 2938 exhibebit,
538 2901 572 2931 ὃ(
586 2901 624 2931 sle
645 2911 661 2932 a
681 2902 752 2940 suis,
770 2910 909 2940 quantum
930 2902 961 2931 in
978 2901 1019 2933 eis
1038 2902 1109 2939 erit,
1127 2900 1245 2939 servari,

169 2948 213 2970 im
233 2923 318 2977 endi,
333 2940 367 2969 &
380 2939 507 2969 exhiberi
520 2939 633 2969 facient.

229 2988 281 3013 ane
294 2978 403 3016 semper
422 2977 547 3017 expresse
572 2976 719 3008 intelle&o
745 2978 848 3017 quod,
886 2986 982 3018 ropter
1002 2977 1167 3018 hujusmodi
1189 2976 1244 3008 Pa-

168 3026 254 3055 cem,
273 3017 456 3054 Amicitiam,
474 3015 784 3055 Confoeierationem,
800 3016 847 3046 seu
889 3018 986 3056 igam,
1005 3018 1039 3048 δε
1060 3017 1244 3048 Reconcilia-

170 3056 299 3092 tionem,
315 3055 407 3093 aliqua
421 3055 564 3087 dictarum
573 3055 701 3088 Patrium
715 3056 745 3086 in
757 3056 856 3093 aliquo
870 3065 932 3085 non
943 3064 1070 3087 teneatur
1084 3064 1243 3094 propterea,

173 3093 222 3124 vel
237 3093 389 3132 aliqualiter
403 3094 526 3133 obligata
540 3094 572 3125 fit
581 3117 591 3132 ,
609 3094 754 3124 Guerram
768 3095 813 3124 vel
822 3093 987 3124 inimicitias
998 3104 1101 3133 capere
1115 3094 1160 3125 vel
1174 3095 1245 3124 inire

173 3141 245 3163 cum
259 3133 308 3171 iis,
325 3141 393 3162 curn
407 3133 509 3171 quibus
520 3134 602 3164 altera
613 3132 741 3164 Patrium
754 3132 952 3173 praedicstarum
971 3131 1114 3164 Guerram
1130 3133 1175 3163 vel
1187 3132 1244 3163 Ini-

174 3171 296 3201 micitias
318 3170 452 3207 haberet,
468 3178 526 3200 tarn
545 3171 766 3210 praesentialiter,
782 3173 869 3211 quarn
888 3172 919 3200 in
941 3170 1085 3208 futurum3
1102 3171 1140 3202 set
1160 3172 1243 3202 liceat

176 3210 210 3242 &
224 3209 336 3240 licitum
351 3208 383 3240 fit
394 3217 505 3249 utrique
518 3209 656 3241 dictarum
671 3209 818 3248 Patrium,
837 3221 870 3241 ac
887 3209 1011 3241 Subditis
1026 3210 1059 3241 &
1073 3209 1244 3240 DistriCtua-

175 3249 248 3280 libus
264 3248 384 3288 ipsarum
397 3255 467 3278 cum
480 3256 580 3278 eorum
594 3247 744 3287 Navigiis,
763 3249 941 3287 Marinariis,
950 3248 1130 3279 Officialibus
1139 3271 1149 3286 ,
1161 3248 1243 3279 Mer-

174 3288 335 3324 catoribus,
352 3285 559 3330 Servitoribus,
578 3287 739 3328 achaeteris
760 3287 918 3326 Ministris,
935 3287 1106 3326 Rebusque,
1134 3288 1243 3325 Libris,

176 3326 345 3362 Mercibus,
361 3325 393 3354 &
409 3323 495 3355 Bonis
506 3323 692 3364 quibussibet,
709 3334 759 3363 per
774 3325 878 3357 Portus
898 3327 932 3357 &
947 3326 1120 3363 Distrietus,
1139 3325 1244 3357 Pontes

174 3365 210 3395 δε
224 3363 347 3403 Paffagia
359 3362 539 3403 Ripariarum
574 3363 607 3393 &
622 3362 806 3402 Fluminum,
824 3366 859 3397 &
875 3364 964 3395 Maris
976 3366 1067 3396 libere
1082 3365 1137 3402 ire,
1156 3366 1242 3396 &in-

174 3412 250 3435 trare
271 3402 393 3440 Portus,
412 3401 511 3439 Loca,
528 3384 678 3439 divitates,
696 3402 730 3433 ὃς
752 3402 857 3433 Terras
873 3402 976 3439 (More
995 3403 1162 3435 Mercantali
1181 3413 1244 3434 tan-

172 3441 252 3478 tum)
273 3440 466 3480 quorumlibet
479 3439 670 3470 Inimicorum
685 3440 794 3471 alterius
808 3441 950 3472 dietarum
966 3441 1110 3480 Partium,
1127 3444 1245 3473 &exin-

175 3480 212 3511 de
224 3480 314 3510 libete
322 3480 429 3516 redire,
446 3479 480 3509 &
493 3478 550 3509 suas
562 3478 597 3508 N
633 3479 1008 3517 otiationesquomodolibet
1019 3490 1164 3519 exercere,
1182 3482 1244 3512 abs·

174 3529 232 3559 que
244 3528 280 3549 eo
296 3517 376 3558 quod
386 3540 397 3557 ,
414 3527 463 3558 per
476 3487 641 3556 Praemissesag,
658 3516 827 3557 intelligatur
841 3517 909 3548 Paci
929 3518 1075 3556 praedidtae
1090 3519 1243 3559 aliqualiter

173 3565 395 3590 contraventum

212 3596 260 3626 1'1·
269 3605 287 3627 Ε
296 3604 324 3627 Μ
381 3579 442 3629 u'od
455 3593 587 3634 praefatus
600 3593 795 3626 Serenisfimus
809 3593 955 3626 Dominus
967 3598 1028 3625 Rex·
1035 3594 1243 3633 Angliae,Hae-

175 3634 308 3675 redesque
322 3619 355 3666 ἐξ
390 3632 547 3665 ucceffores
562 3634 616 3672 sui,
634 3643 682 3673 per
696 3633 739 3671 se,
757 3641 804 3665 aut
818 3633 886 3665 alios
898 3634 1022 3672 ipsorum
1036 3635 1171 3672 nomine,
1183 3645 1243 3665 non

178 3673 286 3704 dabunt
301 3683 350 3712 per
361 3673 505 3711 Terram,
523 3671 625 3711 Mare,
645 3671 689 3702 vel
704 3671 816 3712 Aquas,
835 3682 905 3703 cum
920 3683 1022 3705 eorum
1043 3672 1175 3712 Navigiis
1196 3673 1242 3704 vel

179 3709 328 3750 Navibus,
344 3711 517 3752 Armigeris,
535 3710 695 3749 BalistariiS,
712 3710 757 3742 seu
769 3710 937 3751 Sagittariis,
955 3711 1000 3743 vel
1034 3721 1130 3751 uoquo
1150 3712 1241 3742 modo

177 3750 252 3789 alio,
268 3750 358 3786 palam
372 3752 418 3781 vel
431 3751 566 3788 occulte,
583 3750 746 3787 Auxilium,
765 3749 956 3788 Succursum,
971 3750 1030 3788 vel,
1043 3760 1163 3781 uvamen
1171 3751 1241 3781 Ara-

179 3787 351 3824 gonenfibus
369 3789 414 3821 seu
427 3788 581 3821 Catallanis
598 3787 757 3819 Exiticiisve
779 3796 826 3819 aut
849 3787 1138 3820 BannitisdiCtorum
1156 3792 1242 3819 Ducis

179 3826 214 3858 &
226 3829 377 3856 Communis
388 3827 514 3867 Januae,
532 3827 577 3858 vel
592 3827 735 3867 quibusvis
748 3827 866 3857 notoriis
877 3827 911 3858 &
927 3827 1079 3858 manifestis
1096 3827 1148 3858 suis
1160 3838 1239 3859 nunc

179 3864 225 3896 vel
239 3866 269 3894 in
283 3863 412 3896 finarum
432 3865 576 3905 Inimicis,
594 3875 696 3898 contra
717 3864 787 3904 ipsos
809 3865 926 3896 Ducem
946 3866 981 3897 ὅ(
1000 3865 1171 3897 Commune
1189 3866 1240 3905 ja-

176 3913 256 3934 nuae·
277 3902 349 3933 dum
361 3911 458 3936 tamen
477 3905 514 3935 Al
527 3907 553 3929 ὀ
570 3905 590 3936 ti
610 3905 644 3936 &
666 3903 866 3935 Confoederati
887 3903 1004 3942 praefato
1022 3904 1158 3935 Domino
1174 3907 1240 3942 Regi

175 3926 306 3979 Angffiae,
327 3949 392 3972 ante
412 3940 519 3973 Dabam
566 3944 743 3981 raesentium,
759 3942 926 3982 infrascripti
940 3941 1023 3973 dictis
1044 3942 1149 3973 Nobili
1168 3946 1240 3973 Duci

174 3981 209 4012 &
223 3983 360 4024 Communi
371 3978 483 4019 Januae
490 3981 519 4010 in
532 3982 660 4021 praesenti
674 3982 720 4013 vel
734 3983 765 4013 in
777 3983 906 4014 futurum
920 3990 980 4013 non
993 3980 1098 4013 fuerint
1112 3981 1237 4023 inimici,

173 4028 222 4053 aut
235 4019 320 4053 §uem
331 4020 468 4052 mimicus
479 4019 578 4060 aliquis
589 4021 775 4056 eorumdem:

723 4128 737 4138 4

2299 163 2353 200 29

1318 233 1337 252 *¹¹
1347 233 1459 274 Alligati
1475 235 1509 265 ὃς
1525 234 1725 266 Confoederati
1739 233 1820 266 dicto
1836 232 1973 266 Domino
1988 236 2053 274 Regi
2067 233 2218 275 supradiffi
2230 236 2350 275 sequun-

1281 280 1343 309 tur,
1361 274 1393 302 &
1410 273 1474 302 suut
1489 272 1552 311 isti,

1316 309 1434 351 Ecclesia
1452 314 1592 350 Romana,

1317 347 1355 378 Et
1372 351 1508 378 Romanus
1524 349 1672 389 Pontifex,
1694 351 1743 389 qui
1758 361 1810 388 pro
1823 359 1952 391 ternpore
1965 349 2068 389 fuerit,

1315 389 1376 416 Rex
1390 390 1571 418 Romanorum

1313 425 1563 465 Setenissimusque
1579 412 1715 464 Princeps
1730 426 1878 458 Dominus
1895 426 2015 458 Karalus
2026 428 2275 468 RexFrancorum,
2293 428 2349 460 Pa-

1279 471 1320 494 ter
1338 465 1445 501 praefati
1459 465 1636 495 Serenissimi
1654 465 1776 495 Domini
1792 465 1880 505 Regis
1897 466 2021 505 Angliae,

1281 502 1442 571 RNecnon
1456 507 1604 542 Regnorum
1618 503 1779 542 Portugaliae
1789 527 1799 543 ,
1815 514 1848 535 ac
1862 508 1987 543 Swecrae,
2005 507 2101 534 Daciae
2111 527 2121 543 ,
2136 504 2170 535 δε
2192 507 2350 544 Norwegiae

1314 549 1329 570 e
1350 551 1394 575 es,

1316 550 1459 609 Sffibriudiae
1472 578 1511 615 ὠ·
1528 583 1663 613 Βανκνέιε
1679 582 1782 618 Duces,

1314 617 1361 649 Ac
1373 617 1485 657 Jacoba
1502 617 1613 657 Duciffiz
1629 621 1781 657 Bavariae,
1800 615 1953 650 Holandiae
1975 620 2008 649 &
2022 619 2169 650 Zelandiae
2189 619 2352 660 comitissa,

1315 655 1328 686 I
1338 664 1361 687 T
1370 666 1387 687 Ε
1398 666 1426 687 Μ
1435 680 1445 694 ,
1462 657 1542 696 qubd
1557 657 1627 687 dic‘ki
1640 660 1709 686 Dux
1724 658 1757 687 &
1766 661 1907 687 Commune
1918 657 2026 696 Januae
2036 681 2045 695 ,
2061 657 2214 697 Haercdes,
2235 661 2267 692 δί
2278 660 2350 691 Suc-

1279 695 1401 726 cessore-s
1420 696 1475 734 sui,
1492 706 1541 735 per
1564 696 1605 733 se,
1625 705 1671 726 aut
1691 696 1759 726 alios
1780 697 1904 734 ipsorum
1924 695 2075 733 Nomine,
2095 707 2153 726 non
2175 697 2283 730 dabunt
2301 708 2352 737 pet

1279 732 1421 772 Terram,
1445 732 1549 772 Mare,
1575 734 1619 764 vel
1642 733 1753 772 Aquas,
1778 744 1846 764 cum
1868 744 1970 765 eorum
1990 734 2141 773 Navigiis,
2169 735 2284 776 Galeis,
2305 737 2353 768 vel

1279 770 1428 810 Navibus,
1449 773 1620 812 Armigeris,
1639 772 1798 809 Balistariis,
1816 772 1861 803 seu
1878 773 2044 812 Sagittariis,
2064 782 2111 804 aut
2147 784 2243 812 uoquo
2258 775 2352 806 modo

1278 809 1334 840 alio
1345 832 1355 849 ,
1374 811 1464 848 palam
1479 811 1524 841 vel
1538 812 1672 849 occulte,
1691 810 1854 850 Auxilium,
1871 811 2057 849 Succursum,
2076 784 2274 849 velffuvamen
2288 817 2352 844 Ra-

1280 847 1333 877 rolo
1348 848 1484 888 Delphina
1505 849 1645 888 Viennenfi
1667 849 1694 879 se
1714 850 1838 887 dicenti,
1862 859 1908 880 aut
1929 850 2013 880 alicui
2034 850 2114 880 alteri
2135 849 2249 881 Patrem
2272 853 2355 892 ipsius

1281 885 1420 926 Delphini
1441 889 1566 926 tenenti,
1582 897 1661 918 nunc
1681 888 1726 918 vel
1747 888 1774 917 in
1795 888 1944 926 Futurum,
1962 888 2007 918 seu
2026 889 2110 919 alicui
2132 889 2211 919 alteri
2230 891 2354 922 Subdito

1280 924 1382 963 Regni
1396 925 1542 963 Franciae,
1561 925 1679 965 praefato
1695 925 1880 957 Sereniffimo
1896 926 2031 956 Domino
2053 930 2120 964 Regi
2135 926 2266 967 Angliae,
2285 931 2354 960 Hae-

1281 964 1340 993 redi
1358 963 1397 1000 ὠ·
1419 967 1535 1002 Regenti
1553 967 1638 1002 Regni
1660 967 1800 1003 Francr'ae,
1818 964 1981 994 Haeredibus
1999 966 2034 996 δε
2055 965 2269 998 Successoribus
2288 968 2356 1007 suis,

1282 1012 1360 1033 nunc
1375 1003 1420 1033 vel
1438 1004 1467 1033 in
1479 1003 1608 1034 futurum
1622 1002 1819 1041 Inobedienti,
1837 1012 1885 1035 aut
1893 1002 2059 1034 Castellanis
2071 1005 2105 1035 &
2119 1003 2230 1043 Scotis,
2249 1016 2282 1036 ac
2292 1007 2356 1045 qui-

1282 1041 1459 1080 buscumque
1472 1042 1531 1072 aliis
1545 1042 1665 1072 notoriis
1677 1042 1710 1072 &
1725 1041 1878 1073 manifestis
1901 1052 1979 1073 nunc
1999 1042 2045 1072 vel
2065 1043 2095 1073 in
2110 1043 2239 1074 futurum
2254 1043 2359 1076 Inimi-

1281 1081 1322 1110 cis
1337 1081 1446 1118 praefati
1462 1079 1637 1112 Sereniffimi
1652 1080 1777 1111 Domini
1798 1083 1879 1119 Regis
1902 1080 2032 1119 Angliae,
2051 1090 2154 1112 contra
2176 1081 2268 1120 ipsum
2291 1083 2359 1114 Do·

1282 1120 1398 1149 minum
1414 1119 1528 1159 Regem
1543 1119 1591 1150 An
1613 1119 1678 1157 liae,
1694 1119 1861 1150 dumtamen
1878 1119 1991 1158 Alligati
2003 1120 2038 1151 δε
2053 1120 2255 1152 Confoederati
2275 1122 2360 1153 dictis

1281 1160 1355 1187 Duci
1369 1159 1404 1189 ὃς
1419 1161 1558 1187 Communi
1570 1128 1697 1197 Jganuae,
1715 1167 1779 1189 ante
1796 1157 1902 1189 Datam
1916 1158 2120 1196 Praesentium,
2137 1158 2175 1189 de
2196 1161 2298 1198 quibus
2313 1162 2359 1191 in·

1281 1195 1367 1226 ferinis
1380 1205 1569 1233 memoratur,
1588 1198 1706 1234 praefato
1731 1196 1867 1228 Domino
1893 1199 1960 1233 Regi
1982 1196 2096 1234 Angliae
2112 1199 2140 1228 in
2156 1198 2286 1236 praesenti
2310 1200 2356 1231 vel

1280 1237 1309 1265 in
1323 1233 1452 1266 futurum
1468 1244 1529 1265 non
1544 1234 1650 1265 fuerint
1662 1234 1794 1274 Inimici,
1812 1244 1861 1266 aut
1873 1235 1956 1266 fixerit
1970 1234 2110 1266 Inimicus
2129 1236 2227 1275 aliquis
2241 1247 2359 1270 eorum·

1288 1272 1372 1303 dem:

1283 1349 1301 1380 s
1327 1311 1368 1343 Et
1398 1311 1511 1352 Alligati
1535 1311 1570 1342 &
1598 1309 1802 1343 Confoederati
1817 1334 1828 1350 ,
1852 1311 1890 1343 de
1913 1313 2150 1353 quibussuperius
2174 1313 2207 1345 fit
2230 1317 2360 1355 mentio,

1295 1360 1345 1382 unt

1318 1373 1437 1430 Ec'clefia
1451 1391 1594 1427 Romana,

1321 1431 1459 1458 Romanus
1474 1425 1626 1468 Pontifex,

1323 1467 1369 1497 Ac
1382 1466 1525 1504 Domini,

1319 1507 1381 1535 Rex
1397 1507 1598 1543 Romanorum,

1323 1543 1361 1575 Et
1373 1544 1530 1574 Ludovicus
1539 1545 1618 1580 Rex,
1636 1542 1656 1574 fi
1668 1543 1702 1574 &
1718 1550 1857 1582 quantum
1880 1542 2025 1574 Guerram
2045 1552 2161 1575 moveat
2199 1553 2232 1576 ro
2251 1545 2360 1586 Regno

1286 1581 1395 1613 Siciliae
1409 1583 1442 1614 ὅτ
1459 1581 1572 1621 Apuliae
1586 1582 1637 1612 libi
1649 1582 1761 1613 tantum
1773 1582 1948 1621 acquirendo
1958 1582 2004 1613 seu
2020 1591 2174 1622 recuperan
2194 1594 2224 1622 o,

1325 1622 1368 1651 Ac
1382 1621 1427 1651 alii
1443 1619 1538 1661 Reges
1553 1621 1586 1650 &
1599 1619 1742 1658 Domini,
1761 1630 1832 1652 cum
1847 1621 1950 1658 quibus
1973 1620 2077 1661 Ligam
2097 1621 2143 1652 seu
2165 1621 2360 1655 Confoedera-

1287 1659 1416 1697 tionem,
1439 1667 1505 1689 ante
1528 1657 1636 1689 Datam
1657 1658 1862 1696 Praesentium,
1887 1658 1957 1690 diffi
1972 1659 2126 1699 januenses
2146 1659 2304 1692 habuerunt
2326 1663 2361 1693 &

1285 1702 1503 1736 contraxerunt,
1528 1706 1653 1735 quorum
1675 1697 1828 1735 Nomina,
1852 1696 2032 1737 Dignitates‚
2057 1697 2305 1738 Praeeminentias‚
2327 1702 2362 1733 δε

1285 1736 1394 1767 Officia
1409 1736 1491 1767 dicto
1506 1734 1642 1766 Domino
1655 1734 1732 1775 Regi
1746 1735 1880 1776 Angliae,
1897 1736 1943 1766 vel
1962 1735 2144 1768 Cancellario
2163 1737 2213 1768 suo
2231 1738 2364 1778 Angliae,

1285 1777 1355 1806 citra
1368 1774 1486 1805 Festum
1502 1772 1651 1806 Omnium
1665 1773 1840 1805 Sanctorum
1853 1775 1990 1813 proximo
2005 1775 2132 1806 futurum
2166 1775 2218 1806 sub
2237 1776 2364 1809 Publico

1292 1813 1505 1852 Instrumenro,
1523 1813 1627 1854 Sigillis
1648 1812 1772 1853 ipsorum
1789 1816 1874 1844 Ducis
1896 1815 1931 1845 &
1949 1816 2100 1844 eommunis
2116 1798 2225 1853 fanuae
2243 1814 2364 1856 sigillan-

1285 1852 1344 1891 dis,
1363 1853 1464 1891 edere,
1483 1851 1650 1891 ostendere,
1667 1853 1701 1884 ὃς
1715 1853 1822 1884 realiter
1834 1851 1951 1884 liberare
1964 1852 2090 1892 debent,

1322 1891 1444 1923 Provifi)
1455 1890 1566 1929 semper
1578 1890 1676 1930 quod,
1693 1891 1766 1922 inter
1780 1892 1921 1929 Alligatos
1931 1891 1966 1923 δε
1981 1890 2207 1924 Confoederatos
2218 1891 2362 1932 suosprae-

1285 1929 1375 1968 fatos,
1398 1927 1551 1969 Karolmn,
1575 1928 1739 1968 Delphinum
1759 1932 1877 1960 Viennae
1900 1930 2100 1969 nominatum,
2117 1939 2165 1962 aut
2184 1931 2270 1961 alium
2293 1931 2364 1962 Par-

1284 1976 1346 2000 tem
1361 1968 1438 1999 suam
1453 1976 1618 2008 tenentem,
1636 1969 1684 1999 seu
1695 1968 1784 1999 aliurn
1807 1967 1961 2000 Subditum
1979 1967 2074 2008 Regni
2095 1968 2241 2008 Franciae,
2280 1970 2364 2001 raedi-

1286 2008 1339 2042 eto
1353 2007 1491 2039 Domino
1504 2009 1570 2045 Regi
1587 2005 1720 2046 Angliae,
1737 2008 1852 2037 Haeredi
1871 2005 1911 2042 ὠ
1931 2009 2043 2045 Regenti
2063 2005 2222 2047 supradicto
2274 2009 2365 2040 nobe-

1281 2047 1412 2078 dientem
1454 2045 1594 2076 Scotosve
1614 2055 1662 2077 aut
1681 2044 1874 2084 Castellanos,
1891 2044 1939 2076 seu
1962 2045 2113 2077 Notorios
2134 2047 2204 2078 alios
2223 2031 2364 2079 fuimioos

1285 2086 1398 2123 praefati
1411 2069 1536 2116 Domini
1548 2083 1639 2124 Regis
1651 2083 1781 2124 Angliae,
1798 2083 1870 2115 dieti
1880 2086 1951 2114 Dux
1965 2084 1999 2115 &
2014 2087 2155 2116 Commune
2204 2095 2285 2116 anuae
2300 2087 2363 2118 nul.

1289 2124 1400 2156 larenus
1414 2123 1600 2162 reputabunt,
1624 2124 1831 2163 numerabunt,
1848 2123 2057 2162 nominabunt,
2076 2123 2121 2154 vel
2138 2134 2158 2154 o
2184 2125 2308 2162 endent,

1324 2163 1398 2195 ΙΤΕ
1408 2170 1437 2193 Μ
1454 2162 1654 2193 concordatum
1674 2161 1713 2202 est
1732 2162 1833 2201 quod,
1848 2162 1869 2193 fi
1883 2162 2035 2201 praefatum
2055 2161 2272 2195 Sereniffimurn
2294 2163 2364 2196 Do-‘

1283 2202 1402 2233 minum
1422 2204 1519 2240 Regem
1543 2200 1675 2239 Angliae,
1694 2208 1743 2232 aut
1764 2201 1890 2241 aliquem
1912 2200 2027 2232 suorum
2048 2199 2224 2241 Haeredum,
2243 2202 2361 2244 Regum

1287 2240 1419 2280 Angliae,
1437 2239 1577 2278 aliquibus
1588 2240 1802 2279 anoederatis
1821 2247 1870 2271 aut
1887 2237 2038 2280 Colligatis
2057 2239 2110 2271 suis
2134 2241 2277 2279 praedietis
2283 2263 2294 2280 ,
2311 2249 2362 2274 aut

1286 2280 1458 2311 eorumdem
1475 2279 1577 2317 alicui,
1596 2279 1625 2310 vi
1645 2288 1697 2309 ore
1709 2278 1823 2310 alicu'us
1834 2279 1982 2310 anterioris
1994 2278 2095 2318 Ligae,
2111 2287 2213 2311 contra
2228 2280 2361 2320 praefatos

1285 2321 1392 2349 Ducem
1406 2319 1440 2351 δε
1465 2321 1609 2347 Commune
1626 2287 1757 2357 ῗῗαηιιιι»,
1809 2317 1933 2355 medes,
1953 2317 1987 2348 &
2007 2316 2191 2350 Successores
2208 2318 2286 2357 suOS,
2301 2319 2363 2351 Va·

1290 2357 1389 2395 salios,
1413 2356 1567 2394 Subditos,
1593 2356 1629 2386 &
1652 2355 1850 2387 DistricCtuales
1872 2357 2019 2394 ipsorum,
2037 2355 2160 2395 Terras,
2183 2356 2308 2396 Patrias,
2325 2358 2362 2389 δε

1289 2395 1432 2427 Dominia
1454 2395 1499 2425 sua
1520 2403 1729 2434 quaecumque,
1756 2393 1899 2425 Guerram
1919 2394 2119 2433 moventibus,
2142 2404 2189 2427 aut
2210 2398 2360 2436 moventi,

1287 2434 1456 2472 Auxilium,
1470 2433 1658 2472 Succursum,
1677 2434 1722 2463 vel
1733 2431 1879 2472 Juvamen
1892 2432 1958 2463 dare
1972 2432 2017 2464 vel
2038 2433 2170 2465 exhibere
2190 2435 2359 2475 contigerit,

1286 2473 1438 2512 Januenses
1449 2495 1460 2511 ,
1487 2473 1521 2504 &
1544 2481 1648 2503 eorum
1670 2472 1867 2510 Mercatores,
1893 2480 1977 2510 atque
1997 2471 2140 2512 Ministri,
2158 2473 2308 2512 Fac'cores,
2324 2475 2361 2505 &

1287 2512 1444 2546 Servirores
1465 2511 1590 2548 ipsorum
1611 2510 1827 2549 (cujuscumque
1854 2509 1952 2541 Status
1975 2509 2020 2540 vel
2046 2510 2274 2543 Praeeminentiae
2296 2512 2362 2544 fue-

1285 2551 1356 2587 rint)
1374 2552 1403 2581 in
1424 2549 1549 2588 Regno,
1565 2549 1746 2587 Territorio‚
1762 2551 1797 2580 ὅ(
1819 2548 1963 2580 Districitu
1986 2549 2095 2588 praefati
2107 2549 2279 2581 Sereniffimi
2294 2551 2362 2582 Do·

1287 2590 1360 2619 mini
1376 2592 1455 2626 Regir
1471 2587 1585 2626 Angliae
1601 2595 1671 2618 tunc
1685 2595 1917 2626 commorantes,
1934 2587 1980 2618 seu
2003 2597 2057 2626 pro
2071 2588 2105 2619 &
2125 2598 2194 2619 cum
2209 2588 2360 2621 Mercatu-

1287 2629 1322 2658 ris
1338 2629 1371 2659 ἃ
1388 2628 1554 2658 Mercantiis
1575 2627 1620 2657 vel
1642 2627 1721 2657 aliter
1738 2625 1923 2658 amicabiliter
1942 2625 2050 2656 ibidem
2073 2627 2222 2658 existentes
2243 2628 2289 2658 vel
2310 2639 2361 2659 ve-

1285 2668 1410 2705 mentes,
1429 2666 1604 2697 Terminum
1621 2665 1766 2696 habebunt
1780 2665 1864 2696 Οᾶο
1878 2664 2042 2702 Mensium,
2058 2675 2073 2694 a
2087 2664 2134 2695 die
2153 2666 2360 2698 Praemonitio·

1284 2707 1346 2744 nis,
1365 2706 1405 2736 eis
1419 2705 1600 2736 Audieritate
1614 2703 1707 2743 Regia
1726 2704 1883 2740 faciendae,
1902 2704 1936 2734 ad
1960 2703 2186 2744 Recedendum,
2202 2707 2238 2737 ὃς
2256 2706 2360 2737 abinde

1284 2743 1455 2776 Exeundum
1470 2744 1547 2775 salvo
1568 2744 1602 2775 ὃς
1623 2743 1738 2781 secure,
1754 2752 1826 2774 cum
1845 2742 1990 2781 Personis,
2005 2742 2188 2783 Mercantiis,
2205 2743 2360 2783 Navibus,

1288 2783 1400 2822 Libris,
1419 2783 1454 2813 &
1468 2782 1569 2813 Rebus
1583 2782 1634 2812 suis
1648 2782 1708 2812 aliis
1721 2781 1961 2821 quibuscumque:

1326 2821 1383 2860 Et,
1398 2831 1415 2852 e
1428 2823 1582 2858 converso,
1599 2820 1621 2850 fi
1637 2821 1788 2851 comiserit
1798 2820 1910 2850 dietum
1924 2823 2026 2850 Ducem
2039 2819 2074 2850 &
2089 2823 2232 2850 Commune
2238 2820 2358 2859 Junuae,

1286 2869 1333 2892 aut
1345 2860 1470 2898 aliquem
1485 2858 1644 2890 Haeredum
1658 2867 1704 2890 aut
1716 2845 1916 2890 §uccefforum
1932 2858 2061 2896 suorum,
2078 2859 2215 2896 aliquibus
2227 2859 2359 2898 Alligatis

1286 2907 1333 2930 aut
1350 2897 1563 2930 Confoederatis
1575 2897 1641 2936 suis,
1662 2897 1708 2929 seu
1721 2907 1821 2928 eorum
1843 2897 1945 2934 alicui,
1962 2898 2062 2936 vigore
2081 2897 2194 2933 alicujus
2214 2899 2359 2929 anterioris

1287 2938 1386 2977 Ligae,
1403 2946 1503 2969 contra
1518 2937 1668 2975 praefatum
1684 2936 1897 2967 Sereniffimum
1921 2935 2091 2965 Dominum
2111 2938 2207 2978 Regem
2227 2936 2357 2975 Angliae‚

1290 2975 1445 3014 Haeredes,
1471 2977 1506 3007 &
1525 2974 1706 3006 successores
1723 2974 1801 3012 suos,
1828 2972 1983 3012 Varianos,
2003 2974 2126 3012 Ligeos,
2151 2976 2197 3004 {eu
2220 2975 2356 3005 Subditos

1285 3015 1365 3060 suos,
1384 3015 1504 3052 Terras,
1521 3013 1640 3052 PatriaS,
1666 3012 1809 3043 Dominia
1831 3012 1876 3043 sua
1900 3022 2108 3050 quaecumque,
2127 3011 2271 3043 Guerram
2291 3023 2356 3043 mo-

1283 3054 1431 3091 ventibus,
1451 3061 1497 3084 aut
1514 3053 1659 3091 moventi,
1678 3051 1845 3089 Auxilium,
1863 3050 2054 3088 Succursurn,
2072 3051 2119 3081 vel
2127 3051 2270 3090 juvamen
2289 3051 2356 3082 dare

1283 3093 1329 3123 vel
1341 3091 1493 3129 exhibere,
1511 3090 1624 3121 Subditi
1637 3090 1746 3129 praefati
1766 3089 1892 3120 Domini
1913 3092 1990 3126 Regis
2007 3089 2120 3128 Angliae
2138 3090 2355 3128 (cujuscumque

1283 3130 1379 3161 Status
1394 3130 1498 3160 fuerint
1513 3129 1559 3160 seu
1573 3129 1813 3165 Praeeminentiae)
1829 3129 1862 3159 &
1878 3137 1978 3159 eorum
1996 3127 2124 3158 Ministri
2139 3129 2172 3159 &
2187 3129 2355 3167 Servimres,

1282 3171 1313 3200 in
1335 3169 1497 3200 Territorio
1520 3169 1554 3199 ὃς
1577 3167 1719 3199 Distrietu
1743 3167 1888 3198 mdiorum
1911 3169 1996 3196 Ducis
2011 3167 2044 3198 &
2071 3169 2220 3196 Communis
2243 3166 2353 3205 Januae

1283 3217 1354 3239 tunc
1365 3215 1596 3246 commorantes,
1614 3206 1660 3237 seu
1674 3215 1726 3246 pro
1741 3206 1774 3236 &
1797 3215 1866 3236 cum
1885 3215 1985 3236 eorum
2006 3205 2192 3243 Mercantiis,
2210 3205 2254 3236 seu
2275 3206 2353 3236 aliter

1283 3247 1467 3278 amicabiliter
1480 3246 1551 3283 inibi
1566 3247 1710 3276 venientes
1729 3245 1775 3275 vel
1789 3243 1955 3283 existentes,
1973 3243 2149 3274 Terminum
2171 3244 2350 3275 conlimilem

1283 3286 1429 3317 habebunt
1449 3284 1532 3315 Octo
1550 3283 1711 3322 Menfium,
1729 3293 1745 3314 a
1762 3282 1808 3313 die
1827 3286 1838 3300 '³
1856 3282 2085 3314 Praemunitionis
2127 3284 2166 3313 eis
2187 3282 2352 3315 auctoritate

1283 3325 1428 3356 dictorum
1444 3325 1530 3353 Ducis
1545 3324 1579 3355 &
1594 3325 1745 3353 communis
1765 3321 1873 3360 Januae
1893 3321 2049 3360 faciendae,
2066 3305 2102 3352 ad
2123 3321 2353 3361 Recedendum,

1285 3364 1319 3394 &
1334 3362 1437 3394 abinde
1451 3361 1621 3392 Exeundum
1637 3362 1713 3392 salvo
1728 3361 1761 3391 &
1773 3361 1889 3399 secure,
1906 3370 1975 3391 cum
1989 3360 2119 3391 Personis
2129 3359 2197 3398 suis,
2214 3360 2352 3392 Mercan-

1284 3404 1346 3441 tiis,
1365 3402 1515 3439 Navibus,
1534 3399 1637 3439 Bonis,
1656 3400 1769 3438 Libris,
1785 3409 1819 3430 ac
1834 3400 1920 3430 etiam
1932 3399 1985 3430 suis
1993 3399 2092 3429 Rebus
2103 3398 2352 3438 aliisquibuscum-

1305 3451 1349 3471 ue.

1285 3452 1303 3481 q
1321 3479 1368 3511 Ιτ
1378 3487 1450 3518 ΕΜ,
1471 3478 1665 3508 Concordatum
1680 3476 1718 3516 est
1730 3476 1810 3516 quod
1825 3486 1926 3508 omnes
1940 3476 1973 3507 &
1989 3474 2087 3515 singuli
2102 3475 2203 3506 vasalli
2225 3477 2259 3507 &
2274 3476 2351 3506 Sub-

1283 3519 1334 3549 diti
1348 3517 1518 3549 Sereniffimi
1534 3517 1657 3547 Domini
1677 3518 1753 3553 Regis
1774 3515 1905 3553 Angliae,
1925 3514 2160 3554 Haeredumqne,
2179 3516 2212 3545 &
2235 3514 2351 3545 Succes—

1281 3557 1376 3588 sorum
1389 3557 1504 3587 suorum
1522 3554 1735 3593 (cujuscumque
1748 3553 1840 3585 Status
1855 3555 1899 3584 vel
1923 3551 2106 3584 Conditionis
2126 3553 2277 3589 extiterint)
2299 3562 2352 3591 po-

1284 3604 1395 3633 terunt,
1413 3595 1490 3626 salvo
1514 3596 1548 3625 δε
1567 3595 1679 3629 secure,
1698 3602 1766 3623 cum
1786 3602 1886 3623 eorum
1908 3591 2055 3630 Navigiis,
2076 3591 2252 3629 Marinariis,
2271 3590 2349 3621 Offi-

1284 3634 1417 3672 cialibus,
1437 3633 1547 3669 aliisque
1565 3632 1617 3662 suis
1633 3629 1789 3670 Ministris,
1807 3640 1840 3661 ac
1863 3630 2093 3668 Mercatoribus,
2110 3629 2272 3666 Mer-cibus,
2295 3629 2350 3660 Bo·-

1284 3675 1344 3710 nis,
1361 3672 1477 3707 Rebus,
1498 3671 1607 3707 Libris,
1620 3669 1783 3708 Jocalibus,
1804 3669 1954 3707 Pecuniis,
1973 3668 2157 3700 &Hernesu's
2173 3668 2223 3697 suis
2234 3668 2349 3705 quibus-

1282 3719 1407 3748 cumque
1422 3733 1431 3747 ,
1459 3710 1553 3740 venire
1574 3710 1606 3739 ὃς
1627 3710 1728 3738 intrare
1751 3708 1866 3746 Portus,
1893 3708 1992 3746 Loca,
2011 3706 2148 3745 Passagia,
2165 3708 2199 3737 ἃ
2221 3706 2349 3745 Riparias

1283 3749 1407 3779 Domini
1421 3748 1550 3778 Ducis&
1570 3750 1719 3776 Communis
1741 3745 1847 3784 Januae
1870 3755 2004 3784 qu‘ccum
2028 3756 2062 3776 ue
2076 3768 2084 3782 ,
2110 3745 2237 3784 inibique
2259 3744 2350 3784 stare,

1282 3788 1387 3818 morari
1423 3789 1455 3817 ἃ
1472 3786 1607 3823 mercari,
1623 3787 1656 3817 &
1670 3786 1789 3823 abinde,
1807 3795 1874 3816 cum
1890 3794 1990 3816 eorum
2006 3755 2106 3820 gono,
2126 3782 2241 3820 Rebus,
2260 3782 2348 3820 Joca-

1281 3827 1368 3864 libus,
1395 3809 1543 3863 Pecuniis,
1564 3824 1727 3861 Mercibus,
1744 3824 1854 3862 aliisque
1875 3823 2034 3859 Hernefiis,
2052 3831 2085 3851 ac
2105 3830 2173 3850 cum
2193 3821 2344 3864 Navibus,

1280 3865 1314 3895 N
1318 3865 1429 3904 avigiis,
1446 3862 1620 3900 Marinariis,
1640 3861 1796 3901 Ministris,
1813 3860 2006 3898 Officialibus,
2023 3861 2057 3890 ἃ
2069 3858 2280 3902 Mercatoribus
2295 3859 2347 3891 suis

1281 3903 1507 3942 quibuscumque
1540 3900 1794 3939 <quandocumque
1825 3901 1864 3930 eis
1885 3899 2030 3937 placuerit)
2055 3897 2132 3941 abire
2155 3899 2189 3928 δε
2215 3898 2346 3942 recedere

1281 3943 1414 3980 (exceptis
1436 3941 1487 3970 hiis
1507 3939 1653 3971 Mercibus
1672 3940 1801 3975 tantum,
1825 3947 1907 3978 quse,
1924 3946 1981 3980 „per
2000 3936 2145 3979 specialem
2170 3935 2346 3968 Prohibitio-

1278 3991 1345 4011 nen]
1355 4005 1364 4016 ,
1383 3990 1397 4009 a
1412 3980 1483 4010 locis
1497 3979 1549 4009 illis
1563 3978 1668 4009 extrahi
1680 3988 1741 4008 non
1753 3977 1899 4009 deberent,
1917 3975 2054 4005 lolvendo
2067 3974 2263 4005 nichilominus
2271 3975 2346 4006 Sub-

1278 4020 1361 4056 fidia,
1387 4016 1560 4056 Custumas,
1582 4016 1786 4054 Commerch,
1802 4016 1838 4083 ἓ(
1863 4013 2003 4052 Deveria,
2021 4014 2051 4044 in
2070 4012 2198 4045 Partibus
2217 4014 2258 4045 illi
2275 4014 2347 4046 solvi

2274 4063 2348 4083 cona

2370 235 2446 267 Ann.
2459 235 2501 268 D2

2401 284 2484 313 14211

2369 317 2434 341 Hen.
2448 324 2476 350 5.

2371 351 2500 382 *Xazt

2373 3286 2507 3328 ‘Xan-g
