2562 4274
228 70 278 106 62
696 56 1956 109 CONVENTIONES‚LITERAE,

81 152 159 182 Ann.
176 150 216 180 D.
227 149 444 181 Succefforibus
469 150 497 179 in
521 147 643 186 Imperio
655 170 664 186 ,
688 147 769 186 quod
795 146 864 177 Nos
882 146 1019 178 Civitates
1037 144 1185 184 praedietas
1200 153 1286 175 com-
1322 143 1452 174 lemaniae
1465 142 1568 175 habere
1582 143 1693 182 posset,
1709 143 1787 182 hoc,
1803 151 1918 182 propter
1933 142 2024 173 futura
2045 141 2226 178 occurentia,
2243 138 2391 169 Dominus
2407 139 2534 177 AnnD}

103 189 192 228 1418.
225 189 348 219 muniter
364 212 372 226 ,
397 189 441 218 seu
460 187 579 225 ipsarum
597 187 718 223 aliquam
734 186 909 223 singulariter
921 208 931 222 ,
954 193 1101 222 nunquam
1116 206 1126 220 .,
1146 184 1283 220 perpetuis
1324 182 1419 212 noster
1434 182 1552 212 libenter
1567 182 1689 218 videret,
1708 183 1741 213 &
1755 191 1869 220 apparet
1882 182 1943 212 fore
1959 180 2151 217 consulturus,
2169 181 2307 221 Dominus
2321 179 2389 221 Ma7
2422 183 2507 222 1418.

83 233 147 258 Hm.
160 237 190 265 5.
223 227 402 265 temporibus
417 251 427 265 ,
444 237 460 257 a
477 225 594 266 praefato
612 223 751 254 Romano
770 223 894 262 Imperio
911 222 1067 253 vendemus
1081 244 1091 260 ,
1109 222 1285 259 impignora-
1320 218 1485 262 guntinenſjs
1508 219 1550 249 est
1569 222 1655 251 etiam
1680 221 1828 251 inclinatus
1850 220 1979 259 adhue,
2006 218 2084 258 quod
2110 218 2226 248 libenter
2240 214 2385 254 Mayestats
2402 230 2465 255 He„
2481 235 2512 262 5·

223 266 335 304 bimus,
353 274 400 295 aut
418 263 611 302 quovismodo
624 285 634 300 ,
652 273 712 300 quo
731 262 816 292 dietae
835 261 972 292 Civitates
990 272 1005 291 a
1023 260 1140 299 praefato
1156 259 1282 298 Imperio
1324 258 1423 298 vestrae
1446 259 1573 301 ierviret:
1590 270 1624 290 ea
1648 269 1762 297 propter
1775 259 1852 290 idem
1867 258 2014 289 Dominus
2026 255 2241 296 Archiepifiopus
2261 256 2383 298 ngun-

222 303 309 335 dividi
335 303 447 340 possent
470 311 516 332 aut
541 301 656 338 separari
673 323 684 339 ,
708 301 826 331 alienare
851 299 896 332 vel
925 299 1030 331 tradere
1048 309 1109 329 non
1127 298 1260 330 volumus
1273 320 1284 337 ,
1323 301 1397 326 tinus
1421 296 1512 334 posuit
1535 296 1570 326 ad
1591 297 1697 328 Manus
1715 297 1838 328 Domini
1858 297 1948 327 nostri
1970 296 2080 333 Ducis,
2098 295 2176 333 quod
2193 293 2327 337 quicquid
2344 290 2382 322 V.

223 352 276 374 nec
296 341 434 372 debemus
452 341 508 371 ullo
527 339 636 378 modo,
1323 334 1354 366 S.
1375 332 1507 372 Majestas
1519 335 1552 365 &
1566 335 1696 372 praefatus
1709 335 1856 367 Dominus
1870 335 1962 366 noster
1977 335 2046 365 Dux
2061 344 2130 364 curn
2142 332 2189 364 illa
2202 342 2293 363 annua
2308 331 2382 362 Pen-

259 379 313 418 Εἰ,
1324 373 1402 404 sione
1415 373 1582 411 disponunt,
1597 374 1676 411 quod
1689 374 1718 404 in
1730 374 1782 405 hiis
1796 374 1862 406 velit
1876 373 1934 404 eise
1947 381 2107 404 contentus.

262 418 291 448 Si
314 419 348 448 ita
373 417 439 448 esset
463 416 542 455 quod
567 416 667 454 aliquae
686 415 802 446 Litterae
820 415 926 446 nostrae
939 439 949 453 ‚
971 414 1017 445 vel
1037 411 1282 444 Praedecefforum

222 456 403 493 nostrorum,
421 456 539 494 cujusvis
557 456 681 486 Tenoris
699 453 872 485 emanassent
885 477 894 492 ,
914 463 960 484 aut
975 451 1153 490 inposterum
1171 460 1285 494 emana-

221 504 299 532 rent,
315 494 358 524 seu
377 495 569 525 invenirentur
583 517 593 533 ,
617 495 646 524 in
673 494 772 531 quibus
797 492 939 530 praedistae
962 491 1101 521 Civitates
1117 498 1284 532 communi-

223 541 281 570 ter,
296 542 344 563 aut
365 533 534 572 singulariter
553 544 607 564 una
627 532 766 570 ipsarum,
780 531 826 562 seu
845 532 1000 568 quicquam
1018 529 1054 559 ad
1072 528 1139 567 ipsas
1157 526 1283 557 noscitur

220 572 360 611 pertinere
375 595 385 610 ,
402 580 440 608 ¹ut
459 571 674 610 suprascriptum
693 570 734 601 est
749 594 759 608 ,
785 579 801 600 a
827 568 966 607 praedicto
984 567 1110 605 Imperio
1130 565 1258 609 Donata}
1272 589 1282 603 ‚

222 610 422 654 Impignoratae
435 635 444 649 ,
471 619 518 641 aut
535 611 598 641 alias
618 609 756 641 Alienatae
773 608 867 639 forent
880 632 890 646 ,
908 607 953 639 vel
970 606 1063 637 adhuc
1082 604 1196 644 possent
1215 603 1283 634 alie-

222 658 298 686 nari,

1325 497 1347 519 ⁸³
1374 500 1515 541 Littera,
1538 497 1575 532 de
1594 503 1703 546 quain
1724 501 1846 533 Comitis
1868 501 2002 534 Palatini
2014 501 2165 547 staperiore
2184 499 2321 546 ,Querela
2337 498 2379 543 fit
2396 513 2415 533 ιι
2437 517 2489 545 ῃ(ε

1787 553 1907 583 mentio.
2394 553 2460 591 613.

1325 630 1521 692 SErenifflme
1541 635 1664 671 Princeps
1683 631 1721 667 &⁶
1746 635 1861 663 Domine
1877 658 1886 670 ,
1911 633 2062 665 Subditum
2105 633 2249 673 debitum,
2272 626 2306 665 gc
2325 643 2380 664 vo·
2395 640 2523 672 AustD,

1384 670 1531 702 luntarium
1545 682 1642 703 meum
1656 672 1811 703 Servitium
1826 671 1925 703 vestrae
1940 672 2041 711 Regali
2056 657 2164 705 Ctratiae
2176 673 2283 712 semper
2299 671 2376 703 Prae-

76 1168 167 1196 Hx.

261 686 383 717 Volumus
401 687 435 719 δε
451 690 620 722 Statuimus,
637 687 666 716 iri
685 686 788 716 virtute
803 684 1003 722 Praesentium,
1021 684 1055 714 ὃς
1075 682 1198 720 praefatae
1216 680 1282 711 Ro·
1360 709 1364 712 .
2420 681 2507 719 1418.

222 735 315 756 manae
330 725 481 757 Potestatis
499 726 670 763 plenitudine
681 747 691 762 ,
716 733 747 755 ut
765 723 924 760 hujusmodi
941 723 1054 753 Litterae
1072 730 1138 759 quse
1152 743 1162 757 ,
1189 719 1281 750 forsan
1326 708 1415 738 ¹¹³¹fl2·
1437 748 1442 753 ,
1585 750 1589 755 ,
1767 749 1772 754 ,
2396 722 2447 748 An.
2464 721 2490 747 6.

223 765 290 795 adiu
305 787 315 804 ,
334 773 363 795 ut
383 764 566 803 praescribitur
582 787 592 802 ,
610 763 715 794 traditae
731 787 739 799 ,
756 762 844 792 essent
858 786 867 800 ,
884 770 929 791 aut
947 761 1002 791 aliis
1021 761 1103 791 certis
1119 758 1215 789 Caufis
1233 758 1281 788 ad-
1363 745 1663 792 Gsafloffipraedlleffie
1679 747 1828 786 DOmme,
2398 762 2432 784 H.
2453 767 2481 793 5.

222 803 281 834 huc
299 803 357 833 dari
375 805 569 842 contingeret,
588 802 695 832 nullum
716 802 801 831 robur
818 801 863 830 seu
883 801 1015 830 virtutem
1033 799 1151 828 habere·
1171 795 1217 827 sed
1236 798 1281 826 in-

218 842 321 912 galidae
338 842 374 910 fiel
390 842 491 873 nullius
509 842 637 880 roboris,
655 840 700 871 sed
719 841 891 877 impotentes
906 839 938 869 &
958 837 1086 868 invalidae
1104 821 1160 867 esse
1177 835 1279 867 debent

274 890 335 910 anic
358 889 427 910 iatae

258 919 341 950 Nam
359 903 454 949 serios-21
472 919 505 949 &
525 919 631 955 integra
649 916 743 947 nostra
760 923 834 946 extat
853 915 971 945 intentio
983 937 993 951 ,
1027 912 1108 950 quod
1127 911 1279 950 praelibatae

219 956 357 988 Civitates
377 958 410 988 ὃς
430 956 657 987 Communitates
677 955 791 990 Nobis,
810 954 844 984 &
860 952 1073 983 Successoribus
1092 950 1193 981 nostris
1206 961 1279 989 prae-

218 996 278 1026 fato
296 995 439 1033 Imperio,
457 995 491 1025 ad
509 995 662 1024 Honorem
681 994 714 1024 δε
732 992 915 1029 Utilitatem,
934 1000 1018 1028 penes
1035 989 1122 1034 Noe,
1139 989 1210 1033 saepe
1236 989 1280 1019 di-

221 1035 285 1065 &os
304 1033 483 1064 Succeffores
504 1032 615 1063 nostros
631 1055 640 1069 ,
665 1032 698 1062 &
719 1030 874 1068 Imperium
891 1053 900 1067 ,
919 1038 1058 1067 perpetuis
1076 1028 1252 1065 temporibus
1270 1051 1280 1066 ,

220 1072 433 1113 inseparabiliter
449 1072 566 1102 debeant
580 1080 758 1108 permanere,
776 1069 824 1099 sub
841 1068 1006 1099 testimonio
1021 1066 1200 1106 praesentium
1216 1066 1280 1098 Lit-

217 1119 356 1148 terarum,
376 1110 475 1147 Sizillo
490 1109 595 1140 nostrae
611 1108 710 1143 Reziae
727 1106 884 1146 Maiestatis
899 1102 1095 1146 Sigillatarum.

257 1151 274 1168 '¹‘
296 1149 360 1179 Dat.
380 1148 508 1187 Hagnalo
523 1171 532 1186 ,
558 1147 622 1186 post
641 1146 751 1177 Christi
769 1146 958 1176 Nativitatem
976 1146 1063 1175 Anno
1085 1142 1130 1173 M.
1151 1142 1279 1174 CCCC.

215 1187 320 1219 XVIII
356 1187 527 1228 Regnorum
553 1189 622 1219 vero
647 1185 822 1226 Hungariae,
848 1182 985 1217 XXXII.
1002 1184 1035 1215 &
1054 1181 1182 1214 Roman.
1197 1182 1280 1214 oeta-

221 1237 278 1266 νο,
296 1228 359 1258 &c-

258 1304 318 1336 Isto
334 1304 505 1343 praecedenti
524 1303 680 1343 Privilegio
695 1327 704 1340 ,
722 1301 802 1333 disto
820 1300 925 1332 Castro
944 1299 1004 1331 Sels
1022 1300 1055 1331 &
1074 1299 1131 1329 aliis
1148 1297 1282 1342 Civitati-

218 1344 271 1375 bus
290 1344 429 1382 praetaffls
446 1344 512 1374 dato
527 1366 536 1382 ,
555 1342 684 1381 praefatus
700 1341 830 1371 Dominus
848 1339 935 1379 noster
951 1342 1011 1369 Rex
1028 1338 1101 1368 misit
1119 1336 1226 1382 aliquos
1245 1336 1283 1367 de'

218 1383 289 1421 suis,
307 1383 340 1414 &
359 1384 442 1414 etiam
463 1381 641 1412 Marchionis
659 1380 786 1411 Badenfis
799 1402 810 1418 ,
828 1378 997 1421 Consiliariis
1020 1377 1052 1408 &
1072 1376 1281 1415 Familiaribus,

219 1421 254 1452 ad
272 1423 436 1461 praetaCium
457 1420 590 1451 Castrum
609 1420 642 1451 ὃς
661 1418 817 1450 Civitatem
835 1417 911 1456 Sels‚
928 1425 977 1454 qui
1000 1424 1035 1445 ex
1050 1423 1128 1454 parte
1145 1413 1200 1445 suae
1213 1412 1281 1444 Ma-

212 1460 317 1499 jestatis
333 1461 492 1498 petiverunt
507 1459 674 1495 introitum,
907 1493 912 1498 ,

257 1499 294 1529 Et
319 1499 368 1529 illo
395 1498 485 1529 modo
511 1496 617 1528 instetit
643 1495 791 1534 praefatum
819 1493 987 1524 Dominum
1006 1490 1135 1522 nostrum
1155 1493 1281 1521 Comitem

219 1537 376 1567 Palatinum
389 1560 398 1575 ,
418 1537 451 1567 &
470 1536 551 1566 etiam
570 1535 735 1566 Dominum
755 1532 886 1563 nostrum
904 1534 1052 1570 Rupertum
1067 1529 1164 1560 Filium
1175 1529 1256 1570 suum
1267 1551 1277 1566 ,

216 1578 249 1605 ad
271 1586 356 1612 quem
375 1579 486 1613 praerata
501 1573 725 1613 Impignoratio,
744 1571 808 1610 post
826 1570 958 1601 Mortem
975 1569 1068 1613 *Patris
1087 1567 1280 1606 pertinet‚de-

216 1616 338 1652 primore
360 1616 395 1643 ab
419 1614 522 1644 eodem
545 1613 614 1643 ultra
642 1611 747 1642 Literas
774 1609 1010 1640 Confirmatorias
1027 1631 1037 1645 ,
1059 1617 1126 1644 quas
1143 1609 1277 1636 Dominus

216 1652 303 1693 noster
323 1653 437 1689 desuper
455 1652 556 1689 habet,
572 1652 605 1681 &
621 1661 637 1681 a
655 1649 773 1688 praei‘ato
790 1647 925 1678 Domino
945 1650 1014 1690 Rege
1031 1643 1196 1685 sigismundo
1217 1668 1226 1683 ,
1245 1645 1278 1675 &

215 1694 273 1722 aliis
303 1691 504 1721 Romanorum
530 1689 659 1729 Regibus
684 1687 940 1718 Praedecefforibus
964 1685 1043 1723 suis;
1071 1684 1153 1728 'quod
1185 1692 1280 1726 tamen

217 1730 295 1761 idern
311 1732 443 1759 Dominus
462 1728 548 1769 noster
562 1730 629 1758 Dux
646 1737 699 1757 nec
723 1726 809 1757 Filius
829 1725 891 1756 suus
911 1734 979 1762 erga
1001 1722 1126 1762 Regiam
1148 1721 1282 1761 MaJesta-

221 1776 279 1799 tem
297 1778 442 1805 nunquam
461 1775 687 1805 promeruerunt.

1362 785 1410 816 Ad
1421 788 1552 817 notitiam
1566 797 1658 818 meam
1673 789 1799 824 pervenit
1815 786 1931 825 qualiter
1946 786 2036 818 vestra
2051 786 2272 826 Gratia,coram
2280 791 2379 828 qua'm-
2392 799 2464 823 Penes
2473 800 2526 827 Cs-

1321 823 1445 890 E'luribus
1465 824 1628 857 Comitibus
1642 850 1652 864 ‚
1676 825 1813 856 Dominis
1827 850 1835 863 ,
1864 824 2003 856 Militibus
2018 848 2027 863 ,
2060 824 2210 856 Clientulis
2222 851 2232 865 ,
2264 838 2298 859 ac
2320 828 2377 858 aliis
2389 844 2452 863 nm,

1341 863 1487 894 onorificis
1500 865 1663 896 hominibus
1680 865 1791 903 publice
1805 863 1926 901 steterit,
1945 865 1979 896 &
1993 873 2041 894 me
2059 864 2211 902 aliqualiter
2231 865 2379 904 indignan-

1320 903 1380 943 t'er,
1398 902 1493 939 grosso
1515 904 1620 942 modo,
1647 905 1680 934 ὃ(
1701 905 1820 942 graviter
1838 903 1866 932 in
1887 903 2012 933 Honore
2035 911 2102 934 meo
2120 902 2319 941 inculpaverit,
2343 905 2378 935 ὃς

1320 938 1420 981 dixerit
1440 940 1520 978 quod
1541 951 1598 978 ego
1623 951 1670 972 me
1687 951 1788 972 contra
1808 940 1929 972 vestram
1951 941 2082 973 Gratiam
2104 940 2326 980 Colligaverim,
2345 942 2379 973 δε

1322 985 1381 1021 non
1395 977 1571 1022 Servaverim
1585 979 1650 1010 illud
1666 979 1745 1017 quod
1760 988 1815 1019 ego
1829 981 1911 1012 vobis
1922 979 1956 1011 ad
1972 980 2092 1011 &mistos
2105 979 2280 1019 juraverim,
2298 980 2377 1020 quod

1322 1015 1410 1058 michi
1424 1015 1463 1046 est
1480 1026 1579 1056 magna
1593 1018 1626 1048 δὲ
1643 1019 1732 1056 gravis
1742 1017 1837 1056 causa,
1853 1018 1887 1049 &
1902 1019 1977 1049 bene
1991 1018 2129 1057 putaffem
2142 1018 2222 1057 quod
2236 1027 2293 1056 ego
2317 1029 2380 1050 me-

1321 1053 1389 1084 liora
1411 1064 1426 1084 a
1448 1055 1539 1085 vestra
1560 1055 1659 1086 Gratia
1672 1056 1868 1095 deservissem,
1887 1058 1950 1095 quia
1963 1057 2043 1095 spero
2057 1058 2091 1088 ad
2107 1056 2282 1088 Altiffimum
2301 1057 2380 1096 quod

1321 1101 1376 1129 ego
1392 1092 1509 1131 Fidem,
1529 1093 1750 1133 Prozniffiones,
1766 1092 1976 1132 &juramenta
1990 1096 2082 1126 versus
2096 1095 2217 1126 vestram
2240 1095 2380 1135 Regalem

1322 1129 1469 1170 Gratiam,
1488 1143 1522 1163 ac
1535 1134 1618 1163 etiam
1630 1133 1765 1164 omnibus
1778 1133 1851 1170 aliis,
1871 1143 1941 1164 cum
1953 1133 2092 1173 adjutorio
2107 1134 2183 1173 Dei,
2201 1132 2286 1173 usque
2302 1144 2379 1166 nunc
2422 1166 2428 1169 ,

1321 1169 1506 1209 servaverim,
1525 1173 1558 1202 ὃς
1574 1172 1659 1202 etiarn
1674 1171 1779 1203 servare
1794 1171 1890 1202 velim.

1362 1208 1417 1246 Et,
1431 1210 1548 1250 gratiosi>
1562 1213 1695 1249 Domine,
1711 1211 1774 1248 quia
1787 1209 1854 1241 esset
1866 1209 1957 1240 michi
1970 1209 2050 1241 valde
2063 1211 2268 1242 inconveniens
2281 1212 2309 1242 in
2322 1220 2380 1243 tam

1324 1254 1428 1285 magna
1442 1249 1475 1278 ὅ(
1492 1250 1568 1286 gravi
1583 1248 1773 1287 Inculpatione
1790 1249 1875 1287 stare,
1895 1249 1928 1280 &
1946 1258 1992 1279 me
2005 1249 2041 1279 de
2057 1249 2100 1279 illa
2113 1259 2172 1279 non
2189 1249 2332 1280 excusare:
2349 1260 2381 1281 ea

1322 1295 1438 1330 propter
1460 1295 1532 1326 rogo
1552 1287 1671 1328 vestram
1693 1286 1816 1325 Regalem
1837 1290 1967 1318 Gratiam
1990 1287 2198 1326 promptissime
2219 1289 2253 1319 &
2281 1289 2384 1319 seriose

1323 1326 1411 1354 michi
1433 1335 1518 1356 unam
1541 1325 1677 1365 Dietam,
1694 1336 1792 1357 coram
1815 1325 1914 1357 vestris
1934 1326 1967 1356 &
1989 1326 2066 1357 Sacri
2080 1326 2195 1366 Imperii
2207 1325 2385 1365 Principibus

1322 1361 1502 1407 Electoribus
1521 1364 1555 1394 ad
1578 1374 1670 1396 unum
1691 1365 1911 1396 convenientem
1934 1364 2049 1396 Locum
2072 1364 2223 1403 affignare,
2240 1363 2274 1395 ad
2295 1374 2383 1404 quem

1322 1404 1371 1438 ipii
1394 1411 1462 1432 tunc
1482 1412 1583 1433 omnes
1604 1403 1649 1434 vel
1671 1405 1762 1441 major
1786 1402 1853 1433 Pars
1867 1403 2035 1434 eorumdem
2051 1404 2206 1438 convenire
2217 1405 2383 1443 contigerit,

1321 1445 1391 1470 tunc
1406 1449 1460 1478 ego
1471 1442 1555 1472 etiam
1571 1441 1606 1472 ad
1621 1442 1739 1473 eandem
1753 1443 1851 1473 venire
1864 1440 1951 1480 volo,
1969 1442 2045 1472 &in
2059 1441 2163 1480 Dieta,
2178 1447 2278 1473 coram
2302 1442 2383 1482 ipfis,

1321 1478 1358 1509 de
1371 1479 1417 1509 tali
1431 1479 1644 1519 Inculpatione',
1662 1480 1695 1511 &
1707 1480 1771 1512 mea
1784 1480 1901 1519 desuper
1916 1480 2112 1519 Responfione
2132 1481 2232 1512 vestrae
2254 1478 2383 1520 GratIae,

1321 1516 1482 1556 stareJuri‚
1500 1520 1534 1550 &
1549 1519 1643 1550 facere
1657 1519 1740 1557 illud,
1757 1519 1852 1558 quod,
1872 1519 2026 1550 secundum
2043 1520 2186 1558 ipsorum,
2202 1518 2248 1549 vel
2270 1520 2383 1557 majoris

1321 1555 1407 1586 Partis
1428 1557 1604 1596 eorundem,
1623 1557 1860 1597 declarationem,
1877 1558 1912 1589 de
1932 1557 2055 1589 Honore
2076 1557 2230 1597 &Justitia
2241 1558 2384 1598 obligatus

1320 1603 1379 1625 ero.

1357 1632 1398 1663 Ita
1419 1640 1513 1666 tamen
1537 1634 1614 1671 quod
1637 1634 1725 1664 michi
1743 1633 1838 1675 vestra
1857 1637 1975 1673 Gratia,
1992 1644 2091 1665 coram
2111 1634 2214 1666 eisdem
2227 1633 2327 1666 vestris
2345 1634 2380 1666 δε

1319 1671 1397 1702 Sacri
1409 1671 1524 1710 Imperii
1538 1672 1717 1710 Principibus
1730 1672 1925 1710 Electoribus,
1944 1675 1972 1703 in
1987 1673 2048 1703 casu
2063 1684 2122 1711 quo
2150 1683 2197 1704 me
2217 1673 2318 1711 injuste
2336 1673 2381 1702 in-

1320 1710 1494 1750 culpassetis,
1506 1721 1537 1741 ea
1553 1717 1667 1749 propter
1683 1712 1769 1742 etiam
1784 1712 1866 1742 faciat
1875 1713 1952 1750 juxta
1966 1713 2089 1749 ipsorum
2106 1712 2151 1743 vel
2167 1712 2278 1750 majoris
2292 1711 2379 1742 Partis

1317 1748 1474 1781 eorundem
1494 1749 1738 1781 Declarationem:
1759 1749 1797 1781 Et
1817 1759 1901 1789 peto,
1919 1749 1996 1788 super
2016 1750 2086 1788 hiis,
2103 1750 2229 1782 vestrum
2248 1749 2381 1788 Respon⁴

1320 1788 1381 1818 sum
1398 1798 1467 1819 cum
1480 1788 1610 1828 praesenti
1627 1788 1762 1819 Nuncio.

255 1806 419 1846 Sereniffima
435 1805 474 1841 όν
486 1805 600 1845 gloriosa
610 1803 741 1844 Majestas
751 1828 761 1842 ,
993 1840 998 1846 ι
1167 1839 1172 1845 .
1358 1825 1390 1857 D

254 1848 387 1875 Dominus
410 1845 494 1884 noster
517 1847 586 1874 Dux
600 1844 680 1883 ,hiis
699 1842 796 1873 diebus
812 1865 821 1879 ‚
837 1840 949 1871 diversis
971 1839 1080 1871 vicibus
1095 1862 1104 1878 ‚
1122 1838 1227 1877 scripsit
1245 1838 1279 1869 δε
1391 1835 1484 1866 atum,
1504 1828 1563 1859 &C-

217 1885 359 1914 nunciavit
374 1883 515 1920 Malestati
530 1883 647 1921 vestrae,
665 1881 746 1919 quod
761 1882 790 1911 in
806 1879 919 1918 propria
928 1878 1059 1922 ‘Personi
1073 1877 1120 1908 sua
1143 1878 1227 1922 vellet
1252 1878 1279 1907 se
1324 1904 1806 1911 m
2281 1898 2369 1909 ,Q

216 1921 394 1960 conspectui
409 1921 503 1953 vestro
518 1921 616 1959 Regio
631 1923 660 1950 in
675 1919 846 1951 Succursum
861 1921 1044 1956 praeicntare;
1060 1916 1140 1955 quod
1162 1926 1279 1954 utique,

216 1959 287 1991 teste
303 1960 389 1997 Deo,
407 1960 487 1998 posie
500 1969 579 1991 tenus
602 1958 777 1998 perfecisset,
796 1958 814 1988 si
835 1960 968 1987 Dominus
991 1955 1077 1996 noster
1094 1957 1155 1986 Rex
1174 1955 1281 1992 ipsum,

215 2007 273 2029 tam
296 2000 324 2029 in
348 1999 450 2037 Fami,
469 1999 556 2037 quam
578 2000 663 2029 etiam
685 1998 714 2027 in
738 1995 863 2026 Honore
884 1996 917 2026 ὃ(
940 1994 1042 2032 Bonis,
1061 1993 1108 2025 tali
1122 1994 1230 2031 modo,
1249 2001 1281 2023 ut

215 2040 385 2077 praetactum
400 2037 458 2076 est,
475 2047 534 2068 non
551 2035 699 2067 invasisset.

254 2076 326 2114 Sed,
347 2085 381 2107 cx
403 2086 462 2114 quo
486 2076 620 2113 Famam,
639 2073 810 2110 Honorem,
831 2074 863 2104 δε
887 2072 968 2104 Bona
987 2071 1048 2110 sua,
1066 2071 1127 2102 &c.
1147 2069 1280 2108 praedit‘ia

215 2123 349 2154 tangunt,
365 2125 434 2145 tunc
449 2115 548 2145 humili
565 2116 597 2145 &
615 2124 686 2152 puro
702 2113 788 2143 corde
803 2112 936 2150 supplicat
949 2111 1025 2141 idem
1038 2113 1172 2153 Dominus
1191 2108 1278 2153 noster

214 2156 284 2183 Dux
305 2153 442 2191 IN‘Iajestati
458 2154 574 2191 vestrae,
592 2155 625 2185 ὃς
640 2152 726 2189 Nos,
745 2161 779 2181 ex
795 2160 871 2188 parte
884 2152 939 2187 sui,
958 2149 1089 2187 depresio
1104 2149 1200 2185 vultu,
1215 2148 1277 2177 lub-

209 2192 335 2229 J'estive,
356 2192 505 2231 instanter,
523 2193 556 2221 &
572 2190 767 2222 instantillime
782 2190 987 2256 supplicamus,
1007 2188 1155 2225 quatinus,
1174 2186 1275 2223 praedi-

214 2232 266 2261 ctis
289 2230 466 2261 consideratis
479 2254 487 2267 ,
512 2230 610 2261 cadem
631 2228 721 2259 vestra
740 2228 814 2258 sacra
834 2227 965 2265 islajestas
988 2225 1110 2256 cundem
1130 2228 1275 2255 Dominum

215 2267 332 2337 §ufstrusn
354 2273 455 2300 Ducem
475 2270 579 2299 habere
602 2269 668 2299 velit
688 2267 742 2297 hac
765 2269 828 2297 vice
843 2267 1021 2296 excusatum:
1042 2264 1125 2295 Nam
1140 2263 1276 2306 Famam,

249 2318 389 2345 onorem,
411 2310 443 2339 ὃ(
459 2307 541 2338 Bona
551 2307 613 2345 sua,
633 2316 696 2344 quae
709 2304 786 2343 justis
799 2304 906 2335 Titulis
925 2302 1060 2343 poffidet,
1078 2312 1147 2334 cum
1166 2301 1276 2341 adjuto·

1502 1953 1552 1985 De
1571 1954 1780 1999 Prorogatione
1797 1946 1990 1997 'lingarum
2010 1951 2182 1983 Britannia.

1321 2030 1378 2092 R
1389 2033 1466 2070 EXv
1481 2029 1632 2074 omnibus,
1650 2036 1684 2067 ad
1700 2045 1789 2075 quos,
1808 2036 1869 2067 &c.
1889 2035 2023 2066 Salutem.
2416 2056 2419 2059 Α

1417 2075 1514 2106 Sciatis
1527 2075 1607 2113 quod
1631 2074 1715 2111 Nos,
2398 2062 2527 2096 Arm-D·

1352 2111 1434 2144 Cum
1456 2114 1519 2144 alias
1538 2114 1680 2144 inierimus
1699 2115 1732 2143 &
1757 2112 1962 2144 firmaverimus
1981 2112 2108 2149 Treugas
2129 2110 2174 2143 seu
2200 2111 2381 2151 Treugarurn
2426 2103 2509 2143 14¹3·

1315 2147 1506 2182 Abstinentias
1521 2162 1605 2190 cum,
1624 2151 1766 2182 cariffimo
1783 2151 1875 2181 Fratre
1889 2151 2004 2190 nostro,
2021 2150 2155 2189 Johanne
2169 2153 2243 2180 Duce
2257 2153 2376 2181 Britan·
2395 2145 2445 2170 ‘⁴¹⁷¹-
2461 2145 2489 2172 ⁶-

1314 2192 1384 2226 niae,
1402 2200 1456 2230 pro
1473 2190 1589 2228 Nobis,
1610 2189 1735 2229 Regi-iis,
1754 2189 1857 2227 Patris,
1875 2190 1988 2226 Terris,
2007 2189 2120 2227 LigeIs,
2135 2190 2168 2220 ὃς
2183 2189 2308 2220 Subditis
2322 2201 2377 2221 no·
2393 2186 2427 2209 H.
2447 2190 2474 2216 5·

1316 2226 1395 2270 stris,
1422 2238 1455 2259 ac
1476 2229 1594 2267 praefato
1613 2228 1714 2266 Duce,
1741 2227 1857 2259 Ducatu
1873 2251 1883 2265 ,
1906 2228 2005 2258 Terris
2020 2252 2029 2266 ,
2058 2228 2149 2265 Ligeis
2165 2251 2174 2266 ,
2201 2228 2235 2258 &
2252 2228 2378 2260 Subditis
2393 2224 2471 2247 mm
2493 2218 2524 2248 6·

1313 2265 1382 2304 suis,
1401 2277 1417 2297 a
1432 2267 1515 2298 Sexta
1532 2268 1644 2298 decimi
1665 2267 1722 2298 Die
1742 2267 1849 2297 Mensis
1869 2265 2052 2297 Novembris
2067 2267 2169 2297 ultimo
2184 2268 2315 2304 praeteriti
2331 2277 2375 2298 us·-
2392 2263 2522 2294 ὥθ’-Ν·

1314 2314 1370 2342 que
1384 2305 1419 2336 ad
1435 2305 1550 2336 Festum
1566 2306 1663 2337 Sancti
1678 2305 1829 2336 Michaelis
1843 2305 2170 2349 Archiangeli'proximo
2186 2305 2327 2343 futurum,
2344 2314 2375 2338 ut
2388 2305 2424 2325 m·
2446 2297 2489 2323 ¹⁶·

216 2348 258 2377 rio
274 2347 345 2384 Dei,
365 2346 481 2377 intendit
496 2345 575 2386 polle
591 2356 671 2376 tenus
687 2344 846 2375 Desensare.
1061 2378 1064 2381 Ι

257 2384 292 2415 Et
309 2386 418 2416 idcirco
432 2385 546 2422 suplicar
563 2387 663 2416 iterum
680 2381 819 2422 Majestati
835 2381 937 2412 vestrae
950 2380 1025 2412 idem
1044 2383 1176 2411 Dominus
1191 2378 1278 2421 noster

217 2425 303 2461 Dux,
322 2425 354 2455 δε
371 2424 453 2461 Nos,
470 2424 588 2453 humiles
602 2423 758 2454 Servitores
773 2421 914 2461 ejusdem,
934 2430 966 2450 ex
987 2419 1068 2449 Parte
1088 2419 1146 2457 sui,
1163 2419 1278 2448 humili-

216 2470 258 2492 ter
272 2463 457 2499 supplicamus
471 2461 550 2500 quod
566 2464 592 2491 in
606 2461 667 2492 casu
683 2469 741 2498 quo
755 2459 882 2498 przefatus
896 2461 1028 2489 Dominus
1046 2460 1106 2487 Rex
1127 2458 1278 2488 continua-

219 2510 250 2529 re
273 2502 354 2530 vellet
377 2501 545 2537 praedicstum
570 2500 733 2531 Dominum
755 2498 884 2528 nostrum
907 2499 936 2528 in
955 2495 1042 2527 fama
1056 2497 1089 2526 ὃς
1104 2495 1189 2526 Bonis
1201 2497 1277 2535 opri-

218 2547 298 2568 mere
312 2540 345 2569 δε
359 2539 509 2574 difamare,
527 2539 606 2576 quod
621 2547 690 2569 tunc
705 2536 798 2577 vestra
820 2535 952 2574 Mayestas
971 2535 1037 2572 sibi,
1054 2542 1112 2564 tam
1128 2535 1157 2564 in
1174 2533 1277 2564 Confi-

218 2575 260 2605 liis
276 2599 285 2614 ,
307 2585 393 2613 quam
417 2578 561 2607 favorabili
584 2576 743 2607 Affistentia
757 2598 766 2613 ,
789 2577 947 2605 succurrere
973 2572 1055 2602 vellet
1079 2573 1112 2603 ὅ(
1130 2571 1275 2611 affistere,

217 2614 461 2651 quemadmodum
489 2615 604 2644 eandem
635 2614 810 2650 Maiestatem
839 2612 961 2643 vestram
989 2610 1126 2642 faisturam
1156 2609 1274 2642 firmiter

221 2655 326 2692 sperat,
343 2654 375 2684 ὃ(
391 2654 518 2684 dubitare
531 2664 589 2683 non
604 2653 695 2690 potest
712 2652 769 2681 ullo
784 2651 881 2682 modo.

258 2691 339 2722 Nam
359 2693 386 2721 in
409 2691 548 2722 Potestate
568 2693 601 2723 &
627 2690 761 2720 Manibus
782 2689 902 2724 ejusdem
922 2688 1022 2719 vestrae
1046 2686 1202 2726 Mijestatis
1218 2688 1274 2718 effe

220 2730 324 2768 debet,
341 2730 374 2760 &
390 2730 448 2768 est,
462 2730 584 2761 eundem
598 2731 747 2759 Dominum
762 2728 876 2770 nostrum
888 2730 1006 2764 Ducem,
1023 2726 1057 2756 ad
1073 2726 1204 2757 standum
1219 2726 1273 2765 Ju-

220 2769 260 2806 ri,
280 2778 380 2799 contra
395 2769 539 2806 praefatum
553 2771 698 2798 Dominum
715 2770 808 2804 Regem
827 2766 896 2804 (five
912 2766 969 2796 hoc
987 2773 1084 2801 tangat
1096 2764 1252 2795 Honorem
1262 2788 1273 2804 ,

221 2807 359 2845 Famam,
378 2808 489 2845 Vitam,
508 2809 541 2839 ὃς
566 2808 670 2838 ευηίὶα
693 2805 773 2836 Bona
798 2805 853 2841 sua)
874 2804 1006 2835 exhibere
1029 2814 1064 2834 eo
1083 2803 1194 2841 modo,
1211 2814 1271 2842 quo

219 2845 246 2875 se
261 2845 337 2875 idem
354 2844 500 2876 Dominus
515 2845 627 2882 noster,
645 2845 679 2875 ad
695 2843 825 2875 standum
837 2843 898 2881 Juri
912 2851 1008 2872 coram
1024 2842 1075 2872 suis
1090 2841 1272 2873 Coele&ori-

220 2884 291 2921 bus,
309 2885 473 2915 litteratorie
489 2885 632 2922 exhibuit,
652 2884 713 2915 &c-
729 2883 806 2921 cujus
823 2881 940 2913 Litterae
956 2880 1048 2919 Copia
1071 2882 1100 2911 in
1122 2881 1178 2912 alio
1201 2881 1272 2912 Sex-

220 2928 303 2953 terno
319 2924 497 2961 continetur,
517 2932 600 2959 prout
618 2923 691 2959 prius
707 2924 790 2952 etiam
806 2920 848 2950 est
865 2922 984 2951 tactum.

259 2960 305 2991 IN
315 2971 326 2991 s
336 2970 411 2992 upa
422 2971 444 2992 R
460 2985 469 2998 ,
488 2960 659 3001 Illustriffime
681 2964 779 2998 Regum
793 2984 803 2997 ,
829 2967 852 2989 N
863 2967 885 2989 u
895 2966 949 2988 ΝΤ
960 2967 971 2988 1
982 2968 1000 2988 A
1010 2966 1033 2988 τ
1054 2957 1199 2997 Majestati
1221 2968 1271 2990 ve-

219 2998 282 3029 strae
298 3001 425 3037 prefatus
442 2999 588 3030 Dominus
602 2999 695 3029 noster
709 3003 796 3028 Comes
812 2996 973 3034 Palatinus,
991 2995 1071 3034 quod
1086 2998 1116 3027 in
1131 2997 1194 3028 casu
1210 3006 1270 3034 quo

219 3041 350 3067 Dominus
364 3039 447 3078 noster
462 3041 521 3068 Rex
536 3042 712 3068 Romanorum
728 3038 753 3068 se
769 3037 804 3067 de
820 3037 942 3074 partibus
959 3035 1116 3066 Alemaniae
1131 3037 1271 3075 alienaret,

218 3078 251 3106 &
268 3077 302 3106 ad
318 3076 420 3116 Regna
432 3077 477 3107 sua
491 3077 647 3107 transferret
683 3076 727 3106 vel
746 3074 888 3113 Maiestati
903 3073 1001 3105 vestrae
1024 3075 1132 3104 veniret
1148 3076 1178 3104 in
1198 3074 1270 3105 Suc-

1314 2343 1396 2375 iatius
1409 2345 1438 2375 in
1453 2345 1534 2376 distis
1545 2345 1683 2384 Treugis,
1701 2354 1820 2383 quarum
1841 2344 1943 2375 Tenor
1962 2345 2100 2382 sequitur,
2117 2344 2226 2382 plenius
2247 2345 2376 2376 contine-

1316 2390 1378 2421 tur,

1313 2458 1519 2520 HEnricus,
1546 2459 1603 2491 Dei
1624 2459 1710 2498 gratia
1728 2462 1788 2490 Rex
1809 2463 1930 2490 Franciae
1948 2457 1986 2494 ὦ·
2009 2457 2123 2497 Angliae
2137 2482 2146 2496 ,
2173 2459 2207 2490 δε
2228 2458 2376 2490 Dominus

1316 2537 1335 2568 S
1353 2538 1360 2567 l
1409 2499 1572 2538 Hiberniae,
1590 2500 1742 2538 omnibus,
1759 2498 1794 2530 ad
1809 2509 1881 2537 quos
1895 2497 2047 2529 Praesentes
2061 2499 2164 2528 Literae
2179 2499 2375 2537 pervenerint,

1337 2548 1352 2568 a
1364 2547 1448 2568 utem.

1353 2576 1452 2606 Sciatis
1468 2576 1545 2614 quod
1555 2599 1564 2615 ,
2208 2605 2210 2607 ,

1352 2613 1433 2645 Cum
1450 2625 1556 2652 nuper,
1576 2613 1686 2644 illustris
1698 2613 1850 2651 Princeps,
1867 2610 2020 2643 cariffimus
2033 2610 2125 2642 Frater
2138 2613 2172 2644 &
2195 2610 2309 2643 Consan
2331 2614 2374 2644 ui-

1312 2662 1382 2695 neus
1403 2652 1517 2691 noster,
1538 2651 1681 2691 Johannes
1706 2655 1776 2683 Dux
1796 2654 1953 2682 Britanniae
1975 2651 2009 2682 &
2030 2649 2139 2681 Comes
2161 2649 2275 2681 Montis
2322 2662 2372 2683 or-

1314 2700 1346 2722 tis
1834 2719 1838 2720 e

1351 2713 1443 2759 Certis
1465 2728 1500 2760 de
1517 2728 1620 2767 caufis,
1637 2728 1728 2767 ipsum
1750 2728 1780 2758 in
1793 2738 1824 2760 ea
1839 2737 1917 2766 parte
1931 2728 2126 2765 moventibus,
2143 2726 2178 2758 ad
2191 2727 2261 2759 Nos
2277 2727 2372 2768 pets0-·

1311 2768 1410 2798 naliter
1426 2767 1562 2798 accedens

1351 2805 1427 2836 Inter
1440 2815 1555 2844 coetera,
1570 2791 1673 2836 ²Nobis
1685 2805 1793 2835 suaserit'
1803 2804 1902 2843 quod,
1919 2804 1954 2836 ad
1967 2803 2119 2835 Christiani
2131 2803 2279 2841 Sanguinis
2294 2803 2370 2836 effu-

1310 2844 1416 2875 sionem
1426 2845 1474 2881 ,&
1489 2845 1538 2875 alia
1554 2843 1632 2874 Mala
1648 2846 1724 2882 (quae
1738 2843 1939 2881 compendiosa
1953 2851 2097 2881 nequeunt
2109 2843 2267 2873 narratione
2283 2852 2368 2873 com-

1308 2883 1456 2920 prehendi)
1475 2882 1621 2914 vitandum
1655 2892 1688 2912 ac
1707 2883 1754 2920 spe
1775 2882 1935 2919 multIplicis
1954 2881 2027 2912 Boni
2042 2879 2125 2919 inde,
2140 2888 2170 2910 ut
2184 2879 2311 2919 asseruit,
2328 2881 2370 2912 se*-

1309 2923 1420 2959 cuturi,
1439 2932 1508 2952 cum
1530 2921 1591 2959 ipso
1611 2904 1833 2960 Consanguineo
1854 2919 1952 2950 nostro
1970 2919 2098 2957 Treugas
2119 2917 2164 2948 seu
2191 2917 2370 2951 Guerrarurn

1308 2960 1500 2991 Abstinentias
1513 2961 1647 2991 iniremus
1659 2959 1695 2991 ad
1708 2969 1838 2998 tempus,
1852 2958 1890 2989 de
1903 2966 1963 2996 quo
1984 2956 2124 2988 videretur
2145 2956 2278 2995 expedire
2299 2968 2368 2990 mo-

1309 2999 1583 3075 deffirgcsiprgzecibus
1603 3037 1636 3067 &
1657 3033 1812 3071 instantiis,
1830 3031 2076 3064 Excellentissimos
2097 3033 2132 3064 &
2145 3030 2366 3067 Praeclariffimae

1307 3075 1447 3106 Dominae
1457 3099 1466 3114 ,
1486 3075 1606 3114 Reginae
1621 3073 1720 3104 Matris
1732 3072 1855 3109 nostrae,
1873 3070 1936 3106 ὠς.
1947 3079 2030 3110 prout
2038 3071 2123 3110 fitpra
2138 3071 2197 3102 dat.
2215 3073 2290 3110 apud
2311 3077 2365 3103 Ca-

217 3115 348 3153 cursum,
367 3124 412 3145 aut
428 3116 447 3145 si
460 3118 592 3145 Dominus
605 3125 638 3144 no
661 3125 690 3143 er
702 3117 770 3144 Dux
793 3113 921 3151 praefatus
945 3122 1011 3142 cum
1026 3113 1129 3143 eodem
1145 3123 1270 3144 concor-
1297 3115 1387 3156 strum
1400 3117 1476 3152 Regis
1487 3110 1641 3152 d'Alenfim
1654 3115 1684 3142 in
1699 3113 1810 3140 Ducatu
1828 3112 1905 3148 Regis
1922 3113 2127 3149 Normanniae,
2139 3111 2183 3142 16.
2193 3111 2370 3151 Novembris,

217 3152 341 3191 daretur,
360 3162 428 3184 tunc
443 3154 519 3185 idem
536 3156 666 3183 Dominus
678 3152 762 3191 noster
770 3155 838 3181 Dux
853 3151 1083 3189 personaliter,&
1092 3153 1270 3188 quamtocius

217 3191 281 3260 {io}
293 3191 351 3221 fieri
369 3193 488 3260 poterit,
507 3192 567 3223 vult
581 3192 607 3221 se
624 3191 770 3229 disponere
785 3190 866 3228 quod
889 3188 1032 3227 Majestati
1053 3190 1154 3220 vestrae
1177 3192 1272 3223 veniat

230 3239 247 3259 n
284 3240 371 3260 uccur
383 3240 448 3260 um·

255 3267 293 3297 Et
306 3267 370 3297 ideo
386 3255 517 3306 supplicat
533 3269 661 3305 quatinus
673 3267 802 3305 dignetur
816 3265 865 3296 sibi
880 3265 1044 3303 consulere,
1064 3265 1217 3305 quomodo
1237 3267 1271 3297 &

217 3314 267 3344 per
282 3315 366 3343 quam
383 3305 482 3344 Viam,
501 3307 683 3336 commodius
697 3308 730 3335 ὃς
746 3305 883 3341 securius,
900 3307 934 3333 ad
949 3303 1071 3335 vestram
1085 3305 1192 3336 sacram
1207 3303 1270 3336 Co-

219 3353 318 3375 ronam
331 3343 414 3380 poffit
427 3344 591 3374 Transitum
605 3344 683 3374 suum
699 3344 789 3373 facere
803 3344 835 3373 δε
852 3342 977 3379 implere-

255 3382 491 3412 SUPPLICAT
518 3383 628 3420 insuper
650 3381 793 3421 Maiestati
812 3380 909 3421 vestrae
929 3380 1004 3409 idem
1027 3383 1158 3411 Dominus
1183 3380 1270 3421 noller

218 3423 288 3450 Dux
298 3445 306 3458 ,
325 3421 453 3457 quatinus
467 3421 584 3459 dignum
600 3421 712 3451 haberet
727 3419 889 3450 recordium
899 3441 907 3455 ,
926 3419 975 3448 ubi
991 3419 1024 3449 δε
1039 3418 1076 3448 de
1096 3419 1153 3456 qua
1166 3418 1269 3450 Domo

215 3458 321 3489 Illustri
336 3458 462 3496 Principi
477 3459 610 3488 Domino
623 3462 738 3489 Ruoerto
753 3457 819 3487 Filio
836 3456 1020 3495 fico,Nepoti
1032 3456 1154 3493 ejusdem
1169 3457 1270 3489 vestrae

219 3496 375 3534 Majestatis
401 3498 463 3534 (qui
481 3497 517 3526 de
540 3495 638 3527 Gratia
653 3491 885 3534 omnipotentis,
903 3497 962 3525 tam
979 3497 1009 3525 in
1026 3494 1164 3533 Persona,
1182 3506 1269 3534 quam

218 3535 369 3573 Moribus,
385 3535 554 3565 laudabiliter
570 3535 678 3571 crescst)
700 3535 736 3564 de
757 3533 861 3564 Nobili
880 3533 966 3564 Socii
986 3533 1182 3572 provideatur,
1201 3545 1268 3566 nam

217 3573 292 3603 idem
316 3574 460 3603 Dominus
485 3572 580 3603 noster
604 3572 671 3601 Dux
692 3582 749 3602 nori
772 3572 892 3602 intendit
911 3572 1004 3602 eidem
1028 3573 1101 3603 Filio
1119 3572 1170 3603 suo
1201 3583 1270 3612 pro-

216 3613 311 3642 videre
327 3613 362 3642 de
381 3610 514 3649 Coniuge
529 3634 538 3648 ,
565 3611 614 3640 nisi
634 3620 701 3640 cum
719 3610 849 3640 Consilio
864 3634 873 3646 ,
892 3610 970 3640 Scitu
981 3633 990 3647 ,
1005 3612 1039 3642 ὃς
1058 3611 1201 3642 voluntate
1216 3622 1268 3642 ve-

217 3650 280 3680 strae
295 3650 386 3718 Sacliff
406 3650 560 3718 bslajestatis
575 3672 584 3687 ,
607 3656 752 3685 tamquam
779 3648 913 3685 Supremi
939 3648 1027 3679 Patris
1045 3650 1078 3680 &
1097 3648 1221 3680 Domini
1238 3660 1270 3681 e-

219 3689 322 3718 'usdern
367 3689 402 3718 iii
432 3691 467 3718 ui.

214 3698 224 3726 J
259 3727 406 3757 ULTiMo
422 3750 430 3764 ,
458 3733 613 3756 ΝυΝςῐΑτ
635 3723 709 3754 idem
732 3723 878 3753 Dominus
899 3723 994 3753 noster
1013 3727 1102 3755 Comes
1126 3725 1270 3757 Palatinus

219 3763 358 3799 Maiestati
384 3764 483 3794 vestroe
507 3764 586 3802 quod
610 3763 664 3799 ipse
686 3763 804 3792 libenter
826 3761 934 3791 videret
961 3762 1040 3798 quod
1062 3763 1160 3793 eadem
1178 3765 1272 3803 vestra

218 3802 349 3840 Majestas
375 3805 520 3832 Dominum
545 3800 775 3839 Archiepifiopum
806 3802 1002 3836 Magantinum
1033 3801 1062 3829 in
1094 3801 1268 3833 Servitorem

215 3839 402 3876 susciperet&
417 3841 450 3870 ad
466 3841 491 3871 se
507 3842 642 3877 traheret,
661 3843 691 3869 ὅ(
710 3846 822 3876 propter
834 3838 889 3867 hoc
907 3847 990 3867 unam
1013 3847 1132 3869 annuam
1153 3839 1270 3871 Pensio-

217 3887 284 3907 nem
298 3877 390 3914 daret,
404 3879 454 3908 &c
480 3880 511 3909 &
526 3879 654 3908 Diviiam
669 3887 701 3907 ac
716 3877 888 3907 Societatem
902 3875 1002 3905 vestrae
1017 3875 1168 3912 Maiestatis
1182 3888 1269 3909 trans-

216 3916 352 3951 mitteret,
371 3925 452 3952 prout
475 3917 537 3947 haec
555 3917 616 3947 alias
637 3917 720 3945 etiam
742 3914 843 3945 vestrae
863 3912 1005 3949 Majestati
1019 3915 1179 3946 nunciavit:
1200 3926 1268 3948 nam

213 3961 319 3991 quanto
332 3953 422 3990 plures
436 3954 555 3986 Amicos
570 3956 602 3988 &
617 3954 772 3987 Servitores
786 3951 876 3985 vestra
890 3950 1020 3992 Majestas
1036 3953 1066 3982 in
1085 3954 1206 3992 partibus
1225 3955 1268 3986 A·

1307 3162 1372 3184 tunc
1395 3164 1418 3182 ιι·
1424 3177 1434 3191 ‚

1344 3228 1485 3260 No-ruM
1505 3228 1668 3264 Facinus,
1687 3235 1736 3264 per
1759 3223 1928 3264 Praesentes,
1946 3225 2026 3264 quod
2041 3225 2128 3257 dicias
2141 3225 2287 3266 Treugas‚
2299 3237 2365 3258 mo-

1308 3266 1347 3297 do
1369 3269 1402 3299 &
1424 3266 1518 3297 forms
1558 3267 1638 3296 uibus
1659 3265 1739 3303 supra
1761 3264 1997 3304 Prolongavimus
2017 3265 2062 3296 seu
2076 3264 2315 3304 prorogavimus,
2329 3275 2365 3296 ac

1307 3315 1356 3342 per
1381 3275 1788 3348 Praesentes‘JProlongavimus
1836 3304 1869 3334 δε
1897 3302 2088 3343 Prorogamus
2103 3325 2113 3341 ,
2137 3313 2153 3333 a
2178 3303 2258 3334 dieto
2276 3303 2366 3334 Festo

1306 3343 1403 3374 Sandii
1416 3341 1582 3380 Michaelis,
1598 3343 1682 3381 usque
1695 3341 1729 3371 ad
1747 3328 1864 3372 Festum
1883 3343 2016 3372 omnium
2037 3341 2208 3372 Sanctorum
2249 3343 2362 3372 roximo

1306 3382 1451 3426 futurum,
1468 3382 1502 3412 δε
1516 3381 1602 3419 ultra,
1623 3381 1707 3420 usque
1720 3380 1756 3411 ad
1770 3380 2002 3412 Revocationem
2014 3379 2139 3411 nostram
2155 3379 2200 3412 vel
2235 3378 2284 3410 'dh'
2297 3378 2364 3409 Du-

1306 3430 1347 3451 cis

1342 3443 1455 3496 Qiam,
1476 3457 1495 3487 fi
1508 3456 1599 3488 facere
1613 3457 1802 3496 voluerimus,
1819 3456 1865 3488 vel
1877 3455 1953 3488 idem
1969 3455 2039 3486 Dux
2050 3455 2142 3486 facete
2155 3454 2291 3492 voluerit,
2309 3464 2360 3492 per

1306 3497 1412 3528 Literas
1433 3494 1540 3526 nostras
1559 3495 1578 3515 ²*
1596 3494 1740 3534 Patenies,
1754 3496 1904 3532 faciemus,
1922 3494 1967 3525 vel
1988 3493 2064 3524 idem
2085 3492 2173 3530 Dux,
2191 3502 2239 3530 per
2253 3492 2358 3524 Literas
2371 3507 2453 3541 *IX.'

2373 3549 2438 3584 614.

1303 3536 1360 3566 suas
1376 3534 1505 3565 Patentes
1517 3533 1600 3564 faciet
1868 3533 1936 3569 Quoi
1950 3531 2151 3562 Revocatione
2165 3531 2201 3560 {ic
2218 3530 2308 3569 faistai,
2323 3542 2356 3562 ac

1305 3573 1404 3604 Nobis
1417 3573 1462 3603 seu
1476 3572 1593 3612 praefato
1607 3557 1690 3603 Duci
1706 3571 1823 3603 cuilibet
1836 3571 1986 3609 respeetive
1999 3567 2158 3606 notificata,
2175 3568 2283 3613 adhuc,
2292 3569 2356 3607 post

1304 3612 1411 3643 dietam
1431 3610 1656 3641 notificationem
1678 3610 1902 3646 Revoeationis,
1928 3608 2017 3650 usque·
2034 3605 2068 3636 ad
2087 3605 2280 3650 Qadraginta
2300 3608 2360 3640 dies

1304 3650 1444 3681 durabunt
1455 3648 1540 3679 dietae
1555 3649 1698 3688 Treugae,
1712 3650 1746 3681 &
1762 3648 1946 3686 undequaque
1961 3644 2156 3675 inviolabiliter
2170 3645 2361 3678 observabun.

1306 3699 1379 3756 tmii't
1400 3725 1462 3755 haec
1480 3725 1578 3755 omnia
1600 3725 1635 3768 ὃς
1655 3724 1773 3769 singula,
1790 3720 1843 3762 p'ro
1866 3728 1944 3761 parte
1962 3719 2072 3758 nostra,
2089 3718 2168 3750 bona
2185 3719 2256 3761 fide,
2275 3723 2308 3754 &
2328 3724 2359 3755 in

1306 3765 1396 3796 verbo
1410 3763 1525 3800 Regio,
1543 3771 1743 3799 promittimus

1342 3802 1409 3833 Dat.
1427 3803 1456 3831 in
1477 3800 1612 3832 Exercitu
1634 3800 1732 3833 nostro
1751 3797 1825 3840 apud
1844 3800 1993 3828 Civitatem
2010 3796 2243 3838 Rotomagensem,
2259 3808 2359 3838 quarto

1304 3841 1351 3872 die
1365 3838 1493 3879 Augusti.

1927 3910 1981 3941 Per
1997 3910 2080 3951 ffaem
2098 3911 2202 3950 Regem.
