2562 4274
184 91 234 118 10

41 162 120 195 nnn.
129 161 171 193 D.

63 209 151 241 1417.

43 246 109 272 lien.
129 251 156 268 2.

39 348 120 381 Anu.
134 345 176 377 D.

64 393 151 427 1417.

41 431 95 456 An.
112 436 139 461 5.

42 470 77 494 H.
102 474 130 499 5.

40 508 131 532 Franc.
149 512 178 539 5·

189 259 352 294 Traffams
369 261 561 305 Treugarnpz
581 254 747 300 Flandriae,
767 267 823 303 pro
840 260 1009 291 Securitate
1025 260 1253 291 Mercatorum.

189 342 510 413 UNilvterfigaffilggigti
524 341 684 380 Fidelibus,
701 340 736 372 ad
749 351 821 380 quos
837 343 984 380 praesentes
1000 343 1106 374 Literae
1119 352 1256 381 pervene-

227 394 360 467 Herilricu’s
385 422 467 450 Ware
488 405 594 451 Custos
619 419 726 451 Privati
748 419 842 457 Sigilli
857 444 868 459 ,
900 422 934 452 &
958 419 1123 450 lVillielmus
1144 419 1261 459 Clifford

188 462 458 530 Mlliflse'tuendiffimi
472 496 562 528 nostri
577 497 720 536 Domini,
737 499 868 536 Henna,
885 497 944 528 Dei
969 497 1071 537 gratia,
1088 500 1168 536 Regis
1188 500 1257 527 An-

41 546 77 570 Η.
92 551 120 577 5.
139 551 176 570 m.
187 538 250 578 gliae
264 537 302 573 ὠ·
315 539 453 575 Franciae,
471 537 506 569 δε
523 538 636 567 Domini
649 536 808 575 Hiber-nice,
823 536 858 568 ad
874 536 1043 574 infrascripta
1057 535 1258 567 Conimissarii

45 590 88 609 12.

44 1680 127 1710 *IX-

40 1730 107 1756 477·

186 577 333 617 speciales,

225 616 353 648 Salutem
371 616 399 645 in
413 615 549 645 omniurn
565 612 718 644 Salvatore.

226 655 334 688 Literas
349 653 570 684 Commisiionis
586 652 656 682 dicti
671 651 797 682 Domini
811 650 903 681 nostri
920 650 1008 690 Regis
1020 653 1197 691 recepimus,

228 694 364 734 Quarum
377 693 527 723 Tenorem
542 693 570 721 in
585 692 666 721 certis
682 690 797 728 Literis,
816 691 895 727 super
913 689 1254 730 ProrogationeTreuga-

189 743 257 764 rum
274 733 319 764 vel
336 731 576 762 Abstinentiarum
591 730 607 759 a
621 728 734 759 Guerra
746 729 905 767 confeciis,
926 729 976 759 sub
992 729 1066 760 Data
1100 731 1131 759 in
1149 728 1253 760 Castro

188 771 299 810 praefati
312 771 438 801 Domini
451 769 539 800 nostri
553 767 644 805 Regis
657 767 694 798 de
707 766 892 806 Porchestre,
911 768 1052 805 praesentis
1073 754 1182 799 Mentis
1200 768 1254 806 Ju-

188 811 219 842 lii
238 811 284 841 die
304 810 437 842 vicesima
456 807 536 839 tertia
554 807 736 845 inseruimus,
754 807 788 838 &
809 807 858 837 hic
879 807 976 837 haberi
991 807 1123 838 volumus
1138 817 1192 845 pro
1205 816 1253 838 ex-

187 849 299 889 pressis,
597 886 602 891 .

226 888 315 927 Cujus
329 885 549 919 Commiffionis
564 884 689 924 Vigore,

227 927 342 958 Habito
363 928 435 957 inter
458 925 527 955 Nos
549 925 599 962 &‚
619 920 813 953 Honorabiles
832 920 934 960 Viros,
949 920 1116 953 Dominum
1131 921 1255 952 Williel-

189 977 263 996 mum
280 967 312 996 de
334 969 432 1003 Campo
451 961 561 1002 diversa
584 961 711 992 Militem
726 983 737 999 ‚
755 959 930 1000 Magistrum
950 962 1098 990 Henricum
1120 960 1255 991 Godehals

188 1005 343 1036 Decanum
359 1002 565 1039 Leodiensem,
580 1002 613 1032 &
634 999 810 1037 Magistrum
823 1001 964 1037 Georgium
977 1000 1009 1029 de
1030 999 1160 1040 ostende,
1180 1000 1256 1030 Am-

189 1043 349 1074 baffiatores
360 1041 487 1072 Domini
501 1042 586 1070 Ducis
600 1038 784 1076 Burgundiae,
803 1037 838 1068 ad
861 1038 920 1069 hoc
940 1038 1091 1070 sufficienti
1111 1038 1255 1070 Potestate

188 1082 296 1113 fulfitos
309 1106 318 1119 ‚
343 1080 454 1118 aliquali
471 1079 611 1110 Tractatu
629 1077 664 1108 de
684 1078 717 1108 &
736 1077 816 1115 super
837 1075 931 1108 Cursu
952 1077 1196 1109 Mercandisarum
1219 1088 1254 1109 ac

187 1121 344 1152 Securitate
358 1119 560 1150 Mercatorum
594 1115 796 1154 Clericorum,
813 1115 1050 1155 Peregrinorum,
1068 1117 1255 1156 piscatorum,

186 1161 222 1192 &
235 1160 353 1190 aliarum
368 1157 555 1196 quarumdam
568 1141 756 1187 Personarum
773 1156 855 1185 unius
868 1155 901 1186 δε
913 1155 1023 1186 alterius
1035 1155 1123 1187 Partis

225 1196 418 1236 Inspeffisque
445 1206 493 1234 per
521 1194 591 1225 Nos
605 1217 616 1233 ,
640 1193 860 1225 Commiffarios
889 1193 1048 1226 antedictos
1063 1219 1074 1235 ,
1106 1179 1232 1233 T²reugiS
1246 1218 1256 1234 ‚

187 1236 366 1269 Guerrarum
382 1234 585 1272 Abstinentiis,
604 1233 661 1265 sive
673 1232 889 1271 Securitatibus‚
904 1243 936 1264 ac
953 1232 1054 1264 Literis
1074 1233 1191 1272 desuper
1212 1234 1255 1264 in—

187 1275 226 1306 de
248 1274 402 1313 confestis,
421 1275 509 1312 inter,
527 1272 690 1303 recolendae
711 1272 880 1310 memoriae,
898 1271 1068 1303 Dominum
1090 1275 1256 1312 Henricum,

188 1314 250 1345 Dei
264 1313 384 1352 Gratia,
402 1315 498 1350 Regem
512 1311 625 1348 Angliae
640 1309 678 1346 ὠ·
692 1313 832 1348 Franciae,
849 1312 884 1343 &
899 1310 1065 1342 Dominum
1087 1311 1256 1351 Hiberniae,

187 1353 304 1384 Patrem
317 1352 386 1383 dieti
402 1351 527 1382 Domini
541 1349 634 1387 Regis
647 1349 802 1388 Moderni,
819 1358 854 1379 ex
868 1358 946 1387 parte
959 1360 1032 1389 una,
1048 1360 1083 1381 ac
1092 1373 1102 1389 ‚
1120 1350 1256 1381 illustrem

187 1391 370 1430 Principem,
391 1389 558 1420 Dominum
571 1389 731 1427 Johannem
746 1391 848 1418 Ducem
860 1389 1043 1427 Burgundiae,
1061 1398 1095 1418 ex
1116 1389 1184 1427 alia,
1203 1390 1258 1419 ini-

188 1432 241 1469 εἰς,
260 1430 360 1469 faCiis,
377 1429 435 1460 sive
452 1427 663 1466 Concordatis,
681 1437 731 1465 per
750 1436 842 1457 unum
861 1427 999 1465 Annum,
1018 1428 1033 1457 Ξι
1053 1436 1186 1466 tempore
1199 1428 1256 1459 Pu-

187 1469 349 1501 blicationis
361 1468 527 1498 earumdem
537 1489 547 1505 ,
564 1466 700 1497 duraturis
708 1489 718 1504 ,

179 1522 182 1528 =
226 1509 306 1547 Qiae
326 1507 442 1546 quidem
462 1506 607 1543 Tmugae,
624 1504 682 1535 five
702 1504 870 1534 Securitates
893 1503 1035 1543 Annales,
1051 1504 1135 1544 licet,
1153 1506 1257 1536 iteratis

188 1547 316 1583 vicibus,
335 1555 392 1577 tam
414 1555 478 1583 per,
494 1543 655 1575 recolendae
677 1543 845 1579 memoriae,
863 1541 1028 1574 Dominum
1050 1543 1181 1574 nostrum
1201 1547 1256 1574 Re-

185 1597 246 1624 gem
260 1585 446 1626 Defunlhm,
466 1584 552 1621 quam
575 1592 624 1620 per
646 1580 914 1612 Metuendiffimum
937 1581 1103 1613 Dominum
1124 1582 1255 1614 nostrum

168 1618 178 1655 l.
189 1628 286 1662 Regem
308 1623 489 1660 Μοιίεν;.ιιηι,
508 1621 677 1658 Prorogatae
701 1620 813 1651 fuilsent
830 1621 863 1650 δε
884 1619 1085 1660 Continuatae3
1105 1621 1255 1661 videlicet,

176 1663 278 1701 ‘usque
291 1663 325 1693 ad
341 1661 635 1700 Qiintumdecimum
658 1661 677 1678 ³*
699 1659 788 1690 Diem
811 1658 921 1689 Mensis
939 1659 1018 1698 Junii
1033 1661 1168 1698 proximo
1184 1671 1257 1699 prae-

191 1705 323 1739 teritum;
341 1700 416 1738 lapso
430 1709 525 1730 tamen
539 1699 588 1728 illo
604 1698 834 1736 Qiintodecimo
857 1697 916 1728 Die
939 1699 1056 1729 finaliter
1078 1698 1256 1740 expirarunt,

190 1750 275 1780 prout
290 1750 324 1770 ex
339 1739 458 1777 ipsarum
474 1738 657 1776 Treuffiaruin
674 1736 871 1775 principalium
885 1737 1167 1777 &prorogationum
1184 1749 1257 1776 prie-

180 1781 330 1810 'dictarum
344 1777 509 1810 Tenoribus
527 1777 611 1814 (quos
625 1776 671 1806 hic
688 1777 787 1807 haberi
803 1775 937 1807 volumus
944 1787 997 1815 pro
1005 1777 1152 1815 expreffis,
1169 1778 1258 1816 liquet

187 1818 336 1850 manifeste

227 1857 296 1888 Nos
313 1819 401 1894 vdit),
421 1857 552 1885 Heriricus
567 1855 666 1892 Wzre,
684 1854 718 1885 &
741 1855 784 1883 W
783 1852 907 1883 ii'lv'nlmur
927 1853 1043 1893 Cllff’rd
1052 1854 1201 1893 antediffl,
1220 1854 1258 1886 de

189 1895 326 1928 consensu
350 1895 384 1926 &
407 1894 514 1924 assensu
535 1894 681 1924 dictorum
705 1893 945 1923 Ambiniazorum
968 1897 1052 1923 Ducis
1072 1895 1256 1934 Burgundiae,

188 1934 337 1966 nobiscum
352 1935 381 1963 in
396 1932 448 1964 hac
463 1941 541 1972 parte
554 1931 792 1963 concludentium
808 1932 841 1962 δε
855 1932 1111 1971 concordantium,

223 1973 406 2004 Utilitatibus
419 1973 452 2003 &
465 1972 720 2002 commodantibus
735 1970 867 2009 diversis,
885 1981 949 2009 quae
965 1981 999 2000 ex
1011 1971 1189 2009 infrascriptis
1202 1981 1257 2010 po-

189 2013 275 2045 terint
289 2012 402 2049 utrique
416 2011 486 2048 parti
497 2009 680 2041 verifimiliter
695 2010 823 2048 evenire,
842 2009 939 2040 debite
954 2010 1148 2049 confideretis,

227 2050 380 2082 Praediuas
399 2049 544 2088 Treugas,
562 2048 739 2079 Guerrarum
762 2048 954 2079 Abstinentias
969 2071 979 2087 ,
998 2049 1055 2079 five
1074 2049 1256 2089 Semnones,

208 2098 377 2128 uocumque
391 2087 526 2119 Nomine
541 2087 720 2124 censeantur,
738 2086 841 2117 endem
859 2087 951 2117 modo
971 2089 1004 2119 ὅ(
1027 2089 1137 2126 forma,
1155 2089 1258 2126 quibus

219 2129 382 2166 uctoritate,
400 2126 562 2158 recolendae
583 2127 732 2156 memoriae
744 2150 754 2163 ,
773 2124 894 2156 Domini
914 2125 1003 2156 nostri
1026 2129 1103 2164 Regis
1124 2126 1258 2166 Deficntfli

188 2177 243 2207 pro
257 2177 317 2198 uno
331 2167 421 2198 Anno
435 2174 526 2203 captae
540 2174 617 2196 erant
627 2189 636 2204 ,
656 2173 686 2195 ut
698 2163 845 2202 praefertur
854 2188 863 2203 ,
882 2165 915 2196 ἃ
935 2174 1017 2202 prout
1032 2168 1061 2195 in
1077 2166 1150 2196 Litei
1160 2168 1179 2196 is
1192 2166 1257 2197 inde

187 2206 349 2244 eonfeffis,
365 2206 399 2236 &
415 2204 514 2244 postea
526 2203 624 2235 debite
637 2203 813 2234 confirmatis
830 2205 908 2242 (quas
922 2203 970 2233 hic
988 2204 1083 2234 haberi
1106 2205 1258 2244 volumus,

188 2246 227 2276 de
242 2245 370 2276 Articulo
384 2245 412 2274 in
427 2243 606 2280 Articulum,
623 2243 657 2273 δε
673 2242 707 2272 de
723 2242 813 2272 veri-o
828 2244 856 2273 in
877 2244 996 2273 verbum
1007 2265 1016 2281 ,
1035 2254 1088 2281 pro
1113 2243 1255 2281 eii-pretiis)

190 2283 342 2323 expreffiiis
360 2284 546 2321 continetur,
570 2281 691 2313 Tenore
712 2280 897 2312 Proelentium
919 2282 1086 2313 resumimus
1099 2306 1108 2321 ‚
1137 2284 1258 2314 innova-

190 2333 254 2354 mus

227 2348 272 2393 Et’
286 2371 355 2393 cum
378 2359 630 2392 Ambaffiatoribus
650 2359 815 2398 antedi-stis,
835 2360 955 2390 nomine
979 2359 1048 2391 dieti
1063 2359 1190 2391 Domini
1203 2361 1259 2400 sui,

189 2402 248 2431 un'a
266 2400 416 2431 nobiscum
432 2398 541 2430 easdem
556 2398 778 2436 resumentibus,
796 2399 1014 2437 innovantibus‚
1033 2400 1065 2430 ὃ(
1082 2401 1259 2438 ineuntibus,

189 2438 227 2469 de
241 2448 322 2471 novo
335 2440 458 2476 inimus,
476 2448 510 2468 ac
526 2437 634 2468 easdem
651 2436 750 2467 durare
764 2437 916 2476 volumus,
935 2438 951 2467 31
966 2437 1040 2468 Data
1056 2437 1240 2469 Praesentium
1250 2463 1259 2477 ,

191 2477 279 2516 usque
297 2477 332 2509 ad
350 2477 468 2507 Festum
488 2476 602 2506 Paschae
625 2477 760 2514 proximo
783 2476 930 2514 futurum,
947 2476 979 2506 &
1003 2486 1107 2507 extunc
1125 2477 1210 2515 usque
1225 2481 1259 2508 ad

193 2515 310 2546 Festum
323 2515 437 2545 Pascha:
454 2515 542 2545 Anno
556 2515 688 2545 revoluto
702 2514 854 2552 inclusive,
874 2514 953 2552 quod
967 2516 1018 2544 erit
1030 2515 1081 2545 sub
1094 2515 1183 2546 Anno
1193 2515 1260 2547 Do-

191 2555 266 2586 mini
281 2553 437 2584 Millelimo
447 2575 457 2590 ,
476 2553 781 2592 Quadringentefimo,
800 2552 929 2583 Decimo
943 2562 1043 2591 nono,

229 2592 270 2624 Et
283 2592 407 2622 eundem
422 2590 560 2621 effeetum
574 2591 607 2621 &
623 2600 756 2630 vigorem
771 2591 876 2621 habere
891 2591 1024 2622 volumus
1039 2593 1135 2622 omnia
1149 2593 1183 2623 &
1207 2593 1261 2622 fin-

191 2631 277 2670 gula,
295 2632 323 2661 in
337 2629 458 2669 praefatis
473 2629 599 2666 Treugis
613 2629 668 2659 five
680 2629 880 2659 Securitatibus
896 2639 965 2660 tunc
985 2631 1108 2667 crpress‘a
1118 2655 1126 2669 ‚
1147 2641 1260 2662 exnunc

191 2669 279 2708 usque
302 2669 337 2700 ad
359 2668 476 2699 Festum
498 2667 612 2698 Pascha:
633 2669 769 2705 proximo
795 2668 939 2705 futurum,
958 2669 991 2699 «St
1007 2679 1111 2699 extunc
1127 2670 1261 2706 usquead

192 2708 311 2740 Festum
327 2707 441 2738 Paschae
455 2707 590 2745 proximo
606 2715 712 2736 extunc
727 2705 852 2736 futurum
862 2731 871 2742 ,
891 2708 969 2744 quod
987 2709 1038 2737 erit
1053 2708 1104 2738 sub
1121 2709 1261 2744 praedicto

192 2747 284 2780 Anno
300 2746 422 2777 Domini
440 2744 612 2783 Millefimo,
633 2744 941 2783 Qadringentefimo,
959 2745 1088 2776 Decimo
1102 2747 1218 2785 Nono,

230 2785 271 2817 Et
285 2785 358 2816 adeo
372 2784 494 2815 firmiter
508 2784 611 2822 ligare,
628 2793 660 2813 ac
678 2783 697 2813 si
711 2783 740 2812 in
755 2782 875 2813 Tenore
890 2783 1069 2814 Praesentiuin
1090 2785 1180 2815 eli'ent
1196 2786 1262 2816 arti-

194 2825 311 2856 culatim
321 2826 354 2856 &
368 2823 405 2854 de
420 2823 512 2854 verbo
527 2823 556 2852 in
572 2821 694 2852 verbum
710 2821 878 2860 especialitcr
895 2824 1033 2860 recitatae3
1055 2833 1114 2853 non
1131 2823 1262 2855 obstante

193 2863 277 2902 quod
298 2863 421 2894 Guerrae
444 2862 517 2892 inter
537 2860 799 2891 metuendiffimum
823 2860 988 2891 Dominum
1003 2861 1134 2892 nostrum
1148 2862 1262 2902 Regem

195 2903 231 2934 &
254 2901 451 2933 Adversarium
471 2901 551 2931 suum
574 2899 719 2938 Franci-se,
738 2908 815 2929 nunc
837 2900 995 2938 inchoarae,
1014 2901 1066 2931 fint
1087 2902 1119 2931 &
1135 2902 1263 2939 vigeant,

195 2940 304 2972 etiarnsi
323 2941 408 2979 usque
430 2938 465 2969 ad
486 2937 601 2968 Festum
624 2937 737 2968 Paschae
752 2961 761 2976 ,
780 2938 857 2976 quod
880 2940 931 2968 erit
953 2939 1002 2969 sub
1026 2940 1115 2969 Anno
1140 2939 1264 2971 Domini

194 2979 374 3017 Millesimo,
393 2976 698 3016 Qadringentefimo,
716 2976 833 3007 decimo
853 2987 950 3016 nono,
969 2978 1033 3016 ipsae
1056 2978 1178 3008 Guerrae
1200 2989 1264 3018 per-

193 3017 327 3049 durarent
341 3018 374 3049 &
388 3018 515 3055 vigerent
528 3025 534 3044 :

235 3056 352 3087 Proviso
368 3064 464 3087 tamen
479 3053 579 3092 quod,
597 3053 735 3092 quamdiu
751 3053 872 3084 Guerrae
884 3053 985 3085 fuerint
1000 3056 1071 3086 inter
1080 3055 1192 3095 Regem
1203 3056 1264 3086 An-

216 3095 261 3126 liae
274 3095 309 3126 &
323 3098 476 3125 Civitatem
488 3092 674 3132 Januensem‚
696 3092 753 3122 five
768 3093 849 3130 ipsius
863 3092 993 3123 Civitatis
1015 3093 1197 3132 Dominum,
1217 3106 1263 3127 aut

196 3103 360 3172 {eprisaliae
373 3155 383 3172 ,
406 3132 462 3162 sive
491 3130 623 3162 Marchae
650 3131 812 3161 duraverint
834 3132 906 3162 inter
928 3131 1041 3170 Regem
1061 3134 1094 3163 &
1114 3135 1264 3170 praedictos

196 3171 370 3210 Januense5‚
389 3171 481 3201 nullus
496 3169 687 3205 FlandrensiS,
705 3178 751 3199 aut
764 3169 830 3200 alius
845 3170 990 3208 (cujusque
1006 3170 1160 3209 Nationis,
1180 3171 1264 3203 Con-

196 3209 363 3249 ditionisve,
378 3218 425 3240 aut
436 3209 538 3239 Patriae
551 3207 659 3244 existat)
673 3207 752 3238 Bona
766 3207 828 3246 sua,
847 3208 904 3238 five
919 3208 1053 3248 Merces,
1070 3211 1152 3240 etiam
1160 3211 1265 3241 duran-

196 3249 272 3279 tibus
291 3249 343 3279 hiis
363 3248 500 3286 Treugis,
518 3247 574 3277 five
595 3246 809 3283 Securitatibus‚
829 3256 934 3282 ponere
954 3247 1038 3286 possit
1058 3256 1105 3278 aut
1128 3249 1217 3280 valeat
1233 3251 1264 3280 in

196 3285 341 3325 Carmen,
358 3285 473 3323 Galeis,
491 3295 537 3316 aut
550 3284 684 3316 Navibus
705 3283 905 3324 Januenfium3
924 3285 1003 3323 quod
1022 3287 1041 3316 fi
1062 3287 1124 3325 quis
1146 3286 1264 3326 fecerit,

197 3325 258 3356 hoc
273 3326 331 3364 ejus
347 3325 399 3354 erit
413 3324 571 3361 periculum
582 3346 592 3361 ,

236 3363 293 3402 Et,
312 3363 331 3394 fi
345 3361 459 3393 forsitan
474 3372 653 3400 quaecunque
668 3360 763 3400 Bona,
781 3361 826 3392 vel
851 3361 967 3392 Merces
987 3362 1016 3391 in
1040 3360 1185 3402 Carracis,
1203 3364 1265 3396 Ga-

197 3403 246 3433 leis
262 3427 272 3440 ,
304 3410 352 3433 aut
374 3399 509 3431 Navibus
528 3399 710 3440 Januenfium
734 3409 785 3438 per
809 3400 920 3430 dietum
945 3399 1112 3431 Dominum
1133 3403 1265 3434 nostrum

198 3441 335 3479 Regem,
357 3439 404 3471 vel
420 3440 476 3477 ejus
491 3439 625 3469 Subditos
643 3448 893 3477 quorumcumque
910 3438 1043 3469 locorum
1064 3441 1152 3477 (extra
1170 3451 1265 3472 tamen

199 3480 303 3511 Portus
319 3480 354 3511 &
374 3477 500 3508 Patriam
519 3477 667 3514 Flandriae)
687 3478 749 3515 capi
768 3478 814 3508 vel
839 3477 949 3508 arestari
971 3479 1118 3517 contingat
1131 3502 1140 3517 ,
1165 3481 1265 3511 harum

198 3519 406 3555 Securitaturn,
420 3516 622 3553 Treugarum,
639 3515 684 3547 seu
704 3514 907 3546 Provilionum
925 3517 1028 3556 vigore
1041 3527 1095 3548 nec
1109 3521 1196 3557 repeti
1210 3529 1266 3557 po-

199 3566 312 3596 terunt,
330 3565 385 3588 nec
397 3555 518 3586 debeant
532 3553 674 3584 restaurari
688 3563 734 3584 aut
748 3554 874 3592 restitui;

235 3595 357 3627 Proviso
374 3595 459 3625 etiarn
476 3592 557 3631 quod
571 3615 581 3630 ‚
603 3592 766 3635 durantibus
785 3594 838 3623 hiis
855 3593 980 3630 Treugis
994 3616 1004 3632 ,
1030 3593 1088 3624 five
1104 3594 1267 3626 Securitati-

198 3635 252 3665 bus
267 3659 276 3671 ,
303 3633 381 3665 Bona
400 3631 591 3672 Anglicorum
609 3640 638 3659 in
656 3630 783 3660 Flandria
797 3653 806 3668 ,
828 3640 881 3673 aut«
898 3630 976 3662 Bona
1001 3632 1210 3664 Flandrenfium
1237 3635 1266 3664 in

199 3672 320 3711 Anglii,
339 3673 402 3711 capi
419 3680 467 3702 aut
486 3669 597 3700 arestari
616 3679 678 3698 non
695 3668 814 3707 debent,
833 3671 882 3698 nili
902 3679 955 3706 pro
973 3680 1053 3700 novo
1072 3671 1202 3711 Debito,
1218 3682 1266 3703 aut

200 3711 320 3742 Delicto
334 3734 343 3750 ,
369 3709 434 3749 post
454 3708 561 3740 Datam
579 3706 766 3738 Praesentium
781 3730 791 3745 ,
811 3708 882 3737 inibi
900 3709 1052 3739 contrafto
1068 3733 1078 3747 ,
1103 3719 1150 3742 aut
1166 3721 1267 3750 perpe-

201 3757 293 3787 trat03

237 3786 356 3819 Proviso
375 3787 484 3824 insuper
504 3785 584 3825 quod
602 3784 661 3814 istae
675 3784 803 3820 Treugae
821 3807 830 3821 ,
855 3783 892 3825 de
910 3794 989 3813 novo
1005 3785 1173 3825 Resumptae
1186 3810 1196 3825 ‚
1217 3786 1268 3817 In-

202 3835 335 3863 novatae,
354 3827 411 3856 five
429 3825 464 3856 de
480 3834 561 3855 novo
577 3824 676 3860 Initae,
695 3833 744 3861 per
765 3824 968 3860 Adversarium
987 3822 1057 3853 dicti
1073 3824 1197 3856 Domini
1212 3836 1267 3856 no-

202 3864 250 3893 stri
270 3863 357 3901 Regis
378 3865 482 3902 (quem
502 3864 568 3893 Pars
587 3861 701 3893 adversa
719 3862 788 3891 dicit
807 3860 920 3898 Regem
945 3861 967 3890 F
971 3863 1089 3899 tanciae)
1117 3865 1187 3894 citra
1213 3865 1268 3895 Fe-

203 3902 279 3931 stum
298 3901 412 3932 Paschae
427 3925 437 3940 ,
463 3903 596 3939 proximo
610 3902 669 3939 jam
686 3900 813 3930 futurum
829 3923 838 3935 ,
865 3900 895 3928 in
915 3898 1061 3929 sufficienti
1080 3901 1171 3932 formai
1188 3926 1198 3941 ,
1217 3903 1267 3934 sub

204 3940 253 3972 suo
273 3939 325 3969 Ma
345 3950 384 3969 no
403 3939 505 3976 Sigillo
516 3962 526 3977 ,
543 3939 661 3978 ipsarum
681 3940 799 3969 recitato
815 3937 949 3975 Tenore,
965 3938 1187 3979 confirmentur,

241 3977 278 4009 Et
298 3977 383 4015 λος,
403 3978 466 4009 viee
483 3979 516 4010 &
535 3978 700 4009 auctoritate
715 3977 783 4007 dieti
803 3978 914 4005 Domini
932 3975 1014 4015 nostri
1029 3979 1122 4015 Regu,
1144 3978 1271 4011 Promit-

644 69 1455 123 CONVENTIONES‚
1509 69 1903 118 LITERAE,

1292 157 1395 195 timus,
1411 135 1490 187 bona
1506 155 1578 195 fide,
1596 156 1678 196 quod
1689 157 1790 188 omnia
1806 157 1840 189 &
1852 154 1957 196 fingula
1968 153 2132 195 Praemissa,
2149 163 2203 195 pro
2218 155 2359 196 pattena,
2373 156 2502 189 Ann.D.

1293 195 1412 226 durante
1434 195 1582 226 Termino
1604 197 1703 227 harum
1721 195 1904 234 Treugarum
1923 193 2148 233 Resumptarum
2163 218 2173 234 ,
2206 194 2358 226 Innovata-

2395 206 2448 236 141
2459 206 2486 236 7.

1292 243 1375 271 rum,
1394 234 1451 264 five
1467 233 1504 264 de
1518 244 1600 265 novo
1617 234 1753 267 Initarum
1772 234 1932 272 (videlicet,
1949 234 1965 264 ὲ
1978 232 2056 265 Data
2070 232 2255 265 Praesentium
2273 234 2359 274 usque
2371 240 2436 266 Hm.
2451 241 2484 273 5‚¹

1292 273 1328 303 ad
1351 272 1467 302 Festum
1488 271 1603 304 Paschae
1652 273 1732 313 quod
1756 274 1810 305 erit
1830 273 1880 304 sub
1902 273 1991 304 Anno
2023 272 2148 304 Domini
2174 272 2333 305 Millefimo
2348 297 2360 313 ,

1296 296 1750 356 Quadringentesimo,·becimo
1767 312 1860 351 nono)
1882 312 1940 343 fine
1951 311 2022 343 dolo
2042 312 2077 344 δε
2099 311 2197 344 fraude
2218 312 2304 344 faciet
2316 314 2360 344 in-

1293 349 1460 381 violabiliter
1471 349 1612 381 observari
1619 373 1630 389 ,

1335 387 1485 426 Quodque
1496 387 1579 432 *idern
1601 389 1843 433 metuendiffimus
1864 392 1996 420 Dominus
2006 389 2092 431 noster
2103 392 2165 420 Rex
2180 389 2287 422 Literas
2299 391 2357 424 suas

1296 424 1531 458 Confirmatorias
1553 428 1595 466 (in
1613 428 1715 466 quibus
1731 428 1872 460 dictarum
1893 429 2084 468 Antiquarum
2096 428 2280 468 Treugarum
2295 432 2358 463 Te-

1295 474 1350 533 peg-
1359 488 1369 503 ‚
1366 464 1436 533 61ξῇ
1445 466 1536 534 vetribo
1555 465 1591 496 ad
1612 466 1754 536 verbumB,
1767 464 1847 499 inseri
1866 467 1962 538 desbet)
1986 469 2016 499 in
2031 468 2082 500 suo
2097 469 2358 538 vegrbossrcegioz&

1295 514 1353 571 <iai
1367 513 1551 573 facieffie‘r'ffi
1558 515 1889 576 ffiffsszffiufflssssi
1903 511 2358 585 52‘2235’1ffxi’fflieeiefiirlssss3

1295 579 1413 611 Festum
1427 580 1591 611 Nativitatis
1601 582 1690 612 beatae
1705 582 1808 613 Mariae
1821 583 1942 624 Virginis
1957 587 2091 623 proximo
2106 585 2253 624 futurum3
2271 585 2357 618 dum-
2370 612 2373 615 .

1293 628 1388 649 tamen
1411 619 1516 650 Literae
1537 620 1699 651 consimiles
1720 621 1967 660 Confirmatoriae,
1986 633 2039 661 pro
2053 633 2130 662 parte
2152 623 2275 668 ejusdem
2287 624 2357 655 Do-

1293 658 1364 688 mini
1384 657 1477 688 Ducis
1492 682 1502 696 ,
1526 659 1708 696 expediantur
1728 661 1762 692 &
1783 659 1936 690 liberentur
1956 661 2031 692 Parti
2052 663 2159 694 nostrae
2178 672 2209 693 m
2229 662 2356 703 hospitio
2379 657 2382 662 ⁴

1291 696 1417 727 Domini
1438 699 1481 728 W
1478 696 1582 727 illielmi
1593 697 1729 738 Bardolfe
1743 700 1772 728 in
1786 697 1888 730 efidem
1903 697 1987 730 Villi.

1328 773 1364 804 In
1382 784 1506 813 quorum
1519 777 1653 806 omnium
1668 774 1754 809 fidem
1770 776 1804 807 &
1824 777 1839 792 ³*
1858 774 2056 808 testimonium
2067 776 2137 812 Nos
2145 778 2293 817 praesentes
2302 779 2355 811 Li-
2374 776 2455 814 ῩῙΧ·

1291 821 1360 844 teras
1376 838 1386 850 ,
1411 813 1527 852 desuper
1547 814 1692 846 confectas
1705 837 1715 854 ,
1740 814 1833 853 Signis
1853 814 1956 846 nostris
1977 814 2160 847 Manualibus
2176 818 2212 849 &
2231 819 2357 857 signetis
2367 814 2434 852 478·

1292 852 1466 883 munivimus
1480 854 1514 884 ὅ(
1530 853 1710 891 signavimus.

1329 889 1440 933 Datum
1456 891 1489 921 ὃς
1505 891 1615 922 Actum
1629 893 1779 923 Londoniae
1792 892 1898 923 ultimo
1911 892 1958 923 die
1972 891 2083 923 Menfis
2097 891 2176 931 Iulii,
2194 892 2282 925 Anno
2288 894 2357 926 Do-

1293 937 1366 958 num
1382 927 1558 969 Millesimo,
1577 931 1886 971 Qadringentesimo,
1904 930 2035 963 Decimo
2047 932 2180 971 septimo.

1449 1075 1615 1112 Traffams
1631 1073 1667 1107 de
1681 1075 1806 1120 ‘De-agis
1825 1073 1974 1107 Flandriae
1984 1074 2192 1122 prorogandis.

1294 1162 1496 1225 UNiverfis
1509 1159 1619 1209 Christi
1635 1159 1780 1198 fidelibus,
1795 1159 1834 1206 ad·
1845 1169 1917 1198 quos
1934 1159 2079 1204 praescntes
2093 1161 2197 1196 Literae
2219 1172 2361 1202 pervene·
2372 1165 2450 1199 Arm.
2465 1165 2507 1198 D.

1317 1244 1321 1248 ·
1384 1199 1686 1271 Z‘ssssbhffi‘s'lssess'ssfff}
1700 1197 2272 1270 gggfflggffiegffiffia312253053,
2280 1204 2361 1272 3531
2377 1215 2490 1273 Λὶψ·

1288 1252 1382 1320 Ῑῖεξέἶίε
1403 1279 1592 1316 Secretarius,
1618 1275 1848 1308 Metuendiffimi
1870 1260 1996 1306 Domini
2018 1261 2109 1307 nostri
2124 1300 2134 1315 ,
2159 1252 2285 1309 Do‘rgriini
2304 1278 2362 1319 Jo-
2375 1289 2410 1311 H.
2422 1255 2474 1319 55

1296 1319 1396 1348 hannis
1409 1321 1496 1348 Ducis
1511 1315 1695 1354 Burgundiae,
1713 1314 1838 1346 Comitis
1853 1314 2008 1353 Flandriae,
2027 1316 2165 1355 Arfflefii,
2183 1317 2218 1348 &
2231 1317 2363 1355 Burgun-
2375 1321 2508 1359 1ηρ.Βῆ

1297 1358 1367 1395 diae,
1386 1356 1502 1388 Nuncii
1516 1357 1549 1388 ὃς
1563 1355 1795 1393 Ambaxiatores,
1810 1364 1843 1385 ac
1858 1353 1892 1384 ad
1906 1354 2076 1392 infrascripta
2092 1354 2289 1387 Commissatii
2301 1356 2364 1395 spe—
2375 1364 2476 1388 Cotton.

1297 1394 1395 1434 ciales,
1411 1395 1537 1426 Salutem
1550 1395 1579 1424 in
1594 1395 1728 1424 omnium
1741 1393 1894 1424 Salvatore.

1335 1435 1444 1465 Literas
1458 1432 1678 1465 Commiffionis
1690 1432 1761 1463 dieti
1773 1431 1897 1462 Domini
1911 1431 2000 1462 nostri
2013 1431 2106 1464 Ducis
2119 1433 2296 1472 recepimus,

1336 1474 1468 1513 Quarum
1483 1472 1636 1503 Tenorern
1651 1472 1679 1501 in
1694 1471 1777 1502 certis
1790 1470 1904 1509 Literis,
1922 1470 2003 1509 super
2017 1470 2112 1502 Proro
2131 1470 2226 1504 atione
2233 1472 2368 1510 Treuga-

1298 1521 1362 1542 rum
1377 1512 1423 1543 vel
1439 1511 1681 1542 Abstinentiarum
1697 1512 1713 1540 'a
1727 1508 1842 1540 Guerra
1860 1509 2018 1548 confectis,
2036 1510 2086 1540 sub
2140 1521 2184 1543 ata
2205 1512 2234 1542 in
2259 1510 2367 1543 Castro

1298 1551 1422 1581 Domini
1441 1553 1519 1588 Regis
1540 1548 1654 1587 Angliae
1675 1549 1710 1579 de
1730 1547 1902 1579 Porchestre
1916 1571 1926 1586 ‚
1958 1547 2092 1580 vicesima
2113 1549 2195 1581 tertii
2215 1549 2262 1580 die
2282 1550 2366 1590 hujus

1299 1588 1409 1619 Mensis
1419 1588 1506 1627 Julii,
1525 1588 1706 1625 inseruimus,
1723 1588 1758 1618 &
1773 1587 1821 1617 hic
1836 1587 1932 1617 haberi
1946 1587 2081 1618 volumus
2093 1598 2148 1626 pro
2162 1587 2308 1627 expreffis:

1335 1626 1425 1666 Cujus
1439 1626 1660 1658 Commiffionis
1673 1628 1790 1665 vigore,
1808 1626 1906 1656 habito
1920 1626 1993 1656 inter
2014 1625 2084 1656 Nos
2106 1628 2158 1665 &,
2173 1627 2366 1658 Honorabiles

1298 1665 1401 1704 Viros,
1422 1665 1597 1703 Magistrum
1619 1667 1766 1694 Henricum
1787 1665 1886 1693 Warre
1907 1662 2071 1695 Custodem
2087 1663 2192 1696 Privati
2204 1665 2311 1711 Sigilli,
2328 1666 2364 1698 &

1299 1703 1466 1735 Dominum
1485 1703 1663 1734 Willielnium
1678 1701 1804 1741 Clifflirt,
1819 1702 1992 1733 Sereniffimi
2007 1701 2103 1733 Princi
2123 1704 2145 1734 is
2152 1703 2278 1735 Domini
2286 1707 2367 1735 Hen-

1298 1747 1364 1781 rici,
1384 1743 1441 1774 Dei
1464 1741 1581 1780 Grati&⁴7
1599 1744 1677 1778 Regis
1699 1740 1814 1779 Angliae
1833 1739 2071 1780 Commissarios,
2123 1742 2178 1773 'ad
2195 1743 2369 1782 infrascripta

1297 1782 1448 1813 sufficienti
1470 1780 1612 1812 Potestate
1633 1779 1757 1817 fulsitos,
1778 1779 1887 1817 aliquali
1907 1778 2043 1809 Tractatu
2065 1779 2102 1810 de
2122 1781 2157 1811 &
2178 1780 2259 1819 super
2271 1780 2371 1815 Cursu

1300 1820 1544 1852 Mercandisarum
1562 1844 1571 1858 ‚
1594 1829 1626 1850 ac
1650 1818 1804 1849 Securitate
1825 1817 2022 1848 Mercatorum
2036 1841 2047 1856 ‚
2062 1817 2264 1859 Clericorum,
2281 1819 2371 1852 Pete-

1297 1862 1445 1898 grinornm
1456 1885 1465 1897 ‚
1482 1859 1657 1889 piscatorum
1666 1881 1676 1896 ‚
1694 1857 1727 1888 &
1739 1857 1855 1887 aliarum
1869 1855 2056 1895 quarumdam
2070 1855 2370 1898 Personarum‚unius

1298 1900 1332 1929 &
1346 1899 1454 1929 alterius
1466 1897 1572 1936 Partis,

1332 1936 1522 1975 inspectisque
1542 1947 1589 1974 per
1611 1934 1681 1966 Nos
1698 1934 1912 1965 Ambaxiatores
1926 1934 2102 1974 antedictos,
2116 1935 2258 1976 Treugis,
2272 1935 2376 1973 Guer·

1297 1986 1392 2006 rarum
1414 1976 1615 2012 Abstinentiis‚
1635 1974 1690 2005 five
1709 1973 1910 2005 Securitatibus
1947 1983 1979 2004 ac
2003 1973 2107 2005 Literis
2126 1974 2243 2014 desuper
2266 1976 2369 2007 confe-

1297 2016 1350 2045 ctis
1365 2040 1374 2053 ,
1391 2015 1462 2046 inter
1477 2039 1486 2053 ,
1506 2013 1683 2045 Recolendae
1704 2012 1861 2043 Memoriae
1876 2037 1886 2051 ,
1918 1997 2085 2044 bominum
2105 2014 2256 2044 nmirum
2273 2038 2283 2054 ,
2308 2014 2372 2046 Dei

1299 2053 1418 2091 Gratia,
1437 2057 1534 2091 Regem
1548 2052 1679 2091 Angliae,
1695 2052 1799 2082 ultimo
1815 2051 2001 2090 defunctum,
2018 2061 2053 2083 ex
2075 2061 2152 2091 parte
2171 2063 2241 2092 una,
2258 2064 2312 2094 ac,
2330 2053 2370 2085 Il-

1298 2092 1492 2123 lustriisinium
1512 2092 1678 2130 Principem
1699 2091 1732 2122 &
1755 2089 2023 2122 Metuendiffimum
2040 2090 2206 2123 Dominum
2221 2091 2371 2132 nostrum,

1300 2130 1465 2162 Dominum
1510 2131 1656 2170 ohannem,
1676 2128 1734 2160 Dei
1749 2129 1867 2168 Gratia,
1882 2132 1986 2159 Ducem
2008 2130 2195 2168 Burgundiae,
2221 2130 2375 2163 Comitem

1300 2170 1455 2209 Fiandriae,
1502 2170 1611 2208 rthefii,
1627 2169 1660 2200 δε
1675 2167 1864 2208 Burgundiae7
1884 2178 1961 2206 parte
1977 2177 2010 2198 ex
2029 2168 2131 2207 altera,
2150 2168 2242 2208 initis,
2261 2169 2374 2211 Faffis,

1300 2209 1357 2239 five
1372 2208 1582 2247 Concordatis,
1601 2218 1652 2246 per
1666 2217 1757 2238 unum
1773 2207 1892 2238 Annum
1912 2209 1928 2237 a
1948 2217 2080 2246 tempore
2099 2207 2305 2241 Publicationis
2323 2219 2372 2242 ffl-

1300 2248 1432 2278 rumdem
1442 2271 1450 2286 ,
1464 2248 1613 2285 duraturis,

1337 2287 1417 2326 Qae
1439 2287 1557 2326 quidem
1577 2285 1725 2324 Treugae,
1743 2285 1800 2316 five
1821 2285 1987 2327 Securitates
2011 2285 2153 2325 Annales,
2167 2286 2253 2326 licet,
2268 2287 2370 2319 iteratis

1298 2326 1427 2363 vicibus,
1444 2334 1504 2356 tam
1519 2336 1568 2365 per
1583 2325 1628 2356 Re
1649 2335 1695 2355 cm
1710 2325 1823 2367 Angli-ae
1837 2324 2121 2364 iiefunc'tum,qu31m
2133 2326 2216 2356 etiam
2232 2335 2283 2363 per
2296 2325 2370 2363 Mof

1300 2365 1421 2395 denium
1437 2387 1447 2404 ‚
1472 2366 1506 2396 &
1527 2375 1576 2403 per
1638 2363 1869 2394 etuendiilimuin
1893 2363 2060 2394 Dominum
2083 2364 2214 2395 nostrum
2234 2364 2371 2402 Ducem,

1301 2403 1453 2442 praefatos,
1470 2403 1640 2441 Prorogatae
1655 2402 1768 2432 fuissent
1791 2403 1823 2433 ὃ(
1843 2402 2045 2440 Continuatae3
2063 2402 2212 2440 videlicet,
2231 2402 2318 2440 usque
2333 2402 2372 2434 ad

1303 2442 1448 2481 Qiintum
1464 2442 1613 2473 decimum
1638 2441 1730 2472 Diem
1755 2440 1862 2471 Mensis
1879 2440 1957 2479 Junii
1980 2442 2114 2479 proximo
2129 2441 2280 2479 praeteriti;
2297 2440 2374 2478 lapso

1301 2490 1397 2511 tamen
1413 2481 1462 2511 illo
1482 2481 1608 2519 Decimo
1622 2479 1737 2519 Qiinto
1752 2479 1811 2510 Die
1827 2479 1943 2509 finaliter
1957 2478 2132 2518 expirarunt,
2151 2488 2238 2517 prout
2249 2488 2285 2509 ex
2303 2479 2374 2517 ipsa-

1303 2529 1366 2549 iuin
1383 2520 1565 2559 Treugarum
1579 2519 1782 2557 Principalium
1798 2519 1831 2550 &
1847 2516 2089 2556 Prorogationum
2107 2518 2248 2548 dictarum
2268 2517 2374 2549 Teno-

1303 2559 1379 2588 ribus
1394 2559 1475 2597 (quas
1491 2559 1539 2589 hic
1555 2558 1649 2587 haberi
1664 2559 1796 2587 volumus
1811 2566 1863 2593 pro
1877 2555 2020 2595 expreffis)
2036 2557 2122 2594 liquet
2136 2555 2304 2595 manifeste,

1340 2595 1410 2626 Nos
1433 2599 1504 2626 vero
1522 2620 1531 2634 ,
1548 2595 1708 2626 Guiflermus
1723 2617 1732 2632 ,
1754 2597 1888 2623 Henricus
1903 2618 1912 2631 ‚
1931 2594 1965 2625 &
1989 2597 2134 2632 Georgius,
2153 2594 2374 2626 Ambaxiatores

1301 2634 1454 2672 antedicti,
1473 2634 1509 2664 de
1529 2634 1675 2665 Consensu
1695 2634 1728 2663 ὃ(
1752 2632 1869 2663 Affensu
1891 2634 2165 2669 praenominatorum
2190 2631 2374 2664 Commiffa-

1305 2674 1414 2702 riorum
1429 2672 1554 2702 Domini
1571 2672 1657 2710 Regis
1672 2671 1784 2711 Angli-‘e
1794 2694 1803 2710 ‚
1822 2670 1971 2701 nobiscum
1984 2672 2013 2701 in
2029 2671 2082 2702 hac
2097 2680 2174 2710 parte
2182 2670 2372 2704 Concluden-

1304 2712 1374 2741 tium
1393 2712 1426 2741 ὃς
1443 2710 1694 2741 Concordantium

1341 2749 1520 2780 Utilitatibus
1539 2750 1572 2780 &
1587 2732 1821 2779 Comod'itatibus
1835 2747 1967 2787 diverfis,
1984 2757 2050 2786 quae
2064 2758 2099 2778 ex
2119 2749 2298 2787 infrascriptis
2317 2758 2372 2787 po-

1301 2789 1387 2818 terint
1403 2790 1514 2827 utrique
1529 2787 1604 2818 Parti
1620 2787 1805 2818 verisimiliter
1821 2788 1953 2824 evenire,
1971 2787 2069 2818 debite
2084 2788 2279 2826 confidemus,

1342 2825 1493 2857 Praedi&as
1515 2826 1662 2866 Treugas,
1677 2825 1856 2856 Guerrarum
1882 2825 2070 2856 Abstinentias
2085 2850 2094 2863 ‚
2113 2826 2171 2856 five
2186 2826 2372 2865 Securitates,

1304 2875 1480 2903 quocunque
1501 2866 1621 2895 nomine
1641 2865 1821 2904 censeantur,
1839 2863 1943 2894 eisdem
1964 2864 2063 2895 Modo
2077 2865 2112 2894 &
2127 2863 2251 2902 Forma,
2268 2865 2372 2903 quibus

1303 2904 1530 2934 Auetoritatibus
1544 2929 1554 2942 ,
1586 2907 1664 2941 Regis
1690 2903 1805 2941 Angliae
1835 2901 1970 2942 Defuncii
1985 2903 2019 2932 &
2035 2902 2141 2939 praefati
2158 2905 2271 2932 Domini
2289 2914 2322 2932 no
2345 2907 2374 2934 ri

1303 2945 1387 2972 Ducis
1408 2952 1461 2981 pro
1479 2952 1538 2973 uno
1557 2942 1647 2972 Anno
1665 2951 1756 2980 captae
1774 2950 1852 2972 erant
1886 2950 1917 2972 ut
1935 2941 2098 2979 praefertur,
2113 2942 2147 2971 &
2167 2950 2252 2978 prout
2263 2942 2292 2971 in
2337 2943 2372 2972 it-

1303 2982 1368 3011 teris
1394 2981 1461 3012 iude
1486 2981 1627 3012 confectis
1641 3004 1651 3019 ,
1674 2981 1708 3012 &
1734 2980 1834 3019 postea
1869 2979 1945 3009 ebite
1964 2977 2137 3010 confirmatis
2156 2980 2236 3018 (quas
2255 2979 2303 3011 hic
2321 2981 2373 3012 ha-

1303 3021 1363 3049 beri
1384 3020 1520 3050 volumus
1534 3043 1544 3059 ,
1569 3019 1605 3050 de
1623 3019 1754 3050 Articulo
1769 3020 1798 3048 in
1818 3017 1982 3047 Articulum
1996 3042 2005 3056 ,
2023 3018 2056 3048 &
2074 3017 2110 3047 de
2130 3017 2230 3049 Verbo
2247 3018 2282 3049 ad
2299 3018 2373 3053 Ver-

1303 3059 1374 3088 bum
1391 3083 1400 3096 ,
1418 3069 1470 3097 pro
1488 3058 1531 3089 Ex
1552 3057 1638 3094 reffis)
1657 3056 1808 3097 expressius
1824 3056 1987 3086 continetur
2002 3079 2011 3093 ‚
2034 3056 2153 3087 Tenore
2172 3056 2373 3095 Praesentium,

1305 3096 1507 3134 Resumimus,
1539 3105 1698 3127 nnovarnus
1713 3119 1722 3133 ‚
1740 3095 1774 3126 &
1795 3103 1866 3124 cum
1886 3093 2096 3125 Commiffariis
2114 3095 2280 3133 antedictis,
2297 3095 2372 3127 No-

1304 3137 1383 3165 mine
1396 3135 1466 3165 dieti
1480 3135 1606 3166 Domini
1622 3134 1661 3164 sui
1681 3133 1770 3172 Regis
1787 3132 1899 3171 Angliae
1913 3157 1923 3170 ,
1943 3135 1999 3164 una
2014 3133 2166 3165 nobiscum
2185 3134 2294 3165 easdem
2310 3134 2371 3165 Re·

1304 3174 1477 3204 sumentibus
1491 3197 1501 3211 ,
1527 3172 1731 3203 Innovantibus
1744 3194 1754 3209 ‚
1773 3172 1806 3204 &
1822 3171 1988 3203 Ineuntibus
2003 3196 2012 3210 ,
2039 3171 2075 3203 de
2093 3182 2174 3204 novo
2192 3174 2297 3204 inimus
2308 3195 2319 3212 ,
2335 3183 2372 3207 ac

1304 3212 1413 3242 easdem
1429 3211 1529 3242 durare
1545 3211 1679 3241 volumus
1694 3211 1709 3240 {1
1728 3210 1804 3241 Data
1822 3209 2004 3241 Praesentium
2021 3210 2107 3249 usque
2127 3211 2160 3242 ad
2183 3210 2299 3246 Festum
2318 3211 2375 3242 Pa-

1304 3250 1379 3280 schae
1396 3250 1530 3287 proximo
1548 3250 1692 3287 futurum,
1711 3250 1745 3281 &
1762 3258 1865 3280 eXtunc
1883 3249 1969 3287 usque
1987 3249 2022 3279 ad
2041 3249 2157 3280 Festum
2176 3249 2291 3280 Paschae
2309 3249 2374 3280 An-

1305 3298 1345 3318 no
1368 3288 1500 3318 revoluto
1522 3288 1678 3326 inclusive,
1697 3288 1775 3326 quod
1797 3289 1849 3318 erit
1867 3287 1917 3318 sub
1939 3288 2029 3319 Anno
2050 3287 2173 3319 Domini
2196 3287 2373 3326 Millefimo,

1307 3326 1618 3395 Qiiiadringentefimo,
1640 3326 1770 3357 Decimo
1785 3336 1881 3364 nono,
2180 3362 2185 3363 ⁷

1370 3374 1380 3395 t
1394 3365 1517 3396 eundem
1530 3364 1669 3396 effe&um
1686 3367 1720 3397 ὃς
1734 3367 1865 3404 vigorem
1879 3365 1984 3396 habere
1995 3365 2129 3396 volumus
2141 3365 2242 3395 omnia
2261 3364 2296 3395 &
2316 3363 2372 3394 sin-

1304 3403 1387 3443 gula,
1403 3405 1431 3433 in
1446 3403 1566 3442 praefatis
1579 3404 1704 3441 Treugis
1720 3404 1776 3435 five
1788 3404 1988 3435 Securitatibus
2007 3413 2077 3434 tunc
2096 3402 2239 3440 expressa,
2258 3411 2371 3441 exnunc

1305 3441 1392 3479 usque
1415 3442 1448 3472 ad
1471 3442 1587 3473 Festum
1611 3442 1726 3473 Paschae
1750 3444 1888 3481 proximo
1903 3442 2049 3480 futurum,
2067 3442 2101 3472 &
2117 3449 2220 3473 extunc
2236 3441 2323 3480 usque
2335 3441 2372 3472 ad

1306 3480 1421 3510 Festum
1444 3480 1558 3511 Paschae
1577 3483 1713 3519 proximo
1735 3491 1839 3512 extunc
1861 3481 1988 3512 futurum
2003 3503 2013 3518 ,
2039 3479 2118 3518 quod
2139 3480 2192 3509 erit
2210 3479 2260 3509 sub
2282 3479 2371 3510 Anno

1306 3518 1434 3549 Domini
1458 3518 1628 3558 Millefimo,
1649 3519 1956 3558 Qadringentefimo,
1974 3518 2090 3548 decimo
2109 3527 2190 3548 nono
2203 3540 2213 3556 ,
2228 3517 2301 3548 adeo
2324 3517 2374 3548 fir-

1307 3559 1390 3587 miter
1404 3558 1503 3596 ligare,
1523 3568 1555 3588 ac
1571 3558 1590 3588 fi
1604 3560 1631 3588 in
1643 3559 1763 3589 Tenore
1784 3557 1966 3588 praesentium
1985 3555 2073 3587 esient
2090 3555 2259 3586 articulatim
2280 3557 2313 3587 &
2334 3555 2372 3589 de

1306 3597 1399 3626 verbo
1415 3596 1448 3625 ad
1463 3597 1583 3626 verbum
1599 3597 1749 3636 specialiter
1765 3597 1921 3634 Recitatae;
1937 3605 1997 3625 non
2011 3593 2143 3625 obstante
2157 3594 2238 3632 quod
2245 3593 2369 3626 Guerrae

1306 3636 1394 3671 inter,
1414 3634 1609 3665 Serenissimos
1626 3635 1774 3673 Principes
1795 3637 1828 3666 &
1849 3634 1995 3664 Dominos
2009 3655 2019 3671 ,
2043 3633 2063 3652 ³¹²
2082 3635 2163 3670 Reges
2182 3635 2305 3663 Franciae
2327 3632 2367 3669 ὦ·

2377 1399 2501 1436 Caliguln

2379 1442 2417 1468 D.
2436 1446 2463 1473 5.

2387 3646 2403 3663 ⁸
2419 3645 2481 3674 1Χ.’

1307 3672 1420 3709 Angliae
1435 3683 1511 3704 nunc
1524 3674 1664 3704 inchoatae
1688 3674 1741 3704 fint
1762 3675 1795 3705 ὃς
1816 3674 1946 3710 vigeant,
1963 3671 2070 3701 etiamsi
2090 3671 2176 3709 usque
2194 3672 2230 3702 ad
2251 3670 2369 3704 Festum
2383 3693 2452 3720 479,

1308 3711 1440 3748 Paiehae,
1457 3713 1535 3749 quod
1550 3714 1602 3743 erit
1623 3713 1673 3743 sub
1693 3713 1780 3743 Anno
1800 3710 1923 3741 Domini
1945 3709 2119 3747 Millefimo‚
2138 3709 2371 3749 Quadringente-

1309 3749 1381 3779 simo
1387 3772 1421 3818 ἐξ
1415 3749 1542 3794 Decimo
1557 3761 1653 3790 nono,
1673 3751 1738 3789 ipsae
1752 3750 1874 3780 Guerrae
1890 3748 1980 3786 (quod
1994 3747 2076 3778 Deus
2097 3751 2215 3787 avertat)
2236 3749 2371 3789 perdura-

1309 3797 1372 3817 rent
1435 3798 1562 3820 viverent
1576 3802 1581 3807 ·

1346 3813 1585 3858 Provis0⁰tame11²
1606 3827 1705 3866 quod,
1722 3825 1856 3866 quamdiu
1875 3823 1997 3855 Guerrae
2015 3824 2120 3857 fuerint
2139 3827 2211 3858 inter
2222 3827 2373 3865 praefatum

1310 3863 1423 3902 Regem
1446 3865 1562 3902 Angliae
1583 3867 1616 3896 &
1638 3865 1795 3896 Civitatem
1812 3863 1996 3903 Januenfium
2011 3888 2020 3902 ,
2054 3865 2111 3896 five
2137 3866 2221 3904 ipfius
2241 3865 2374 3896 Civitatis

1311 3901 1496 3941 Dominum,
1515 3913 1560 3934 aut
1581 3904 1749 3942 Represaliae
1770 3903 1826 3934 five
1846 3901 1976 3932 Marchae
1997 3902 2158 3936 duraverint
2170 3905 2243 3934 inter
2257 3905 2373 3943 Regem

1308 3940 1504 3984 &januenses
1518 3943 1687 3981 praedststos,
1705 3942 1797 3972 nullus
1811 3940 1998 3979 Flandrenfis,
2015 3949 2063 3972 aut
2079 3943 2146 3973 alius
2168 3943 2373 3982 (cujuscunque

1310 3978 1448 4010 Nationis
1456 4002 1466 4017 ,
1484 3979 1719 4018 Conditionisve‚
1734 3988 1780 4011 aut
1792 3978 1893 4011 Patriae
1904 3979 2012 4017 existat)
2030 3980 2109 4012 Bona
2124 3981 2169 4015 sua
2179 3982 2236 4014 five
2244 3980 2373 4024 Merces,
