2562 4274
213 159 295 199 144

57 233 135 264 Ann.
152 232 190 263 D.
205 242 246 263 tes
260 232 316 263 illas
332 231 479 268 accedere,
498 239 550 268 pro
572 228 733 259 Excercitio
755 228 910 265 aliquarum
926 224 1185 262 Mercandilarum,
1204 223 1262 254 sive

79 280 164 311 1429.
208 282 261 309 pro
283 271 405 301 Piscibus
423 268 580 306 optinendis
596 292 605 303 ,
629 266 769 304 applicent
790 267 823 296 &
838 266 950 295 veniant
962 265 996 295 ad
1011 264 1114 294 Villam
1129 263 1166 293 de
1178 262 1262 292 Nor-

55 315 119 339 ΗΜ.
139 313 166 339 6.
205 311 291 347 barn,
309 311 341 341 &
355 309 505 339 nullatenus
516 306 589 344 apud
607 305 762 343 Fynmark,
780 313 833 334 nec
847 304 912 334 alibi
927 303 998 334 infra
1013 302 1168 341 Regnum,
1185 301 1261 330 Ter-

204 350 301 381 ritoria
314 372 324 386 ,
351 345 490 377 Dominia
503 368 512 383 ,
536 347 569 376 &
583 343 792 381 jurisdictiones
812 343 856 372 sua
873 341 1021 379 praedicta,
1039 341 1087 371 nisi
1103 340 1136 371 ad
1153 339 1260 370 dictam

204 387 310 418 Villam
331 386 366 416 de
389 384 528 414 Norbani
545 407 554 421 ,
583 383 630 411 ubi
651 381 726 411 idem
747 380 867 418 Consann
883 382 980 410 uineus
1001 378 1097 409 noster
1119 378 1260 415 Stapulam

202 428 277 458 suam
288 447 298 462 ,
314 434 366 462 pro
382 423 543 453 Excercitio
558 420 717 457 hujusmodi
732 419 854 449 Mercan
877 418 992 456 isai-um,
1011 427 1080 449 cum
1100 417 1192 456 Ligeis
1208 426 1263 446 no-

204 465 271 532 strlisI
280 461 421 500 praedictis
435 461 575 491 ordinavit
592 459 740 496 specialiter
752 458 786 489 ὅ(
801 458 868 488 fecit
883 456 1012 496 stabiliri,

274 511 328 530 os1
353 509 421 536 itur,

239 540 267 569 V
269 510 375 569 olenfiyes
389 536 534 567 Praemiffa
547 535 579 566 ad
594 536 724 565 notitiam
742 533 911 565 eorumdem
927 534 963 564 Li
985 542 1084 563 eorum
1097 531 1261 562 nostrorum

201 579 323 615 deduci,
343 578 379 606 ne
395 576 445 613 ipsi
459 575 551 614 (quod
564 574 644 610 abiit)
661 575 690 603 in
703 574 876 603 contrarium
892 574 957 610 huju
969 570 1049 602 modi
1063 570 1259 601 Ordinationis

201 620 235 649 &
251 616 511 646 Proclamationurn
525 613 593 643 dieti
601 612 810 651 consanguinei
824 611 914 641 nostri
923 635 931 647 ,
943 610 1094 648 praesertim
1104 608 1260 639 cumidem

201 655 436 691 Consanguineus
462 651 558 682 noster
581 651 617 681 de
638 650 773 681 Amicitia
795 649 890 680 nostra
913 649 1038 687 dicitique
1060 647 1157 688 Regni
1171 645 1261 678 nostri

202 694 314 730 existat,
332 693 482 730 aliqualiter
496 689 663 728 praesumant
680 698 727 719 aut
741 697 926 726 attemptent,

238 733 310 762 Tibi
331 731 531 767 PraecipimuS,
546 728 698 758 distrifflus
713 738 771 765 quo
785 726 931 765 possumus
945 750 955 764 ,
974 724 1091 757 firmiter
1107 726 1261 764 injungen-

199 780 255 809 τες,
279 770 357 809 quod
374 770 403 799 in
420 768 528 807 lingulis
544 767 679 797 Portibus
697 766 730 796 &
752 766 838 796 Locis
861 765 930 795 infra
949 764 1079 795 Ballivam
1097 773 1193 801 tuam,
1210 764 1260 793 ubi

201 810 292 847 magis
291 807 453 876 faexpediens
469 806 570 839 videris
583 806 616 836 &
630 805 740 836 neceffe
751 827 760 843 ,
777 804 896 842 publice-
908 813 942 834 ex
956 812 1033 844 parte
1045 802 1139 834 nostra
1151 802 1258 840 procla-

203 858 274 879 mari
319 857 371 877 cias

238 886 293 916 Ne
307 887 366 924 quis
379 870 540 921 >Ligeorum
562 881 727 912 nostrorum
739 903 749 919 ,
773 879 824 911 sub
840 879 1028 911 Forisfaetura
1044 880 1176 910 omnium
1196 888 1261 917 quae

199 926 284 956 nobis
304 924 466 954 forisfacere
490 922 594 960 poterit
610 943 619 958 ,
644 920 678 950 ad
700 921 797 950 Partes
821 918 981 956 praedictas,
999 928 1046 949 aut
1058 919 1092 948 ad
1106 927 1201 948 earum
1213 918 1261 947 ali-

201 973 307 1002 quam,
331 962 376 992 scu
401 962 515 991 Locum
535 960 657 997 aliquem
678 959 706 988 in
720 957 840 995 eisdem,
859 967 911 994 pro
924 956 1087 987 Excercitio
1099 957 1259 994 aliquarum

201 1001 443 1034 Mercandisarum
464 997 622 1036 hujusmodi
641 996 772 1026 habendo
789 1019 797 1032 ,
825 998 879 1026 live
896 995 1019 1025 Piscibus
1037 994 1216 1033 optinendis,
1233 994 1261 1024 se

197 1041 336 1078 divertat,
354 1039 403 1068 nili
417 1038 563 1067 dumtaxat
581 1035 615 1065 ad
629 1034 736 1066 dietam
751 1033 857 1065 Villam
876 1033 911 1064 de
925 1033 1081 1071 Norbam,
1099 1034 1148 1063 ubi
1159 1033 1261 1070 Stapu-

198 1081 225 1111 la
242 1077 387 1116 praedicta,
407 1085 442 1105 ex
464 1075 541 1106 causa
561 1073 710 1112 praediea,
728 1081 759 1104 ut
776 1073 974 1110 praemittitur,
993 1073 1085 1103 habita
1101 1071 1142 1102 est
1157 1072 1191 1103 &
1208 1070 1263 1102 sta-

201 1119 293 1155 bilita,
314 1115 352 1145 Et
370 1115 428 1144 hoc
444 1113 599 1144 nullatenus
610 1113 732 1142 omittas.

239 1154 330 1186 Teste
346 1152 430 1192 Rege
442 1152 515 1191 apud
533 1150 806 1191 Wstmonasterium‚
823 1149 940 1180 decimo
955 1150 1040 1181 tertio
1056 1148 1101 1180 die
1121 1148 1202 1179 Maii.

200 1230 367 1264 Confimilia
381 1229 478 1261 Brevia
489 1228 648 1267 diriguntur
664 1226 890 1259 Vicecomitibus
907 1225 1081 1264 subscriptis,
1097 1225 1148 1256 sub
1162 1223 1260 1255 eadem

611 1266 703 1305 Data;
718 1266 850 1299 videlicet
857 1287 867 1303 ,

755 1346 783 1374 V
785 1345 910 1372 icecomiti
921 1345 1032 1372 Devon.

755 1385 784 1412 V
783 1384 908 1411 icecomiti
922 1380 1036 1410 Cornub.

755 1423 783 1450 V
784 1423 910 1449 icecomiti
922 1417 1041 1460 Bristoll.

756 1462 783 1488 V
785 1457 955 1487 :cecomitibus
970 1456 1094 1487 London.

755 1500 907 1526 Vicecomiti
923 1498 1048 1525 Kantiae.

753 1538 782 1564 V
782 1538 907 1564 icecomiti
924 1533 1015 1573 Effix.

753 1576 782 1603 V
782 1577 905 1603 icecomiti
922 1576 998 1603 Surr.
1014 1570 1053 1607 ὠ·
1069 1569 1171 1611 Sufflx.

199 1350 356 1381 Vicecomiti
372 1344 551 1376 Northumbr.

202 1392 251 1420 Vic
278 1386 357 1416 Villae
369 1387 448 1415 Novi
457 1383 551 1424 ,castri
563 1382 645 1422 super
661 1385 715 1422 Ty-

241 1436 313 1456 nam.

204 1466 355 1496 Vicecomiti
372 1460 466 1499 Norff
484 1460 522 1496 ὠ·
539 1458 606 1498 Suffi

202 1507 231 1533 V
231 1505 356 1532 icecomiti
372 1498 498 1531 Lincoln.

203 1543 358 1571 vicecomiti
372 1537 463 1568 Sutht.

203 1583 231 1609 V
231 1581 355 1610 icecomiti
370 1574 485 1615 Somerfi
498 1574 537 1611 (ἐν
550 1574 637 1615 Βον]ῗ

512 1703 560 1736 De
581 1698 738 1745 Obstdibus
754 1699 950 1747 Recipiendis.

53 1792 130 1823 Anu.
142 1791 183 1822 D.
202 1791 261 1852 R
272 1788 336 1820 EX
349 1812 358 1828 ,
383 1787 523 1820 carissimo
537 1786 758 1831 Consanguineo
776 1785 843 1824 suo,
861 1785 990 1824 Johanni
1005 1787 1101 1830 §omiti
1113 1786 1262 1828 Huntyng-

74 1840 160 1869 1429.
282 1829 365 1858 doniae
375 1852 384 1865 ‚
402 1826 624 1858 constabulario
640 1826 741 1856 Turris
755 1825 860 1856 nostrae
879 1824 1060 1863 Londoniae,
1074 1823 1121 1855 vel
1137 1833 1193 1862 ejus
1206 1822 1266 1852 Lo-

52 1874 105 1897 An.
124 1879 149 1903 7.
202 1868 378 1899 cumtenenti
392 1866 515 1903 ibidem,
531 1864 664 1895 Salutem.

54 1913 88 1935 Hv
109 1909 137 1935 6.

52 1947 116 1973 Ibid.

53 1993 88 2012 m.
107 1994 134 2020 5.

240 1905 411 1936 Mandamus
437 1905 521 1935 vobis
552 1903 631 1939 quod
660 1902 765 1932 David
780 1902 886 1933 Stuard
904 1901 940 1932 de
962 1901 1070 1932 Athells
1086 1923 1096 1938 ,
1121 1900 1267 1930 Robertum

200 1945 306 1975 Stuard
326 1945 362 1974 de
389 1944 486 1973 Lorne
502 1966 511 1979 ,
537 1941 665 1972 Thomam
677 1943 742 1982 Hay
764 1941 899 1972 Chivaler
918 1963 928 1978 ,
955 1941 988 1971 &
1006 1940 1153 1970 Andrean]
1171 1938 1265 1975 Roth,

201 1983 337 2021 Obsides,
355 1981 483 2012 carissimi
499 1980 710 2019 Consanguinei
726 1979 831 2018 nostri,
849 1979 950 2018 Jacobi
968 1982 1044 2016 Regis
1061 1981 1213 2013 Scotorum,
1233 1977 1266 2006 de

201 2021 333 2060 Johanne
352 2023 482 2058 Langton
497 2019 650 2056 Chivaler,
668 2020 716 2056 qui
732 2029 781 2049 eos
797 2019 879 2048 vobis
902 2026 936 2048 ex
956 2027 1033 2055 parte
1051 2016 1147 2047 nostra
1167 2016 1266 2046 libera-

200 2062 242 2090 vit
256 2058 471 2097 custodiendos,
490 2068 539 2097 per
556 2057 735 2095 Indenturas,
753 2056 818 2087 inde
832 2058 903 2087 inter
919 2066 971 2086 vos
989 2055 1085 2086 debite
1107 2054 1267 2086 conficien-

200 2099 267 2137 das,
285 2099 455 2137 Recipiatis,
474 2098 507 2127 &
532 2106 581 2127 eos
603 2095 678 2126 salvo
699 2097 732 2127 &
750 2095 846 2126 secure
867 2094 1003 2127 custodiri
1024 2094 1150 2131 faciatis,
1168 2092 1262 2123 donec

201 2137 275 2168 aliud
290 2137 356 2167 inde
371 2147 385 2167 a
401 2136 483 2166 nobis
501 2135 650 2165 habueritis
662 2135 691 2163 iri
707 2133 865 2170 Mandatis3

242 2175 280 2206 Et
296 2176 353 2205 boc
369 2174 524 2205 nullatenus
539 2174 680 2204 omittatis.

239 2213 329 2246 Teste
346 2213 429 2253 Rege
443 2212 516 2252 apud
531 2210 787 2252 lVestmonasterium
795 2233 805 2249 ,
824 2210 932 2243 ostavo
947 2210 992 2241 die
1003 2210 1091 2250 Junii.

940 2289 993 2319 Per
1008 2286 1161 2318 Concilium.

530 2369 552 2376 Aa

72 2431 92 2451 a*
113 2432 153 2459 x,
481 2418 509 2445 ἦ
536 2423 594 2453 Pro
611 2415 879 2462 Ambaffiatoribus
892 2419 1004 2451 Scotiae.

82 2480 124 2498 17,

57 2481 136 2540 ixrin.
148 2506 189 2537 D.
210 2506 306 2574 Rll:
317 2507 365 2545 X,
385 2505 517 2538 universis
533 2507 566 2538 δε
583 2504 693 2544 lingulis
706 2503 886 2541 Admirallis,
902 2503 963 2534 &c.
981 2502 1016 2533 ad
1034 2512 1122 2542 quos,
1139 2503 1199 2535 &c.
1220 2504 1271 2535 Sa-

81 2557 93 2577 1
119 2556 136 2575 2
160 2569 166 2575 .
303 2555 387 2575 utem.

58 2556 118 2615 And.k
131 2555 157 2619 79.
246 2583 341 2614 Sciatis
356 2583 435 2621 quod
450 2583 618 2619 suscepimus
637 2583 666 2612 in
688 2581 794 2612 salvum
808 2581 842 2612 δε
857 2581 987 2611 securum
1006 2578 1198 2612 Condueum
1214 2592 1270 2613 no-

61 2630 95 2652 H.
113 2626 140 2650 6.
208 2621 313 2659 strum,
331 2623 405 2651 acin
421 2622 637 2651 protectionem
652 2643 662 2658 ,
687 2619 873 2657 Tuitionem,
892 2620 925 2650 &
942 2617 1148 2649 Defensionem
1163 2621 1270 2651 nostras

60 2669 124 2691 διο).
147 2671 171 2696 7.
208 2660 335 2699 speciales
353 2659 529 2688 Venerabiles
543 2660 572 2688 in
588 2657 704 2688 Christo
720 2657 832 2695 Patres,
851 2657 1010 2695 Johannem
1026 2656 1180 2696 Eptfiopum
1187 2658 1271 2688 Glar-

61 2707 97 2731 H,
111 2701 139 2727 6.
154 2709 191 2727 m.
205 2698 328 2737 guenfi‘m
359 2697 565 2727 Cancellarium
591 2697 697 2726 Scotiae
715 2718 723 2733 ,
749 2696 944 2725 Alexandrum
965 2696 1118 2734 Episcopum
1140 2698 1269 2727 Candide.

64 2750 88 2769 1.
206 2737 284 2777 Casae
330 2746 363 2766 ac
387 2734 587 2766 Archibaldum
608 2737 735 2763 Comitem
759 2734 790 2762 de
810 2734 930 2771 Douglas
946 2755 955 2770 ,
981 2736 1122 2771 Georgium
1142 2739 1270 2765 Comitem

211 2761 345 2807 Marcfciae
356 2797 365 2813 ,
401 2776 435 2806 &
454 2773 621 2803 Dominum
633 2771 768 2810 Jacobum
785 2772 816 2800 de
829 2771 949 2809 Douglar
965 2771 1130 2802 Dominum
1149 2773 1185 2803 de
1201 2774 1271 2803 Dal-

210 2815 277 2846 keth
287 2836 296 2852 ,
311 2813 469 2852 Johannem
483 2811 621 2850 Forrestar
639 2810 778 2840 Batonem
792 2809 828 2839 de
846 2809 1000 2845 Liberton,
1012 2808 1182 2849 Magistros,
1194 2812 1269 2841 Wil—

211 2852 325 2884 helmum
349 2852 382 2881 de
403 2850 489 2880 Foulis
511 2849 696 2890 Praepositum
719 2848 753 2879 de
774 2847 919 2886 Bothuile,
937 2847 1096 2886 Johannem
1113 2849 1146 2878 de
1159 2851 1271 2880 Schenes

210 2894 242 2923 in
253 2891 381 2921 Decretis
391 2889 555 2919 Do&orem
564 2913 573 2925 ,
591 2890 739 2917 Patricium
752 2887 784 2916 de
798 2886 931 2923 Dunhar,
950 2887 983 2917 &
998 2885 1126 2916 Thomam
1141 2888 1173 2917 de
1186 2891 1272 2919 Kirk-

207 2929 308 2969 patryk
323 2951 333 2967 ,
359 2928 465 2958 Milites
479 2950 488 2965 ,
517 2926 635 2964 Versus,
653 2925 718 2963 Ad,
735 2927 767 2957 &
781 2923 815 2954 In
836 2924 974 2964 Regnum
990 2924 1121 2955 nostrum
1139 2927 1270 2967 Angliae,

214 2970 248 3000 &
267 2967 406 2998 Marchias
419 2966 540 3004 ejusdem
553 2965 646 2996 versus
660 2964 803 3000 Scotiam‚

252 3006 290 3037 Et
305 3005 455 3043 praesertim
467 3004 502 3035 ad
520 3004 635 3034 Locum
647 3010 782 3034 vocaturn
795 3000 1023 3040 Hawdenstank‚
1042 3002 1086 3032 vel
1100 3002 1186 3034 alium
1206 3005 1269 3035 Lo-

213 3055 281 3077 cum
297 3052 456 3082 congruum
471 3051 700 3082 quemcumque,
717 3040 752 3071 de
766 3050 825 3079 quo
839 3041 910 3070 inter
925 3039 1143 3071 Commissarios
1161 3043 1272 3074 nostros

215 3087 249 3116 ἃ
267 3082 485 3113 Commiffarios
500 3079 631 3111 cariffimi
643 3079 851 3119 Consanguinei
869 3078 957 3109 nostri
971 3078 1074 3116 Jacobi
1091 3083 1168 3118 Regis
1182 3085 1273 3112 Scoto-

218 3134 276 3152 rum
293 3121 396 3158 poterit
409 3119 594 3157 concordari,

254 3159 333 3190 Cum
352 3157 434 3188 Mille
449 3158 626 3187 Hominibus
639 3179 649 3194 ,
667 3154 848 3194 Equestribus
862 3180 872 3193 ,
891 3155 937 3186 vel
956 3154 1149 3193 Pedestribus,
1167 3166 1213 3188 aut
1231 3159 1273 3189 in-

218 3200 274 3236 fra,
289 3199 413 3266 [figuratis
427 3219 437 3235 ,
462 3196 508 3227 vel
526 3206 587 3226 non
610 3196 732 3226 Atinatis
745 3217 755 3233 ,
781 3196 810 3224 in
823 3194 972 3225 Comitiva
987 3204 1105 3233 eorum,
1124 3197 1156 3226 ὃ(
1171 3207 1271 3228 eorum

220 3247 257 3268 cu
270 3248 286 3266 u
311 3247 318 3266 1
341 3244 368 3266 et

257 3246 299 3305 lta
312 3258 404 3304 tamgn
416 3271 496 3311 quod
510 3271 577 3310 ipsi,
595 3270 676 3302 simul
691 3279 737 3301 aut
749 3270 893 3309 separatim
909 3270 1068 3309 veniendo,
1086 3271 1195 3307 dietum
1204 3273 1239 3303 N
1242 3284 1274 3303 u-

223 3322 334 3344 merum
349 3311 431 3341 Mille
443 3310 610 3341 Hominum
622 3312 651 3340 in
664 3317 728 3340 toto
743 3319 803 3340 non
819 3308 972 3346 excedant,

258 3350 317 3380 Pro
338 3348 589 3379 Communicando
604 3370 614 3386 ,
634 3348 817 3386 Tradiando,
845 3346 1077 3385 Concordando,
1097 3347 1142 3378 seu
1159 3348 1276 3388 Appun-

225 3387 349 3420 &nando
369 3387 404 3417 de
425 3388 458 3418 &
474 3388 552 3424 super
578 3386 794 3417 Reformatione
815 3395 1066 3423 quorumcumque
1085 3386 1276 3424 Attemptato-

228 3438 312 3464 rum,
330 3435 378 3464 per
396 3424 528 3455 Subditos
550 3426 630 3455 unius
645 3423 734 3454 Partis
751 3433 797 3454 aut
813 3425 937 3461 alterius,
953 3432 1052 3454 contra
1065 3424 1207 3463 Treugas,
1224 3426 1277 3455 ini-

229 3475 268 3497 tas
290 3466 322 3495 δε
337 3463 429 3495 adhuc
447 3462 575 3493 durantes
595 3464 666 3493 inter
681 3464 757 3500 Nos,
775 3472 827 3500 pro
844 3461 966 3500 Regnis,
984 3461 1096 3499 Terris,
1113 3462 1277 3502 Dominiis,

227 3502 351 3534 Subditis
364 3526 373 3540 ,
399 3502 432 3532 &
453 3500 579 3530 Vaffallis
600 3501 701 3531 nostris
723 3510 757 3530 ex
781 3500 863 3531 Parte
878 3510 933 3531 una
948 3522 958 3537 ,
973 3500 1007 3530 &
1022 3501 1167 3537 praesatum
1182 3504 1277 3539 Regem

226 3545 379 3577 Scotorum,
397 3549 449 3577 pro
465 3538 520 3576 Se,
539 3538 662 3578 Regno,
684 3538 782 3569 Terris
792 3562 802 3577 ,
818 3538 982 3575 Dominiis,
1001 3538 1098 3575 Ligeis
1110 3562 1120 3576 ,
1136 3539 1278 3579 SubditiS,

230 3581 263 3612 &
279 3578 401 3608 Vassallis
418 3577 469 3607 suis
483 3576 564 3607 Parte
577 3586 611 3607 ex
627 3577 729 3613 altera,

269 3617 397 3648 Necnon
418 3615 453 3645 de
473 3615 506 3646 &
522 3615 600 3653 super
619 3615 692 3646 Pace
706 3615 780 3645 finali
794 3616 828 3646 &
842 3623 972 3654 perpetua
987 3615 1058 3645 inter
1073 3615 1143 3646 Nos
1159 3616 1193 3647 ὃς
1207 3627 1278 3654 prae-

230 3657 320 3687 fatum
342 3653 457 3694 Regem
473 3653 630 3684 Scotorum
644 3663 677 3683 ac
697 3652 796 3692 Regna
811 3653 921 3691 nostra,
942 3664 991 3691 per
1007 3663 1198 3692 quaecumque
1213 3655 1279 3686 Me-

230 3694 274 3724 dia
298 3702 423 3730 congrua
437 3714 447 3730 ,
464 3692 556 3728 licita,
571 3691 605 3722 &
618 3690 754 3728 honesta,
771 3691 804 3722 ad
825 3691 1108 3722 Communicandum
1117 3715 1128 3731 ,
1141 3693 1280 3724 TraCtan-

230 3732 316 3769 dum,
335 3733 367 3763 &
386 3729 575 3767 Avisandum,

271 3769 399 3799 Necnon
423 3768 502 3807 super
523 3767 745 3806 quibuscumque
766 3766 893 3798 Materiis
911 3790 919 3804 ‚
943 3767 1067 3806 Pacem,
1085 3768 1283 3807 Tranquillita-

233 3816 308 3845 tem,
328 3808 484 3845 Quietem,
503 3807 536 3837 ὃς
560 3806 721 3836 Utilitatem
737 3804 880 3835 distorum
900 3805 1070 3843 Regnorum
1083 3808 1283 3844 qualitercum—

234 3856 289 3888 que
308 3845 544 3912 goncernentibus
561 3869 570 3883 ,
597 3843 702 3874 ibidem
726 3844 865 3873 morando
880 3866 890 3881 ,
906 3844 939 3874 ὃ(
953 3844 1054 3875 exinde
1065 3845 1100 3874 ad
1113 3847 1226 3883 propria
1240 3855 1285 3876 re-

234 3892 306 3913 ueun
327 3893 363 3919 οε,

273 3920 308 3949 Et
326 3921 391 3951 ideo
407 3921 490 3950 vobis
507 3920 694 3958 Mandamus,
709 3920 769 3950 &c.

270 3957 346 3986 Non
362 3959 525 3996 inferentes,
543 3960 602 3989 &c.

274 3995 311 4024 Et
325 3995 344 4024 si
358 3997 440 4033 quid,
459 3997 518 4027 δίε.

272 4031 307 4063 In
321 4034 412 4071 cujus,
426 4036 485 4065 δίε.
504 4044 553 4074 per
565 4034 638 4065 Tres
653 4033 766 4065 Menses
780 4035 912 4072 proximo
929 4032 1036 4064 futuros
1051 4033 1197 4066 duraturas⁴

679 132 1902 185 CONVENTIONES,LITERAE‚

1339 221 1430 254 Teste
1444 222 1526 262 Rege
1541 221 1615 260 apud
1634 221 1888 263 Westmonasterium
1897 245 1907 261 ,
1923 229 1962 253 xv
1980 221 2025 254 die
2037 220 2123 262 Juuii.
2381 225 2457 258 Arin.
2470 227 2510 258 D.

1808 302 1862 330 Per
1875 302 1969 329 Breve
1982 299 2014 329 de
2026 300 2146 330 Privato
2160 299 2261 339 Sigillo.
2383 275 2492 333 Ηιιῒῗὲ

1308 377 1365 431 R
1376 375 1401 405 E
1410 375 1441 406 X
1466 375 1587 412 eisdem,
1605 375 1738 407 Salutem.

1406 414 1504 445 Sciatis
1518 413 1598 452 quod
1615 414 1797 454 suscepimus,
1807 415 1866 450 &c.
1884 422 1915 445 ut
1923 414 2007 454 fiaepra
2020 413 2098 454 use‘que
2113 414 2166 453 ibi,
2176 417 2279 453 poterit
2289 427 2361 448 con-

1306 452 1416 483 cordari
1432 476 1441 490 ,
1467 452 1505 488 (ξφ
1526 461 1590 482 tunc
1595 452 1655 493 fic,
1673 462 1741 483 cum
1752 453 1932 494 Offlngentis
1950 453 2142 492 Hominibus,
2162 454 2362 495 Equestribus,

1306 489 1367 525 &c.
1385 498 1416 519 ut
1425 490 1509 531 fiaepra
1518 513 1528 529 ,
1541 494 1652 521 mutatis
1663 492 1810 522 mutandis.

1341 528 1434 559 Teste
1452 538 1481 560 ut
1498 529 1584 568 supra.

2005 571 2057 599 Per
2070 569 2138 599 idem
2151 572 2251 601 Breve.

1307 645 1364 699 R
1374 643 1399 674 E
1409 644 1440 675 X
1467 644 1571 676 eisdem
1580 667 1590 683 ,
1609 645 1743 676 Salutem.

1405 683 1502 714 Sciatis
1524 683 1604 721 quod
1626 683 1793 722 suscepimus
1811 707 1820 721 ,
1847 682 1906 718 εὖτ,
1924 689 1956 713 ut
1968 682 2055 723 supra
2078 685 2157 726 afflue
2176 685 2213 715 ibi
2225 708 2234 724 ,
2262 686 2364 723 poterit

1304 722 1488 760 concord-ari,
1506 721 1545 757 ώ-
1566 729 1629 751 tunc
1643 721 1682 761 fic
1694 744 1703 759 ,
1727 731 1795 752 cum
1811 722 1954 752 sexcentis
1965 722 2141 756 Hominibus
2158 724 2362 763 Equestribus,

1303 756 1363 792 &c.
1380 760 1520 800 utsupra,
1538 764 1651 790 mutatix
1667 761 1812 790 mutandis.

1342 797 1434 829 Teste
1452 799 1582 838 utsupra.

2010 839 2063 867 Per
2075 837 2143 868 idem
2160 840 2261 870 Breve.

1303 913 1392 970 RE
1404 912 1440 958 X·
1460 914 1582 962 eisdem,
1599 913 1733 959 Salutem.

1393 952 1492 983 Sciatis
1533 954 1593 983 uod
1616 952 1804 990 suscepimus,
1827 950 1887 987 (γε.
1907 959 1938 982 ut
1951 952 1987 992 fic
2004 963 2037 982 ra
2057 952 2137 994 afflue
2159 953 2195 983 ihi
2209 975 2220 990 ,
2241 955 2365 992 poterint

1302 990 1489 1029 concordari,
1507 962 1545 1026 (εγ
1560 998 1623 1020 tunc
1630 989 1687 1030 fic,
1703 997 1771 1022 curn
1787 992 1964 1029 Quingentis
2012 993 2173 1031 ominibus,
2189 992 2250 1027 &c.
2269 1000 2300 1023 ut
2313 991 2363 1032 fia-

1297 1035 1352 1066 pra
1361 1052 1370 1064 ,
1385 1033 1498 1058 mutatis·
1510 1030 1655 1059 mutandis.

1341 1066 1432 1098 Teste
1446 1077 1476 1099 ut
1490 1068 1575 1106 supra.
2007 1109 2031 1137 P
2079 1108 2142 1137 'dem
2156 1111 2183 1137 Β

2031 1118 2060 1137 er
2074 1119 2084 1137 1
2184 1117 2258 1137 reve.

1439 1236 1496 1266 Pro
1520 1231 1681 1266 Cardinali
1702 1232 1817 1279 Angliae
1836 1231 1871 1265 de
1895 1229 2041 1265 Navibus
2054 1231 2228 1276 arestandis.

1379 1317 1404 1348 E
1416 1317 1447 1348 X
1458 1341 1468 1356 ,
1486 1317 1593 1348 dilectis
1614 1317 1682 1355 sibi,
1699 1316 1829 1356 Johanni
1849 1319 1960 1356 Hunte,
1977 1319 2010 1349 &
2025 1316 2153 1357 Johanm·
2167 1317 2280 1357 Talbot,
2299 1317 2363 1349 Ser·
2381 1326 2449 1358 Am,
2472 1328 2503 1359 D

1389 1357 1531 1387 vientibus
1545 1355 1647 1386 nostris
1660 1355 1695 1387 ad
1711 1357 1816 1393 Arma,
1830 1355 1963 1387 Salutem.
2403 1353 2481 1405 1449
2509 1354 2513 1358 ’

1342 1393 1441 1425 Sciatis
1463 1395 1544 1434 quod
1562 1394 1768 1434 Affignavimus
1782 1394 1864 1432 Vos,
1887 1395 2068 1434 conjunetim
2082 1419 2092 1432 ,
2118 1395 2151 1426 &
2174 1394 2286 1426 divisim
2300 1417 2310 1434 ,
2328 1394 2363 1426 ad
2381 1390 2490 1443 Anf7s

1307 1435 1405 1464 omnia
1421 1433 1520 1465 Naves
1534 1434 1567 1466 &
1585 1431 1672 1471 Vasa,
1689 1433 1812 1472 Portagii
1826 1432 1934 1473 Viginti
1949 1433 2108 1465 Doliorum
2128 1434 2162 1465 δε
2177 1433 2261 1472 ultra,
2281 1433 2366 1472 usque
2384 1449 2419 1472 H.
2435 1448 2464 1472 6.

1307 1472 1341 1502 ad
1359 1471 1526 1510 Portagium
1548 1471 1676 1502 Centum
1702 1471 1859 1502 Doliorum
1878 1473 1912 1503 ὃς
1928 1472 1964 1503 de
1976 1471 2079 1503 eodem
2099 1476 2115 1489 *
2135 1471 2286 1511 Portagio,
2303 1481 2369 1510 quae
2384 1486 2434 1510 pas
2463 1492 2491 1519 7,

1308 1520 1368 1541 non
1386 1511 1448 1542 sunt
1466 1521 1518 1548 pro
1537 1510 1639 1550 Viagio
1657 1510 1758 1541 nostro
1775 1509 1902 1541 arrestata
1918 1534 1929 1549 ,
1955 1512 1989 1542 &
2006 1510 2040 1542 ad
2057 1519 2102 1542 tot
2121 1509 2291 1542 Marinarios
2332 1511 2369 1541 de
2386 1525 2413 1548 H
2428 1524 2445 1549 6
2457 1529 2473 1558 p
2495 1530 2518 1549 ι,

1309 1549 1474 1580 melioribus
1489 1550 1523 1580 &
1539 1549 1703 1585 fortioribus
1718 1548 1876 1579 Marinariis
2302 1533 2369 1580 Na·
2383 1543 2419 1586 m]
2433 1544 2457 1587 (ς’
2478 1544 2482 1549 ”

1307 1588 1389 1619 vium
1414 1588 1459 1618 &¹
1476 1587 1616 1631 Vasorum
1642 1587 1849 1631 praedictorum,
1873 1572 1901 1618 sii
1937 1598 2001 1619 cere
2025 1596 2185 1626 poterunt,
2206 1589 2235 1619 in
2255 1589 2275 1619 fi
2335 1588 2367 1618 lis
2385 1582 2461 1634 111*ss

1308 1625 1451 1670 Portubus
1468 1627 1501 1658 δε
1522 1626 1611 1656 Locis
1623 1651 1632 1664 ,
1650 1626 1826 1664 ubicumque
1843 1626 1914 1669 infra
1931 1626 2068 1664 Regnum
2086 1625 2217 1657 nostrum
2233 1596 2368 1666 Anffiae,
2402 1635 2421 1654 ἡ
2442 1638 2480 1665 x,

1309 1665 1379 1695 infra
1405 1664 1560 1694 Libertates
1589 1665 1623 1695 &
1643 1673 1718 1694 extra
1733 1687 1743 1700 ,
1769 1665 1888 1694 inveniri
1907 1673 2055 1702 poterunt,
2072 1675 2128 1702 pro
2143 1664 2292 1704 Paflagio,
2307 1664 2367 1696 Ve—
2384 1674 2451 1709 418,

1308 1702 1437 1733 nerabilis
1456 1703 1563 1740 Patris,
1582 1701 1707 1732 Domini
1727 1701 1865 1739 Henrici,
1881 1701 1939 1732 Dei
1957 1702 2061 1740 gratia,
2079 1704 2233 1734 Cardinahs
2249 1704 2281 1733 de
2299 1706 2367 1733 An-

1304 1741 1363 1779 glii
1389 1741 1537 1781 vulgariter
1565 1739 1743 1778 nuncupati,
1768 1749 1801 1770 ac
1820 1738 2023 1770 Domitiorum
2038 1741 2071 1771 &
2090 1740 2210 1772 aliorum
2227 1742 2367 1773 Fidelium

1311 1779 1479 1810 nostrorum
1507 1780 1536 1809 in
1560 1778 1709 1809 Comitiva
1738 1778 1782 1808 sua
1798 1802 1808 1816 ,
1833 1779 1860 1807 in
1887 1778 2065 1816 Obsequium
2085 1779 2216 1809 nostrum
2231 1780 2266 1810 ad
2282 1790 2371 1818 partes

1311 1818 1523 1887 'IJraiciilinarinas
1546 1817 1778 1856 profecturorum
1795 1839 1805 1854 ‚
1830 1816 1887 1846 sine
1905 1816 2038 1848 dilatione
2055 1815 2245 1848 Arestandum
2261 1819 2294 1848 &
2313 1818 2371 1850 Ca-

1309 1867 1375 1895 pien
1399 1867 1448 1887 um

1345 1895 1384 1926 Et
1402 1879 1502 1926 Nai'tes
1514 1919 1524 1933 ,
1549 1893 1639 1932 Vasa,
1669 1894 1702 1925 ὃς
1722 1894 1891 1925 Marinarios
1907 1893 2067 1933 hujusmodi
2086 1893 2171 1932 usque
2190 1893 2292 1925 Portus
2310 1895 2374 1926 Vil-

1309 1935 1398 1966 larum
1420 1933 1457 1964 de
1482 1933 1656 1965 Sandewico
1675 1933 1708 1963 &
1727 1932 1895 1971 Dovorria,
1919 1934 1952 1964 &
1975 1932 2062 1964 Vadia
2086 1933 2188 1964 eisdem
2215 1932 2374 1964 Marinariis

1307 1983 1356 2013 per
1386 1983 1437 2004 vos
1463 1973 1597 2012 prompte
1619 1971 1753 2002 solvenda
1774 1995 1784 2011 ,
1819 1981 1887 2002 curn
1911 1973 1994 2002 omni
2019 1972 2194 2002 festinatione
2231 1973 2298 2002 duci
2335 1974 2370 2004 &

1309 2013 1407 2043 venire
1426 2011 1608 2047 faciendum,
1625 2009 1667 2040 Ita
1684 2009 1764 2047 quod
1784 2010 1835 2040 sint
1854 2009 1980 2048 ibidem,
2001 2010 2036 2041 ad
2055 2011 2138 2041 citius
2155 2020 2214 2048 quo
2234 2020 2373 2042 commo-

1309 2052 1346 2082 de
1363 2050 1420 2081 fieri
1436 2051 1562 2088 poterit,
1586 2048 1725 2086 Prompta
1743 2048 1777 2079 &
1802 2047 1898 2078 Parata
1915 2049 1948 2079 ad
1966 2048 2180 2079 deserviendum
2201 2047 2300 2080 Nobis
2319 2059 2372 2088 pro

1310 2088 1438 2159 gffgio
1451 2087 1566 2128 praefati
1585 2086 1740 2118 Cardinalis
1765 2087 1797 2118 &
1821 2087 1941 2118 aliorum
1965 2087 2103 2118 Fidelium
2119 2087 2284 2119 nostrorum
2302 2097 2375 2128 prae-

1332 2139 1337 2158 l
1369 2137 1453 2159 orum

1351 2167 1389 2197 Et
1407 2165 1441 2196 ad
1455 2151 1556 2197 omnes
1570 2165 1648 2203 illos,
1667 2173 1739 2202 quos
1755 2164 1783 2193 in
1801 2164 1854 2194 hac
1873 2173 1950 2204 parte
1967 2162 2134 2194 Contrarios
2147 2165 2308 2196 inveneritis
2323 2165 2370 2196 seu

1311 2204 1462 2243 Rebelles,
1480 2204 1685 2241 Arestandum‚
1702 2203 1736 2234 δε
1756 2201 1879 2233 Prisonis
1895 2201 1995 2232 nostris
2015 2202 2260 2241 Mancipandum,
2279 2205 2308 2233 in
2323 2205 2375 2234 eis-

1309 2245 1377 2275 dem
1400 2247 1559 2274 moratu'ros
1580 2241 1725 2281 quousque
1751 2251 1805 2279 pro
1823 2251 1924 2272 eorum
1943 2240 2158 2272 Deliberatione
2173 2243 2250 2273 aliter
2263 2242 2376 2273 duxeri-

1310 2293 1374 2314 mus
1390 2282 1599 2318 ordinandum;

1350 2322 1388 2353 Et
1403 2321 1470 2351 ideo
1487 2321 1569 2352 vobis
1585 2320 1619 2350 &
1634 2319 1750 2350 cuilibet
1766 2317 1896 2350 vestrum
1915 2317 2085 2349 Matidamus
2109 2317 2190 2357 quod
2207 2319 2282 2350 circa
2296 2317 2374 2350 Prae-

1311 2360 1550 2430 missggiligenter
1564 2359 1730 2396 intendatis,
1744 2358 1778 2390 &
1796 2367 1828 2388 ea
1844 2357 1949 2389 faciatis
1961 2380 1971 2396 ‚
1989 2357 2023 2388 &
2037 2358 2216 2396 exequamini
2232 2359 2262 2388 in
2278 2357 2372 2388 forma

1333 2409 1369 2429 rae
1391 2410 1397 2429 ι
1430 2408 1459 2429 a:

1312 2409 1331 2437 p
1348 2437 1463 2468 Damus
1480 2443 1574 2467 autem
1592 2434 1812 2466 Constabulario
1828 2434 1929 2465 nostro
1944 2433 2116 2473 Dovorriae,
2133 2432 2255 2465 Custodi
2274 2434 2372 2474 Qin-

1311 2485 1367 2515 que
1382 2476 1520 2507 Portuum
1540 2474 1706 2504 nostrorum
1720 2496 1730 2512 ,
1754 2484 1786 2504 ac
1808 2474 1939 2504 universis
1955 2474 1989 2505 δε
2006 2473 2116 2512 singulis
2131 2472 2374 2511 vicecomitibus,

1313 2515 1492 2553 Major-ibus,
1511 2512 1641 2551 Ballivis,
1662 2511 1819 2550 Ministris,
1838 2512 1994 2550 Dominis,
2011 2510 2176 2550 Magistris,
2193 2514 2227 2543 &
2242 2511 2371 2542 Marina-

1315 2555 1362 2584 riis
1377 2554 1509 2584 Navium
1520 2574 1529 2589 ,
1547 2561 1580 2582 ac
1597 2551 1655 2582 aliis
1668 2550 1810 2581 Fidelibus
1835 2551 1869 2581 &
1888 2550 2011 2581 Subditis
2031 2549 2150 2588 nostris,
2166 2551 2225 2580 tam
2242 2550 2313 2580 infra
2325 2549 2375 2579 Li-

1314 2593 1451 2630 bertateS‚
1471 2591 1559 2629 quam
1574 2598 1668 2627 extra,
1686 2589 1806 2621 Tenore
1832 2588 2015 2619 Praesentium
2027 2611 2037 2626 ,
2051 2587 2168 2618 firmiter
2183 2589 2212 2618 in
2231 2587 2377 2618 Mandatis

1334 2630 1394 2662 uod
1412 2629 1503 2660 Vobis
1521 2652 1530 2667 ,
1557 2630 1591 2660 &
1610 2628 1725 2659 cuilibet
1743 2626 1869 2659 vestrum
1880 2650 1890 2665 ,
1907 2629 1937 2657 in
1954 2627 2128 2657 Executione
2144 2624 2376 2664 Praemissorum,

1331 2668 1499 2700 ntendentes
1515 2668 1581 2704 sint,
1601 2666 1808 2704 Consulentes,
1827 2665 2027 2710 obedientes,
2046 2665 2079 2694 &
2093 2664 2282 2701 Auxiliantes,
2300 2674 2374 2702 quo-

1312 2710 1382 2739 tiens
1400 2709 1432 2737 &
1451 2716 1534 2744 prout
1551 2715 1600 2743 per
1622 2714 1675 2736 vos
1688 2727 1697 2741 ,
1723 2703 1768 2734 seu
1792 2703 1913 2741 aliquem
1935 2703 2060 2734 vestrum
2071 2724 2081 2740 ,
2100 2702 2179 2740 super
2196 2703 2254 2732 hoc
2272 2702 2374 2733 suerint

1314 2746 1474 2784 praemuniti
1491 2753 1526 2773 ex
1544 2751 1620 2780 parte
1634 2742 1738 2772 nostra.

1347 2782 1435 2814 Teste
1450 2782 1534 2819 Rege
1549 2780 1624 2819 apud
1642 2779 1917 2819 Wstmonasterium,
1936 2789 1973 2810 xv
1991 2779 2037 2810 die
2051 2778 2138 2818 Junii.

1921 1557 1985 1580 not
1997 1559 2050 1588 pro
2064 1548 2288 1588 Eskippamemo

1810 2857 1863 2885 Per
1878 2858 1972 2886 Breve
1987 2855 2020 2886 de
2037 2857 2155 2885 Privato
2169 2854 2270 2893 sigillo.

1441 2934 1590 2977 Confinziles
1605 2937 1709 2964 Literae
1725 2936 1802 2970 Regis
1820 2933 1972 2969 diriguntur
1985 2931 2104 2970 praefatu
2112 2915 2239 2969 Johanni
2259 2930 2368 2965 Talbot

1489 2986 1520 3003 ac
1532 2973 1658 3012 Johanni
1673 2972 1768 3012 Clynk
1778 2971 1831 3009 Jub
1845 2972 1936 3001 eadem
1951 2974 2042 3000 Data.

1432 3112 1479 3143 De
1503 3108 1648 3155 Capiendo
1665 3105 1908 3153 Herbergctgium
1921 3116 1976 3151 pro
1992 3104 2069 3137 disto
2089 3104 2258 3138 Cardinali.

1319 3198 1374 3252 R
1385 3195 1411 3226 E
1423 3195 1471 3228 X„
1488 3194 1596 3224 dilectis
1618 3193 1666 3223 sibi
1683 3215 1693 3231 ,
1720 3191 1848 3231 Johanm'
1869 3191 1938 3221 Yerd
1946 3190 2060 3230 Juniori
2073 3190 2227 3228 Armigero
2238 3213 2248 3229 ,
2264 3190 2298 3222 &
2311 3193 2372 3220 Ste-
2391 3199 2466 3231 Am,-
2482 3198 2525 3231 D.

1390 3233 1481 3271 phano
1498 3232 1686 3269 Lillebourne,
1704 3230 1837 3260 Salutem.
2419 3248 2504 3276 1429,

1354 3270 1453 3302 Sciatis
1466 3270 1545 3308 quod
1559 3270 1642 3308 Nos,
1660 3270 1695 3299 de
1709 3269 1877 3299 avilamento
1890 3269 1923 3299 δε
1937 3267 2043 3298 assensu
2058 3266 2186 3298 Concilii
2197 3264 2302 3304 nostri,
2318 3266 2373 3297 As-
2392 3281 2443 3306 An,
2457 3287 2484 3312 7,

1316 3308 1485 3352 signavimus
1503 3308 1580 3346 Vos,
1597 3308 1774 3352 conjunctim
1785 3308 1846 3352 ³.&
1859 3306 1988 3350 divisim,
2007 3307 2040 3336 ad
2056 3305 2184 3350 Hospitia
2199 3307 2232 3336 &
2243 3305 2370 3350 Herber-
2390 3321 2423 3343 H.
2443 3317 2471 3343 ⁶,

1316 3346 1530 3416 {3321333535
1544 3348 1784 3423 ἓρὲἓῖἳέῗῑῖῗὲῗ
1800 3343 2207 3420 Ὀαῖἳᾘιῗῑὲεἷῗέῗῖῑῧέηἳέἲὲ
2218 3344 2371 3412 ἒῖῗΞΞῖἑ
2388 3354 2471 3420 ξξῖῒ,
2486 3392 2512 3419 a.

1316 3423 1349 3452 de
1361 3424 1468 3467 ⁴43¹ng
1481 3424 1629 3462 vulgariter
1647 3432 1810 3460 nuncupato
1825 3446 1834 3461 ,
1852 3432 1884 3452 ac
1904 3423 1968 3464 aliis¹
1981 3420 2164 3460 Magnatibus
2182 3422 2216 3453 δε
2228 3421 2367 3451 Fidelibus

1316 3462 1435 3500 nostrls,
1451 3463 1483 3492 ὃς
1499 3473 1551 3500 pro
1567 3463 1648 3493 certis
1659 3462 1836 3492 Hominibus
1853 3459 1887 3490 ad
1907 3460 1996 3491 Arma
2018 3460 2050 3490 &
2073 3459 2221 3499 sagittariis
2233 3481 2243 3496 ,
2261 3460 2289 3488 in
2306 3456 2369 3500 Co-

1320 3501 1424 3530 mitivis
1445 3501 1514 3538 suis,
1540 3502 1569 3530 i'n
1595 3500 1773 3538 Obsequium
1795 3499 1924 3529 nostrum
1944 3498 2036 3529 versus
2053 3496 2146 3528 Partes
2161 3496 2371 3530 Transmarinas

1320 3539 1485 3606 grofecssturis
1498 3563 1506 3576 ,
1533 3548 1608 3570 exrra
1630 3538 1761 3569 Feodum
1782 3537 1916 3569 Ecclesiae
1932 3560 1941 3576 ,
1965 3535 2144 3575 capiendum
2159 3537 2193 3567 &
2216 3532 2372 3564 Providen-

1342 3586 1391 3606 um

1358 3600 1486 3645 Ne’aenon
1511 3615 1544 3645 ad
1568 3615 1707 3646 Vic'lualia
1721 3638 1730 3654 ,
1756 3623 1809 3653 pro
1822 3614 1923 3645 eisdem
1942 3611 2107 3649 cardinale,
2124 3608 2319 3648 MagnatibuS,
2338 3610 2373 3642 δε

1321 3654 1458 3683 Fidelibus
1475 3654 1575 3683 nostris
1585 3677 1593 3691 ,
1611 3663 1643 3683 ac
1658 3653 1833 3684 Hominibus
1847 3653 1881 3682 ad
1899 3653 1985 3682 Arma
2000 3651 2033 3681 &
2047 3649 2197 3687 Sagittariis
2215 3648 2372 3686 praediffis,

1322 3701 1375 3730 pro
1399 3692 1526 3721 Denariis
1549 3692 1600 3721 suis
1623 3691 1686 3722 inde
1708 3692 1906 3722 rationabiliter
1933 3686 2171 3730 solvendiskin'fra
2189 3684 2372 3718 Comitatum

1321 3730 1490 3768 prcedietum
1511 3730 1622 3765 (Feodo
1636 3729 1769 3760 Ecclefiae
1784 3740 1817 3759 ac
1841 3729 1924 3759 bonis
1947 3726 2142 3757 Ecclesiasticis
2168 3724 2311 3756 dumtaxat
2327 3733 2375 3756 ex-

1322 3770 1422 3807 ceptis)
1439 3767 1602 3798 Emendum
1616 3768 1649 3798 &
1668 3767 1897 3804 Providendum;
2060 3801 2066 3806 ·
2143 3802 2146 3806 Ι
2161 3802 2166 3806 ¹

1361 3806 1399 3837 Et
1412 3806 1478 3836 ideo
1498 3806 1579 3836 vobis
1591 3805 1763 3836 Mandamus
1778 3806 1859 3843 quod
1872 3806 1947 3835 circa
1961 3799 2268 3844 Praemlffildillgenter
2281 3802 2373 3833 inten-

1324 3844 1411 3882 datis,
1429 3854 1461 3874 ac
1474 3854 1506 3874 ea
1520 3844 1626 3874 faciatis
1641 3846 1675 3875 &
1689 3844 1865 3881 exequamini
1881 3844 1909 3872 in
1923 3842 2014 3871 forma
2031 3839 2184 3879 praedicta,

1365 3882 1474 3912 Damus
1484 3891 1577 3912 autem
1591 3883 1725 3912 universis
1740 3883 1774 3912 ὃ(
1789 3882 1828 3911 sin
1869 3881 1917 3917 lis,
1935 3877 2178 3917 Vicecomitibus,
2198 3877 2375 3916 Maioribus,

1325 3920 1435 3951 Ballivis
1451 3943 1460 3958 ,
1485 3919 1706 3950 Constabulariis
1716 3943 1725 3958 ,
1753 3919 1829 3950 Mini
1857 3919 1891 3947 ris
1901 3939 1910 3954 ,
1927 3925 1960 3945 ac
1976 3917 2032 3946 aliis
2048 3916 2071 3946 F
2073 3916 2188 3947 idelibus
2201 3917 2235 3948 δί
2249 3916 2375 3947 subditis

1324 3958 1444 3996 nostris,
1469 3958 1540 3988 infra
1563 3958 1742 3990 Comitatum
1765 3956 1933 3994 praedistum
1949 3976 1959 3991 ,
1986 3955 2066 3992 quod
2085 3954 2221 3986 Vobis&
2237 3955 2315 3985 alteri
2327 3965 2376 3986 ve-

1326 3996 1435 4033 strum,
1451 3997 1481 4026 in
1506 3996 1680 4027 Executione
1696 3993 1926 4031 Praemifforum,
1944 3993 2125 4025 Intendentee
2133 3993 2202 4032 fint,
2218 3991 2377 4025 Consulen-

1327 4043 1386 4072 tes,
1405 4035 1437 4065 δι
1454 4034 1641 4072 Anamares,
1659 4042 1747 4072 prout
1760 4032 1855 4063 decet.
2343 4066 2362 4099 ,1

2363 4077 2382 4100 u
