<?xml version="1.0" encoding="UTF-8"?>
<!DOCTYPE html PUBLIC "-//W3C//DTD XHTML 1.0 Transitional//EN"
    "http://www.w3.org/TR/xhtml1/DTD/xhtml1-transitional.dtd">
<html xmlns="http://www.w3.org/1999/xhtml" xml:lang="en" lang="en">
 <head>
  <title>
</title>
<meta http-equiv="Content-Type" content="text/html;charset=utf-8" />
  <meta name='ocr-system' content='tesseract 3.04.00' />
  <meta name='ocr-capabilities' content='ocr_page ocr_carea ocr_par ocr_line ocrx_word'/>
</head>
<body>
  <div class='ocr_page' id='page_1' title='image "./fderaconventione04ryme_0624.png"; bbox 0 0 2562 4274; ppageno 0'>
   <div class='ocr_carea' id='block_1_1' title="bbox 81 209 211 243">
    <p class='ocr_par' dir='ltr' id='par_1_1' title="bbox 81 209 211 243">
     <span class='ocr_line' id='line_1_1' title="bbox 81 209 211 243; baseline -0.023 0"><span class='ocrx_word' id='word_1_1' title='bbox 81 209 211 243; x_wconf 81' lang='lat' dir='ltr'>Anti-D.</span> 
     </span>
    </p>
   </div>
   <div class='ocr_carea' id='block_1_2' title="bbox 78 259 192 326">
    <p class='ocr_par' dir='ltr' id='par_1_2' title="bbox 78 259 192 326">
     <span class='ocr_line' id='line_1_2' title="bbox 108 259 192 289; baseline 0 -9"><span class='ocrx_word' id='word_1_2' title='bbox 108 259 192 289; x_wconf 85' lang='lat'>1420.</span> 
     </span>
     <span class='ocr_line' id='line_1_3' title="bbox 78 293 188 326; baseline 0 -10"><span class='ocrx_word' id='word_1_3' title='bbox 78 293 141 320; x_wconf 84' lang='lat' dir='ltr'>Hen.</span> <span class='ocrx_word' id='word_1_4' title='bbox 162 299 188 326; x_wconf 91' lang='lat'>5.</span> 
     </span>
    </p>
   </div>
   <div class='ocr_carea' id='block_1_3' title="bbox 71 711 154 741">
    <p class='ocr_par' dir='ltr' id='par_1_3' title="bbox 71 711 154 741">
     <span class='ocr_line' id='line_1_4' title="bbox 71 711 154 741; baseline 0 0"><span class='ocrx_word' id='word_1_5' title='bbox 71 720 105 741; x_wconf 80' lang='lat' dir='ltr'>m.</span> <span class='ocrx_word' id='word_1_6' title='bbox 127 711 154 741; x_wconf 85' lang='lat'>8.</span> 
     </span>
    </p>
   </div>
   <div class='ocr_carea' id='block_1_4' title="bbox 66 1187 148 1216">
    <p class='ocr_par' dir='ltr' id='par_1_4' title="bbox 66 1187 148 1216">
     <span class='ocr_line' id='line_1_5' title="bbox 66 1187 148 1216; baseline -0.012 -9"><span class='ocrx_word' id='word_1_7' title='bbox 66 1187 102 1208; x_wconf 75' lang='lat' dir='ltr'>en.</span> <span class='ocrx_word' id='word_1_8' title='bbox 121 1187 148 1216; x_wconf 70' lang='lat'>5,</span> 
     </span>
    </p>
   </div>
   <div class='ocr_carea' id='block_1_5' title="bbox 65 1401 180 1430">
    <p class='ocr_par' dir='ltr' id='par_1_5' title="bbox 65 1401 180 1430">
     <span class='ocr_line' id='line_1_6' title="bbox 65 1401 180 1430; baseline 0 0"><span class='ocrx_word' id='word_1_9' title='bbox 65 1402 82 1419; x_wconf 76' lang='lat'><em>⁰</em></span> <span class='ocrx_word' id='word_1_10' title='bbox 103 1401 180 1430; x_wconf 84' lang='lat' dir='ltr'>x.8.</span> 
     </span>
    </p>
   </div>
   <div class='ocr_carea' id='block_1_6' title="bbox 64 1475 201 1508">
    <p class='ocr_par' dir='ltr' id='par_1_6' title="bbox 64 1475 201 1508">
     <span class='ocr_line' id='line_1_7' title="bbox 64 1475 201 1508; baseline 0 0"><span class='ocrx_word' id='word_1_11' title='bbox 64 1476 143 1508; x_wconf 85' lang='lat' dir='ltr'>Ann.</span> <span class='ocrx_word' id='word_1_12' title='bbox 159 1475 201 1508; x_wconf 92' lang='lat' dir='ltr'>D.</span> 
     </span>
    </p>
   </div>
   <div class='ocr_carea' id='block_1_7' title="bbox 88 1524 235 1554">
    <p class='ocr_par' dir='ltr' id='par_1_7' title="bbox 88 1524 235 1554">
     <span class='ocr_line' id='line_1_8' title="bbox 88 1524 235 1554; baseline 0.007 -9"><span class='ocrx_word' id='word_1_13' title='bbox 88 1524 175 1554; x_wconf 80' lang='lat'><em>1420.</em></span> <span class='ocrx_word' id='word_1_14' title='bbox 231 1526 235 1527; x_wconf 49' lang='lat'><em>⁷</em></span> 
     </span>
    </p>
   </div>
   <div class='ocr_carea' id='block_1_8' title="bbox 62 1555 197 1782">
    <p class='ocr_par' dir='ltr' id='par_1_8' title="bbox 62 1555 197 1782">
     <span class='ocr_line' id='line_1_9' title="bbox 64 1555 166 1583; baseline 0.02 -2"><span class='ocrx_word' id='word_1_15' title='bbox 64 1559 118 1582; x_wconf 71' lang='lat' dir='ltr'>Aa.</span> <span class='ocrx_word' id='word_1_16' title='bbox 139 1555 166 1583; x_wconf 91' lang='lat'>8.</span> 
     </span>
     <span class='ocr_line' id='line_1_10' title="bbox 63 1597 146 1628; baseline 0 -8"><span class='ocrx_word' id='word_1_17' title='bbox 63 1597 97 1621; x_wconf 83' lang='lat' dir='ltr'>H.</span> <span class='ocrx_word' id='word_1_18' title='bbox 118 1602 146 1628; x_wconf 84' lang='lat'>5.</span> 
     </span>
     <span class='ocr_line' id='line_1_11' title="bbox 62 1635 120 1660; baseline -0.034 0"><span class='ocrx_word' id='word_1_19' title='bbox 62 1635 120 1660; x_wconf 66' lang='lat' dir='ltr'>Pas.</span> 
     </span>
     <span class='ocr_line' id='line_1_12' title="bbox 63 1669 197 1698; baseline -0.007 0"><span class='ocrx_word' id='word_1_20' title='bbox 63 1675 154 1698; x_wconf 71' lang='lat' dir='ltr'>Nor-m.</span> <span class='ocrx_word' id='word_1_21' title='bbox 170 1669 197 1697; x_wconf 89' lang='lat'>8.</span> 
     </span>
     <span class='ocr_line' id='line_1_13' title="bbox 64 1712 197 1744; baseline 0.015 -10"><span class='ocrx_word' id='word_1_22' title='bbox 64 1712 99 1735; x_wconf 84' lang='lat' dir='ltr'>H.</span> <span class='ocrx_word' id='word_1_23' title='bbox 110 1715 197 1744; x_wconf 81' lang='lat' dir='ltr'>5.p.2.</span> 
     </span>
     <span class='ocr_line' id='line_1_14' title="bbox 63 1756 161 1782; baseline 0.01 -8"><span class='ocrx_word' id='word_1_24' title='bbox 63 1756 100 1774; x_wconf 82' lang='lat' dir='ltr'>m.</span> <span class='ocrx_word' id='word_1_25' title='bbox 119 1756 161 1782; x_wconf 78' lang='lat'>24.</span> 
     </span>
    </p>
   </div>
   <div class='ocr_carea' id='block_1_9' title="bbox 67 2652 205 2686">
    <p class='ocr_par' dir='ltr' id='par_1_9' title="bbox 67 2652 205 2686">
     <span class='ocr_line' id='line_1_15' title="bbox 67 2652 205 2686; baseline -0.007 0"><span class='ocrx_word' id='word_1_26' title='bbox 67 2654 144 2686; x_wconf 72' lang='lat' dir='ltr'>Ann.</span> <span class='ocrx_word' id='word_1_27' title='bbox 162 2652 205 2685; x_wconf 92' lang='lat' dir='ltr'>D.</span> 
     </span>
    </p>
   </div>
   <div class='ocr_carea' id='block_1_10' title="bbox 69 2702 184 2836">
    <p class='ocr_par' dir='ltr' id='par_1_10' title="bbox 69 2702 184 2836">
     <span class='ocr_line' id='line_1_16' title="bbox 89 2702 175 2731; baseline 0.012 -9"><span class='ocrx_word' id='word_1_28' title='bbox 89 2702 175 2731; x_wconf 82' lang='lat'>1420.</span> 
     </span>
     <span class='ocr_line' id='line_1_17' title="bbox 70 2731 164 2761; baseline -0.011 0"><span class='ocrx_word' id='word_1_29' title='bbox 70 2736 122 2761; x_wconf 79' lang='lat' dir='ltr'>An.</span> <span class='ocrx_word' id='word_1_30' title='bbox 137 2731 164 2760; x_wconf 79' lang='grc'>3.</span> 
     </span>
     <span class='ocr_line' id='line_1_18' title="bbox 70 2775 156 2805; baseline -0.023 -8"><span class='ocrx_word' id='word_1_31' title='bbox 70 2775 98 2797; x_wconf 82' lang='lat' dir='ltr'>H</span> <span class='ocrx_word' id='word_1_32' title='bbox 100 2793 104 2797; x_wconf 97' lang='lat'>.</span> <span class='ocrx_word' id='word_1_33' title='bbox 128 2779 156 2805; x_wconf 89' lang='lat'>5.</span> 
     </span>
     <span class='ocr_line' id='line_1_19' title="bbox 69 2808 184 2836; baseline -0.009 0"><span class='ocrx_word' id='word_1_34' title='bbox 69 2808 184 2836; x_wconf 75' lang='lat' dir='ltr'>Tiberius</span> 
     </span>
    </p>
   </div>
   <div class='ocr_carea' id='block_1_11' title="bbox 70 2845 203 2883">
    <p class='ocr_par' dir='ltr' id='par_1_11' title="bbox 70 2845 203 2883">
     <span class='ocr_line' id='line_1_20' title="bbox 70 2845 203 2883; baseline -0.008 -9"><span class='ocrx_word' id='word_1_35' title='bbox 70 2851 99 2874; x_wconf 86' lang='lat' dir='ltr'>B.</span> <span class='ocrx_word' id='word_1_36' title='bbox 114 2848 141 2873; x_wconf 83' lang='grc'>6.</span> <span class='ocrx_word' id='word_1_37' title='bbox 152 2845 203 2883; x_wconf 85' lang='lat' dir='ltr'>fol.</span> 
     </span>
    </p>
   </div>
   <div class='ocr_carea' id='block_1_12' title="bbox 71 2888 170 2920">
    <p class='ocr_par' dir='ltr' id='par_1_12' title="bbox 71 2888 170 2920">
     <span class='ocr_line' id='line_1_21' title="bbox 71 2888 170 2920; baseline 0.01 -8"><span class='ocrx_word' id='word_1_38' title='bbox 71 2894 118 2920; x_wconf 83' lang='lat'>45.</span> <span class='ocrx_word' id='word_1_39' title='bbox 135 2888 170 2914; x_wconf 76' lang='lat' dir='ltr'>A.</span> 
     </span>
    </p>
   </div>
   <div class='ocr_carea' id='block_1_13' title="bbox 236 128 316 179">
    <p class='ocr_par' dir='ltr' id='par_1_13' title="bbox 236 128 316 179">
     <span class='ocr_line' id='line_1_22' title="bbox 236 128 316 179; baseline 0 -12"><span class='ocrx_word' id='word_1_40' title='bbox 236 128 316 179; x_wconf 70' lang='lat'>184</span> 
     </span>
    </p>
   </div>
   <div class='ocr_carea' id='block_1_14' title="bbox 229 208 1293 406">
    <p class='ocr_par' dir='ltr' id='par_1_14' title="bbox 229 208 1293 367">
     <span class='ocr_line' id='line_1_23' title="bbox 269 208 1293 251; baseline 0.002 -9"><span class='ocrx_word' id='word_1_41' title='bbox 269 208 437 251; x_wconf 75' lang='lat' dir='ltr'>Conceffimus</span> <span class='ocrx_word' id='word_1_42' title='bbox 458 210 577 242; x_wconf 75' lang='lat' dir='ltr'>Dilectis</span> <span class='ocrx_word' id='word_1_43' title='bbox 593 210 676 243; x_wconf 86' lang='lat' dir='ltr'>nobis</span> <span class='ocrx_word' id='word_1_44' title='bbox 694 213 723 242; x_wconf 90' lang='lat' dir='ltr'>in</span> <span class='ocrx_word' id='word_1_45' title='bbox 742 210 859 243; x_wconf 86' lang='lat' dir='ltr'>Christo</span> <span class='ocrx_word' id='word_1_46' title='bbox 876 213 989 243; x_wconf 84' lang='lat' dir='ltr'><em>Abbati</em></span> <span class='ocrx_word' id='word_1_47' title='bbox 1004 211 1043 249; x_wconf 63' lang='grc' dir='ltr'>ό·</span> <span class='ocrx_word' id='word_1_48' title='bbox 1059 217 1214 244; x_wconf 79' lang='lat' dir='ltr'>conventui</span> <span class='ocrx_word' id='word_1_49' title='bbox 1226 215 1293 245; x_wconf 84' lang='lat' dir='ltr'>Ab·</span> 
     </span>
     <span class='ocr_line' id='line_1_24' title="bbox 229 250 1289 289; baseline 0.002 -7"><span class='ocrx_word' id='word_1_50' title='bbox 229 251 312 282; x_wconf 81' lang='lat' dir='ltr'>batiae</span> <span class='ocrx_word' id='word_1_51' title='bbox 322 251 459 289; x_wconf 72' lang='lat' dir='ltr'>praea&#39;ic‘i‘ae</span> <span class='ocrx_word' id='word_1_52' title='bbox 479 251 576 281; x_wconf 71' lang='lat' dir='ltr'>omnia</span> <span class='ocrx_word' id='word_1_53' title='bbox 593 250 776 289; x_wconf 87' lang='lat' dir='ltr'>Temporalia</span> <span class='ocrx_word' id='word_1_54' title='bbox 790 251 884 282; x_wconf 89' lang='lat' dir='ltr'>eidem</span> <span class='ocrx_word' id='word_1_55' title='bbox 901 252 1034 283; x_wconf 81' lang='lat' dir='ltr'>Abbatiae</span> <span class='ocrx_word' id='word_1_56' title='bbox 1050 253 1121 283; x_wconf 87' lang='lat' dir='ltr'>infra</span> <span class='ocrx_word' id='word_1_57' title='bbox 1141 252 1289 284; x_wconf 89' lang='lat' dir='ltr'>Ducatum</span> 
     </span>
     <span class='ocr_line' id='line_1_25' title="bbox 229 288 1291 327; baseline 0.003 -7"><span class='ocrx_word' id='word_1_58' title='bbox 229 290 362 320; x_wconf 88' lang='lat' dir='ltr'>nostrum</span> <span class='ocrx_word' id='word_1_59' title='bbox 385 288 578 319; x_wconf 59' lang='lat' dir='ltr'>Nor-mannis:</span> <span class='ocrx_word' id='word_1_60' title='bbox 603 299 636 319; x_wconf 89' lang='lat' dir='ltr'>ac</span> <span class='ocrx_word' id='word_1_61' title='bbox 664 289 726 319; x_wconf 85' lang='lat' dir='ltr'>alias</span> <span class='ocrx_word' id='word_1_62' title='bbox 752 289 847 320; x_wconf 85' lang='lat' dir='ltr'>Partes</span> <span class='ocrx_word' id='word_1_63' title='bbox 872 290 900 319; x_wconf 89' lang='lat' dir='ltr'>in</span> <span class='ocrx_word' id='word_1_64' title='bbox 926 289 1032 327; x_wconf 69' lang='lat' dir='ltr'>Regno</span> <span class='ocrx_word' id='word_1_65' title='bbox 1055 290 1182 322; x_wconf 79' lang='lat' dir='ltr'>Franciae</span> <span class='ocrx_word' id='word_1_66' title='bbox 1207 292 1291 323; x_wconf 89' lang='lat' dir='ltr'>nobis</span> 
     </span>
     <span class='ocr_line' id='line_1_26' title="bbox 231 325 1054 367; baseline -0.002 -7"><span class='ocrx_word' id='word_1_67' title='bbox 231 328 364 362; x_wconf 64' lang='lat' dir='ltr'>subiectas</span> <span class='ocrx_word' id='word_1_68' title='bbox 382 328 625 364; x_wconf 78' lang='lat' dir='ltr'>qualitercumque</span> <span class='ocrx_word' id='word_1_69' title='bbox 644 328 826 366; x_wconf 74' lang='lat' dir='ltr'>pertinentia,</span> <span class='ocrx_word' id='word_1_70' title='bbox 843 325 903 362; x_wconf 62' lang='grc' dir='ltr'>ὠς.</span> <span class='ocrx_word' id='word_1_71' title='bbox 917 326 1054 367; x_wconf 73' lang='lat' dir='ltr'>utsupra.</span> 
     </span>
    </p>

    <p class='ocr_par' dir='ltr' id='par_1_15' title="bbox 269 365 1027 406">
     <span class='ocr_line' id='line_1_27' title="bbox 269 365 1027 406; baseline -0.001 -9"><span class='ocrx_word' id='word_1_72' title='bbox 269 365 358 397; x_wconf 88' lang='lat' dir='ltr'>Teste</span> <span class='ocrx_word' id='word_1_73' title='bbox 376 365 458 404; x_wconf 85' lang='lat' dir='ltr'><strong>Rege</strong></span> <span class='ocrx_word' id='word_1_74' title='bbox 475 366 548 404; x_wconf 87' lang='lat' dir='ltr'>apud</span> <span class='ocrx_word' id='word_1_75' title='bbox 567 365 702 406; x_wconf 76' lang='lat' dir='ltr'>Parifins,</span> <span class='ocrx_word' id='word_1_76' title='bbox 721 367 766 405; x_wconf 83' lang='lat' dir='ltr'>xvj</span> <span class='ocrx_word' id='word_1_77' title='bbox 785 365 830 397; x_wconf 89' lang='lat' dir='ltr'>die</span> <span class='ocrx_word' id='word_1_78' title='bbox 848 365 1027 397; x_wconf 85' lang='lat' dir='ltr'>Decembris.</span> 
     </span>
    </p>
   </div>
   <div class='ocr_carea' id='block_1_15' title="bbox 227 440 1288 596">
    <p class='ocr_par' dir='ltr' id='par_1_16' title="bbox 227 440 1288 497">
     <span class='ocr_line' id='line_1_28' title="bbox 227 440 1288 497; baseline 0.002 -26"><span class='ocrx_word' id='word_1_79' title='bbox 227 440 343 497; x_wconf 82' lang='lat' dir='ltr'>REX</span> <span class='ocrx_word' id='word_1_80' title='bbox 359 442 508 480; x_wconf 87' lang='lat' dir='ltr'>omnibus,</span> <span class='ocrx_word' id='word_1_81' title='bbox 526 440 586 477; x_wconf 77' lang='lat' dir='ltr'>&amp;c.</span> <span class='ocrx_word' id='word_1_82' title='bbox 602 440 681 481; x_wconf 74' lang='lat' dir='ltr'>ufiyue</span> <span class='ocrx_word' id='word_1_83' title='bbox 698 441 795 480; x_wconf 84' lang='lat' dir='ltr'>Opera</span> <span class='ocrx_word' id='word_1_84' title='bbox 816 451 900 480; x_wconf 83' lang='lat' dir='ltr'>quae,</span> <span class='ocrx_word' id='word_1_85' title='bbox 919 441 957 477; x_wconf 83' lang='lat'><em>&amp;</em></span> <span class='ocrx_word' id='word_1_86' title='bbox 977 448 1041 472; x_wconf 81' lang='lat' dir='ltr'>tunc</span> <span class='ocrx_word' id='word_1_87' title='bbox 1063 443 1092 472; x_wconf 88' lang='lat' dir='ltr'>in</span> <span class='ocrx_word' id='word_1_88' title='bbox 1116 441 1236 474; x_wconf 87' lang='lat' dir='ltr'>Abbatia</span> <span class='ocrx_word' id='word_1_89' title='bbox 1252 443 1288 474; x_wconf 89' lang='lat' dir='ltr'>de</span> 
     </span>
    </p>

    <p class='ocr_par' dir='ltr' id='par_1_17' title="bbox 239 477 1288 550">
     <span class='ocr_line' id='line_1_29' title="bbox 239 477 1288 550; baseline 0.002 -41"><span class='ocrx_word' id='word_1_90' title='bbox 239 516 242 518; x_wconf 24' lang='grc' dir='ltr'>ι</span> <span class='ocrx_word' id='word_1_91' title='bbox 301 479 490 518; x_wconf 86' lang='lat' dir='ltr'>Royaumont</span> <span class='ocrx_word' id='word_1_92' title='bbox 508 478 567 510; x_wconf 82' lang='lat' dir='ltr'>fieri</span> <span class='ocrx_word' id='word_1_93' title='bbox 584 479 725 518; x_wconf 82' lang='lat' dir='ltr'>debeant,</span> <span class='ocrx_word' id='word_1_94' title='bbox 741 477 914 550; x_wconf 41' lang='lat' dir='ltr'>&amp;Li-‘flue‘</span> <span class='ocrx_word' id='word_1_95' title='bbox 933 480 1100 519; x_wconf 67' lang='lat' dir='ltr'>Conceffimus</span> <span class='ocrx_word' id='word_1_96' title='bbox 1124 481 1234 511; x_wconf 76' lang='lat' dir='ltr'>Abbati</span> <span class='ocrx_word' id='word_1_97' title='bbox 1249 479 1288 517; x_wconf 63' lang='grc' dir='ltr'>ὀ·</span> 
     </span>
    </p>

    <p class='ocr_par' dir='ltr' id='par_1_18' title="bbox 227 517 1232 596">
     <span class='ocr_line' id='line_1_30' title="bbox 227 517 1232 559; baseline 0.003 -13"><span class='ocrx_word' id='word_1_98' title='bbox 227 519 382 548; x_wconf 79' lang='lat' dir='ltr'>Conventui</span> <span class='ocrx_word' id='word_1_99' title='bbox 398 518 531 548; x_wconf 82' lang='lat' dir='ltr'>Abbatiae</span> <span class='ocrx_word' id='word_1_100' title='bbox 543 519 678 558; x_wconf 70' lang='lat' dir='ltr'>praedic&#39;lae</span> <span class='ocrx_word' id='word_1_101' title='bbox 692 519 790 549; x_wconf 89' lang='lat' dir='ltr'>omnia</span> <span class='ocrx_word' id='word_1_102' title='bbox 835 519 1003 557; x_wconf 85' lang='lat' dir='ltr'>emporalia,</span> <span class='ocrx_word' id='word_1_103' title='bbox 1021 517 1082 554; x_wconf 79' lang='lat' dir='ltr'>&amp;c.</span> <span class='ocrx_word' id='word_1_104' title='bbox 1099 527 1129 549; x_wconf 89' lang='lat' dir='ltr'>ut</span> <span class='ocrx_word' id='word_1_105' title='bbox 1137 518 1232 559; x_wconf 78' lang='lat' dir='ltr'>fiepra.</span> 
     </span>
     <span class='ocr_line' id='line_1_31' title="bbox 266 555 763 596; baseline -0.002 -9"><span class='ocrx_word' id='word_1_106' title='bbox 266 555 356 588; x_wconf 88' lang='lat' dir='ltr'>Teste</span> <span class='ocrx_word' id='word_1_107' title='bbox 371 563 402 585; x_wconf 88' lang='lat' dir='ltr'>ut</span> <span class='ocrx_word' id='word_1_108' title='bbox 411 556 498 596; x_wconf 64' lang='lat' dir='ltr'>supra</span> <span class='ocrx_word' id='word_1_109' title='bbox 517 558 551 596; x_wconf 81' lang='lat' dir='ltr'>xij</span> <span class='ocrx_word' id='word_1_110' title='bbox 573 556 763 589; x_wconf 85' lang='lat' dir='ltr'>Novembris.</span> 
     </span>
    </p>
   </div>
   <div class='ocr_carea' id='block_1_16' title="bbox 916 630 1184 673">
    <p class='ocr_par' dir='ltr' id='par_1_19' title="bbox 916 630 1184 673">
     <span class='ocr_line' id='line_1_32' title="bbox 916 630 1184 673; baseline -0.004 -8"><span class='ocrx_word' id='word_1_111' title='bbox 916 636 970 665; x_wconf 79' lang='lat' dir='ltr'>Per</span> <span class='ocrx_word' id='word_1_112' title='bbox 984 630 1068 673; x_wconf 71' lang='lat' dir='ltr'>ipsum</span> <span class='ocrx_word' id='word_1_113' title='bbox 1079 635 1184 672; x_wconf 81' lang='lat' dir='ltr'>Regem.</span> 
     </span>
    </p>
   </div>
   <div class='ocr_carea' id='block_1_17' title="bbox 224 705 1288 867">
    <p class='ocr_par' dir='ltr' id='par_1_20' title="bbox 233 705 1288 765">
     <span class='ocr_line' id='line_1_33' title="bbox 233 705 1288 765; baseline 0.002 -24"><span class='ocrx_word' id='word_1_114' title='bbox 233 707 369 765; x_wconf 79' lang='lat' dir='ltr'>REX,</span> <span class='ocrx_word' id='word_1_115' title='bbox 389 707 448 746; x_wconf 57' lang='lat' dir='ltr'>&amp;a</span> <span class='ocrx_word' id='word_1_116' title='bbox 465 708 544 750; x_wconf 77' lang='lat' dir='ltr'>usue</span> <span class='ocrx_word' id='word_1_117' title='bbox 562 708 660 747; x_wconf 77' lang='lat' dir='ltr'>Opera</span> <span class='ocrx_word' id='word_1_118' title='bbox 680 716 744 747; x_wconf 79' lang='lat' dir='ltr'>quae</span> <span class='ocrx_word' id='word_1_119' title='bbox 757 731 766 747; x_wconf 83' lang='lat'>‚</span> <span class='ocrx_word' id='word_1_120' title='bbox 781 705 820 745; x_wconf 63' lang='grc' dir='ltr'>ό»</span> <span class='ocrx_word' id='word_1_121' title='bbox 841 714 904 753; x_wconf 71' lang='lat' dir='ltr'>tunc</span> <span class='ocrx_word' id='word_1_122' title='bbox 919 709 959 750; x_wconf 85' lang='lat' dir='ltr'>fic</span> <span class='ocrx_word' id='word_1_123' title='bbox 973 733 983 747; x_wconf 92' lang='lat'>,</span> <span class='ocrx_word' id='word_1_124' title='bbox 1001 710 1030 740; x_wconf 91' lang='lat' dir='ltr'>in</span> <span class='ocrx_word' id='word_1_125' title='bbox 1053 710 1176 742; x_wconf 87' lang='lat' dir='ltr'>Abbatia</span> <span class='ocrx_word' id='word_1_126' title='bbox 1198 711 1288 742; x_wconf 86' lang='lat' dir='ltr'>beatae</span> 
     </span>
    </p>

    <p class='ocr_par' dir='ltr' id='par_1_21' title="bbox 224 747 1288 867">
     <span class='ocr_line' id='line_1_34' title="bbox 311 747 1287 788; baseline -0.001 -9"><span class='ocrx_word' id='word_1_127' title='bbox 311 749 413 780; x_wconf 85' lang='lat' dir='ltr'>Mariae</span> <span class='ocrx_word' id='word_1_128' title='bbox 433 749 469 779; x_wconf 92' lang='lat' dir='ltr'>de</span> <span class='ocrx_word' id='word_1_129' title='bbox 511 750 560 780; x_wconf 88' lang='lat' dir='ltr'>ella</span> <span class='ocrx_word' id='word_1_130' title='bbox 579 748 655 779; x_wconf 89' lang='lat' dir='ltr'>stella</span> <span class='ocrx_word' id='word_1_131' title='bbox 674 747 829 783; x_wconf 82' lang='lat' dir='ltr'>Baiocensis</span> <span class='ocrx_word' id='word_1_132' title='bbox 845 747 1004 786; x_wconf 76' lang='lat' dir='ltr'>Dmecefis,</span> <span class='ocrx_word' id='word_1_133' title='bbox 1024 747 1102 787; x_wconf 81' lang='lat' dir='ltr'>fieri,</span> <span class='ocrx_word' id='word_1_134' title='bbox 1118 749 1177 785; x_wconf 81' lang='lat' dir='ltr'>&amp;c.</span> <span class='ocrx_word' id='word_1_135' title='bbox 1191 762 1208 780; x_wconf 90' lang='lat' dir='ltr'>u</span> <span class='ocrx_word' id='word_1_136' title='bbox 1239 761 1287 788; x_wconf 82' lang='lat' dir='ltr'>ue,</span> 
     </span>
     <span class='ocr_line' id='line_1_35' title="bbox 225 762 1288 830; baseline 0.004 -15"><span class='ocrx_word' id='word_1_137' title='bbox 225 787 394 826; x_wconf 81' lang='lat' dir='ltr'>Conceffimus</span> <span class='ocrx_word' id='word_1_138' title='bbox 414 787 533 820; x_wconf 68' lang='lat' dir='ltr'>Dileffis</span> <span class='ocrx_word' id='word_1_139' title='bbox 552 787 634 817; x_wconf 84' lang='lat' dir='ltr'>nobis</span> <span class='ocrx_word' id='word_1_140' title='bbox 653 787 684 817; x_wconf 90' lang='lat' dir='ltr'>in&#39;</span> <span class='ocrx_word' id='word_1_141' title='bbox 701 785 822 830; x_wconf 40' lang='lat' dir='ltr'>Christo.</span> <span class='ocrx_word' id='word_1_142' title='bbox 835 786 946 816; x_wconf 81' lang='lat' dir='ltr'><em>Abbati</em></span> <span class='ocrx_word' id='word_1_143' title='bbox 960 785 999 822; x_wconf 59' lang='grc' dir='ltr'>ὠν</span> <span class='ocrx_word' id='word_1_144' title='bbox 1013 790 1167 818; x_wconf 81' lang='lat' dir='ltr'>Conventui</span> <span class='ocrx_word' id='word_1_145' title='bbox 1187 762 1288 819; x_wconf 65' lang='lat' dir='ltr'>Abba-</span> 
     </span>
     <span class='ocr_line' id='line_1_36' title="bbox 224 824 1286 867; baseline 0.004 -14"><span class='ocrx_word' id='word_1_146' title='bbox 224 825 273 854; x_wconf 79' lang='lat' dir='ltr'>tiae</span> <span class='ocrx_word' id='word_1_147' title='bbox 289 828 428 864; x_wconf 67' lang='lat' dir='ltr'>praediHae</span> <span class='ocrx_word' id='word_1_148' title='bbox 449 826 549 858; x_wconf 88' lang='lat' dir='ltr'>omnia</span> <span class='ocrx_word' id='word_1_149' title='bbox 571 825 776 863; x_wconf 79' lang='lat' dir='ltr'>Terriporalia,</span> <span class='ocrx_word' id='word_1_150' title='bbox 798 824 891 855; x_wconf 91' lang='lat' dir='ltr'>eidem</span> <span class='ocrx_word' id='word_1_151' title='bbox 917 825 1050 856; x_wconf 80' lang='lat' dir='ltr'>Abbatiae</span> <span class='ocrx_word' id='word_1_152' title='bbox 1063 849 1073 865; x_wconf 84' lang='lat'>,</span> <span class='ocrx_word' id='word_1_153' title='bbox 1101 826 1160 862; x_wconf 81' lang='lat' dir='ltr'>&amp;c.</span> <span class='ocrx_word' id='word_1_154' title='bbox 1190 835 1222 857; x_wconf 87' lang='lat' dir='ltr'>ut</span> <span class='ocrx_word' id='word_1_155' title='bbox 1235 827 1286 867; x_wconf 80' lang='lat' dir='ltr'>fic-</span> 
     </span>
    </p>
   </div>
   <div class='ocr_carea' id='block_1_18' title="bbox 224 875 1288 972">
    <p class='ocr_par' dir='ltr' id='par_1_22' title="bbox 224 875 1288 972">
     <span class='ocr_line' id='line_1_37' title="bbox 258 875 1288 947; baseline 0.003 -16"><span class='ocrx_word' id='word_1_156' title='bbox 258 875 347 947; x_wconf 49' lang='lat' dir='ltr'>“feste</span> <span class='ocrx_word' id='word_1_157' title='bbox 364 903 447 944; x_wconf 80' lang='lat' dir='ltr'>Rege</span> <span class='ocrx_word' id='word_1_158' title='bbox 459 903 532 941; x_wconf 80' lang='lat' dir='ltr'>apud</span> <span class='ocrx_word' id='word_1_159' title='bbox 548 900 754 942; x_wconf 72' lang='lat' dir='ltr'>Castrumfiaeum</span> <span class='ocrx_word' id='word_1_160' title='bbox 776 899 955 941; x_wconf 83' lang='lat' dir='ltr'>Rothomagi,</span> <span class='ocrx_word' id='word_1_161' title='bbox 974 901 1149 934; x_wconf 88' lang='lat' dir='ltr'>duodecimo</span> <span class='ocrx_word' id='word_1_162' title='bbox 1173 902 1220 934; x_wconf 90' lang='lat' dir='ltr'>die</span> <span class='ocrx_word' id='word_1_163' title='bbox 1239 903 1288 942; x_wconf 83' lang='lat' dir='ltr'>Ja-</span> 
     </span>
     <span class='ocr_line' id='line_1_38' title="bbox 224 947 320 972; baseline -0.01 0"><span class='ocrx_word' id='word_1_164' title='bbox 224 947 320 972; x_wconf 80' lang='lat' dir='ltr'>nuarii.</span> 
     </span>
    </p>
   </div>
   <div class='ocr_carea' id='block_1_19' title="bbox 380 1014 1127 1055">
    <p class='ocr_par' dir='ltr' id='par_1_23' title="bbox 380 1014 1127 1055">
     <span class='ocr_line' id='line_1_39' title="bbox 380 1014 1127 1055; baseline 0 -7"><span class='ocrx_word' id='word_1_165' title='bbox 380 1016 548 1047; x_wconf 76' lang='lat' dir='ltr'>Consimiles</span> <span class='ocrx_word' id='word_1_166' title='bbox 565 1015 672 1046; x_wconf 84' lang='lat' dir='ltr'>Literas</span> <span class='ocrx_word' id='word_1_167' title='bbox 680 1014 784 1046; x_wconf 88' lang='lat' dir='ltr'>habent</span> <span class='ocrx_word' id='word_1_168' title='bbox 798 1014 962 1054; x_wconf 81' lang='lat' dir='ltr'>subscripti,</span> <span class='ocrx_word' id='word_1_169' title='bbox 978 1014 1127 1055; x_wconf 78' lang='lat' dir='ltr'>videlicet,</span> 
     </span>
    </p>
   </div>
   <div class='ocr_carea' id='block_1_20' title="bbox 218 1090 1282 1289">
    <p class='ocr_par' dir='ltr' id='par_1_24' title="bbox 218 1090 1282 1289">
     <span class='ocr_line' id='line_1_40' title="bbox 256 1090 1154 1128; baseline 0 -4"><span class='ocrx_word' id='word_1_170' title='bbox 256 1090 355 1124; x_wconf 72' lang='lat' dir='ltr'>Abi-as</span> <span class='ocrx_word' id='word_1_171' title='bbox 372 1093 410 1128; x_wconf 62' lang='lat' dir='ltr'>c&amp;</span> <span class='ocrx_word' id='word_1_172' title='bbox 425 1097 581 1123; x_wconf 77' lang='lat' dir='ltr'><em>Conventus</em></span> <span class='ocrx_word' id='word_1_173' title='bbox 596 1091 731 1122; x_wconf 79' lang='lat' dir='ltr'>Abbatiae</span> <span class='ocrx_word' id='word_1_174' title='bbox 749 1090 836 1121; x_wconf 79' lang='lat' dir='ltr'>beatae</span> <span class='ocrx_word' id='word_1_175' title='bbox 850 1093 953 1121; x_wconf 81' lang='lat' dir='ltr'>Mariae</span> <span class='ocrx_word' id='word_1_176' title='bbox 967 1092 1000 1122; x_wconf 79' lang='lat' dir='ltr'>de</span> <span class='ocrx_word' id='word_1_177' title='bbox 1013 1093 1154 1124; x_wconf 80' lang='lat' dir='ltr'>Tironvel.</span> 
     </span>
     <span class='ocr_line' id='line_1_41' title="bbox 259 1129 908 1169; baseline -0.005 -7"><span class='ocrx_word' id='word_1_178' title='bbox 259 1134 339 1162; x_wconf 87' lang='lat' dir='ltr'><em>Prior</em></span> <span class='ocrx_word' id='word_1_179' title='bbox 356 1131 394 1168; x_wconf 64' lang='grc' dir='ltr'>ὠ·</span> <span class='ocrx_word' id='word_1_180' title='bbox 409 1136 562 1162; x_wconf 80' lang='lat' dir='ltr'>Conventus</span> <span class='ocrx_word' id='word_1_181' title='bbox 577 1131 719 1160; x_wconf 72' lang='lat' dir='ltr'>Prioratus</span> <span class='ocrx_word' id='word_1_182' title='bbox 733 1130 765 1159; x_wconf 81' lang='lat' dir='ltr'>de</span> <span class='ocrx_word' id='word_1_183' title='bbox 783 1129 908 1169; x_wconf 77' lang='lat' dir='ltr'>Comffir.</span> 
     </span>
     <span class='ocr_line' id='line_1_42' title="bbox 238 1169 1282 1217; baseline 0 -17"><span class='ocrx_word' id='word_1_184' title='bbox 238 1173 335 1217; x_wconf 30' lang='lat' dir='ltr'>‘Prior</span> <span class='ocrx_word' id='word_1_185' title='bbox 355 1170 393 1206; x_wconf 61' lang='grc' dir='ltr'>ὁ·</span> <span class='ocrx_word' id='word_1_186' title='bbox 416 1174 571 1201; x_wconf 80' lang='lat' dir='ltr'><em>Conventus</em></span> <span class='ocrx_word' id='word_1_187' title='bbox 592 1169 735 1199; x_wconf 84' lang='lat' dir='ltr'>Prioratu&#39;s</span> <span class='ocrx_word' id='word_1_188' title='bbox 756 1170 865 1199; x_wconf 62' lang='lat' dir='ltr'>Santlae</span> <span class='ocrx_word' id='word_1_189' title='bbox 880 1171 1024 1200; x_wconf 83' lang='lat' dir='ltr'>Katerinae</span> <span class='ocrx_word' id='word_1_190' title='bbox 1047 1170 1080 1200; x_wconf 77' lang='lat' dir='ltr'>de</span> <span class='ocrx_word' id='word_1_191' title='bbox 1104 1169 1182 1201; x_wconf 83' lang='lat' dir='ltr'><em>Valle</em></span> <span class='ocrx_word' id='word_1_192' title='bbox 1193 1169 1282 1201; x_wconf 80' lang='lat' dir='ltr'>Scola-</span> 
     </span>
     <span class='ocr_line' id='line_1_43' title="bbox 218 1209 909 1289; baseline -0.004 -11"><span class='ocrx_word' id='word_1_193' title='bbox 218 1209 511 1289; x_wconf 51' lang='lat' dir='ltr'>mugtpligcrbfigsclefiae</span> <span class='ocrx_word' id='word_1_194' title='bbox 526 1245 699 1278; x_wconf 74' lang='lat' dir='ltr'>Cathedralis</span> <span class='ocrx_word' id='word_1_195' title='bbox 712 1245 744 1275; x_wconf 87' lang='lat' dir='ltr'>de</span> <span class='ocrx_word' id='word_1_196' title='bbox 759 1248 909 1276; x_wconf 83' lang='lat' dir='ltr'>Beauvais.</span> 
     </span>
    </p>
   </div>
   <div class='ocr_carea' id='block_1_21' title="bbox 373 1370 1120 1418">
    <p class='ocr_par' dir='ltr' id='par_1_25' title="bbox 373 1370 1120 1418">
     <span class='ocr_line' id='line_1_44' title="bbox 373 1370 1120 1418; baseline 0 -11"><span class='ocrx_word' id='word_1_197' title='bbox 373 1373 400 1400; x_wconf 52' lang='grc' dir='ltr'>’ἦ</span> <span class='ocrx_word' id='word_1_198' title='bbox 426 1373 476 1407; x_wconf 89' lang='lat' dir='ltr'>De</span> <span class='ocrx_word' id='word_1_199' title='bbox 494 1372 590 1407; x_wconf 84' lang='lat' dir='ltr'>Salvo</span> <span class='ocrx_word' id='word_1_200' title='bbox 607 1370 759 1406; x_wconf 63' lang='lat' dir='ltr'>Condunu</span> <span class='ocrx_word' id='word_1_201' title='bbox 770 1383 826 1418; x_wconf 86' lang='lat' dir='ltr'>pro</span> <span class='ocrx_word' id='word_1_202' title='bbox 843 1371 928 1406; x_wconf 87' lang='lat' dir='ltr'><em>Duce</em></span> <span class='ocrx_word' id='word_1_203' title='bbox 949 1373 1120 1407; x_wconf 84' lang='lat' dir='ltr'>Britanniae.</span> 
     </span>
    </p>
   </div>
   <div class='ocr_carea' id='block_1_22' title="bbox 212 1455 1286 2268">
    <p class='ocr_par' dir='ltr' id='par_1_26' title="bbox 225 1455 1089 1527">
     <span class='ocr_line' id='line_1_45' title="bbox 225 1455 1089 1527; baseline -0.002 -36"><span class='ocrx_word' id='word_1_204' title='bbox 225 1455 344 1516; x_wconf 81' lang='lat' dir='ltr'>REX</span> <span class='ocrx_word' id='word_1_205' title='bbox 364 1458 495 1490; x_wconf 83' lang='lat' dir='ltr'>universis</span> <span class='ocrx_word' id='word_1_206' title='bbox 501 1459 543 1527; x_wconf 45' lang='lat' dir='ltr'>A&amp;</span> <span class='ocrx_word' id='word_1_207' title='bbox 561 1458 669 1498; x_wconf 87' lang='lat' dir='ltr'>singulis</span> <span class='ocrx_word' id='word_1_208' title='bbox 681 1456 857 1495; x_wconf 88' lang='lat' dir='ltr'>Capitaneis,</span> <span class='ocrx_word' id='word_1_209' title='bbox 877 1457 938 1491; x_wconf 74' lang='lat' dir='ltr'>&amp;c¹</span> <span class='ocrx_word' id='word_1_210' title='bbox 956 1456 1089 1489; x_wconf 78' lang='lat' dir='ltr'>Salutem.</span> 
     </span>
    </p>

    <p class='ocr_par' dir='ltr' id='par_1_27' title="bbox 221 1498 1286 1652">
     <span class='ocr_line' id='line_1_46' title="bbox 322 1498 499 1529; baseline 0 -1"><span class='ocrx_word' id='word_1_211' title='bbox 322 1498 421 1528; x_wconf 88' lang='lat' dir='ltr'>Sciatis</span> <span class='ocrx_word' id='word_1_212' title='bbox 460 1499 499 1529; x_wconf 83' lang='grc' dir='ltr'>ιιὸ</span> 
     </span>
     <span class='ocr_line' id='line_1_47' title="bbox 259 1507 1284 1575; baseline -0.001 -8"><span class='ocrx_word' id='word_1_213' title='bbox 259 1535 341 1567; x_wconf 78' lang='lat' dir='ltr'>Cum</span> <span class='ocrx_word' id='word_1_214' title='bbox 368 1507 463 1567; x_wconf 73' lang='lat' dir='ltr'>Frateqr</span> <span class='ocrx_word' id='word_1_215' title='bbox 487 1520 581 1566; x_wconf 57' lang='lat' dir='ltr'>noster</span> <span class='ocrx_word' id='word_1_216' title='bbox 606 1537 675 1563; x_wconf 75' lang='lat' dir='ltr'>Dux</span> <span class='ocrx_word' id='word_1_217' title='bbox 697 1537 854 1564; x_wconf 80' lang='lat' dir='ltr'>Britanniae</span> <span class='ocrx_word' id='word_1_218' title='bbox 873 1533 908 1565; x_wconf 89' lang='lat' dir='ltr'>ad</span> <span class='ocrx_word' id='word_1_219' title='bbox 927 1533 1105 1566; x_wconf 85' lang='lat' dir='ltr'>Praesentiam</span> <span class='ocrx_word' id='word_1_220' title='bbox 1125 1535 1252 1567; x_wconf 89' lang='lat' dir='ltr'>nostram</span> <span class='ocrx_word' id='word_1_221' title='bbox 1273 1559 1284 1575; x_wconf 82' lang='lat'>‚</span> 
     </span>
     <span class='ocr_line' id='line_1_48' title="bbox 222 1572 1286 1619; baseline 0 -14"><span class='ocrx_word' id='word_1_222' title='bbox 222 1583 276 1611; x_wconf 85' lang='lat' dir='ltr'>pro</span> <span class='ocrx_word' id='word_1_223' title='bbox 293 1575 376 1619; x_wconf 81' lang='lat' dir='ltr'>certis</span> <span class='ocrx_word' id='word_1_224' title='bbox 392 1574 487 1606; x_wconf 86' lang='lat' dir='ltr'>Causis</span> <span class='ocrx_word' id='word_1_225' title='bbox 505 1574 540 1605; x_wconf 87' lang='lat'>&amp;</span> <span class='ocrx_word' id='word_1_226' title='bbox 558 1572 700 1610; x_wconf 88' lang='lat' dir='ltr'>Materiis,</span> <span class='ocrx_word' id='word_1_227' title='bbox 715 1574 806 1611; x_wconf 89' lang='lat' dir='ltr'>ipsum</span> <span class='ocrx_word' id='word_1_228' title='bbox 823 1573 1023 1613; x_wconf 86' lang='lat' dir='ltr'>moventibus,</span> <span class='ocrx_word' id='word_1_229' title='bbox 1041 1575 1136 1606; x_wconf 86' lang='lat' dir='ltr'>venire</span> <span class='ocrx_word' id='word_1_230' title='bbox 1151 1574 1286 1606; x_wconf 74' lang='lat' dir='ltr'>desideret</span> 
     </span>
     <span class='ocr_line' id='line_1_49' title="bbox 221 1622 445 1652; baseline 0.004 -10"><span class='ocrx_word' id='word_1_231' title='bbox 221 1622 252 1643; x_wconf 89' lang='lat' dir='ltr'>ut</span> <span class='ocrx_word' id='word_1_232' title='bbox 270 1623 445 1652; x_wconf 83' lang='lat' dir='ltr'>accepimus,</span> 
     </span>
    </p>

    <p class='ocr_par' dir='ltr' id='par_1_28' title="bbox 213 1649 1286 1999">
     <span class='ocr_line' id='line_1_50' title="bbox 260 1649 1284 1689; baseline -0.001 -7"><span class='ocrx_word' id='word_1_233' title='bbox 260 1651 327 1682; x_wconf 89' lang='lat' dir='ltr'>Nos</span> <span class='ocrx_word' id='word_1_234' title='bbox 346 1654 411 1689; x_wconf 87' lang='lat' dir='ltr'>(pro</span> <span class='ocrx_word' id='word_1_235' title='bbox 433 1651 588 1681; x_wconf 87' lang='lat' dir='ltr'>Securitate</span> <span class='ocrx_word' id='word_1_236' title='bbox 608 1649 735 1686; x_wconf 72' lang='lat' dir='ltr'>praediffl</span> <span class='ocrx_word' id='word_1_237' title='bbox 757 1653 840 1680; x_wconf 84' lang='lat' dir='ltr'>Ducis</span> <span class='ocrx_word' id='word_1_238' title='bbox 861 1650 1011 1687; x_wconf 80' lang='lat' dir='ltr'>providere</span> <span class='ocrx_word' id='word_1_239' title='bbox 1028 1651 1156 1682; x_wconf 84' lang='lat' dir='ltr'>volentes</span> <span class='ocrx_word' id='word_1_240' title='bbox 1179 1652 1207 1681; x_wconf 92' lang='lat' dir='ltr'>iri</span> <span class='ocrx_word' id='word_1_241' title='bbox 1231 1651 1284 1682; x_wconf 83' lang='lat' dir='ltr'>hac</span> 
     </span>
     <span class='ocr_line' id='line_1_51' title="bbox 222 1688 1286 1728; baseline -0.001 -8"><span class='ocrx_word' id='word_1_242' title='bbox 222 1690 310 1727; x_wconf 69' lang='lat' dir='ltr'>parte)</span> <span class='ocrx_word' id='word_1_243' title='bbox 326 1691 493 1726; x_wconf 78' lang='lat' dir='ltr'>suscepimus</span> <span class='ocrx_word' id='word_1_244' title='bbox 503 1689 586 1728; x_wconf 72' lang='lat' dir='ltr'>ipsum</span> <span class='ocrx_word' id='word_1_245' title='bbox 603 1691 705 1718; x_wconf 75' lang='lat' dir='ltr'>Ducem</span> <span class='ocrx_word' id='word_1_246' title='bbox 716 1711 725 1726; x_wconf 83' lang='lat'>‚</span> <span class='ocrx_word' id='word_1_247' title='bbox 744 1689 831 1727; x_wconf 89' lang='lat' dir='ltr'>usque</span> <span class='ocrx_word' id='word_1_248' title='bbox 856 1688 1035 1721; x_wconf 84' lang='lat' dir='ltr'>Praesentiam</span> <span class='ocrx_word' id='word_1_249' title='bbox 1061 1689 1186 1720; x_wconf 87' lang='lat' dir='ltr'>nostram</span> <span class='ocrx_word' id='word_1_250' title='bbox 1215 1700 1286 1728; x_wconf 81' lang='lat' dir='ltr'>prae-</span> 
     </span>
     <span class='ocr_line' id='line_1_52' title="bbox 219 1727 1286 1765; baseline 0.001 -7"><span class='ocrx_word' id='word_1_251' title='bbox 219 1729 347 1765; x_wconf 75' lang='lat' dir='ltr'>dic&#39;lzam,</span> <span class='ocrx_word' id='word_1_252' title='bbox 366 1729 415 1759; x_wconf 89' lang='lat' dir='ltr'>ubi</span> <span class='ocrx_word' id='word_1_253' title='bbox 436 1738 488 1758; x_wconf 88' lang='lat' dir='ltr'>nos</span> <span class='ocrx_word' id='word_1_254' title='bbox 507 1729 657 1764; x_wconf 79' lang='lat' dir='ltr'>fuerimus,</span> <span class='ocrx_word' id='word_1_255' title='bbox 673 1737 741 1757; x_wconf 90' lang='lat' dir='ltr'>cum</span> <span class='ocrx_word' id='word_1_256' title='bbox 759 1727 904 1759; x_wconf 80' lang='lat' dir='ltr'>Sexcentis</span> <span class='ocrx_word' id='word_1_257' title='bbox 929 1729 1060 1759; x_wconf 88' lang='lat' dir='ltr'>Personis</span> <span class='ocrx_word' id='word_1_258' title='bbox 1081 1729 1111 1758; x_wconf 87' lang='lat' dir='ltr'>in</span> <span class='ocrx_word' id='word_1_259' title='bbox 1135 1728 1286 1759; x_wconf 72' lang='lat' dir='ltr'>Comitiva</span> 
     </span>
     <span class='ocr_line' id='line_1_53' title="bbox 217 1765 1286 1805; baseline 0.001 -9"><span class='ocrx_word' id='word_1_260' title='bbox 217 1767 264 1797; x_wconf 73' lang='lat' dir='ltr'>{ua</span> <span class='ocrx_word' id='word_1_261' title='bbox 279 1768 321 1798; x_wconf 81' lang='lat' dir='ltr'>vel</span> <span class='ocrx_word' id='word_1_262' title='bbox 336 1767 404 1797; x_wconf 84' lang='lat' dir='ltr'>infra</span> <span class='ocrx_word' id='word_1_263' title='bbox 414 1789 423 1804; x_wconf 95' lang='lat'>,</span> <span class='ocrx_word' id='word_1_264' title='bbox 442 1767 581 1804; x_wconf 85' lang='lat' dir='ltr'>Armatis,</span> <span class='ocrx_word' id='word_1_265' title='bbox 600 1766 643 1796; x_wconf 89' lang='lat' dir='ltr'>vel</span> <span class='ocrx_word' id='word_1_266' title='bbox 657 1774 716 1795; x_wconf 93' lang='lat' dir='ltr'>non</span> <span class='ocrx_word' id='word_1_267' title='bbox 730 1765 872 1804; x_wconf 69' lang='lat' dir='ltr'>Armads,</span> <span class='ocrx_word' id='word_1_268' title='bbox 890 1776 925 1797; x_wconf 85' lang='lat' dir='ltr'>ac</span> <span class='ocrx_word' id='word_1_269' title='bbox 942 1777 1011 1798; x_wconf 90' lang='lat' dir='ltr'>cum</span> <span class='ocrx_word' id='word_1_270' title='bbox 1026 1767 1286 1805; x_wconf 78' lang='lat' dir='ltr'>ArmaturiS‚Her-</span> 
     </span>
     <span class='ocr_line' id='line_1_54' title="bbox 216 1803 1285 1845; baseline 0 -9"><span class='ocrx_word' id='word_1_271' title='bbox 216 1805 313 1844; x_wconf 83' lang='lat' dir='ltr'>nesiis,</span> <span class='ocrx_word' id='word_1_272' title='bbox 331 1805 433 1844; x_wconf 84' lang='lat' dir='ltr'>Bonis,</span> <span class='ocrx_word' id='word_1_273' title='bbox 455 1805 555 1836; x_wconf 88' lang='lat' dir='ltr'>Rebus</span> <span class='ocrx_word' id='word_1_274' title='bbox 566 1828 575 1843; x_wconf 92' lang='lat'>,</span> <span class='ocrx_word' id='word_1_275' title='bbox 594 1805 627 1835; x_wconf 64' lang='grc' dir='ltr'>ὃ(</span> <span class='ocrx_word' id='word_1_276' title='bbox 645 1803 792 1841; x_wconf 80' lang='lat' dir='ltr'>jocalibus</span> <span class='ocrx_word' id='word_1_277' title='bbox 811 1803 863 1834; x_wconf 90' lang='lat' dir='ltr'>suis</span> <span class='ocrx_word' id='word_1_278' title='bbox 881 1805 1122 1844; x_wconf 80' lang='lat' dir='ltr'>quibuscumque,</span> <span class='ocrx_word' id='word_1_279' title='bbox 1140 1806 1285 1845; x_wconf 80' lang='lat' dir='ltr'>equestre,</span> 
     </span>
     <span class='ocr_line' id='line_1_55' title="bbox 215 1842 1285 1883; baseline 0 -8"><span class='ocrx_word' id='word_1_280' title='bbox 215 1844 262 1875; x_wconf 87' lang='lat' dir='ltr'>vel</span> <span class='ocrx_word' id='word_1_281' title='bbox 278 1844 426 1883; x_wconf 82' lang='lat' dir='ltr'>pedestre,</span> <span class='ocrx_word' id='word_1_282' title='bbox 445 1845 503 1875; x_wconf 73' lang='lat' dir='ltr'>tam</span> <span class='ocrx_word' id='word_1_283' title='bbox 519 1854 567 1882; x_wconf 86' lang='lat' dir='ltr'>per</span> <span class='ocrx_word' id='word_1_284' title='bbox 582 1843 688 1880; x_wconf 76' lang='lat' dir='ltr'>Diem,</span> <span class='ocrx_word' id='word_1_285' title='bbox 704 1843 791 1880; x_wconf 71' lang='lat' dir='ltr'>quam</span> <span class='ocrx_word' id='word_1_286' title='bbox 812 1852 863 1880; x_wconf 81' lang='lat' dir='ltr'>per</span> <span class='ocrx_word' id='word_1_287' title='bbox 881 1842 1033 1882; x_wconf 59' lang='lat' dir='ltr'>Noctem,</span> <span class='ocrx_word' id='word_1_288' title='bbox 1051 1844 1210 1883; x_wconf 82' lang='lat' dir='ltr'>veniendo,</span> <span class='ocrx_word' id='word_1_289' title='bbox 1230 1846 1285 1875; x_wconf 84' lang='lat' dir='ltr'>ibi-</span> 
     </span>
     <span class='ocr_line' id='line_1_56' title="bbox 214 1881 1284 1921; baseline 0.002 -9"><span class='ocrx_word' id='word_1_290' title='bbox 214 1881 284 1913; x_wconf 85' lang='lat' dir='ltr'>dem</span> <span class='ocrx_word' id='word_1_291' title='bbox 309 1883 447 1913; x_wconf 88' lang='lat' dir='ltr'>morando</span> <span class='ocrx_word' id='word_1_292' title='bbox 475 1883 508 1913; x_wconf 91' lang='lat'>&amp;</span> <span class='ocrx_word' id='word_1_293' title='bbox 527 1881 773 1921; x_wconf 87' lang='lat' dir='ltr'>perhendinando,</span> <span class='ocrx_word' id='word_1_294' title='bbox 793 1881 826 1912; x_wconf 90' lang='lat'>&amp;</span> <span class='ocrx_word' id='word_1_295' title='bbox 850 1882 952 1913; x_wconf 88' lang='lat' dir='ltr'>abinde</span> <span class='ocrx_word' id='word_1_296' title='bbox 972 1883 1049 1914; x_wconf 80' lang='lat' dir='ltr'>salvo</span> <span class='ocrx_word' id='word_1_297' title='bbox 1075 1882 1109 1913; x_wconf 92' lang='lat'>&amp;</span> <span class='ocrx_word' id='word_1_298' title='bbox 1129 1882 1224 1914; x_wconf 81' lang='lat' dir='ltr'>secure</span> <span class='ocrx_word' id='word_1_299' title='bbox 1239 1894 1284 1914; x_wconf 86' lang='lat' dir='ltr'>re-</span> 
     </span>
     <span class='ocr_line' id='line_1_57' title="bbox 213 1919 1284 1960; baseline 0.001 -9"><span class='ocrx_word' id='word_1_300' title='bbox 213 1921 346 1960; x_wconf 88' lang='lat' dir='ltr'>deundo,</span> <span class='ocrx_word' id='word_1_301' title='bbox 363 1922 391 1951; x_wconf 90' lang='lat' dir='ltr'>in</span> <span class='ocrx_word' id='word_1_302' title='bbox 406 1921 512 1952; x_wconf 87' lang='lat' dir='ltr'>salvum</span> <span class='ocrx_word' id='word_1_303' title='bbox 532 1922 564 1952; x_wconf 73' lang='grc' dir='ltr'>ὃ(</span> <span class='ocrx_word' id='word_1_304' title='bbox 579 1920 707 1951; x_wconf 87' lang='lat' dir='ltr'>securum</span> <span class='ocrx_word' id='word_1_305' title='bbox 724 1919 914 1951; x_wconf 64' lang='lat' dir='ltr'>Conductum</span> <span class='ocrx_word' id='word_1_306' title='bbox 931 1920 1083 1958; x_wconf 86' lang='lat' dir='ltr'>nostrum,</span> <span class='ocrx_word' id='word_1_307' title='bbox 1102 1931 1135 1952; x_wconf 84' lang='lat' dir='ltr'>ac</span> <span class='ocrx_word' id='word_1_308' title='bbox 1158 1923 1187 1951; x_wconf 89' lang='lat' dir='ltr'>in</span> <span class='ocrx_word' id='word_1_309' title='bbox 1211 1922 1284 1953; x_wconf 92' lang='lat' dir='ltr'>Pro-</span> 
     </span>
     <span class='ocr_line' id='line_1_58' title="bbox 215 1957 1152 1999; baseline -0.001 -8"><span class='ocrx_word' id='word_1_310' title='bbox 215 1961 390 1999; x_wconf 65' lang='lat' dir='ltr'>restionem,</span> <span class='ocrx_word' id='word_1_311' title='bbox 408 1960 595 1996; x_wconf 88' lang='lat' dir='ltr'>Tuitioncm,</span> <span class='ocrx_word' id='word_1_312' title='bbox 612 1959 645 1987; x_wconf 71' lang='grc' dir='ltr'>ὃ(</span> <span class='ocrx_word' id='word_1_313' title='bbox 662 1957 868 1989; x_wconf 82' lang='lat' dir='ltr'>Defensionem</span> <span class='ocrx_word' id='word_1_314' title='bbox 883 1959 991 1989; x_wconf 90' lang='lat' dir='ltr'>nostras</span> <span class='ocrx_word' id='word_1_315' title='bbox 1004 1959 1152 1997; x_wconf 70' lang='lat' dir='ltr'>speciales3</span> 
     </span>
    </p>

    <p class='ocr_par' dir='ltr' id='par_1_29' title="bbox 255 1996 1285 2038">
     <span class='ocr_line' id='line_1_59' title="bbox 255 1996 1285 2038; baseline 0.001 -9"><span class='ocrx_word' id='word_1_316' title='bbox 255 1998 375 2029; x_wconf 88' lang='lat' dir='ltr'>Proviso</span> <span class='ocrx_word' id='word_1_317' title='bbox 397 1998 505 2036; x_wconf 86' lang='lat' dir='ltr'>semper</span> <span class='ocrx_word' id='word_1_318' title='bbox 524 1998 605 2037; x_wconf 86' lang='lat' dir='ltr'>quod</span> <span class='ocrx_word' id='word_1_319' title='bbox 627 1996 775 2036; x_wconf 81' lang='lat' dir='ltr'>Personae,</span> <span class='ocrx_word' id='word_1_320' title='bbox 793 2007 862 2028; x_wconf 86' lang='lat' dir='ltr'>cum</span> <span class='ocrx_word' id='word_1_321' title='bbox 883 1997 1002 2037; x_wconf 76' lang='lat' dir='ltr'>praefato</span> <span class='ocrx_word' id='word_1_322' title='bbox 1024 2001 1100 2028; x_wconf 84' lang='lat' dir='ltr'><em>Duce</em></span> <span class='ocrx_word' id='word_1_323' title='bbox 1120 1999 1285 2038; x_wconf 86' lang='lat' dir='ltr'>venientes,</span> 
     </span>
    </p>

    <p class='ocr_par' dir='ltr' id='par_1_30' title="bbox 212 2039 1285 2227">
     <span class='ocr_line' id='line_1_60' title="bbox 237 2039 471 2068; baseline -0.009 0"><span class='ocrx_word' id='word_1_324' title='bbox 237 2039 283 2068; x_wconf 88' lang='lat' dir='ltr'>uic</span> <span class='ocrx_word' id='word_1_325' title='bbox 305 2047 370 2067; x_wconf 82' lang='lat' dir='ltr'>uam</span> <span class='ocrx_word' id='word_1_326' title='bbox 410 2039 471 2068; x_wconf 70' lang='grc' dir='ltr'>ὅτε.</span> 
     </span>
     <span class='ocr_line' id='line_1_61' title="bbox 215 2046 1285 2114; baseline 0.001 -8"><span class='ocrx_word' id='word_1_327' title='bbox 215 2046 236 2077; x_wconf 72' lang='lat' dir='ltr'>q</span> <span class='ocrx_word' id='word_1_328' title='bbox 253 2048 303 2107; x_wconf 53' lang='grc' dir='ltr'>Εἷς</span> <span class='ocrx_word' id='word_1_329' title='bbox 316 2060 396 2111; x_wconf 60' lang='lat' dir='ltr'>quoii</span> <span class='ocrx_word' id='word_1_330' title='bbox 416 2077 486 2105; x_wconf 78' lang='lat' dir='ltr'>idem</span> <span class='ocrx_word' id='word_1_331' title='bbox 507 2078 577 2105; x_wconf 79' lang='lat' dir='ltr'>Dux</span> <span class='ocrx_word' id='word_1_332' title='bbox 590 2073 724 2112; x_wconf 87' lang='lat' dir='ltr'>quosdam</span> <span class='ocrx_word' id='word_1_333' title='bbox 742 2074 778 2105; x_wconf 91' lang='lat' dir='ltr'>de</span> <span class='ocrx_word' id='word_1_334' title='bbox 795 2074 939 2105; x_wconf 86' lang='lat' dir='ltr'>Gentibus</span> <span class='ocrx_word' id='word_1_335' title='bbox 956 2075 1025 2114; x_wconf 90' lang='lat' dir='ltr'>suis,</span> <span class='ocrx_word' id='word_1_336' title='bbox 1038 2074 1073 2107; x_wconf 90' lang='lat' dir='ltr'>ad</span> <span class='ocrx_word' id='word_1_337' title='bbox 1088 2075 1285 2107; x_wconf 87' lang='lat' dir='ltr'>Praemunien-</span> 
     </span>
     <span class='ocr_line' id='line_1_62' title="bbox 214 2112 1282 2152; baseline 0.001 -8"><span class='ocrx_word' id='word_1_338' title='bbox 214 2114 283 2145; x_wconf 91' lang='lat' dir='ltr'>dum</span> <span class='ocrx_word' id='word_1_339' title='bbox 308 2113 479 2152; x_wconf 85' lang='lat' dir='ltr'>Capitaneos</span> <span class='ocrx_word' id='word_1_340' title='bbox 503 2114 547 2144; x_wconf 90' lang='lat' dir='ltr'>seu</span> <span class='ocrx_word' id='word_1_341' title='bbox 573 2112 716 2143; x_wconf 86' lang='lat' dir='ltr'>Custodes</span> <span class='ocrx_word' id='word_1_342' title='bbox 733 2112 900 2143; x_wconf 89' lang='lat' dir='ltr'>Castrorum</span> <span class='ocrx_word' id='word_1_343' title='bbox 917 2115 950 2145; x_wconf 68' lang='grc' dir='ltr'>ὅ(</span> <span class='ocrx_word' id='word_1_344' title='bbox 967 2114 1104 2145; x_wconf 86' lang='lat' dir='ltr'>Villarum</span> <span class='ocrx_word' id='word_1_345' title='bbox 1121 2114 1282 2145; x_wconf 88' lang='lat' dir='ltr'>nostrarum</span> 
     </span>
     <span class='ocr_line' id='line_1_63' title="bbox 214 2152 1284 2191; baseline 0.002 -8"><span class='ocrx_word' id='word_1_346' title='bbox 214 2153 404 2191; x_wconf 82' lang='lat' dir='ltr'>firmatarum,</span> <span class='ocrx_word' id='word_1_347' title='bbox 420 2153 453 2183; x_wconf 85' lang='lat' dir='ltr'>ad</span> <span class='ocrx_word' id='word_1_348' title='bbox 472 2153 556 2191; x_wconf 78' lang='lat' dir='ltr'>quaei</span> <span class='ocrx_word' id='word_1_349' title='bbox 580 2152 639 2182; x_wconf 89' lang='lat' dir='ltr'>sum</span> <span class='ocrx_word' id='word_1_350' title='bbox 652 2152 746 2182; x_wconf 87' lang='lat' dir='ltr'>venire</span> <span class='ocrx_word' id='word_1_351' title='bbox 759 2153 792 2182; x_wconf 91' lang='lat'>&amp;</span> <span class='ocrx_word' id='word_1_352' title='bbox 814 2152 955 2182; x_wconf 89' lang='lat' dir='ltr'>declinare</span> <span class='ocrx_word' id='word_1_353' title='bbox 976 2153 1146 2191; x_wconf 84' lang='lat' dir='ltr'>contigerit,</span> <span class='ocrx_word' id='word_1_354' title='bbox 1162 2153 1199 2184; x_wconf 90' lang='lat' dir='ltr'>de</span> <span class='ocrx_word' id='word_1_355' title='bbox 1221 2154 1284 2185; x_wconf 84' lang='lat' dir='ltr'>Ad-</span> 
     </span>
     <span class='ocr_line' id='line_1_64' title="bbox 212 2190 1222 2227; baseline -0.001 -4"><span class='ocrx_word' id='word_1_356' title='bbox 212 2196 300 2224; x_wconf 65' lang='lat' dir='ltr'>ventu</span> <span class='ocrx_word' id='word_1_357' title='bbox 315 2191 365 2222; x_wconf 89' lang='lat' dir='ltr'>suo</span> <span class='ocrx_word' id='word_1_358' title='bbox 379 2191 413 2222; x_wconf 83' lang='lat' dir='ltr'>ad</span> <span class='ocrx_word' id='word_1_359' title='bbox 429 2191 526 2221; x_wconf 84' lang='lat' dir='ltr'>eadem</span> <span class='ocrx_word' id='word_1_360' title='bbox 564 2190 641 2220; x_wconf 68' lang='lat' dir='ltr'>‘astra</span> <span class='ocrx_word' id='word_1_361' title='bbox 658 2190 716 2219; x_wconf 76' lang='lat' dir='ltr'>live</span> <span class='ocrx_word' id='word_1_362' title='bbox 730 2190 818 2220; x_wconf 87' lang='lat' dir='ltr'>Villas</span> <span class='ocrx_word' id='word_1_363' title='bbox 828 2212 837 2227; x_wconf 92' lang='lat'>‚</span> <span class='ocrx_word' id='word_1_364' title='bbox 857 2191 1005 2227; x_wconf 83' lang='lat' dir='ltr'>praemittat</span> <span class='ocrx_word' id='word_1_365' title='bbox 1024 2192 1107 2221; x_wconf 83' lang='lat' dir='ltr'>omni</span> <span class='ocrx_word' id='word_1_366' title='bbox 1120 2192 1222 2222; x_wconf 81' lang='lat' dir='ltr'>modo.</span> 
     </span>
    </p>

    <p class='ocr_par' dir='ltr' id='par_1_31' title="bbox 228 2227 1213 2268">
     <span class='ocr_line' id='line_1_65' title="bbox 228 2227 1213 2268; baseline -0.001 -7"><span class='ocrx_word' id='word_1_367' title='bbox 228 2236 234 2239; x_wconf 83' lang='grc'><strong>’</strong></span> <span class='ocrx_word' id='word_1_368' title='bbox 250 2230 285 2261; x_wconf 93' lang='lat' dir='ltr'>In</span> <span class='ocrx_word' id='word_1_369' title='bbox 299 2231 394 2268; x_wconf 65' lang='lat' dir='ltr'>cuim,</span> <span class='ocrx_word' id='word_1_370' title='bbox 412 2231 472 2262; x_wconf 70' lang='lat'>&amp;0</span> <span class='ocrx_word' id='word_1_371' title='bbox 492 2239 542 2268; x_wconf 87' lang='lat' dir='ltr'>per</span> <span class='ocrx_word' id='word_1_372' title='bbox 560 2228 644 2259; x_wconf 86' lang='lat' dir='ltr'>Duos</span> <span class='ocrx_word' id='word_1_373' title='bbox 658 2227 773 2259; x_wconf 84' lang='lat' dir='ltr'>Menses</span> <span class='ocrx_word' id='word_1_374' title='bbox 788 2230 921 2266; x_wconf 80' lang='lat' dir='ltr'>proximo</span> <span class='ocrx_word' id='word_1_375' title='bbox 939 2229 1047 2260; x_wconf 84' lang='lat' dir='ltr'>futuros</span> <span class='ocrx_word' id='word_1_376' title='bbox 1059 2228 1213 2260; x_wconf 83' lang='lat' dir='ltr'>duraturas.</span> 
     </span>
    </p>
   </div>
   <div class='ocr_carea' id='block_1_23' title="bbox 250 2305 1244 2347">
    <p class='ocr_par' dir='ltr' id='par_1_32' title="bbox 250 2305 1244 2347">
     <span class='ocr_line' id='line_1_66' title="bbox 250 2305 1244 2347; baseline -0.001 -8"><span class='ocrx_word' id='word_1_377' title='bbox 250 2306 340 2339; x_wconf 87' lang='lat' dir='ltr'>Teste</span> <span class='ocrx_word' id='word_1_378' title='bbox 359 2306 443 2347; x_wconf 79' lang='lat' dir='ltr'>Rege</span> <span class='ocrx_word' id='word_1_379' title='bbox 459 2307 488 2337; x_wconf 93' lang='lat' dir='ltr'>in</span> <span class='ocrx_word' id='word_1_380' title='bbox 505 2308 650 2337; x_wconf 81' lang='lat' dir='ltr'>Excercitu</span> <span class='ocrx_word' id='word_1_381' title='bbox 658 2306 710 2345; x_wconf 79' lang='lat' dir='ltr'>fleo</span> <span class='ocrx_word' id='word_1_382' title='bbox 729 2313 795 2336; x_wconf 82' lang='lat' dir='ltr'>ante</span> <span class='ocrx_word' id='word_1_383' title='bbox 811 2305 940 2345; x_wconf 71' lang='lat' dir='ltr'>Meleon,</span> <span class='ocrx_word' id='word_1_384' title='bbox 958 2305 1098 2338; x_wconf 87' lang='lat' dir='ltr'>vicefimo</span> <span class='ocrx_word' id='word_1_385' title='bbox 1111 2306 1158 2338; x_wconf 89' lang='lat' dir='ltr'>die</span> <span class='ocrx_word' id='word_1_386' title='bbox 1167 2306 1244 2346; x_wconf 83' lang='lat' dir='ltr'>Julii.</span> 
     </span>
    </p>
   </div>
   <div class='ocr_carea' id='block_1_24' title="bbox 951 2382 1178 2414">
    <p class='ocr_par' dir='ltr' id='par_1_33' title="bbox 951 2382 1178 2414">
     <span class='ocr_line' id='line_1_67' title="bbox 951 2382 1178 2414; baseline 0.004 -1"><span class='ocrx_word' id='word_1_387' title='bbox 951 2385 1006 2414; x_wconf 79' lang='lat' dir='ltr'>Per</span> <span class='ocrx_word' id='word_1_388' title='bbox 1025 2382 1178 2414; x_wconf 84' lang='lat' dir='ltr'>Concilium.</span> 
     </span>
    </p>
   </div>
   <div class='ocr_carea' id='block_1_25' title="bbox 224 2562 1291 3680">
    <p class='ocr_par' dir='ltr' id='par_1_34' title="bbox 662 2562 834 2593">
     <span class='ocr_line' id='line_1_68' title="bbox 662 2562 834 2593; baseline 0.006 -1"><span class='ocrx_word' id='word_1_389' title='bbox 662 2562 834 2593; x_wconf 77' lang='lat' dir='ltr'>Britannia.</span> 
     </span>
    </p>

    <p class='ocr_par' dir='ltr' id='par_1_35' title="bbox 224 2645 1286 2905">
     <span class='ocr_line' id='line_1_69' title="bbox 1256 2657 1283 2675; baseline 0 -6"><span class='ocrx_word' id='word_1_390' title='bbox 1256 2657 1283 2675; x_wconf 77' lang='lat'>⁰—</span> 
     </span>
     <span class='ocr_line' id='line_1_70' title="bbox 315 2645 1285 2723; baseline 0.004 -12"><span class='ocrx_word' id='word_1_391' title='bbox 315 2682 434 2719; x_wconf 84' lang='lat' dir='ltr'>hannes,</span> <span class='ocrx_word' id='word_1_392' title='bbox 454 2681 511 2711; x_wconf 88' lang='lat' dir='ltr'>Dei</span> <span class='ocrx_word' id='word_1_393' title='bbox 530 2681 646 2719; x_wconf 71' lang='lat' dir='ltr'>Grani,</span> <span class='ocrx_word' id='word_1_394' title='bbox 664 2683 802 2720; x_wconf 81' lang='lat' dir='ltr'>Episcopus</span> <span class='ocrx_word' id='word_1_395' title='bbox 818 2682 1002 2723; x_wconf 83' lang='lat' dir='ltr'>Nannetensis</span> <span class='ocrx_word' id='word_1_396' title='bbox 1015 2682 1206 2715; x_wconf 83' lang='lat' dir='ltr'>Cancellarius</span> <span class='ocrx_word' id='word_1_397' title='bbox 1223 2645 1285 2714; x_wconf 59' lang='lat' dir='ltr'>gri-</span> 
     </span>
     <span class='ocr_line' id='line_1_71' title="bbox 225 2719 1286 2760; baseline 0 -9"><span class='ocrx_word' id='word_1_398' title='bbox 225 2722 328 2752; x_wconf 85' lang='lat' dir='ltr'>tanniae</span> <span class='ocrx_word' id='word_1_399' title='bbox 345 2744 355 2759; x_wconf 85' lang='lat'>,</span> <span class='ocrx_word' id='word_1_400' title='bbox 382 2719 548 2750; x_wconf 76' lang='lat' dir='ltr'>Guillielmus</span> <span class='ocrx_word' id='word_1_401' title='bbox 568 2723 697 2749; x_wconf 83' lang='lat' dir='ltr'>Dominus</span> <span class='ocrx_word' id='word_1_402' title='bbox 715 2721 746 2749; x_wconf 87' lang='lat' dir='ltr'>de</span> <span class='ocrx_word' id='word_1_403' title='bbox 765 2720 939 2750; x_wconf 65' lang='lat' dir='ltr'>blontauban</span> <span class='ocrx_word' id='word_1_404' title='bbox 957 2721 995 2756; x_wconf 62' lang='grc' dir='ltr'>ὠ·</span> <span class='ocrx_word' id='word_1_405' title='bbox 1013 2722 1046 2751; x_wconf 84' lang='lat' dir='ltr'>de</span> <span class='ocrx_word' id='word_1_406' title='bbox 1063 2722 1181 2753; x_wconf 84' lang='lat' dir='ltr'>Landal</span> <span class='ocrx_word' id='word_1_407' title='bbox 1194 2745 1204 2760; x_wconf 82' lang='lat'>,</span> <span class='ocrx_word' id='word_1_408' title='bbox 1227 2725 1286 2751; x_wconf 82' lang='lat' dir='ltr'>Ra-</span> 
     </span>
     <span class='ocr_line' id='line_1_72' title="bbox 224 2758 1285 2799; baseline 0.002 -10"><span class='ocrx_word' id='word_1_409' title='bbox 224 2758 335 2799; x_wconf 81' lang='lat' dir='ltr'>dulphus</span> <span class='ocrx_word' id='word_1_410' title='bbox 354 2759 378 2789; x_wconf 84' lang='lat' dir='ltr'>le</span> <span class='ocrx_word' id='word_1_411' title='bbox 396 2763 462 2796; x_wconf 80' lang='lat' dir='ltr'>Sage</span> <span class='ocrx_word' id='word_1_412' title='bbox 481 2759 625 2789; x_wconf 85' lang='lat' dir='ltr'>Dominus</span> <span class='ocrx_word' id='word_1_413' title='bbox 642 2759 677 2788; x_wconf 88' lang='lat' dir='ltr'>de</span> <span class='ocrx_word' id='word_1_414' title='bbox 696 2758 800 2788; x_wconf 60' lang='lat' dir='ltr'>Sandio</span> <span class='ocrx_word' id='word_1_415' title='bbox 820 2758 906 2789; x_wconf 86' lang='lat' dir='ltr'>Petro</span> <span class='ocrx_word' id='word_1_416' title='bbox 926 2761 959 2789; x_wconf 88' lang='lat'>&amp;</span> <span class='ocrx_word' id='word_1_417' title='bbox 977 2759 1013 2790; x_wconf 91' lang='lat' dir='ltr'>de</span> <span class='ocrx_word' id='word_1_418' title='bbox 1033 2759 1150 2790; x_wconf 83' lang='lat' dir='ltr'>Laniers</span> <span class='ocrx_word' id='word_1_419' title='bbox 1174 2760 1285 2790; x_wconf 88' lang='lat' dir='ltr'>Mares-</span> 
     </span>
     <span class='ocr_line' id='line_1_73' title="bbox 225 2795 1286 2835; baseline 0.002 -7"><span class='ocrx_word' id='word_1_420' title='bbox 225 2799 311 2829; x_wconf 79' lang='lat' dir='ltr'>cairus</span> <span class='ocrx_word' id='word_1_421' title='bbox 329 2797 528 2828; x_wconf 83' lang='lat' dir='ltr'>Haereditarius</span> <span class='ocrx_word' id='word_1_422' title='bbox 548 2797 584 2827; x_wconf 92' lang='lat' dir='ltr'>de</span> <span class='ocrx_word' id='word_1_423' title='bbox 600 2796 741 2834; x_wconf 89' lang='lat' dir='ltr'>Pontivo,</span> <span class='ocrx_word' id='word_1_424' title='bbox 761 2797 869 2827; x_wconf 83' lang='lat' dir='ltr'>Milites</span> <span class='ocrx_word' id='word_1_425' title='bbox 881 2820 891 2835; x_wconf 81' lang='lat'>,</span> <span class='ocrx_word' id='word_1_426' title='bbox 909 2795 1106 2828; x_wconf 84' lang='lat' dir='ltr'>Commissarii</span> <span class='ocrx_word' id='word_1_427' title='bbox 1124 2800 1157 2830; x_wconf 92' lang='lat'>&amp;</span> <span class='ocrx_word' id='word_1_428' title='bbox 1177 2798 1286 2830; x_wconf 89' lang='lat' dir='ltr'>Procu-</span> 
     </span>
     <span class='ocr_line' id='line_1_74' title="bbox 224 2834 1285 2905; baseline 0.001 -38"><span class='ocrx_word' id='word_1_429' title='bbox 224 2846 330 2905; x_wconf 54' lang='lat' dir='ltr'>ratciges</span> <span class='ocrx_word' id='word_1_430' title='bbox 349 2836 383 2880; x_wconf 87' lang='lat' dir='ltr'>ad</span> <span class='ocrx_word' id='word_1_431' title='bbox 401 2836 572 2874; x_wconf 85' lang='lat' dir='ltr'>infrascripta</span> <span class='ocrx_word' id='word_1_432' title='bbox 592 2834 761 2866; x_wconf 86' lang='lat' dir='ltr'>sufficienter</span> <span class='ocrx_word' id='word_1_433' title='bbox 779 2837 813 2867; x_wconf 89' lang='lat'>&amp;</span> <span class='ocrx_word' id='word_1_434' title='bbox 832 2836 961 2873; x_wconf 80' lang='lat' dir='ltr'>legitime</span> <span class='ocrx_word' id='word_1_435' title='bbox 981 2835 1134 2876; x_wconf 82' lang='lat' dir='ltr'>Deputati‚</span> <span class='ocrx_word' id='word_1_436' title='bbox 1158 2836 1285 2869; x_wconf 85' lang='lat' dir='ltr'>Salutem</span> 
     </span>
    </p>

    <p class='ocr_par' dir='ltr' id='par_1_36' title="bbox 227 2884 419 2906">
     <span class='ocr_line' id='line_1_75' title="bbox 227 2884 419 2906; baseline -0.01 0"><span class='ocrx_word' id='word_1_437' title='bbox 227 2885 257 2906; x_wconf 91' lang='lat' dir='ltr'>in</span> <span class='ocrx_word' id='word_1_438' title='bbox 308 2884 419 2905; x_wconf 88' lang='lat' dir='ltr'>omino.</span> 
     </span>
    </p>

    <p class='ocr_par' dir='ltr' id='par_1_37' title="bbox 262 2911 898 2951">
     <span class='ocr_line' id='line_1_76' title="bbox 262 2911 898 2951; baseline 0 -8"><span class='ocrx_word' id='word_1_439' title='bbox 262 2913 381 2944; x_wconf 91' lang='lat' dir='ltr'>Notum</span> <span class='ocrx_word' id='word_1_440' title='bbox 397 2913 529 2950; x_wconf 81' lang='lat' dir='ltr'>facimus,</span> <span class='ocrx_word' id='word_1_441' title='bbox 550 2921 597 2950; x_wconf 82' lang='lat' dir='ltr'>per</span> <span class='ocrx_word' id='word_1_442' title='bbox 615 2911 784 2951; x_wconf 81' lang='lat' dir='ltr'>Praesentes,</span> <span class='ocrx_word' id='word_1_443' title='bbox 802 2911 898 2950; x_wconf 78' lang='lat' dir='ltr'>quod,</span> 
     </span>
    </p>

    <p class='ocr_par' dir='ltr' id='par_1_38' title="bbox 226 2950 1289 3137">
     <span class='ocr_line' id='line_1_77' title="bbox 262 2950 1288 2991; baseline 0 -9"><span class='ocrx_word' id='word_1_444' title='bbox 262 2950 344 2982; x_wconf 78' lang='lat' dir='ltr'>Cum</span> <span class='ocrx_word' id='word_1_445' title='bbox 363 2960 469 2989; x_wconf 83' lang='lat' dir='ltr'>nuper,</span> <span class='ocrx_word' id='word_1_446' title='bbox 487 2950 669 2981; x_wconf 81' lang='lat' dir='ltr'>Serenissimo</span> <span class='ocrx_word' id='word_1_447' title='bbox 688 2950 814 2989; x_wconf 88' lang='lat' dir='ltr'>Principi</span> <span class='ocrx_word' id='word_1_448' title='bbox 834 2952 868 2982; x_wconf 92' lang='lat'>&amp;</span> <span class='ocrx_word' id='word_1_449' title='bbox 886 2950 1034 2991; x_wconf 86' lang='lat' dir='ltr'>Domino,</span> <span class='ocrx_word' id='word_1_450' title='bbox 1050 2951 1188 2984; x_wconf 89' lang='lat' dir='ltr'>Domino</span> <span class='ocrx_word' id='word_1_451' title='bbox 1209 2954 1288 2982; x_wconf 81' lang='lat' dir='ltr'>Hen-</span> 
     </span>
     <span class='ocr_line' id='line_1_78' title="bbox 226 2987 1288 3059; baseline 0.001 -39"><span class='ocrx_word' id='word_1_452' title='bbox 226 2994 285 3059; x_wconf 75' lang='lat' dir='ltr'>ricob</span> <span class='ocrx_word' id='word_1_453' title='bbox 297 2993 360 3028; x_wconf 83' lang='lat' dir='ltr'>Regi</span> <span class='ocrx_word' id='word_1_454' title='bbox 378 2989 507 3028; x_wconf 80' lang='lat' dir='ltr'>Angliae,</span> <span class='ocrx_word' id='word_1_455' title='bbox 531 2989 643 3020; x_wconf 68' lang='lat' dir='ltr'>Haeredz·</span> <span class='ocrx_word' id='word_1_456' title='bbox 660 2987 698 3024; x_wconf 82' lang='lat'><em>&amp;</em></span> <span class='ocrx_word' id='word_1_457' title='bbox 715 2992 828 3027; x_wconf 75' lang='lat' dir='ltr'>Regenti</span> <span class='ocrx_word' id='word_1_458' title='bbox 846 2992 930 3027; x_wconf 82' lang='lat' dir='ltr'>Regni</span> <span class='ocrx_word' id='word_1_459' title='bbox 946 2992 1068 3021; x_wconf 81' lang='lat' dir='ltr'>Franciae</span> <span class='ocrx_word' id='word_1_460' title='bbox 1081 3014 1091 3029; x_wconf 91' lang='lat'>‚</span> <span class='ocrx_word' id='word_1_461' title='bbox 1118 2992 1152 3023; x_wconf 92' lang='lat'>&amp;</span> <span class='ocrx_word' id='word_1_462' title='bbox 1170 2994 1288 3021; x_wconf 82' lang='lat' dir='ltr'>Domino</span> 
     </span>
     <span class='ocr_line' id='line_1_79' title="bbox 227 3033 367 3060; baseline -0.007 0"><span class='ocrx_word' id='word_1_463' title='bbox 227 3033 268 3060; x_wconf 82' lang='lat' dir='ltr'>Hi</span> <span class='ocrx_word' id='word_1_464' title='bbox 286 3033 367 3059; x_wconf 77' lang='lat' dir='ltr'>erniae</span> 
     </span>
     <span class='ocr_line' id='line_1_80' title="bbox 231 3053 1289 3137; baseline 0 -39"><span class='ocrx_word' id='word_1_465' title='bbox 231 3106 251 3137; x_wconf 81' lang='lat' dir='ltr'>S</span> <span class='ocrx_word' id='word_1_466' title='bbox 265 3068 323 3098; x_wconf 91' lang='lat' dir='ltr'>Pro</span> <span class='ocrx_word' id='word_1_467' title='bbox 345 3053 426 3136; x_wconf 46' lang='lat' dir='ltr'>Izarte</span> <span class='ocrx_word' id='word_1_468' title='bbox 452 3064 695 3097; x_wconf 79' lang='lat' dir='ltr'>Metuendiffimae</span> <span class='ocrx_word' id='word_1_469' title='bbox 716 3065 858 3096; x_wconf 86' lang='lat' dir='ltr'>Dominae</span> <span class='ocrx_word' id='word_1_470' title='bbox 878 3065 985 3098; x_wconf 85' lang='lat' dir='ltr'>nostrae</span> <span class='ocrx_word' id='word_1_471' title='bbox 999 3067 1115 3107; x_wconf 84' lang='lat' dir='ltr'>Duciffae</span> <span class='ocrx_word' id='word_1_472' title='bbox 1134 3070 1289 3099; x_wconf 82' lang='lat' dir='ltr'>Britanniae</span> 
     </span>
    </p>

    <p class='ocr_par' dir='ltr' id='par_1_39' title="bbox 253 3116 410 3137">
     <span class='ocr_line' id='line_1_81' title="bbox 253 3116 410 3137; baseline -0.006 0"><span class='ocrx_word' id='word_1_473' title='bbox 253 3116 342 3137; x_wconf 85' lang='lat' dir='ltr'>ororis</span> <span class='ocrx_word' id='word_1_474' title='bbox 367 3116 410 3136; x_wconf 64' lang='lat' dir='ltr'>urz</span> 
     </span>
    </p>

    <p class='ocr_par' dir='ltr' id='par_1_40' title="bbox 266 3128 960 3181">
     <span class='ocr_line' id='line_1_82' title="bbox 266 3128 960 3181; baseline -0.004 -6"><span class='ocrx_word' id='word_1_475' title='bbox 266 3145 311 3175; x_wconf 86' lang='lat' dir='ltr'>Ac</span> <span class='ocrx_word' id='word_1_476' title='bbox 329 3128 484 3174; x_wconf 71' lang='lat' dir='ltr'>Nobiiium</span> <span class='ocrx_word' id='word_1_477' title='bbox 496 3165 505 3179; x_wconf 91' lang='lat'>,</span> <span class='ocrx_word' id='word_1_478' title='bbox 525 3141 683 3179; x_wconf 85' lang='lat' dir='ltr'>Baronum,</span> <span class='ocrx_word' id='word_1_479' title='bbox 698 3143 730 3174; x_wconf 90' lang='lat'>&amp;</span> <span class='ocrx_word' id='word_1_480' title='bbox 744 3141 941 3172; x_wconf 87' lang='lat' dir='ltr'>Dominorum</span> <span class='ocrx_word' id='word_1_481' title='bbox 950 3166 960 3181; x_wconf 88' lang='lat'><em>‚</em></span> 
     </span>
    </p>

    <p class='ocr_par' dir='ltr' id='par_1_41' title="bbox 231 3179 1291 3328">
     <span class='ocr_line' id='line_1_83' title="bbox 266 3179 1290 3220; baseline 0.002 -8"><span class='ocrx_word' id='word_1_482' title='bbox 266 3183 357 3212; x_wconf 75' lang='lat' dir='ltr'>Alani</span> <span class='ocrx_word' id='word_1_483' title='bbox 380 3185 541 3212; x_wconf 78' lang='lat' dir='ltr'>Vicecomitis</span> <span class='ocrx_word' id='word_1_484' title='bbox 560 3182 591 3210; x_wconf 86' lang='lat' dir='ltr'>de</span> <span class='ocrx_word' id='word_1_485' title='bbox 611 3179 707 3210; x_wconf 86' lang='lat' dir='ltr'>Rohan</span> <span class='ocrx_word' id='word_1_486' title='bbox 728 3179 854 3211; x_wconf 85' lang='lat' dir='ltr'>Domini</span> <span class='ocrx_word' id='word_1_487' title='bbox 878 3182 914 3211; x_wconf 89' lang='lat' dir='ltr'>de</span> <span class='ocrx_word' id='word_1_488' title='bbox 936 3181 1038 3220; x_wconf 87' lang='lat' dir='ltr'>Leon,</span> <span class='ocrx_word' id='word_1_489' title='bbox 1056 3181 1290 3215; x_wconf 88' lang='lat' dir='ltr'>Locumtenentis</span> 
     </span>
     <span class='ocr_line' id='line_1_84' title="bbox 231 3218 990 3256; baseline -0.005 -5"><span class='ocrx_word' id='word_1_490' title='bbox 231 3221 377 3251; x_wconf 83' lang='lat' dir='ltr'>Generalis</span> <span class='ocrx_word' id='word_1_491' title='bbox 396 3223 424 3251; x_wconf 89' lang='lat' dir='ltr'>in</span> <span class='ocrx_word' id='word_1_492' title='bbox 440 3220 558 3250; x_wconf 83' lang='lat' dir='ltr'>Britania</span> <span class='ocrx_word' id='word_1_493' title='bbox 574 3228 627 3256; x_wconf 89' lang='lat' dir='ltr'>pro</span> <span class='ocrx_word' id='word_1_494' title='bbox 643 3218 702 3256; x_wconf 91' lang='lat' dir='ltr'>ipso</span> <span class='ocrx_word' id='word_1_495' title='bbox 719 3218 819 3256; x_wconf 89' lang='lat' dir='ltr'>Duce,</span> <span class='ocrx_word' id='word_1_496' title='bbox 987 3244 990 3247; x_wconf 28' lang='lat' dir='ltr'>i</span> 
     </span>
     <span class='ocr_line' id='line_1_85' title="bbox 233 3255 1291 3328; baseline 0.003 -41"><span class='ocrx_word' id='word_1_497' title='bbox 233 3259 401 3328; x_wconf 83' lang='lat' dir='ltr'>RGuydom&#39;s</span> <span class='ocrx_word' id='word_1_498' title='bbox 425 3259 459 3288; x_wconf 84' lang='lat' dir='ltr'>de</span> <span class='ocrx_word' id='word_1_499' title='bbox 483 3257 584 3288; x_wconf 79' lang='lat' dir='ltr'><em>Lava!</em></span> <span class='ocrx_word' id='word_1_500' title='bbox 605 3255 730 3287; x_wconf 88' lang='lat' dir='ltr'>Domini</span> <span class='ocrx_word' id='word_1_501' title='bbox 754 3257 789 3287; x_wconf 89' lang='lat' dir='ltr'>de</span> <span class='ocrx_word' id='word_1_502' title='bbox 814 3256 912 3287; x_wconf 89' lang='lat' dir='ltr'>Gaure</span> <span class='ocrx_word' id='word_1_503' title='bbox 934 3256 971 3288; x_wconf 90' lang='lat' dir='ltr'>de</span> <span class='ocrx_word' id='word_1_504' title='bbox 994 3256 1143 3289; x_wconf 88' lang='lat' dir='ltr'>Montfort</span> <span class='ocrx_word' id='word_1_505' title='bbox 1163 3260 1196 3290; x_wconf 91' lang='lat'>&amp;</span> <span class='ocrx_word' id='word_1_506' title='bbox 1213 3259 1250 3290; x_wconf 87' lang='lat' dir='ltr'>de</span> <span class='ocrx_word' id='word_1_507' title='bbox 1266 3259 1291 3290; x_wconf 80' lang='lat' dir='ltr'>la</span> 
     </span>
    </p>

    <p class='ocr_par' dir='ltr' id='par_1_42' title="bbox 267 3301 343 3327">
     <span class='ocr_line' id='line_1_86' title="bbox 267 3301 343 3327; baseline -0.026 0"><span class='ocrx_word' id='word_1_508' title='bbox 267 3301 343 3327; x_wconf 83' lang='lat' dir='ltr'>oche</span> 
     </span>
    </p>

    <p class='ocr_par' dir='ltr' id='par_1_43' title="bbox 270 3321 859 3370">
     <span class='ocr_line' id='line_1_87' title="bbox 270 3321 859 3370; baseline -0.003 -6"><span class='ocrx_word' id='word_1_509' title='bbox 270 3321 363 3365; x_wconf 56' lang='lat' dir='ltr'>Alani</span> <span class='ocrx_word' id='word_1_510' title='bbox 375 3334 407 3364; x_wconf 66' lang='lat' dir='ltr'>de</span> <span class='ocrx_word' id='word_1_511' title='bbox 418 3334 514 3364; x_wconf 65' lang='lat' dir='ltr'>naban</span> <span class='ocrx_word' id='word_1_512' title='bbox 529 3333 653 3364; x_wconf 70' lang='lat' dir='ltr'>comitis</span> <span class='ocrx_word' id='word_1_513' title='bbox 666 3332 701 3362; x_wconf 73' lang='lat' dir='ltr'>&lt;ie</span> <span class='ocrx_word' id='word_1_514' title='bbox 715 3332 859 3370; x_wconf 68' lang='lat' dir='ltr'>Porhoet,</span> 
     </span>
    </p>

    <p class='ocr_par' dir='ltr' id='par_1_44' title="bbox 273 3371 1024 3409">
     <span class='ocr_line' id='line_1_88' title="bbox 273 3371 1024 3409; baseline 0 -7"><span class='ocrx_word' id='word_1_515' title='bbox 273 3371 373 3403; x_wconf 81' lang='lat' dir='ltr'>Karoli</span> <span class='ocrx_word' id='word_1_516' title='bbox 384 3373 416 3402; x_wconf 83' lang='lat' dir='ltr'>de</span> <span class='ocrx_word' id='word_1_517' title='bbox 432 3373 526 3402; x_wconf 85' lang='lat' dir='ltr'>Rohan</span> <span class='ocrx_word' id='word_1_518' title='bbox 541 3371 664 3402; x_wconf 86' lang='lat' dir='ltr'>Domini</span> <span class='ocrx_word' id='word_1_519' title='bbox 677 3371 711 3401; x_wconf 88' lang='lat' dir='ltr'>de</span> <span class='ocrx_word' id='word_1_520' title='bbox 726 3371 1024 3409; x_wconf 87' lang='lat' dir='ltr'>Guempnegingami,</span> 
     </span>
    </p>

    <p class='ocr_par' dir='ltr' id='par_1_45' title="bbox 273 3409 1112 3449">
     <span class='ocr_line' id='line_1_89' title="bbox 273 3409 1112 3449; baseline 0.001 -9"><span class='ocrx_word' id='word_1_521' title='bbox 273 3412 385 3443; x_wconf 79' lang='lat' dir='ltr'>Roberti</span> <span class='ocrx_word' id='word_1_522' title='bbox 401 3413 510 3440; x_wconf 80' lang='lat' dir='ltr'>Domini</span> <span class='ocrx_word' id='word_1_523' title='bbox 522 3411 554 3440; x_wconf 84' lang='lat' dir='ltr'>de</span> <span class='ocrx_word' id='word_1_524' title='bbox 568 3409 785 3448; x_wconf 75' lang='lat' dir='ltr'>chasteaubrient</span> <span class='ocrx_word' id='word_1_525' title='bbox 798 3411 831 3440; x_wconf 85' lang='lat'>&amp;</span> <span class='ocrx_word' id='word_1_526' title='bbox 845 3410 880 3439; x_wconf 89' lang='lat' dir='ltr'>de</span> <span class='ocrx_word' id='word_1_527' title='bbox 898 3409 1092 3441; x_wconf 86' lang='lat' dir='ltr'>Montaffilant</span> <span class='ocrx_word' id='word_1_528' title='bbox 1102 3434 1112 3449; x_wconf 90' lang='lat'>,</span> 
     </span>
    </p>

    <p class='ocr_par' dir='ltr' id='par_1_46' title="bbox 273 3446 1001 3489">
     <span class='ocr_line' id='line_1_90' title="bbox 273 3446 1001 3489; baseline 0 -10"><span class='ocrx_word' id='word_1_529' title='bbox 273 3450 416 3489; x_wconf 84' lang='lat' dir='ltr'>Johannis</span> <span class='ocrx_word' id='word_1_530' title='bbox 430 3452 538 3478; x_wconf 81' lang='lat' dir='ltr'>Domini</span> <span class='ocrx_word' id='word_1_531' title='bbox 553 3448 584 3478; x_wconf 77' lang='lat' dir='ltr'>de</span> <span class='ocrx_word' id='word_1_532' title='bbox 597 3451 684 3477; x_wconf 82' lang='lat' dir='ltr'>Rieux</span> <span class='ocrx_word' id='word_1_533' title='bbox 701 3446 888 3478; x_wconf 83' lang='lat' dir='ltr'>Vicecomitis</span> <span class='ocrx_word' id='word_1_534' title='bbox 901 3448 937 3478; x_wconf 91' lang='lat' dir='ltr'>de</span> <span class='ocrx_word' id='word_1_535' title='bbox 950 3448 1001 3479; x_wconf 93' lang='lat' dir='ltr'>Do</span> 
     </span>
    </p>

    <p class='ocr_par' dir='ltr' id='par_1_47' title="bbox 275 3486 993 3527">
     <span class='ocr_line' id='line_1_91' title="bbox 275 3486 993 3527; baseline 0 -10"><span class='ocrx_word' id='word_1_536' title='bbox 275 3487 414 3527; x_wconf 84' lang='lat' dir='ltr'>Johannis</span> <span class='ocrx_word' id='word_1_537' title='bbox 426 3489 457 3516; x_wconf 85' lang='lat' dir='ltr'>de</span> <span class='ocrx_word' id='word_1_538' title='bbox 473 3486 578 3516; x_wconf 84' lang='lat' dir='ltr'>Crahon</span> <span class='ocrx_word' id='word_1_539' title='bbox 596 3486 719 3516; x_wconf 87' lang='lat' dir='ltr'>Domini</span> <span class='ocrx_word' id='word_1_540' title='bbox 734 3486 804 3516; x_wconf 80' lang='lat' dir='ltr'>dela</span> <span class='ocrx_word' id='word_1_541' title='bbox 819 3486 893 3516; x_wconf 85' lang='lat' dir='ltr'>Suze</span> <span class='ocrx_word' id='word_1_542' title='bbox 909 3487 942 3516; x_wconf 87' lang='lat'>&amp;</span> <span class='ocrx_word' id='word_1_543' title='bbox 957 3486 993 3517; x_wconf 91' lang='lat' dir='ltr'>de</span> 
     </span>
    </p>

    <p class='ocr_par' dir='ltr' id='par_1_48' title="bbox 305 3524 980 3563">
     <span class='ocr_line' id='line_1_92' title="bbox 305 3524 980 3563; baseline -0.004 -7"><span class='ocrx_word' id='word_1_544' title='bbox 305 3526 416 3556; x_wconf 76' lang='lat' dir='ltr'>ohannis</span> <span class='ocrx_word' id='word_1_545' title='bbox 430 3528 600 3555; x_wconf 83' lang='lat' dir='ltr'>Tournemine</span> <span class='ocrx_word' id='word_1_546' title='bbox 616 3525 737 3554; x_wconf 86' lang='lat' dir='ltr'>Domini</span> <span class='ocrx_word' id='word_1_547' title='bbox 752 3525 787 3553; x_wconf 92' lang='lat' dir='ltr'>de</span> <span class='ocrx_word' id='word_1_548' title='bbox 801 3524 980 3563; x_wconf 82' lang='lat' dir='ltr'>Hunaudais,</span> 
     </span>
    </p>

    <p class='ocr_par' dir='ltr' id='par_1_49' title="bbox 277 3562 998 3604">
     <span class='ocr_line' id='line_1_93' title="bbox 277 3562 998 3604; baseline -0.001 -10"><span class='ocrx_word' id='word_1_549' title='bbox 277 3563 408 3604; x_wconf 79' lang='lat' dir='ltr'>Gaufiidi</span> <span class='ocrx_word' id='word_1_550' title='bbox 422 3564 454 3593; x_wconf 85' lang='lat' dir='ltr'>de</span> <span class='ocrx_word' id='word_1_551' title='bbox 471 3562 624 3601; x_wconf 78' lang='lat' dir='ltr'>Malestroit</span> <span class='ocrx_word' id='word_1_552' title='bbox 638 3562 761 3592; x_wconf 84' lang='lat' dir='ltr'>Domini</span> <span class='ocrx_word' id='word_1_553' title='bbox 774 3563 810 3593; x_wconf 88' lang='lat' dir='ltr'>de</span> <span class='ocrx_word' id='word_1_554' title='bbox 828 3562 998 3602; x_wconf 89' lang='lat' dir='ltr'>Combour,</span> 
     </span>
    </p>

    <p class='ocr_par' dir='ltr' id='par_1_50' title="bbox 277 3599 750 3666">
     <span class='ocr_line' id='line_1_94' title="bbox 277 3599 750 3666; baseline -0.008 -33"><span class='ocrx_word' id='word_1_555' title='bbox 277 3602 412 3641; x_wconf 78' lang='lat' dir='ltr'>Radulphi</span> <span class='ocrx_word' id='word_1_556' title='bbox 427 3604 536 3632; x_wconf 84' lang='lat' dir='ltr'>Domini</span> <span class='ocrx_word' id='word_1_557' title='bbox 551 3601 582 3629; x_wconf 83' lang='lat' dir='ltr'>de</span> <span class='ocrx_word' id='word_1_558' title='bbox 596 3599 729 3666; x_wconf 50' lang='grc' dir='ltr'>(ἶσα-[ἵκῃ</span> <span class='ocrx_word' id='word_1_559' title='bbox 740 3623 750 3638; x_wconf 83' lang='lat'>‚</span> 
     </span>
    </p>

    <p class='ocr_par' dir='ltr' id='par_1_51' title="bbox 278 3638 1063 3680">
     <span class='ocr_line' id='line_1_95' title="bbox 278 3638 1063 3680; baseline -0.001 -9"><span class='ocrx_word' id='word_1_560' title='bbox 278 3641 418 3680; x_wconf 81' lang='lat' dir='ltr'>Johannis</span> <span class='ocrx_word' id='word_1_561' title='bbox 430 3642 540 3670; x_wconf 84' lang='lat' dir='ltr'>Domini</span> <span class='ocrx_word' id='word_1_562' title='bbox 558 3639 590 3667; x_wconf 80' lang='lat' dir='ltr'>de</span> <span class='ocrx_word' id='word_1_563' title='bbox 605 3640 660 3667; x_wconf 75' lang='lat' dir='ltr'>Pen</span> <span class='ocrx_word' id='word_1_564' title='bbox 681 3646 722 3667; x_wconf 78' lang='lat' dir='ltr'>oet</span> <span class='ocrx_word' id='word_1_565' title='bbox 736 3638 881 3668; x_wconf 83' lang='lat' dir='ltr'>Admiralli</span> <span class='ocrx_word' id='word_1_566' title='bbox 896 3638 1044 3670; x_wconf 73' lang='lat' dir='ltr'>Britanniae</span> <span class='ocrx_word' id='word_1_567' title='bbox 1053 3663 1063 3678; x_wconf 81' lang='lat'>‚</span> 
     </span>
    </p>
   </div>
   <div class='ocr_carea' id='block_1_26' title="bbox 220 2509 1284 2706">
    <p class='ocr_par' dir='ltr' id='par_1_52' title="bbox 220 2509 1284 2706">
     <span class='ocr_line' id='line_1_96' title="bbox 220 2509 1284 2558; baseline 0.002 -14"><span class='ocrx_word' id='word_1_568' title='bbox 220 2512 382 2544; x_wconf 66' lang='lat' dir='ltr'>Trafiatus</span> <span class='ocrx_word' id='word_1_569' title='bbox 408 2514 443 2549; x_wconf 60' lang='lat' dir='ltr'>m?-</span> <span class='ocrx_word' id='word_1_570' title='bbox 473 2513 652 2545; x_wconf 78' lang='lat' dir='ltr'>Securimtes</span> <span class='ocrx_word' id='word_1_571' title='bbox 671 2509 706 2543; x_wconf 88' lang='lat' dir='ltr'>de</span> <span class='ocrx_word' id='word_1_572' title='bbox 725 2514 760 2550; x_wconf 77' lang='lat'><em>&amp;</em></span> <span class='ocrx_word' id='word_1_573' title='bbox 779 2511 871 2557; x_wconf 67' lang='lat' dir='ltr'>super</span> <span class='ocrx_word' id='word_1_574' title='bbox 891 2511 1078 2558; x_wconf 77' lang='lat' dir='ltr'>Elargitione</span> <span class='ocrx_word' id='word_1_575' title='bbox 1094 2510 1232 2545; x_wconf 73' lang='lat' dir='ltr'>Arthuri</span> <span class='ocrx_word' id='word_1_576' title='bbox 1247 2511 1284 2547; x_wconf 84' lang='lat' dir='ltr'>de</span> 
     </span>
     <span class='ocr_line' id='line_1_97' title="bbox 225 2627 1210 2706; baseline 0.002 -32"><span class='ocrx_word' id='word_1_577' title='bbox 225 2627 424 2706; x_wconf 78' lang='lat' dir='ltr'>UNiversis</span> <span class='ocrx_word' id='word_1_578' title='bbox 446 2642 553 2674; x_wconf 88' lang='lat' dir='ltr'>Christi</span> <span class='ocrx_word' id='word_1_579' title='bbox 569 2642 727 2681; x_wconf 88' lang='lat' dir='ltr'>Fidelibus,</span> <span class='ocrx_word' id='word_1_580' title='bbox 746 2645 890 2682; x_wconf 74' lang='lat' dir='ltr'>praesentes</span> <span class='ocrx_word' id='word_1_581' title='bbox 908 2644 1016 2676; x_wconf 82' lang='lat' dir='ltr'>Literas</span> <span class='ocrx_word' id='word_1_582' title='bbox 1033 2645 1210 2684; x_wconf 53' lang='lat' dir='ltr'>inspecturis,</span> 
     </span>
    </p>
   </div>
   <div class='ocr_carea' id='block_1_27' title="bbox 1003 3458 1202 3526">
    <p class='ocr_par' dir='ltr' id='par_1_53' title="bbox 1003 3458 1202 3526">
     <span class='ocr_line' id='line_1_98' title="bbox 1003 3458 1087 3517; baseline 0 0"><span class='ocrx_word' id='word_1_583' title='bbox 1003 3458 1087 3517; x_wconf 62' lang='lat'>‘¹5⁸⁵’</span> 
     </span>
     <span class='ocr_line' id='line_1_99' title="bbox 1037 3488 1202 3526; baseline 0.006 -9"><span class='ocrx_word' id='word_1_584' title='bbox 1037 3488 1184 3526; x_wconf 85' lang='lat' dir='ltr'>hamptore</span> <span class='ocrx_word' id='word_1_585' title='bbox 1192 3510 1202 3525; x_wconf 86' lang='lat'>,</span> 
     </span>
    </p>
   </div>
   <div class='ocr_carea' id='block_1_28' title="bbox 245 3675 1300 4060">
    <p class='ocr_par' dir='ltr' id='par_1_54' title="bbox 280 3675 985 3715">
     <span class='ocr_line' id='line_1_100' title="bbox 280 3675 985 3715; baseline -0.006 -6"><span class='ocrx_word' id='word_1_586' title='bbox 280 3681 407 3709; x_wconf 81' lang='lat' dir='ltr'>Guidonis</span> <span class='ocrx_word' id='word_1_587' title='bbox 421 3680 529 3709; x_wconf 84' lang='lat' dir='ltr'>Domini</span> <span class='ocrx_word' id='word_1_588' title='bbox 542 3676 575 3706; x_wconf 84' lang='lat' dir='ltr'>de</span> <span class='ocrx_word' id='word_1_589' title='bbox 587 3675 678 3705; x_wconf 86' lang='lat' dir='ltr'>Molac</span> <span class='ocrx_word' id='word_1_590' title='bbox 695 3675 732 3710; x_wconf 61' lang='grc' dir='ltr'>ὠ·</span> <span class='ocrx_word' id='word_1_591' title='bbox 749 3677 781 3704; x_wconf 82' lang='lat' dir='ltr'>de</span> <span class='ocrx_word' id='word_1_592' title='bbox 800 3675 828 3705; x_wconf 87' lang='lat' dir='ltr'>Ia</span> <span class='ocrx_word' id='word_1_593' title='bbox 843 3677 966 3714; x_wconf 78' lang='lat' dir='ltr'>Chapelle</span> <span class='ocrx_word' id='word_1_594' title='bbox 976 3700 985 3715; x_wconf 82' lang='lat'>‚</span> 
     </span>
    </p>

    <p class='ocr_par' dir='ltr' id='par_1_55' title="bbox 276 3712 1039 3756">
     <span class='ocr_line' id='line_1_101' title="bbox 276 3712 1039 3756; baseline -0.003 -9"><span class='ocrx_word' id='word_1_595' title='bbox 276 3716 317 3748; x_wconf 85' lang='lat' dir='ltr'>Et</span> <span class='ocrx_word' id='word_1_596' title='bbox 335 3717 475 3756; x_wconf 87' lang='lat' dir='ltr'>Johannis</span> <span class='ocrx_word' id='word_1_597' title='bbox 491 3716 524 3745; x_wconf 77' lang='lat' dir='ltr'>de</span> <span class='ocrx_word' id='word_1_598' title='bbox 540 3715 569 3744; x_wconf 90' lang='lat' dir='ltr'>la</span> <span class='ocrx_word' id='word_1_599' title='bbox 585 3713 708 3752; x_wconf 74' lang='lat' dir='ltr'>chapelle</span> <span class='ocrx_word' id='word_1_600' title='bbox 726 3712 847 3743; x_wconf 87' lang='lat' dir='ltr'>Domini</span> <span class='ocrx_word' id='word_1_601' title='bbox 863 3715 899 3744; x_wconf 87' lang='lat' dir='ltr'>de</span> <span class='ocrx_word' id='word_1_602' title='bbox 918 3714 1039 3752; x_wconf 89' lang='lat' dir='ltr'>Beuues,</span> 
     </span>
    </p>

    <p class='ocr_par' dir='ltr' id='par_1_56' title="bbox 283 3752 1088 3791">
     <span class='ocr_line' id='line_1_102' title="bbox 283 3752 1088 3791; baseline -0.004 -5"><span class='ocrx_word' id='word_1_603' title='bbox 283 3755 393 3786; x_wconf 86' lang='lat' dir='ltr'>Grandi</span> <span class='ocrx_word' id='word_1_604' title='bbox 406 3765 473 3786; x_wconf 91' lang='lat' dir='ltr'>cum</span> <span class='ocrx_word' id='word_1_605' title='bbox 489 3752 622 3785; x_wconf 73' lang='lat' dir='ltr'>instantia</span> <span class='ocrx_word' id='word_1_606' title='bbox 637 3752 860 3790; x_wconf 83' lang='lat' dir='ltr'>supplicaffemus</span> <span class='ocrx_word' id='word_1_607' title='bbox 874 3754 1002 3789; x_wconf 78' lang='lat' dir='ltr'>quatinus</span> <span class='ocrx_word' id='word_1_608' title='bbox 1015 3753 1088 3791; x_wconf 91' lang='lat' dir='ltr'>ipsis,</span> 
     </span>
    </p>

    <p class='ocr_par' dir='ltr' id='par_1_57' title="bbox 245 3790 1300 3944">
     <span class='ocr_line' id='line_1_103' title="bbox 282 3790 1297 3831; baseline -0.001 -8"><span class='ocrx_word' id='word_1_609' title='bbox 282 3793 336 3823; x_wconf 85' lang='lat' dir='ltr'>Per</span> <span class='ocrx_word' id='word_1_610' title='bbox 355 3794 505 3825; x_wconf 81' lang='lat' dir='ltr'>absentiam</span> <span class='ocrx_word' id='word_1_611' title='bbox 529 3790 753 3821; x_wconf 88' lang='lat' dir='ltr'>Metuendiffimi</span> <span class='ocrx_word' id='word_1_612' title='bbox 773 3790 895 3820; x_wconf 81' lang='lat' dir='ltr'>Domini</span> <span class='ocrx_word' id='word_1_613' title='bbox 920 3791 1009 3820; x_wconf 88' lang='lat' dir='ltr'>nostri</span> <span class='ocrx_word' id='word_1_614' title='bbox 1029 3793 1111 3821; x_wconf 67' lang='lat' dir='ltr'>Ducis</span> <span class='ocrx_word' id='word_1_615' title='bbox 1137 3795 1272 3822; x_wconf 75' lang='lat' dir='ltr'>Britaniae</span> <span class='ocrx_word' id='word_1_616' title='bbox 1288 3817 1297 3831; x_wconf 87' lang='lat'>,</span> 
     </span>
     <span class='ocr_line' id='line_1_104' title="bbox 245 3828 1300 3870; baseline 0 -9"><span class='ocrx_word' id='word_1_617' title='bbox 245 3831 344 3862; x_wconf 84' lang='lat' dir='ltr'>Fratris</span> <span class='ocrx_word' id='word_1_618' title='bbox 354 3832 477 3870; x_wconf 86' lang='lat' dir='ltr'>ejusdem</span> <span class='ocrx_word' id='word_1_619' title='bbox 493 3830 599 3869; x_wconf 88' lang='lat' dir='ltr'>Regis,</span> <span class='ocrx_word' id='word_1_620' title='bbox 612 3831 642 3859; x_wconf 92' lang='lat' dir='ltr'>in</span> <span class='ocrx_word' id='word_1_621' title='bbox 656 3828 724 3859; x_wconf 88' lang='lat' dir='ltr'>tristi</span> <span class='ocrx_word' id='word_1_622' title='bbox 740 3828 909 3859; x_wconf 85' lang='lat' dir='ltr'>desolatione</span> <span class='ocrx_word' id='word_1_623' title='bbox 921 3828 1078 3860; x_wconf 87' lang='lat' dir='ltr'>constitutis</span> <span class='ocrx_word' id='word_1_624' title='bbox 1088 3853 1097 3868; x_wconf 88' lang='lat'>‚</span> <span class='ocrx_word' id='word_1_625' title='bbox 1113 3830 1146 3861; x_wconf 90' lang='lat'>&amp;</span> <span class='ocrx_word' id='word_1_626' title='bbox 1163 3839 1192 3861; x_wconf 91' lang='lat' dir='ltr'>ut</span> <span class='ocrx_word' id='word_1_627' title='bbox 1206 3832 1300 3861; x_wconf 85' lang='lat' dir='ltr'>eidem</span> 
     </span>
     <span class='ocr_line' id='line_1_105' title="bbox 248 3866 1299 3908; baseline 0.002 -10"><span class='ocrx_word' id='word_1_628' title='bbox 248 3871 362 3899; x_wconf 78' lang='lat' dir='ltr'>Domino</span> <span class='ocrx_word' id='word_1_629' title='bbox 382 3873 452 3899; x_wconf 85' lang='lat' dir='ltr'>Duci</span> <span class='ocrx_word' id='word_1_630' title='bbox 465 3871 499 3900; x_wconf 91' lang='lat' dir='ltr'>de</span> <span class='ocrx_word' id='word_1_631' title='bbox 514 3877 595 3908; x_wconf 84' lang='lat' dir='ltr'>grato</span> <span class='ocrx_word' id='word_1_632' title='bbox 610 3867 731 3898; x_wconf 89' lang='lat' dir='ltr'>Servitio</span> <span class='ocrx_word' id='word_1_633' title='bbox 743 3866 866 3897; x_wconf 86' lang='lat' dir='ltr'>Domini</span> <span class='ocrx_word' id='word_1_634' title='bbox 887 3866 1011 3896; x_wconf 77' lang='lat' dir='ltr'>Arthuri</span> <span class='ocrx_word' id='word_1_635' title='bbox 1029 3867 1061 3896; x_wconf 85' lang='lat' dir='ltr'>de</span> <span class='ocrx_word' id='word_1_636' title='bbox 1082 3871 1212 3898; x_wconf 81' lang='lat' dir='ltr'>Britania</span> <span class='ocrx_word' id='word_1_637' title='bbox 1233 3869 1255 3899; x_wconf 90' lang='lat' dir='ltr'>F</span> <span class='ocrx_word' id='word_1_638' title='bbox 1257 3880 1299 3900; x_wconf 87' lang='lat' dir='ltr'>ra-</span> 
     </span>
     <span class='ocr_line' id='line_1_106' title="bbox 249 3906 769 3944; baseline -0.002 -8"><span class='ocrx_word' id='word_1_639' title='bbox 249 3908 296 3936; x_wconf 79' lang='lat' dir='ltr'>tris</span> <span class='ocrx_word' id='word_1_640' title='bbox 311 3907 349 3936; x_wconf 84' lang='lat' dir='ltr'>sui</span> <span class='ocrx_word' id='word_1_641' title='bbox 363 3907 501 3938; x_wconf 88' lang='lat' dir='ltr'>Germani</span> <span class='ocrx_word' id='word_1_642' title='bbox 515 3906 656 3944; x_wconf 89' lang='lat' dir='ltr'>provideri</span> <span class='ocrx_word' id='word_1_643' title='bbox 669 3906 769 3942; x_wconf 86' lang='lat' dir='ltr'>valeat,</span> 
     </span>
    </p>

    <p class='ocr_par' dir='ltr' id='par_1_58' title="bbox 252 3942 1300 4060">
     <span class='ocr_line' id='line_1_107' title="bbox 288 3942 1300 3983; baseline 0.003 -11"><span class='ocrx_word' id='word_1_644' title='bbox 288 3942 368 3973; x_wconf 86' lang='lat' dir='ltr'>Idem</span> <span class='ocrx_word' id='word_1_645' title='bbox 384 3944 449 3975; x_wconf 86' lang='lat' dir='ltr'>Rex</span> <span class='ocrx_word' id='word_1_646' title='bbox 467 3954 588 3976; x_wconf 87' lang='lat' dir='ltr'>annuere</span> <span class='ocrx_word' id='word_1_647' title='bbox 604 3944 631 3974; x_wconf 90' lang='lat' dir='ltr'>di</span> <span class='ocrx_word' id='word_1_648' title='bbox 672 3953 760 3974; x_wconf 90' lang='lat' dir='ltr'>aretur</span> <span class='ocrx_word' id='word_1_649' title='bbox 779 3945 811 3975; x_wconf 69' lang='grc' dir='ltr'>ὃς</span> <span class='ocrx_word' id='word_1_650' title='bbox 831 3942 973 3981; x_wconf 85' lang='lat' dir='ltr'>indulgere</span> <span class='ocrx_word' id='word_1_651' title='bbox 998 3943 1204 3983; x_wconf 81' lang='lat' dir='ltr'>Elargationem</span> <span class='ocrx_word' id='word_1_652' title='bbox 1229 3947 1300 3981; x_wconf 74' lang='lat' dir='ltr'>ejus-</span> 
     </span>
     <span class='ocr_line' id='line_1_108' title="bbox 252 3952 1300 4024; baseline 0.002 -13"><span class='ocrx_word' id='word_1_653' title='bbox 252 3981 319 4011; x_wconf 84' lang='lat' dir='ltr'>dem</span> <span class='ocrx_word' id='word_1_654' title='bbox 335 3981 455 4012; x_wconf 86' lang='lat' dir='ltr'>Domini</span> <span class='ocrx_word' id='word_1_655' title='bbox 473 3981 612 4020; x_wconf 82' lang='lat' dir='ltr'>Arthuri,</span> <span class='ocrx_word' id='word_1_656' title='bbox 630 3952 778 4012; x_wconf 49' lang='lat' dir='ltr'>fflisouarii</span> <span class='ocrx_word' id='word_1_657' title='bbox 792 3982 847 4019; x_wconf 88' lang='lat' dir='ltr'>sui,</span> <span class='ocrx_word' id='word_1_658' title='bbox 869 3981 903 4012; x_wconf 91' lang='lat' dir='ltr'>ad</span> <span class='ocrx_word' id='word_1_659' title='bbox 917 3982 1066 4024; x_wconf 78' lang='lat' dir='ltr'>Tempus,</span> <span class='ocrx_word' id='word_1_660' title='bbox 1091 3983 1126 4012; x_wconf 90' lang='lat' dir='ltr'>de</span> <span class='ocrx_word' id='word_1_661' title='bbox 1142 3992 1201 4020; x_wconf 90' lang='lat' dir='ltr'>quo</span> <span class='ocrx_word' id='word_1_662' title='bbox 1219 3983 1300 4013; x_wconf 85' lang='lat' dir='ltr'>Sere—</span> 
     </span>
     <span class='ocr_line' id='line_1_109' title="bbox 252 4019 1299 4060; baseline 0.002 -10"><span class='ocrx_word' id='word_1_663' title='bbox 252 4021 331 4052; x_wconf 82' lang='lat' dir='ltr'>nitati</span> <span class='ocrx_word' id='word_1_664' title='bbox 354 4019 408 4050; x_wconf 82' lang='lat' dir='ltr'>suae</span> <span class='ocrx_word' id='word_1_665' title='bbox 423 4021 612 4059; x_wconf 85' lang='lat' dir='ltr'>complaceret</span> <span class='ocrx_word' id='word_1_666' title='bbox 628 4042 638 4058; x_wconf 92' lang='lat'>,</span> <span class='ocrx_word' id='word_1_667' title='bbox 662 4021 739 4060; x_wconf 83' lang='lat' dir='ltr'>cujus</span> <span class='ocrx_word' id='word_1_668' title='bbox 755 4020 822 4059; x_wconf 89' lang='lat' dir='ltr'>Ope</span> <span class='ocrx_word' id='word_1_669' title='bbox 838 4021 873 4051; x_wconf 89' lang='lat'>&amp;</span> <span class='ocrx_word' id='word_1_670' title='bbox 893 4019 1029 4052; x_wconf 63' lang='lat' dir='ltr'>industria</span> <span class='ocrx_word' id='word_1_671' title='bbox 1047 4021 1170 4052; x_wconf 86' lang='lat' dir='ltr'>creditur</span> <span class='ocrx_word' id='word_1_672' title='bbox 1188 4021 1222 4052; x_wconf 64' lang='grc' dir='ltr'>ὅ(</span> <span class='ocrx_word' id='word_1_673' title='bbox 1240 4021 1299 4059; x_wconf 79' lang='lat' dir='ltr'>spe-</span> 
     </span>
    </p>
   </div>
   <div class='ocr_carea' id='block_1_29' title="bbox 690 125 1942 186">
    <p class='ocr_par' dir='ltr' id='par_1_59' title="bbox 690 125 1942 186">
     <span class='ocr_line' id='line_1_110' title="bbox 690 125 1942 186; baseline 0.005 -17"><span class='ocrx_word' id='word_1_674' title='bbox 690 125 1942 186; x_wconf 77' lang='lat' dir='ltr'>coNVENTIONEs,L1TERAE,</span> 
     </span>
    </p>
   </div>
   <div class='ocr_carea' id='block_1_30' title="bbox 1329 216 2548 794">
    <p class='ocr_par' dir='ltr' id='par_1_60' title="bbox 1329 216 2548 794">
     <span class='ocr_line' id='line_1_111' title="bbox 1329 216 2544 260; baseline 0.011 -14"><span class='ocrx_word' id='word_1_675' title='bbox 1329 222 1403 247; x_wconf 84' lang='lat' dir='ltr'>ratur</span> <span class='ocrx_word' id='word_1_676' title='bbox 1428 216 1539 248; x_wconf 66' lang='lat' dir='ltr'>dietum</span> <span class='ocrx_word' id='word_1_677' title='bbox 1565 221 1709 250; x_wconf 80' lang='lat' dir='ltr'>Dominum</span> <span class='ocrx_word' id='word_1_678' title='bbox 1727 221 1830 250; x_wconf 84' lang='lat' dir='ltr'>Ducem</span> <span class='ocrx_word' id='word_1_679' title='bbox 1848 220 1883 252; x_wconf 87' lang='lat' dir='ltr'>ad</span> <span class='ocrx_word' id='word_1_680' title='bbox 1897 219 1996 260; x_wconf 84' lang='lat' dir='ltr'>priscae</span> <span class='ocrx_word' id='word_1_681' title='bbox 2012 216 2163 253; x_wconf 84' lang='lat' dir='ltr'>Libertatis</span> <span class='ocrx_word' id='word_1_682' title='bbox 2183 216 2287 254; x_wconf 81' lang='lat' dir='ltr'>statum</span> <span class='ocrx_word' id='word_1_683' title='bbox 2303 229 2398 256; x_wconf 80' lang='lat' dir='ltr'>rever-</span> <span class='ocrx_word' id='word_1_684' title='bbox 2411 223 2487 256; x_wconf 83' lang='lat' dir='ltr'>Ann.</span> <span class='ocrx_word' id='word_1_685' title='bbox 2501 223 2544 259; x_wconf 84' lang='lat' dir='ltr'>D.</span> 
     </span>
     <span class='ocr_line' id='line_1_112' title="bbox 1333 254 2520 303; baseline 0.009 -19"><span class='ocrx_word' id='word_1_686' title='bbox 1333 254 1448 293; x_wconf 89' lang='lat' dir='ltr'>surum,</span> <span class='ocrx_word' id='word_1_687' title='bbox 2432 273 2520 303; x_wconf 83' lang='lat'>1420.</span> 
     </span>
     <span class='ocr_line' id='line_1_113' title="bbox 1371 288 2548 340; baseline 0.009 -18"><span class='ocrx_word' id='word_1_688' title='bbox 1371 288 1457 337; x_wconf 84' lang='lat' dir='ltr'>Idem¹</span> <span class='ocrx_word' id='word_1_689' title='bbox 1471 295 1601 325; x_wconf 83' lang='lat' dir='ltr'>Dominus</span> <span class='ocrx_word' id='word_1_690' title='bbox 1619 294 1704 336; x_wconf 80' lang='lat' dir='ltr'>noster</span> <span class='ocrx_word' id='word_1_691' title='bbox 1722 299 1784 326; x_wconf 82' lang='lat' dir='ltr'>Rex</span> <span class='ocrx_word' id='word_1_692' title='bbox 1800 320 1810 335; x_wconf 85' lang='lat'>‚</span> <span class='ocrx_word' id='word_1_693' title='bbox 1833 296 1951 334; x_wconf 86' lang='lat' dir='ltr'>praefatis</span> <span class='ocrx_word' id='word_1_694' title='bbox 1968 295 2106 328; x_wconf 85' lang='lat' dir='ltr'>Precibus</span> <span class='ocrx_word' id='word_1_695' title='bbox 2123 318 2133 336; x_wconf 82' lang='grc'><strong><em>,</em></strong></span> <span class='ocrx_word' id='word_1_696' title='bbox 2155 299 2256 330; x_wconf 85' lang='lat' dir='ltr'>intuitu</span> <span class='ocrx_word' id='word_1_697' title='bbox 2274 296 2308 330; x_wconf 85' lang='lat'>&amp;</span> <span class='ocrx_word' id='word_1_698' title='bbox 2325 307 2396 331; x_wconf 81' lang='lat' dir='ltr'>cori-</span> <span class='ocrx_word' id='word_1_699' title='bbox 2411 308 2473 334; x_wconf 78' lang='lat' dir='ltr'>Hen.</span> <span class='ocrx_word' id='word_1_700' title='bbox 2493 314 2519 340; x_wconf 88' lang='lat'>5.</span> <span class='ocrx_word' id='word_1_701' title='bbox 2544 333 2548 337; x_wconf 80' lang='grc'><strong>,</strong></span> 
     </span>
     <span class='ocr_line' id='line_1_114' title="bbox 1333 331 2396 376; baseline 0.008 -15"><span class='ocrx_word' id='word_1_702' title='bbox 1333 332 1516 368; x_wconf 86' lang='lat' dir='ltr'>templatione</span> <span class='ocrx_word' id='word_1_703' title='bbox 1533 331 1603 363; x_wconf 63' lang='lat' dir='ltr'>dieti</span> <span class='ocrx_word' id='word_1_704' title='bbox 1620 337 1751 365; x_wconf 85' lang='lat' dir='ltr'>Dominus</span> <span class='ocrx_word' id='word_1_705' title='bbox 1768 338 1870 373; x_wconf 86' lang='lat' dir='ltr'>Ducis,</span> <span class='ocrx_word' id='word_1_706' title='bbox 1886 334 2091 373; x_wconf 64' lang='lat' dir='ltr'>dictorumque</span> <span class='ocrx_word' id='word_1_707' title='bbox 2107 336 2347 376; x_wconf 86' lang='lat' dir='ltr'>Supplicantium,</span> <span class='ocrx_word' id='word_1_708' title='bbox 2363 346 2396 371; x_wconf 77' lang='lat' dir='ltr'>ac</span> 
     </span>
     <span class='ocr_line' id='line_1_115' title="bbox 1334 368 2540 417; baseline 0.01 -19"><span class='ocrx_word' id='word_1_709' title='bbox 1334 370 1420 399; x_wconf 75' lang='lat' dir='ltr'>torius</span> <span class='ocrx_word' id='word_1_710' title='bbox 1437 369 1537 413; x_wconf 67' lang='lat' dir='ltr'>Patriae</span> <span class='ocrx_word' id='word_1_711' title='bbox 1556 368 1700 410; x_wconf 82' lang='lat' dir='ltr'>Britaniae‚</span> <span class='ocrx_word' id='word_1_712' title='bbox 1725 374 1744 393; x_wconf 71' lang='lat'>³¹³</span> <span class='ocrx_word' id='word_1_713' title='bbox 1763 374 1903 404; x_wconf 89' lang='lat' dir='ltr'>benivolis</span> <span class='ocrx_word' id='word_1_714' title='bbox 1921 372 2081 404; x_wconf 70' lang='lat' dir='ltr'>Affeciibus</span> <span class='ocrx_word' id='word_1_715' title='bbox 2099 375 2245 407; x_wconf 85' lang='lat' dir='ltr'>inclinatus</span> <span class='ocrx_word' id='word_1_716' title='bbox 2262 399 2273 412; x_wconf 86' lang='lat'>,</span> <span class='ocrx_word' id='word_1_717' title='bbox 2296 375 2394 408; x_wconf 82' lang='lat' dir='ltr'>Reve-</span> <span class='ocrx_word' id='word_1_718' title='bbox 2411 381 2425 397; x_wconf 84' lang='lat'>&#39;</span> <span class='ocrx_word' id='word_1_719' title='bbox 2446 381 2482 408; x_wconf 88' lang='lat' dir='ltr'>X.</span> <span class='ocrx_word' id='word_1_720' title='bbox 2510 389 2540 417; x_wconf 85' lang='lat'>9.</span> 
     </span>
     <span class='ocr_line' id='line_1_116' title="bbox 1333 406 2392 454; baseline 0.008 -18"><span class='ocrx_word' id='word_1_721' title='bbox 1333 407 1437 451; x_wconf 78' lang='lat' dir='ltr'>rendos</span> <span class='ocrx_word' id='word_1_722' title='bbox 1455 418 1485 438; x_wconf 90' lang='lat' dir='ltr'>in</span> <span class='ocrx_word' id='word_1_723' title='bbox 1502 406 1620 439; x_wconf 88' lang='lat' dir='ltr'>Christo</span> <span class='ocrx_word' id='word_1_724' title='bbox 1637 408 1731 440; x_wconf 87' lang='lat' dir='ltr'>Patres</span> <span class='ocrx_word' id='word_1_725' title='bbox 1749 412 1782 442; x_wconf 92' lang='lat'>&amp;</span> <span class='ocrx_word' id='word_1_726' title='bbox 1802 411 1946 442; x_wconf 79' lang='lat' dir='ltr'>Domino‘s</span> <span class='ocrx_word' id='word_1_727' title='bbox 1963 434 1973 449; x_wconf 92' lang='lat'>,</span> <span class='ocrx_word' id='word_1_728' title='bbox 1999 411 2149 450; x_wconf 85' lang='lat' dir='ltr'>Philippum</span> <span class='ocrx_word' id='word_1_729' title='bbox 2166 414 2200 445; x_wconf 91' lang='lat'>&amp;</span> <span class='ocrx_word' id='word_1_730' title='bbox 2216 414 2392 454; x_wconf 84' lang='lat' dir='ltr'>Johannem‚</span> 
     </span>
     <span class='ocr_line' id='line_1_117' title="bbox 1334 444 2394 490; baseline 0.011 -16"><span class='ocrx_word' id='word_1_731' title='bbox 1334 444 1393 486; x_wconf 89' lang='lat' dir='ltr'>Dei</span> <span class='ocrx_word' id='word_1_732' title='bbox 1410 445 1526 484; x_wconf 68' lang='lat' dir='ltr'>Gratia,</span> <span class='ocrx_word' id='word_1_733' title='bbox 1552 448 1758 488; x_wconf 72' lang='lat' dir='ltr'>Wigornienfim</span> <span class='ocrx_word' id='word_1_734' title='bbox 1775 451 1809 481; x_wconf 94' lang='lat'>&amp;</span> <span class='ocrx_word' id='word_1_735' title='bbox 1824 449 1972 490; x_wconf 74' lang='lat' dir='ltr'>Roffinft&#39;m</span> <span class='ocrx_word' id='word_1_736' title='bbox 1990 452 2017 479; x_wconf 86' lang='lat' dir='ltr'><em>E</em></span> <span class='ocrx_word' id='word_1_737' title='bbox 2033 449 2124 489; x_wconf 85' lang='lat' dir='ltr'>iscopos</span> <span class='ocrx_word' id='word_1_738' title='bbox 2139 473 2150 489; x_wconf 88' lang='lat'>,</span> <span class='ocrx_word' id='word_1_739' title='bbox 2175 453 2209 483; x_wconf 88' lang='lat'>&amp;</span> <span class='ocrx_word' id='word_1_740' title='bbox 2228 452 2394 485; x_wconf 88' lang='lat' dir='ltr'>Dominum</span> 
     </span>
     <span class='ocr_line' id='line_1_118' title="bbox 1331 482 2395 528; baseline 0.01 -16"><span class='ocrx_word' id='word_1_741' title='bbox 1331 482 1462 528; x_wconf 67' lang='lat' dir='ltr'>Thomarn</span> <span class='ocrx_word' id='word_1_742' title='bbox 1479 487 1567 515; x_wconf 90' lang='lat' dir='ltr'>Brous</span> <span class='ocrx_word' id='word_1_743' title='bbox 1586 485 1612 516; x_wconf 93' lang='lat' dir='ltr'>L</span> <span class='ocrx_word' id='word_1_744' title='bbox 1648 495 1698 516; x_wconf 90' lang='lat' dir='ltr'>um</span> <span class='ocrx_word' id='word_1_745' title='bbox 1719 486 1883 519; x_wconf 60' lang='lat' dir='ltr'>Doctorem</span> <span class='ocrx_word' id='word_1_746' title='bbox 1899 512 1909 526; x_wconf 91' lang='lat'>,</span> <span class='ocrx_word' id='word_1_747' title='bbox 1927 487 2003 519; x_wconf 88' lang='lat' dir='ltr'>=Con</span> <span class='ocrx_word' id='word_1_748' title='bbox 2035 490 2117 520; x_wconf 89' lang='lat' dir='ltr'>iarios</span> <span class='ocrx_word' id='word_1_749' title='bbox 2143 489 2207 520; x_wconf 84' lang='lat' dir='ltr'>suos</span> <span class='ocrx_word' id='word_1_750' title='bbox 2254 492 2395 524; x_wconf 81' lang='lat' dir='ltr'>ordinavit</span> 
     </span>
     <span class='ocr_line' id='line_1_119' title="bbox 1333 514 2395 569; baseline 0.009 -18"><span class='ocrx_word' id='word_1_751' title='bbox 1333 520 1552 568; x_wconf 76' lang='lat' dir='ltr'>Commisiarios</span> <span class='ocrx_word' id='word_1_752' title='bbox 1568 523 1603 554; x_wconf 89' lang='lat' dir='ltr'>ad</span> <span class='ocrx_word' id='word_1_753' title='bbox 1672 524 1859 569; x_wconf 75' lang='lat' dir='ltr'>nferendum,</span> <span class='ocrx_word' id='word_1_754' title='bbox 1877 527 2142 565; x_wconf 88' lang='lat' dir='ltr'>Concordandum,</span> <span class='ocrx_word' id='word_1_755' title='bbox 2159 528 2193 559; x_wconf 90' lang='lat'>&amp;</span> <span class='ocrx_word' id='word_1_756' title='bbox 2206 514 2395 562; x_wconf 65' lang='lat' dir='ltr'>Concluden-</span> 
     </span>
     <span class='ocr_line' id='line_1_120' title="bbox 1331 558 2396 604; baseline 0.01 -15"><span class='ocrx_word' id='word_1_757' title='bbox 1331 558 1401 590; x_wconf 92' lang='lat' dir='ltr'>dum</span> <span class='ocrx_word' id='word_1_758' title='bbox 1420 560 1605 599; x_wconf 86' lang='lat' dir='ltr'>Nobiscum,</span> <span class='ocrx_word' id='word_1_759' title='bbox 1624 561 1830 594; x_wconf 81' lang='lat' dir='ltr'>Commiffiinis</span> <span class='ocrx_word' id='word_1_760' title='bbox 1842 568 1874 595; x_wconf 86' lang='lat'>&amp;</span> <span class='ocrx_word' id='word_1_761' title='bbox 1890 565 2125 598; x_wconf 87' lang='lat' dir='ltr'>Procuratoribus</span> <span class='ocrx_word' id='word_1_762' title='bbox 2139 566 2321 604; x_wconf 84' lang='lat' dir='ltr'>praefatorum</span> <span class='ocrx_word' id='word_1_763' title='bbox 2336 570 2396 600; x_wconf 85' lang='lat' dir='ltr'>Lo—</span> 
     </span>
     <span class='ocr_line' id='line_1_121' title="bbox 1332 600 2396 645; baseline 0.01 -17"><span class='ocrx_word' id='word_1_764' title='bbox 1332 601 1559 631; x_wconf 87' lang='lat' dir='ltr'>cumtenentium</span> <span class='ocrx_word' id='word_1_765' title='bbox 1583 601 1617 631; x_wconf 89' lang='lat'>&amp;</span> <span class='ocrx_word' id='word_1_766' title='bbox 1644 600 1786 632; x_wconf 89' lang='lat' dir='ltr'>Baronum</span> <span class='ocrx_word' id='word_1_767' title='bbox 1839 602 1875 633; x_wconf 89' lang='lat' dir='ltr'>de</span> <span class='ocrx_word' id='word_1_768' title='bbox 1894 604 1928 634; x_wconf 89' lang='lat'>&amp;</span> <span class='ocrx_word' id='word_1_769' title='bbox 1948 605 2028 643; x_wconf 85' lang='lat' dir='ltr'>super</span> <span class='ocrx_word' id='word_1_770' title='bbox 2046 604 2224 645; x_wconf 87' lang='lat' dir='ltr'>Elargatione</span> <span class='ocrx_word' id='word_1_771' title='bbox 2242 607 2396 645; x_wconf 63' lang='lat' dir='ltr'>praedichi,</span> 
     </span>
     <span class='ocr_line' id='line_1_122' title="bbox 1330 624 2394 705; baseline 0.009 -38"><span class='ocrx_word' id='word_1_772' title='bbox 1330 644 1364 666; x_wconf 83' lang='lat' dir='ltr'>ac</span> <span class='ocrx_word' id='word_1_773' title='bbox 1383 636 1481 705; x_wconf 53' lang='grc' dir='ltr'>Μίρᾴο</span> <span class='ocrx_word' id='word_1_774' title='bbox 1498 661 1508 677; x_wconf 90' lang='grc'>,</span> <span class='ocrx_word' id='word_1_775' title='bbox 1531 639 1566 670; x_wconf 90' lang='lat'>&amp;</span> <span class='ocrx_word' id='word_1_776' title='bbox 1585 639 1692 670; x_wconf 69' lang='lat' dir='ltr'>Formi.</span> <span class='ocrx_word' id='word_1_777' title='bbox 1705 663 1715 678; x_wconf 83' lang='lat'><em>‚</em></span> <span class='ocrx_word' id='word_1_778' title='bbox 1739 649 1772 671; x_wconf 86' lang='lat' dir='ltr'>ac</span> <span class='ocrx_word' id='word_1_779' title='bbox 1790 624 1987 673; x_wconf 63' lang='lat' dir='ltr'>§ecuritatibus</span> <span class='ocrx_word' id='word_1_780' title='bbox 2005 645 2035 674; x_wconf 90' lang='lat' dir='ltr'>in</span> <span class='ocrx_word' id='word_1_781' title='bbox 2054 654 2086 674; x_wconf 89' lang='lat' dir='ltr'>ea</span> <span class='ocrx_word' id='word_1_782' title='bbox 2110 653 2187 682; x_wconf 87' lang='lat' dir='ltr'>parte</span> <span class='ocrx_word' id='word_1_783' title='bbox 2204 646 2341 683; x_wconf 88' lang='lat' dir='ltr'>congruis</span> <span class='ocrx_word' id='word_1_784' title='bbox 2359 646 2394 677; x_wconf 75' lang='grc' dir='ltr'>δε</span> 
     </span>
     <span class='ocr_line' id='line_1_123' title="bbox 1332 684 1483 713; baseline 0.013 -9"><span class='ocrx_word' id='word_1_785' title='bbox 1332 684 1413 712; x_wconf 86' lang='lat' dir='ltr'>requi</span> <span class='ocrx_word' id='word_1_786' title='bbox 1426 684 1483 713; x_wconf 77' lang='lat' dir='ltr'>itis,</span> 
     </span>
     <span class='ocr_line' id='line_1_124' title="bbox 1371 713 2393 753; baseline 0.01 -10"><span class='ocrx_word' id='word_1_787' title='bbox 1371 713 1502 752; x_wconf 83' lang='lat' dir='ltr'>Quarum</span> <span class='ocrx_word' id='word_1_788' title='bbox 1518 714 1767 746; x_wconf 87' lang='lat' dir='ltr'>Commiffionum</span> <span class='ocrx_word' id='word_1_789' title='bbox 1780 716 1813 748; x_wconf 89' lang='lat'>&amp;</span> <span class='ocrx_word' id='word_1_790' title='bbox 1832 716 2099 750; x_wconf 83' lang='lat' dir='ltr'>Procuratoriorum</span> <span class='ocrx_word' id='word_1_791' title='bbox 2109 720 2268 753; x_wconf 88' lang='lat' dir='ltr'>Literarum</span> <span class='ocrx_word' id='word_1_792' title='bbox 2284 721 2393 753; x_wconf 88' lang='lat' dir='ltr'>nostra-</span> 
     </span>
     <span class='ocr_line' id='line_1_125' title="bbox 1331 753 1865 794; baseline 0.007 -13"><span class='ocrx_word' id='word_1_793' title='bbox 1331 758 1395 782; x_wconf 85' lang='lat' dir='ltr'>rum</span> <span class='ocrx_word' id='word_1_794' title='bbox 1409 753 1512 784; x_wconf 90' lang='lat' dir='ltr'>Tenor</span> <span class='ocrx_word' id='word_1_795' title='bbox 1527 754 1667 793; x_wconf 87' lang='lat' dir='ltr'>sequitur,</span> <span class='ocrx_word' id='word_1_796' title='bbox 1684 755 1717 786; x_wconf 73' lang='grc' dir='ltr'>ὃ(</span> <span class='ocrx_word' id='word_1_797' title='bbox 1732 754 1773 785; x_wconf 90' lang='lat' dir='ltr'>est</span> <span class='ocrx_word' id='word_1_798' title='bbox 1789 754 1865 794; x_wconf 83' lang='lat' dir='ltr'>talis,</span> 
     </span>
    </p>
   </div>
   <div class='ocr_carea' id='block_1_31' title="bbox 1330 828 2393 952">
    <p class='ocr_par' dir='ltr' id='par_1_61' title="bbox 1330 828 2393 952">
     <span class='ocr_line' id='line_1_126' title="bbox 1367 828 2326 876; baseline 0.009 -17"><span class='ocrx_word' id='word_1_799' title='bbox 1367 828 1395 859; x_wconf 93' lang='lat' dir='ltr'>A</span> <span class='ocrx_word' id='word_1_800' title='bbox 1408 836 1471 860; x_wconf 90' lang='lat' dir='ltr'>tous</span> <span class='ocrx_word' id='word_1_801' title='bbox 1487 830 1568 861; x_wconf 83' lang='lat' dir='ltr'>ceulx</span> <span class='ocrx_word' id='word_1_802' title='bbox 1578 853 1589 870; x_wconf 88' lang='lat'>,</span> <span class='ocrx_word' id='word_1_803' title='bbox 1605 831 1654 870; x_wconf 86' lang='lat' dir='ltr'>qui</span> <span class='ocrx_word' id='word_1_804' title='bbox 1671 840 1717 862; x_wconf 87' lang='lat' dir='ltr'>ces</span> <span class='ocrx_word' id='word_1_805' title='bbox 1731 832 1867 868; x_wconf 85' lang='lat' dir='ltr'>presentes</span> <span class='ocrx_word' id='word_1_806' title='bbox 1882 841 2015 871; x_wconf 87' lang='lat' dir='ltr'>verront,</span> <span class='ocrx_word' id='word_1_807' title='bbox 2032 843 2070 863; x_wconf 91' lang='lat' dir='ltr'>ou</span> <span class='ocrx_word' id='word_1_808' title='bbox 2084 843 2202 874; x_wconf 81' lang='lat' dir='ltr'>errent,</span> <span class='ocrx_word' id='word_1_809' title='bbox 2220 836 2326 876; x_wconf 69' lang='lat' dir='ltr'>Nom,</span> 
     </span>
     <span class='ocr_line' id='line_1_127' title="bbox 1365 866 2393 910; baseline 0.012 -14"><span class='ocrx_word' id='word_1_810' title='bbox 1365 866 1457 898; x_wconf 80' lang='lat' dir='ltr'>Alain</span> <span class='ocrx_word' id='word_1_811' title='bbox 1481 873 1593 899; x_wconf 80' lang='lat' dir='ltr'>Viconte</span> <span class='ocrx_word' id='word_1_812' title='bbox 1617 870 1650 899; x_wconf 84' lang='lat' dir='ltr'>de</span> <span class='ocrx_word' id='word_1_813' title='bbox 1671 869 1767 900; x_wconf 87' lang='lat' dir='ltr'>Rohan</span> <span class='ocrx_word' id='word_1_814' title='bbox 1790 872 1823 902; x_wconf 89' lang='lat'>&amp;</span> <span class='ocrx_word' id='word_1_815' title='bbox 1847 871 1982 910; x_wconf 86' lang='lat' dir='ltr'>Seigneur</span> <span class='ocrx_word' id='word_1_816' title='bbox 2006 872 2042 903; x_wconf 91' lang='lat' dir='ltr'>de</span> <span class='ocrx_word' id='word_1_817' title='bbox 2066 871 2150 903; x_wconf 87' lang='lat' dir='ltr'>Leon</span> <span class='ocrx_word' id='word_1_818' title='bbox 2168 872 2333 907; x_wconf 89' lang='lat' dir='ltr'>Lieutenant</span> <span class='ocrx_word' id='word_1_819' title='bbox 2355 885 2393 907; x_wconf 81' lang='lat' dir='ltr'>en</span> 
     </span>
     <span class='ocr_line' id='line_1_128' title="bbox 1330 903 2314 952; baseline 0.009 -18"><span class='ocrx_word' id='word_1_820' title='bbox 1330 903 1478 946; x_wconf 86' lang='lat' dir='ltr'>Bretaigne</span> <span class='ocrx_word' id='word_1_821' title='bbox 1490 917 1562 947; x_wconf 87' lang='lat' dir='ltr'>pour</span> <span class='ocrx_word' id='word_1_822' title='bbox 1577 907 1601 937; x_wconf 86' lang='lat' dir='ltr'>le</span> <span class='ocrx_word' id='word_1_823' title='bbox 1614 912 1676 938; x_wconf 88' lang='lat' dir='ltr'>Duc</span> <span class='ocrx_word' id='word_1_824' title='bbox 1689 909 1784 940; x_wconf 87' lang='lat' dir='ltr'>nostre</span> <span class='ocrx_word' id='word_1_825' title='bbox 1800 910 1938 940; x_wconf 87' lang='lat' dir='ltr'>Soverain</span> <span class='ocrx_word' id='word_1_826' title='bbox 1951 910 2086 948; x_wconf 83' lang='lat' dir='ltr'>Seigneur</span> <span class='ocrx_word' id='word_1_827' title='bbox 2102 910 2190 942; x_wconf 86' lang='lat' dir='ltr'>estant</span> <span class='ocrx_word' id='word_1_828' title='bbox 2203 912 2314 952; x_wconf 88' lang='lat' dir='ltr'>absent,</span> 
     </span>
    </p>
   </div>
   <div class='ocr_carea' id='block_1_32' title="bbox 1330 945 2392 1019">
    <p class='ocr_par' dir='ltr' id='par_1_62' title="bbox 1330 945 2392 1019">
     <span class='ocr_line' id='line_1_129' title="bbox 1330 945 2392 1019; baseline 0.011 -47"><span class='ocrx_word' id='word_1_829' title='bbox 1330 946 1427 1019; x_wconf 46' lang='lat' dir='ltr'>chiny</span> <span class='ocrx_word' id='word_1_830' title='bbox 1452 945 1485 974; x_wconf 80' lang='lat' dir='ltr'>de</span> <span class='ocrx_word' id='word_1_831' title='bbox 1509 946 1611 976; x_wconf 80' lang='lat' dir='ltr'><em>Lava!</em></span> <span class='ocrx_word' id='word_1_832' title='bbox 1629 947 1764 986; x_wconf 85' lang='lat' dir='ltr'>Seigneur</span> <span class='ocrx_word' id='word_1_833' title='bbox 1791 948 1828 979; x_wconf 87' lang='lat' dir='ltr'>de</span> <span class='ocrx_word' id='word_1_834' title='bbox 1843 947 1941 979; x_wconf 85' lang='lat' dir='ltr'>Gaure</span> <span class='ocrx_word' id='word_1_835' title='bbox 1959 948 1995 980; x_wconf 89' lang='lat' dir='ltr'>de</span> <span class='ocrx_word' id='word_1_836' title='bbox 2011 948 2161 982; x_wconf 85' lang='lat' dir='ltr'>Montfort</span> <span class='ocrx_word' id='word_1_837' title='bbox 2178 952 2211 983; x_wconf 62' lang='grc' dir='ltr'>ὃς</span> <span class='ocrx_word' id='word_1_838' title='bbox 2229 950 2266 983; x_wconf 80' lang='lat' dir='ltr'>de</span> <span class='ocrx_word' id='word_1_839' title='bbox 2282 951 2307 984; x_wconf 83' lang='lat' dir='ltr'>la</span> <span class='ocrx_word' id='word_1_840' title='bbox 2326 950 2392 984; x_wconf 74' lang='lat' dir='ltr'>Ro-</span> 
     </span>
    </p>
   </div>
   <div class='ocr_carea' id='block_1_33' title="bbox 1323 1020 2394 3403">
    <p class='ocr_par' dir='ltr' id='par_1_63' title="bbox 1369 1020 1938 1063">
     <span class='ocr_line' id='line_1_130' title="bbox 1369 1020 1938 1063; baseline 0.014 -14"><span class='ocrx_word' id='word_1_841' title='bbox 1369 1020 1462 1050; x_wconf 74' lang='lat' dir='ltr'>Alain</span> <span class='ocrx_word' id='word_1_842' title='bbox 1475 1022 1507 1051; x_wconf 73' lang='lat' dir='ltr'>de</span> <span class='ocrx_word' id='word_1_843' title='bbox 1520 1022 1616 1053; x_wconf 87' lang='lat' dir='ltr'>Rohan</span> <span class='ocrx_word' id='word_1_844' title='bbox 1633 1023 1731 1055; x_wconf 87' lang='lat' dir='ltr'>Conte</span> <span class='ocrx_word' id='word_1_845' title='bbox 1744 1024 1780 1055; x_wconf 85' lang='lat' dir='ltr'>de</span> <span class='ocrx_word' id='word_1_846' title='bbox 1795 1025 1938 1063; x_wconf 84' lang='lat' dir='ltr'>Porhoet,</span> 
     </span>
    </p>

    <p class='ocr_par' dir='ltr' id='par_1_64' title="bbox 1367 1059 2085 1104">
     <span class='ocr_line' id='line_1_131' title="bbox 1367 1059 2085 1104; baseline 0.014 -17"><span class='ocrx_word' id='word_1_847' title='bbox 1367 1059 1479 1089; x_wconf 74' lang='lat' dir='ltr'>charles</span> <span class='ocrx_word' id='word_1_848' title='bbox 1496 1061 1527 1089; x_wconf 79' lang='lat' dir='ltr'>de</span> <span class='ocrx_word' id='word_1_849' title='bbox 1542 1062 1639 1092; x_wconf 85' lang='lat' dir='ltr'>Rohan</span> <span class='ocrx_word' id='word_1_850' title='bbox 1653 1062 1714 1092; x_wconf 88' lang='lat' dir='ltr'>Sire</span> <span class='ocrx_word' id='word_1_851' title='bbox 1727 1063 1763 1093; x_wconf 90' lang='lat' dir='ltr'>de</span> <span class='ocrx_word' id='word_1_852' title='bbox 1775 1063 2066 1104; x_wconf 83' lang='lat' dir='ltr'>Guempnegincamp</span> <span class='ocrx_word' id='word_1_853' title='bbox 2075 1089 2085 1104; x_wconf 90' lang='lat'>,</span> 
     </span>
    </p>

    <p class='ocr_par' dir='ltr' id='par_1_65' title="bbox 1367 1098 2153 1144">
     <span class='ocr_line' id='line_1_132' title="bbox 1367 1098 2153 1144; baseline 0.013 -18"><span class='ocrx_word' id='word_1_854' title='bbox 1367 1098 1467 1128; x_wconf 82' lang='lat' dir='ltr'>Robert</span> <span class='ocrx_word' id='word_1_855' title='bbox 1483 1102 1540 1128; x_wconf 83' lang='lat' dir='ltr'>Sire</span> <span class='ocrx_word' id='word_1_856' title='bbox 1554 1101 1586 1130; x_wconf 84' lang='lat' dir='ltr'>de</span> <span class='ocrx_word' id='word_1_857' title='bbox 1602 1100 1823 1142; x_wconf 72' lang='lat' dir='ltr'>chasteaubrient</span> <span class='ocrx_word' id='word_1_858' title='bbox 1837 1104 1871 1134; x_wconf 87' lang='lat'>&amp;</span> <span class='ocrx_word' id='word_1_859' title='bbox 1887 1103 1923 1133; x_wconf 84' lang='lat' dir='ltr'>de</span> <span class='ocrx_word' id='word_1_860' title='bbox 1940 1103 2153 1144; x_wconf 86' lang='lat' dir='ltr'>Montaffilent‚</span> 
     </span>
    </p>

    <p class='ocr_par' dir='ltr' id='par_1_66' title="bbox 1363 1134 2029 1181">
     <span class='ocr_line' id='line_1_133' title="bbox 1363 1134 2029 1181; baseline 0.012 -16"><span class='ocrx_word' id='word_1_861' title='bbox 1363 1134 1463 1173; x_wconf 84' lang='lat' dir='ltr'>Jehan</span> <span class='ocrx_word' id='word_1_862' title='bbox 1477 1141 1534 1167; x_wconf 84' lang='lat' dir='ltr'>Sire</span> <span class='ocrx_word' id='word_1_863' title='bbox 1551 1139 1583 1167; x_wconf 84' lang='lat' dir='ltr'>de</span> <span class='ocrx_word' id='word_1_864' title='bbox 1599 1142 1686 1169; x_wconf 84' lang='lat' dir='ltr'>Rieux</span> <span class='ocrx_word' id='word_1_865' title='bbox 1704 1140 1829 1171; x_wconf 85' lang='lat' dir='ltr'>Viconte</span> <span class='ocrx_word' id='word_1_866' title='bbox 1843 1141 1879 1172; x_wconf 86' lang='lat' dir='ltr'>de</span> <span class='ocrx_word' id='word_1_867' title='bbox 1892 1140 2029 1181; x_wconf 85' lang='lat' dir='ltr'>Douges,</span> 
     </span>
    </p>

    <p class='ocr_par' dir='ltr' id='par_1_67' title="bbox 1366 1174 2175 1220">
     <span class='ocr_line' id='line_1_134' title="bbox 1366 1174 2175 1220; baseline 0.012 -17"><span class='ocrx_word' id='word_1_868' title='bbox 1366 1174 1464 1212; x_wconf 82' lang='lat' dir='ltr'>Jehan</span> <span class='ocrx_word' id='word_1_869' title='bbox 1479 1176 1510 1205; x_wconf 81' lang='lat' dir='ltr'>de</span> <span class='ocrx_word' id='word_1_870' title='bbox 1526 1180 1615 1207; x_wconf 82' lang='lat' dir='ltr'>Craon</span> <span class='ocrx_word' id='word_1_871' title='bbox 1629 1178 1690 1208; x_wconf 90' lang='lat' dir='ltr'>Sire</span> <span class='ocrx_word' id='word_1_872' title='bbox 1703 1178 1739 1210; x_wconf 91' lang='lat' dir='ltr'>de</span> <span class='ocrx_word' id='word_1_873' title='bbox 1751 1179 1777 1210; x_wconf 89' lang='lat' dir='ltr'>la</span> <span class='ocrx_word' id='word_1_874' title='bbox 1790 1179 1866 1210; x_wconf 84' lang='lat' dir='ltr'>Suze</span> <span class='ocrx_word' id='word_1_875' title='bbox 1881 1181 1914 1211; x_wconf 91' lang='lat'>&amp;</span> <span class='ocrx_word' id='word_1_876' title='bbox 1930 1180 1965 1211; x_wconf 92' lang='lat' dir='ltr'>de</span> <span class='ocrx_word' id='word_1_877' title='bbox 1980 1179 2175 1220; x_wconf 86' lang='lat' dir='ltr'>Champtore‚</span> 
     </span>
    </p>

    <p class='ocr_par' dir='ltr' id='par_1_68' title="bbox 1365 1213 2016 1258">
     <span class='ocr_line' id='line_1_135' title="bbox 1365 1213 2016 1258; baseline 0.011 -16"><span class='ocrx_word' id='word_1_878' title='bbox 1365 1213 1465 1251; x_wconf 82' lang='lat' dir='ltr'>Johan</span> <span class='ocrx_word' id='word_1_879' title='bbox 1479 1218 1651 1246; x_wconf 81' lang='lat' dir='ltr'>Tournemine</span> <span class='ocrx_word' id='word_1_880' title='bbox 1669 1216 1729 1247; x_wconf 82' lang='lat' dir='ltr'>Sire</span> <span class='ocrx_word' id='word_1_881' title='bbox 1741 1218 1776 1248; x_wconf 94' lang='lat' dir='ltr'>de</span> <span class='ocrx_word' id='word_1_882' title='bbox 1792 1218 1815 1248; x_wconf 83' lang='lat' dir='ltr'>la</span> <span class='ocrx_word' id='word_1_883' title='bbox 1834 1217 2016 1258; x_wconf 83' lang='lat' dir='ltr'>Hunaudaie,</span> 
     </span>
    </p>

    <p class='ocr_par' dir='ltr' id='par_1_69' title="bbox 1365 1252 2003 1297">
     <span class='ocr_line' id='line_1_136' title="bbox 1365 1252 2003 1297; baseline 0.013 -17"><span class='ocrx_word' id='word_1_884' title='bbox 1365 1252 1471 1290; x_wconf 79' lang='lat' dir='ltr'>Geffioy</span> <span class='ocrx_word' id='word_1_885' title='bbox 1486 1254 1519 1283; x_wconf 83' lang='lat' dir='ltr'>de</span> <span class='ocrx_word' id='word_1_886' title='bbox 1537 1253 1692 1296; x_wconf 70' lang='lat' dir='ltr'>Malestroit</span> <span class='ocrx_word' id='word_1_887' title='bbox 1702 1256 1764 1287; x_wconf 81' lang='lat' dir='ltr'>Sire</span> <span class='ocrx_word' id='word_1_888' title='bbox 1778 1256 1814 1286; x_wconf 83' lang='lat' dir='ltr'>de</span> <span class='ocrx_word' id='word_1_889' title='bbox 1829 1256 2003 1297; x_wconf 81' lang='lat' dir='ltr'>Combour,</span> 
     </span>
    </p>

    <p class='ocr_par' dir='ltr' id='par_1_70' title="bbox 1362 1292 1731 1334">
     <span class='ocr_line' id='line_1_137' title="bbox 1362 1292 1731 1334; baseline 0.016 -16"><span class='ocrx_word' id='word_1_890' title='bbox 1362 1292 1454 1320; x_wconf 81' lang='lat' dir='ltr'>Raoul</span> <span class='ocrx_word' id='word_1_891' title='bbox 1465 1295 1523 1321; x_wconf 81' lang='lat' dir='ltr'>St&#39;re</span> <span class='ocrx_word' id='word_1_892' title='bbox 1537 1293 1569 1322; x_wconf 79' lang='lat' dir='ltr'>de</span> <span class='ocrx_word' id='word_1_893' title='bbox 1583 1294 1731 1334; x_wconf 74' lang='lat' dir='ltr'>Coesuen,</span> 
     </span>
    </p>

    <p class='ocr_par' dir='ltr' id='par_1_71' title="bbox 1365 1306 2069 1374">
     <span class='ocr_line' id='line_1_138' title="bbox 1365 1306 2069 1374; baseline 0.011 -17"><span class='ocrx_word' id='word_1_894' title='bbox 1365 1328 1464 1366; x_wconf 87' lang='lat' dir='ltr'>Jehan</span> <span class='ocrx_word' id='word_1_895' title='bbox 1478 1334 1535 1360; x_wconf 82' lang='lat' dir='ltr'>Sire</span> <span class='ocrx_word' id='word_1_896' title='bbox 1546 1332 1578 1361; x_wconf 84' lang='lat' dir='ltr'>de</span> <span class='ocrx_word' id='word_1_897' title='bbox 1594 1306 1714 1363; x_wconf 60' lang='lat' dir='ltr'>Pen320et</span> <span class='ocrx_word' id='word_1_898' title='bbox 1730 1333 1856 1364; x_wconf 83' lang='lat' dir='ltr'>Admiral</span> <span class='ocrx_word' id='word_1_899' title='bbox 1872 1334 1908 1365; x_wconf 88' lang='lat' dir='ltr'>de</span> <span class='ocrx_word' id='word_1_900' title='bbox 1923 1333 2069 1374; x_wconf 83' lang='lat' dir='ltr'>Bretaign‚</span> 
     </span>
    </p>

    <p class='ocr_par' dir='ltr' id='par_1_72' title="bbox 1365 1370 1995 1411">
     <span class='ocr_line' id='line_1_139' title="bbox 1365 1370 1995 1411; baseline 0.011 -15"><span class='ocrx_word' id='word_1_901' title='bbox 1365 1370 1459 1407; x_wconf 80' lang='lat' dir='ltr'>Guyon</span> <span class='ocrx_word' id='word_1_902' title='bbox 1475 1372 1532 1399; x_wconf 88' lang='lat' dir='ltr'>Sire</span> <span class='ocrx_word' id='word_1_903' title='bbox 1548 1371 1580 1399; x_wconf 84' lang='lat' dir='ltr'>de</span> <span class='ocrx_word' id='word_1_904' title='bbox 1595 1371 1688 1401; x_wconf 85' lang='lat' dir='ltr'>Molac</span> <span class='ocrx_word' id='word_1_905' title='bbox 1701 1374 1733 1403; x_wconf 87' lang='lat'>&amp;</span> <span class='ocrx_word' id='word_1_906' title='bbox 1747 1373 1784 1403; x_wconf 91' lang='lat' dir='ltr'>de</span> <span class='ocrx_word' id='word_1_907' title='bbox 1800 1373 1823 1404; x_wconf 88' lang='lat' dir='ltr'>la</span> <span class='ocrx_word' id='word_1_908' title='bbox 1838 1371 1975 1411; x_wconf 89' lang='lat' dir='ltr'>Chapelle</span> <span class='ocrx_word' id='word_1_909' title='bbox 1985 1396 1995 1411; x_wconf 89' lang='lat'>,</span> 
     </span>
    </p>

    <p class='ocr_par' dir='ltr' id='par_1_73' title="bbox 1365 1404 2000 1450">
     <span class='ocr_line' id='line_1_140' title="bbox 1365 1404 2000 1450; baseline 0.013 -15"><span class='ocrx_word' id='word_1_910' title='bbox 1365 1404 1403 1437; x_wconf 88' lang='lat' dir='ltr'>Et</span> <span class='ocrx_word' id='word_1_911' title='bbox 1417 1406 1516 1450; x_wconf 75' lang='lat' dir='ltr'>Jehan</span> <span class='ocrx_word' id='word_1_912' title='bbox 1533 1408 1565 1438; x_wconf 79' lang='lat' dir='ltr'>de</span> <span class='ocrx_word' id='word_1_913' title='bbox 1580 1409 1610 1439; x_wconf 88' lang='lat' dir='ltr'>la</span> <span class='ocrx_word' id='word_1_914' title='bbox 1623 1410 1737 1450; x_wconf 83' lang='lat' dir='ltr'>chapell</span> <span class='ocrx_word' id='word_1_915' title='bbox 1748 1411 1808 1443; x_wconf 82' lang='lat' dir='ltr'>Sire</span> <span class='ocrx_word' id='word_1_916' title='bbox 1824 1411 1860 1442; x_wconf 90' lang='lat' dir='ltr'>de</span> <span class='ocrx_word' id='word_1_917' title='bbox 1876 1410 2000 1450; x_wconf 87' lang='lat' dir='ltr'>Beuues‚</span> 
     </span>
    </p>

    <p class='ocr_par' dir='ltr' id='par_1_74' title="bbox 1365 1444 1666 1488">
     <span class='ocr_line' id='line_1_141' title="bbox 1365 1444 1666 1488; baseline 0.023 -15"><span class='ocrx_word' id='word_1_918' title='bbox 1365 1444 1465 1475; x_wconf 86' lang='lat' dir='ltr'>Savoir</span> <span class='ocrx_word' id='word_1_919' title='bbox 1481 1447 1579 1478; x_wconf 80' lang='lat' dir='ltr'>saisons</span> <span class='ocrx_word' id='word_1_920' title='bbox 1593 1459 1666 1488; x_wconf 86' lang='lat' dir='ltr'>que,</span> 
     </span>
    </p>

    <p class='ocr_par' dir='ltr' id='par_1_75' title="bbox 1327 1482 2392 1681">
     <span class='ocr_line' id='line_1_142' title="bbox 1365 1482 2391 1529; baseline 0.008 -17"><span class='ocrx_word' id='word_1_921' title='bbox 1365 1482 1473 1528; x_wconf 35' lang='lat' dir='ltr'>Pur&#39;le</span> <span class='ocrx_word' id='word_1_922' title='bbox 1494 1485 1650 1529; x_wconf 81' lang='lat' dir='ltr'>tresgrande</span> <span class='ocrx_word' id='word_1_923' title='bbox 1667 1489 1701 1520; x_wconf 92' lang='lat'>&amp;</span> <span class='ocrx_word' id='word_1_924' title='bbox 1726 1487 1853 1528; x_wconf 79' lang='lat' dir='ltr'>singulier</span> <span class='ocrx_word' id='word_1_925' title='bbox 1874 1488 1994 1527; x_wconf 83' lang='lat' dir='ltr'>Desire,</span> <span class='ocrx_word' id='word_1_926' title='bbox 2013 1498 2070 1527; x_wconf 86' lang='lat' dir='ltr'>que</span> <span class='ocrx_word' id='word_1_927' title='bbox 2084 1487 2172 1520; x_wconf 90' lang='lat' dir='ltr'>Nous</span> <span class='ocrx_word' id='word_1_928' title='bbox 2185 1488 2283 1520; x_wconf 89' lang='lat' dir='ltr'>savons</span> <span class='ocrx_word' id='word_1_929' title='bbox 2295 1488 2391 1521; x_wconf 88' lang='lat' dir='ltr'>nostre</span> 
     </span>
     <span class='ocr_line' id='line_1_143' title="bbox 1327 1517 2391 1561; baseline 0.009 -12"><span class='ocrx_word' id='word_1_930' title='bbox 1327 1517 1461 1552; x_wconf 82' lang='lat' dir='ltr'>Soverain</span> <span class='ocrx_word' id='word_1_931' title='bbox 1477 1523 1615 1561; x_wconf 86' lang='lat' dir='ltr'>Seigneur</span> <span class='ocrx_word' id='word_1_932' title='bbox 1629 1526 1653 1556; x_wconf 89' lang='lat' dir='ltr'>le</span> <span class='ocrx_word' id='word_1_933' title='bbox 1666 1530 1728 1557; x_wconf 92' lang='lat' dir='ltr'>Duc</span> <span class='ocrx_word' id='word_1_934' title='bbox 1743 1528 1821 1557; x_wconf 87' lang='lat' dir='ltr'>avoir</span> <span class='ocrx_word' id='word_1_935' title='bbox 1839 1528 1895 1558; x_wconf 86' lang='lat' dir='ltr'>ala</span> <span class='ocrx_word' id='word_1_936' title='bbox 1913 1528 2083 1558; x_wconf 85' lang='lat' dir='ltr'>Delivrance</span> <span class='ocrx_word' id='word_1_937' title='bbox 2103 1538 2142 1558; x_wconf 94' lang='lat' dir='ltr'>ou</span> <span class='ocrx_word' id='word_1_938' title='bbox 2163 1527 2226 1559; x_wconf 86' lang='lat' dir='ltr'>Essa</span> <span class='ocrx_word' id='word_1_939' title='bbox 2261 1527 2391 1559; x_wconf 83' lang='lat' dir='ltr'>‘ffement</span> 
     </span>
     <span class='ocr_line' id='line_1_144' title="bbox 1327 1558 2392 1604; baseline 0.008 -16"><span class='ocrx_word' id='word_1_940' title='bbox 1327 1558 1364 1589; x_wconf 90' lang='lat' dir='ltr'>de</span> <span class='ocrx_word' id='word_1_941' title='bbox 1378 1560 1403 1591; x_wconf 88' lang='lat' dir='ltr'>la</span> <span class='ocrx_word' id='word_1_942' title='bbox 1416 1559 1537 1592; x_wconf 87' lang='lat' dir='ltr'>Persone</span> <span class='ocrx_word' id='word_1_943' title='bbox 1550 1563 1586 1595; x_wconf 88' lang='lat' dir='ltr'>de</span> <span class='ocrx_word' id='word_1_944' title='bbox 1603 1564 1699 1595; x_wconf 90' lang='lat' dir='ltr'>nostre</span> <span class='ocrx_word' id='word_1_945' title='bbox 1710 1565 1814 1596; x_wconf 84' lang='lat' dir='ltr'>Doubt</span> <span class='ocrx_word' id='word_1_946' title='bbox 1832 1567 1866 1597; x_wconf 67' lang='grc' dir='ltr'>ὅ(</span> <span class='ocrx_word' id='word_1_947' title='bbox 1881 1565 2007 1597; x_wconf 85' lang='lat' dir='ltr'>Puiffant</span> <span class='ocrx_word' id='word_1_948' title='bbox 2021 1567 2155 1604; x_wconf 84' lang='lat' dir='ltr'>Seigneur</span> <span class='ocrx_word' id='word_1_949' title='bbox 2171 1570 2233 1597; x_wconf 84' lang='lat' dir='ltr'>Art</span> <span class='ocrx_word' id='word_1_950' title='bbox 2308 1569 2392 1597; x_wconf 72' lang='lat' dir='ltr'>Conte</span> 
     </span>
     <span class='ocr_line' id='line_1_145' title="bbox 1329 1597 2389 1644; baseline 0.009 -18"><span class='ocrx_word' id='word_1_951' title='bbox 1329 1597 1362 1639; x_wconf 56' lang='grc' dir='ltr'>«ξε</span> <span class='ocrx_word' id='word_1_952' title='bbox 1380 1599 1572 1644; x_wconf 65' lang='grc' dir='ltr'>Βὶιίιριηοιιηάε</span> <span class='ocrx_word' id='word_1_953' title='bbox 1591 1602 1640 1633; x_wconf 90' lang='lat' dir='ltr'>son</span> <span class='ocrx_word' id='word_1_954' title='bbox 1656 1603 1757 1642; x_wconf 88' lang='lat' dir='ltr'>Frere,</span> <span class='ocrx_word' id='word_1_955' title='bbox 1775 1615 1790 1634; x_wconf 88' lang='lat' dir='ltr'>a</span> <span class='ocrx_word' id='word_1_956' title='bbox 1805 1604 1909 1641; x_wconf 88' lang='lat' dir='ltr'>present</span> <span class='ocrx_word' id='word_1_957' title='bbox 1922 1604 2051 1635; x_wconf 86' lang='lat' dir='ltr'>Prisoner</span> <span class='ocrx_word' id='word_1_958' title='bbox 2064 1607 2100 1635; x_wconf 89' lang='lat' dir='ltr'>de</span> <span class='ocrx_word' id='word_1_959' title='bbox 2111 1605 2234 1636; x_wconf 83' lang='lat' dir='ltr'>tressiaut</span> <span class='ocrx_word' id='word_1_960' title='bbox 2252 1605 2287 1637; x_wconf 90' lang='lat'>&amp;</span> <span class='ocrx_word' id='word_1_961' title='bbox 2311 1606 2389 1644; x_wconf 84' lang='lat' dir='ltr'>puis-</span> 
     </span>
     <span class='ocr_line' id='line_1_146' title="bbox 1328 1637 1840 1681; baseline 0.014 -16"><span class='ocrx_word' id='word_1_962' title='bbox 1328 1639 1386 1666; x_wconf 79' lang='lat' dir='ltr'>iant</span> <span class='ocrx_word' id='word_1_963' title='bbox 1405 1637 1508 1669; x_wconf 87' lang='lat' dir='ltr'>Prince</span> <span class='ocrx_word' id='word_1_964' title='bbox 1521 1638 1545 1669; x_wconf 81' lang='lat' dir='ltr'>le</span> <span class='ocrx_word' id='word_1_965' title='bbox 1561 1642 1617 1681; x_wconf 86' lang='lat' dir='ltr'>Roy</span> <span class='ocrx_word' id='word_1_966' title='bbox 1633 1642 1840 1679; x_wconf 77' lang='lat' dir='ltr'>d&#39;Engleterre,</span> 
     </span>
    </p>

    <p class='ocr_par' dir='ltr' id='par_1_76' title="bbox 1327 1674 2390 1780">
     <span class='ocr_line' id='line_1_147' title="bbox 1371 1674 2389 1722; baseline 0.007 -17"><span class='ocrx_word' id='word_1_967' title='bbox 1371 1674 1406 1705; x_wconf 88' lang='lat' dir='ltr'>Et</span> <span class='ocrx_word' id='word_1_968' title='bbox 1431 1687 1447 1707; x_wconf 89' lang='lat' dir='ltr'>a</span> <span class='ocrx_word' id='word_1_969' title='bbox 1472 1676 1510 1707; x_wconf 89' lang='lat' dir='ltr'>fin</span> <span class='ocrx_word' id='word_1_970' title='bbox 1532 1688 1592 1722; x_wconf 30' lang='lat' dir='ltr'>,que</span> <span class='ocrx_word' id='word_1_971' title='bbox 1617 1689 1666 1717; x_wconf 85' lang='lat' dir='ltr'>par</span> <span class='ocrx_word' id='word_1_972' title='bbox 1683 1680 1720 1711; x_wconf 84' lang='lat' dir='ltr'>lui</span> <span class='ocrx_word' id='word_1_973' title='bbox 1738 1682 1789 1711; x_wconf 88' lang='lat' dir='ltr'>soit</span> <span class='ocrx_word' id='word_1_974' title='bbox 1807 1680 1938 1711; x_wconf 82' lang='lat' dir='ltr'>Entendu</span> <span class='ocrx_word' id='word_1_975' title='bbox 1957 1691 1990 1712; x_wconf 89' lang='lat' dir='ltr'>aii</span> <span class='ocrx_word' id='word_1_976' title='bbox 2010 1680 2249 1712; x_wconf 87' lang='lat' dir='ltr'>Gouvernement</span> <span class='ocrx_word' id='word_1_977' title='bbox 2266 1681 2303 1712; x_wconf 87' lang='lat' dir='ltr'>de</span> <span class='ocrx_word' id='word_1_978' title='bbox 2321 1681 2389 1712; x_wconf 88' lang='lat' dir='ltr'>Du·</span> 
     </span>
     <span class='ocr_line' id='line_1_148' title="bbox 1327 1712 2390 1780; baseline 0.006 -37"><span class='ocrx_word' id='word_1_979' title='bbox 1327 1712 1382 1780; x_wconf 46' lang='lat' dir='ltr'>Zhe</span> <span class='ocrx_word' id='word_1_980' title='bbox 1399 1713 1434 1744; x_wconf 89' lang='lat' dir='ltr'>de</span> <span class='ocrx_word' id='word_1_981' title='bbox 1450 1714 1598 1754; x_wconf 84' lang='lat' dir='ltr'>Bretaigne</span> <span class='ocrx_word' id='word_1_982' title='bbox 1613 1728 1650 1748; x_wconf 89' lang='lat' dir='ltr'>en</span> <span class='ocrx_word' id='word_1_983' title='bbox 1667 1717 1806 1751; x_wconf 89' lang='lat' dir='ltr'>l‘absence</span> <span class='ocrx_word' id='word_1_984' title='bbox 1822 1719 1858 1750; x_wconf 90' lang='lat' dir='ltr'>de</span> <span class='ocrx_word' id='word_1_985' title='bbox 1874 1719 1970 1750; x_wconf 87' lang='lat' dir='ltr'>nostre</span> <span class='ocrx_word' id='word_1_986' title='bbox 1983 1720 2025 1750; x_wconf 90' lang='lat' dir='ltr'>dit</span> <span class='ocrx_word' id='word_1_987' title='bbox 2045 1719 2180 1751; x_wconf 86' lang='lat' dir='ltr'>Sovera&#39;in</span> <span class='ocrx_word' id='word_1_988' title='bbox 2198 1719 2335 1760; x_wconf 79' lang='lat' dir='ltr'>seigneur</span> <span class='ocrx_word' id='word_1_989' title='bbox 2362 1720 2390 1749; x_wconf 80' lang='lat' dir='ltr'>Ie</span> 
     </span>
    </p>

    <p class='ocr_par' dir='ltr' id='par_1_77' title="bbox 1359 1763 1389 1781">
     <span class='ocr_line' id='line_1_149' title="bbox 1359 1763 1389 1781; baseline -0.033 0"><span class='ocrx_word' id='word_1_990' title='bbox 1359 1763 1389 1781; x_wconf 75' lang='lat' dir='ltr'>uc</span> 
     </span>
    </p>

    <p class='ocr_par' dir='ltr' id='par_1_78' title="bbox 1326 1776 2394 2023">
     <span class='ocr_line' id='line_1_150' title="bbox 1364 1776 2393 1834; baseline 0.007 -14"><span class='ocrx_word' id='word_1_991' title='bbox 1364 1776 1417 1821; x_wconf 63' lang='lat' dir='ltr'>Su’r</span> <span class='ocrx_word' id='word_1_992' title='bbox 1436 1791 1467 1834; x_wconf 32' lang='lat' dir='ltr'>&#39;la</span> <span class='ocrx_word' id='word_1_993' title='bbox 1491 1792 1583 1829; x_wconf 81' lang='lat' dir='ltr'>quelle</span> <span class='ocrx_word' id='word_1_994' title='bbox 1609 1792 1782 1826; x_wconf 86' lang='lat' dir='ltr'>Delivrance</span> <span class='ocrx_word' id='word_1_995' title='bbox 1800 1805 1838 1826; x_wconf 91' lang='lat' dir='ltr'>ou</span> <span class='ocrx_word' id='word_1_996' title='bbox 1858 1794 2084 1834; x_wconf 84' lang='lat' dir='ltr'>Essargissement</span> <span class='ocrx_word' id='word_1_997' title='bbox 2104 1795 2133 1825; x_wconf 89' lang='lat' dir='ltr'>la</span> <span class='ocrx_word' id='word_1_998' title='bbox 2151 1793 2280 1834; x_wconf 76' lang='lat' dir='ltr'>Ducheffi</span> <span class='ocrx_word' id='word_1_999' title='bbox 2297 1796 2393 1828; x_wconf 91' lang='lat' dir='ltr'>nostre</span> 
     </span>
     <span class='ocr_line' id='line_1_151' title="bbox 1326 1828 2394 1873; baseline 0.006 -15"><span class='ocrx_word' id='word_1_1000' title='bbox 1326 1828 1462 1860; x_wconf 87' lang='lat' dir='ltr'>Soverain</span> <span class='ocrx_word' id='word_1_1001' title='bbox 1487 1830 1584 1863; x_wconf 91' lang='lat' dir='ltr'>Dame</span> <span class='ocrx_word' id='word_1_1002' title='bbox 1608 1833 1642 1863; x_wconf 89' lang='lat'>&amp;</span> <span class='ocrx_word' id='word_1_1003' title='bbox 1668 1832 1756 1864; x_wconf 90' lang='lat' dir='ltr'>Nous</span> <span class='ocrx_word' id='word_1_1004' title='bbox 1783 1844 1870 1864; x_wconf 85' lang='lat' dir='ltr'>avons</span> <span class='ocrx_word' id='word_1_1005' title='bbox 1896 1835 1944 1865; x_wconf 85' lang='lat' dir='ltr'>fait</span> <span class='ocrx_word' id='word_1_1006' title='bbox 1961 1835 2028 1865; x_wconf 86' lang='lat' dir='ltr'>faire</span> <span class='ocrx_word' id='word_1_1007' title='bbox 2045 1833 2166 1873; x_wconf 86' lang='lat' dir='ltr'>pluseurs</span> <span class='ocrx_word' id='word_1_1008' title='bbox 2185 1834 2394 1872; x_wconf 80' lang='lat' dir='ltr'>Supplications</span> 
     </span>
     <span class='ocr_line' id='line_1_152' title="bbox 1327 1868 2392 1910; baseline 0.005 -12"><span class='ocrx_word' id='word_1_1009' title='bbox 1327 1868 1362 1898; x_wconf 88' lang='lat'>&amp;</span> <span class='ocrx_word' id='word_1_1010' title='bbox 1380 1868 1538 1907; x_wconf 85' lang='lat' dir='ltr'>Requestes</span> <span class='ocrx_word' id='word_1_1011' title='bbox 1557 1881 1591 1901; x_wconf 90' lang='lat' dir='ltr'>au</span> <span class='ocrx_word' id='word_1_1012' title='bbox 1609 1871 1651 1903; x_wconf 89' lang='lat' dir='ltr'>dit</span> <span class='ocrx_word' id='word_1_1013' title='bbox 1668 1872 1808 1904; x_wconf 80' lang='lat' dir='ltr'>Treshaut</span> <span class='ocrx_word' id='word_1_1014' title='bbox 1827 1871 1946 1910; x_wconf 87' lang='lat' dir='ltr'>Prince,</span> <span class='ocrx_word' id='word_1_1015' title='bbox 1970 1873 2004 1904; x_wconf 76' lang='grc' dir='ltr'>δε</span> <span class='ocrx_word' id='word_1_1016' title='bbox 2020 1871 2147 1903; x_wconf 84' lang='lat' dir='ltr'>Offertes</span> <span class='ocrx_word' id='word_1_1017' title='bbox 2163 1882 2287 1904; x_wconf 88' lang='lat' dir='ltr'>aucunes</span> <span class='ocrx_word' id='word_1_1018' title='bbox 2306 1872 2392 1903; x_wconf 87' lang='lat' dir='ltr'>Seur-</span> 
     </span>
     <span class='ocr_line' id='line_1_153' title="bbox 1327 1908 2391 1951; baseline 0.005 -15"><span class='ocrx_word' id='word_1_1019' title='bbox 1327 1914 1386 1951; x_wconf 44' lang='lat' dir='ltr'>tes·²</span> <span class='ocrx_word' id='word_1_1020' title='bbox 1402 1916 1460 1938; x_wconf 86' lang='lat' dir='ltr'>tant</span> <span class='ocrx_word' id='word_1_1021' title='bbox 1476 1908 1553 1940; x_wconf 91' lang='lat' dir='ltr'>dela</span> <span class='ocrx_word' id='word_1_1022' title='bbox 1571 1910 1670 1941; x_wconf 86' lang='lat' dir='ltr'>randre</span> <span class='ocrx_word' id='word_1_1023' title='bbox 1689 1910 1857 1949; x_wconf 85' lang='lat' dir='ltr'>Prisonner,</span> <span class='ocrx_word' id='word_1_1024' title='bbox 1877 1921 1994 1942; x_wconf 88' lang='lat' dir='ltr'>comme</span> <span class='ocrx_word' id='word_1_1025' title='bbox 2012 1912 2031 1942; x_wconf 91' lang='lat' dir='ltr'>il</span> <span class='ocrx_word' id='word_1_1026' title='bbox 2051 1910 2110 1950; x_wconf 88' lang='lat' dir='ltr'>est,</span> <span class='ocrx_word' id='word_1_1027' title='bbox 2128 1921 2162 1942; x_wconf 89' lang='lat' dir='ltr'>au</span> <span class='ocrx_word' id='word_1_1028' title='bbox 2176 1910 2248 1950; x_wconf 85' lang='lat' dir='ltr'>Jour</span> <span class='ocrx_word' id='word_1_1029' title='bbox 2269 1911 2303 1941; x_wconf 92' lang='lat'>&amp;</span> <span class='ocrx_word' id='word_1_1030' title='bbox 2320 1911 2391 1941; x_wconf 87' lang='lat' dir='ltr'>Lieu</span> 
     </span>
     <span class='ocr_line' id='line_1_154' title="bbox 1326 1945 2394 1992; baseline 0.004 -17"><span class='ocrx_word' id='word_1_1031' title='bbox 1326 1955 1375 1983; x_wconf 88' lang='lat' dir='ltr'>qui</span> <span class='ocrx_word' id='word_1_1032' title='bbox 1400 1945 1508 1978; x_wconf 87' lang='lat' dir='ltr'>serront</span> <span class='ocrx_word' id='word_1_1033' title='bbox 1530 1948 1680 1980; x_wconf 87' lang='lat' dir='ltr'>ordonnez</span> <span class='ocrx_word' id='word_1_1034' title='bbox 1702 1960 1751 1988; x_wconf 90' lang='lat' dir='ltr'>par</span> <span class='ocrx_word' id='word_1_1035' title='bbox 1776 1951 1802 1982; x_wconf 90' lang='lat' dir='ltr'>le</span> <span class='ocrx_word' id='word_1_1036' title='bbox 1824 1949 1865 1981; x_wconf 92' lang='lat' dir='ltr'>dit</span> <span class='ocrx_word' id='word_1_1037' title='bbox 1883 1950 2005 1982; x_wconf 83' lang='lat' dir='ltr'>trestiaut</span> <span class='ocrx_word' id='word_1_1038' title='bbox 2023 1949 2127 1981; x_wconf 88' lang='lat' dir='ltr'>Prince</span> <span class='ocrx_word' id='word_1_1039' title='bbox 2145 1948 2171 1980; x_wconf 83' lang='lat' dir='ltr'>Ie</span> <span class='ocrx_word' id='word_1_1040' title='bbox 2188 1952 2244 1992; x_wconf 82' lang='lat' dir='ltr'>Roy</span> <span class='ocrx_word' id='word_1_1041' title='bbox 2261 1948 2394 1988; x_wconf 81' lang='lat' dir='ltr'>d&#39;Engle-</span> 
     </span>
     <span class='ocr_line' id='line_1_155' title="bbox 1326 1991 1416 2023; baseline 0 -10"><span class='ocrx_word' id='word_1_1042' title='bbox 1326 1991 1416 2023; x_wconf 77' lang='lat' dir='ltr'>terre,</span> 
     </span>
    </p>

    <p class='ocr_par' dir='ltr' id='par_1_79' title="bbox 1326 2022 2394 2143">
     <span class='ocr_line' id='line_1_156' title="bbox 1363 2022 2391 2066; baseline 0.003 -12"><span class='ocrx_word' id='word_1_1043' title='bbox 1363 2022 1403 2054; x_wconf 87' lang='lat' dir='ltr'>Et</span> <span class='ocrx_word' id='word_1_1044' title='bbox 1425 2033 1496 2063; x_wconf 87' lang='lat' dir='ltr'>que,</span> <span class='ocrx_word' id='word_1_1045' title='bbox 1521 2026 1644 2063; x_wconf 76' lang='lat' dir='ltr'>pendent</span> <span class='ocrx_word' id='word_1_1046' title='bbox 1661 2026 1688 2057; x_wconf 90' lang='lat' dir='ltr'>le</span> <span class='ocrx_word' id='word_1_1047' title='bbox 1709 2026 1751 2058; x_wconf 87' lang='lat' dir='ltr'>dit</span> <span class='ocrx_word' id='word_1_1048' title='bbox 1772 2026 2017 2066; x_wconf 83' lang='lat' dir='ltr'>Essargiffcment‚</span> <span class='ocrx_word' id='word_1_1049' title='bbox 2039 2036 2099 2058; x_wconf 87' lang='lat' dir='ltr'>non</span> <span class='ocrx_word' id='word_1_1050' title='bbox 2121 2026 2206 2065; x_wconf 86' lang='lat' dir='ltr'>faire,</span> <span class='ocrx_word' id='word_1_1051' title='bbox 2232 2036 2281 2066; x_wconf 81' lang='lat' dir='ltr'>par</span> <span class='ocrx_word' id='word_1_1052' title='bbox 2300 2025 2326 2057; x_wconf 91' lang='lat' dir='ltr'>le</span> <span class='ocrx_word' id='word_1_1053' title='bbox 2348 2025 2391 2057; x_wconf 89' lang='lat' dir='ltr'>dit</span> 
     </span>
     <span class='ocr_line' id='line_1_157' title="bbox 1326 2062 2394 2104; baseline 0.005 -14"><span class='ocrx_word' id='word_1_1054' title='bbox 1326 2062 1413 2104; x_wconf 75' lang='lat' dir='ltr'>conte</span> <span class='ocrx_word' id='word_1_1055' title='bbox 1430 2063 1463 2093; x_wconf 84' lang='lat' dir='ltr'>de</span> <span class='ocrx_word' id='word_1_1056' title='bbox 1477 2063 1667 2103; x_wconf 84' lang='lat' dir='ltr'>Richemonde,</span> <span class='ocrx_word' id='word_1_1057' title='bbox 1685 2075 1721 2096; x_wconf 90' lang='lat' dir='ltr'>ne</span> <span class='ocrx_word' id='word_1_1058' title='bbox 1738 2075 1786 2103; x_wconf 89' lang='lat' dir='ltr'>par</span> <span class='ocrx_word' id='word_1_1059' title='bbox 1801 2066 1907 2104; x_wconf 87' lang='lat' dir='ltr'>Nous,</span> <span class='ocrx_word' id='word_1_1060' title='bbox 1926 2076 2034 2097; x_wconf 89' lang='lat' dir='ltr'>aucune</span> <span class='ocrx_word' id='word_1_1061' title='bbox 2048 2064 2134 2096; x_wconf 88' lang='lat' dir='ltr'>chose</span> <span class='ocrx_word' id='word_1_1062' title='bbox 2155 2073 2273 2104; x_wconf 88' lang='lat' dir='ltr'>contre,</span> <span class='ocrx_word' id='word_1_1063' title='bbox 2298 2074 2336 2096; x_wconf 86' lang='lat' dir='ltr'>ne</span> <span class='ocrx_word' id='word_1_1064' title='bbox 2357 2074 2394 2095; x_wconf 88' lang='lat' dir='ltr'>au</span> 
     </span>
     <span class='ocr_line' id='line_1_158' title="bbox 1326 2100 2133 2143; baseline 0.002 -12"><span class='ocrx_word' id='word_1_1065' title='bbox 1326 2100 1470 2137; x_wconf 76' lang='lat' dir='ltr'>preiudice</span> <span class='ocrx_word' id='word_1_1066' title='bbox 1483 2102 1612 2143; x_wconf 90' lang='lat' dir='ltr'>d&#39;icelluy</span> <span class='ocrx_word' id='word_1_1067' title='bbox 1631 2102 1700 2142; x_wconf 90' lang='lat' dir='ltr'>Roy</span> <span class='ocrx_word' id='word_1_1068' title='bbox 1717 2114 1754 2134; x_wconf 90' lang='lat' dir='ltr'>ne</span> <span class='ocrx_word' id='word_1_1069' title='bbox 1767 2104 1802 2134; x_wconf 89' lang='lat' dir='ltr'>de</span> <span class='ocrx_word' id='word_1_1070' title='bbox 1824 2105 1863 2135; x_wconf 85' lang='lat' dir='ltr'>ses</span> <span class='ocrx_word' id='word_1_1071' title='bbox 1882 2105 2032 2143; x_wconf 79' lang='lat' dir='ltr'>subgiz&amp;</span> <span class='ocrx_word' id='word_1_1072' title='bbox 2048 2104 2085 2135; x_wconf 86' lang='lat' dir='ltr'>Pa</span> <span class='ocrx_word' id='word_1_1073' title='bbox 2104 2113 2133 2142; x_wconf 83' lang='lat' dir='ltr'>s,</span> 
     </span>
    </p>

    <p class='ocr_par' dir='ltr' id='par_1_80' title="bbox 1325 2138 2392 2220">
     <span class='ocr_line' id='line_1_159' title="bbox 1365 2138 2392 2180; baseline 0.003 -11"><span class='ocrx_word' id='word_1_1074' title='bbox 1365 2138 1404 2169; x_wconf 87' lang='lat' dir='ltr'>Et</span> <span class='ocrx_word' id='word_1_1075' title='bbox 1419 2141 1489 2179; x_wconf 83' lang='lat' dir='ltr'>ausi,</span> <span class='ocrx_word' id='word_1_1076' title='bbox 1504 2151 1539 2172; x_wconf 91' lang='lat' dir='ltr'>au</span> <span class='ocrx_word' id='word_1_1077' title='bbox 1560 2141 1667 2179; x_wconf 85' lang='lat' dir='ltr'>Regart</span> <span class='ocrx_word' id='word_1_1078' title='bbox 1685 2142 1724 2173; x_wconf 90' lang='lat' dir='ltr'>du</span> <span class='ocrx_word' id='word_1_1079' title='bbox 1737 2143 1855 2174; x_wconf 59' lang='lat' dir='ltr'>Traffite</span> <span class='ocrx_word' id='word_1_1080' title='bbox 1868 2143 1906 2174; x_wconf 91' lang='lat' dir='ltr'>du</span> <span class='ocrx_word' id='word_1_1081' title='bbox 1920 2144 1999 2174; x_wconf 72' lang='lat' dir='ltr'>PAix</span> <span class='ocrx_word' id='word_1_1082' title='bbox 2016 2143 2051 2174; x_wconf 87' lang='lat' dir='ltr'>de</span> <span class='ocrx_word' id='word_1_1083' title='bbox 2093 2152 2191 2180; x_wconf 91' lang='lat' dir='ltr'>rance,</span> <span class='ocrx_word' id='word_1_1084' title='bbox 2211 2151 2269 2172; x_wconf 87' lang='lat' dir='ltr'>non</span> <span class='ocrx_word' id='word_1_1085' title='bbox 2292 2151 2392 2180; x_wconf 88' lang='lat' dir='ltr'>enpes-</span> 
     </span>
     <span class='ocr_line' id='line_1_160' title="bbox 1325 2175 2148 2220; baseline 0.005 -13"><span class='ocrx_word' id='word_1_1086' title='bbox 1325 2175 1394 2207; x_wconf 89' lang='lat' dir='ltr'>cher</span> <span class='ocrx_word' id='word_1_1087' title='bbox 1409 2188 1455 2216; x_wconf 88' lang='lat' dir='ltr'>par</span> <span class='ocrx_word' id='word_1_1088' title='bbox 1470 2179 1526 2209; x_wconf 89' lang='lat' dir='ltr'>Lui</span> <span class='ocrx_word' id='word_1_1089' title='bbox 1538 2202 1547 2218; x_wconf 89' lang='lat'>,</span> <span class='ocrx_word' id='word_1_1090' title='bbox 1566 2190 1602 2211; x_wconf 88' lang='lat' dir='ltr'>ne</span> <span class='ocrx_word' id='word_1_1091' title='bbox 1614 2190 1663 2219; x_wconf 87' lang='lat' dir='ltr'>par</span> <span class='ocrx_word' id='word_1_1092' title='bbox 1676 2180 1782 2219; x_wconf 90' lang='lat' dir='ltr'>Nous,</span> <span class='ocrx_word' id='word_1_1093' title='bbox 1797 2191 1834 2212; x_wconf 87' lang='lat' dir='ltr'>ne</span> <span class='ocrx_word' id='word_1_1094' title='bbox 1850 2183 1930 2213; x_wconf 90' lang='lat' dir='ltr'>venit</span> <span class='ocrx_word' id='word_1_1095' title='bbox 1945 2192 1960 2212; x_wconf 91' lang='lat' dir='ltr'>a</span> <span class='ocrx_word' id='word_1_1096' title='bbox 1973 2182 2148 2220; x_wconf 83' lang='lat' dir='ltr'>l’encontre‚</span> 
     </span>
    </p>

    <p class='ocr_par' dir='ltr' id='par_1_81' title="bbox 1325 2214 2390 2288">
     <span class='ocr_line' id='line_1_161' title="bbox 1325 2214 2390 2288; baseline 0.005 -42"><span class='ocrx_word' id='word_1_1097' title='bbox 1325 2253 1352 2284; x_wconf 75' lang='grc' dir='ltr'>Α</span> <span class='ocrx_word' id='word_1_1098' title='bbox 1362 2214 1399 2247; x_wconf 87' lang='lat' dir='ltr'>Et</span> <span class='ocrx_word' id='word_1_1099' title='bbox 1413 2225 1476 2288; x_wconf 61' lang='lat' dir='ltr'>tgut</span> <span class='ocrx_word' id='word_1_1100' title='bbox 1490 2218 1582 2250; x_wconf 92' lang='lat' dir='ltr'>selonc</span> <span class='ocrx_word' id='word_1_1101' title='bbox 1593 2229 1626 2250; x_wconf 90' lang='lat' dir='ltr'>ce</span> <span class='ocrx_word' id='word_1_1102' title='bbox 1640 2230 1697 2258; x_wconf 86' lang='lat' dir='ltr'>que</span> <span class='ocrx_word' id='word_1_1103' title='bbox 1709 2230 1757 2258; x_wconf 84' lang='lat' dir='ltr'>par</span> <span class='ocrx_word' id='word_1_1104' title='bbox 1773 2221 1800 2251; x_wconf 88' lang='lat' dir='ltr'>le</span> <span class='ocrx_word' id='word_1_1105' title='bbox 1809 2221 1849 2252; x_wconf 90' lang='lat' dir='ltr'>dit</span> <span class='ocrx_word' id='word_1_1106' title='bbox 1857 2220 1977 2251; x_wconf 81' lang='lat' dir='ltr'>Contede</span> <span class='ocrx_word' id='word_1_1107' title='bbox 1989 2219 2153 2251; x_wconf 78' lang='lat' dir='ltr'>Richemond</span> <span class='ocrx_word' id='word_1_1108' title='bbox 2162 2219 2244 2250; x_wconf 84' lang='lat' dir='ltr'>feroit</span> <span class='ocrx_word' id='word_1_1109' title='bbox 2251 2217 2340 2250; x_wconf 84' lang='lat' dir='ltr'>Graie</span> <span class='ocrx_word' id='word_1_1110' title='bbox 2354 2219 2390 2251; x_wconf 62' lang='grc' dir='ltr'>δὲ</span> 
     </span>
    </p>

    <p class='ocr_par' dir='ltr' id='par_1_82' title="bbox 1355 2264 1478 2295">
     <span class='ocr_line' id='line_1_162' title="bbox 1355 2264 1478 2295; baseline 0.016 -10"><span class='ocrx_word' id='word_1_1111' title='bbox 1355 2264 1424 2286; x_wconf 91' lang='lat' dir='ltr'>ccor</span> <span class='ocrx_word' id='word_1_1112' title='bbox 1444 2266 1478 2295; x_wconf 86' lang='lat' dir='ltr'>e,</span> 
     </span>
    </p>

    <p class='ocr_par' dir='ltr' id='par_1_83' title="bbox 1323 2292 2388 2375">
     <span class='ocr_line' id='line_1_163' title="bbox 1361 2292 2388 2337; baseline 0.011 -13"><span class='ocrx_word' id='word_1_1113' title='bbox 1361 2292 1399 2325; x_wconf 88' lang='lat' dir='ltr'>Et</span> <span class='ocrx_word' id='word_1_1114' title='bbox 1414 2294 1457 2325; x_wconf 91' lang='lat' dir='ltr'>sur</span> <span class='ocrx_word' id='word_1_1115' title='bbox 1474 2305 1508 2327; x_wconf 91' lang='lat' dir='ltr'>ce</span> <span class='ocrx_word' id='word_1_1116' title='bbox 1524 2304 1613 2327; x_wconf 71' lang='lat' dir='ltr'>autres</span> <span class='ocrx_word' id='word_1_1117' title='bbox 1632 2297 1742 2329; x_wconf 88' lang='lat' dir='ltr'>Seurtes</span> <span class='ocrx_word' id='word_1_1118' title='bbox 1767 2297 1852 2329; x_wconf 83' lang='lat' dir='ltr'>reeles</span> <span class='ocrx_word' id='word_1_1119' title='bbox 1869 2300 1944 2330; x_wconf 87' lang='lat' dir='ltr'>aient</span> <span class='ocrx_word' id='word_1_1120' title='bbox 1961 2296 2020 2329; x_wconf 88' lang='lat' dir='ltr'>este</span> <span class='ocrx_word' id='word_1_1121' title='bbox 2036 2296 2214 2337; x_wconf 61' lang='lat' dir='ltr'>pourparle&amp;</span> <span class='ocrx_word' id='word_1_1122' title='bbox 2228 2295 2262 2328; x_wconf 88' lang='lat'>&amp;</span> <span class='ocrx_word' id='word_1_1123' title='bbox 2280 2295 2388 2334; x_wconf 66' lang='lat' dir='ltr'>promi·</span> 
     </span>
     <span class='ocr_line' id='line_1_164' title="bbox 1323 2331 1774 2375; baseline 0.011 -13"><span class='ocrx_word' id='word_1_1124' title='bbox 1323 2331 1363 2363; x_wconf 63' lang='lat' dir='ltr'>ses</span> <span class='ocrx_word' id='word_1_1125' title='bbox 1376 2333 1420 2364; x_wconf 88' lang='lat' dir='ltr'>sur</span> <span class='ocrx_word' id='word_1_1126' title='bbox 1434 2344 1540 2366; x_wconf 88' lang='lat' dir='ltr'>aucuns</span> <span class='ocrx_word' id='word_1_1127' title='bbox 1555 2334 1612 2366; x_wconf 85' lang='lat' dir='ltr'>Cas</span> <span class='ocrx_word' id='word_1_1128' title='bbox 1626 2336 1774 2375; x_wconf 81' lang='lat' dir='ltr'>advenuz,</span> 
     </span>
    </p>

    <p class='ocr_par' dir='ltr' id='par_1_84' title="bbox 1323 2370 2392 2558">
     <span class='ocr_line' id='line_1_165' title="bbox 1360 2370 2392 2416; baseline 0.001 -14"><span class='ocrx_word' id='word_1_1129' title='bbox 1360 2370 1497 2403; x_wconf 83' lang='lat' dir='ltr'>Confians</span> <span class='ocrx_word' id='word_1_1130' title='bbox 1511 2383 1532 2416; x_wconf 75' lang='lat'>,²</span> <span class='ocrx_word' id='word_1_1131' title='bbox 1549 2374 1622 2411; x_wconf 87' lang='lat' dir='ltr'>plain</span> <span class='ocrx_word' id='word_1_1132' title='bbox 1639 2385 1668 2405; x_wconf 64' lang='lat' dir='ltr'>es</span> <span class='ocrx_word' id='word_1_1133' title='bbox 1686 2376 1759 2413; x_wconf 88' lang='lat' dir='ltr'>sens,</span> <span class='ocrx_word' id='word_1_1134' title='bbox 1774 2375 1921 2415; x_wconf 86' lang='lat' dir='ltr'>loyautez,</span> <span class='ocrx_word' id='word_1_1135' title='bbox 1938 2376 1973 2408; x_wconf 88' lang='lat'>&amp;</span> <span class='ocrx_word' id='word_1_1136' title='bbox 1988 2375 2139 2414; x_wconf 82' lang='lat' dir='ltr'>prudomie</span> <span class='ocrx_word' id='word_1_1137' title='bbox 2158 2373 2211 2412; x_wconf 90' lang='lat' dir='ltr'>de,</span> <span class='ocrx_word' id='word_1_1138' title='bbox 2230 2381 2289 2404; x_wconf 92' lang='lat' dir='ltr'>noz</span> <span class='ocrx_word' id='word_1_1139' title='bbox 2302 2371 2392 2403; x_wconf 85' lang='lat' dir='ltr'>Tres-</span> 
     </span>
     <span class='ocr_line' id='line_1_166' title="bbox 1323 2408 2390 2450; baseline 0.004 -10"><span class='ocrx_word' id='word_1_1140' title='bbox 1323 2408 1416 2442; x_wconf 83' lang='lat' dir='ltr'>chiers</span> <span class='ocrx_word' id='word_1_1141' title='bbox 1433 2410 1575 2450; x_wconf 73' lang='lat' dir='ltr'>Cenum,</span> <span class='ocrx_word' id='word_1_1142' title='bbox 1593 2414 1626 2444; x_wconf 92' lang='lat'>&amp;</span> <span class='ocrx_word' id='word_1_1143' title='bbox 1646 2424 1718 2445; x_wconf 87' lang='lat' dir='ltr'>vous</span> <span class='ocrx_word' id='word_1_1144' title='bbox 1737 2415 1820 2446; x_wconf 81' lang='lat' dir='ltr'>Ainis</span> <span class='ocrx_word' id='word_1_1145' title='bbox 1841 2414 1994 2445; x_wconf 84' lang='lat' dir='ltr'>Reverend</span> <span class='ocrx_word' id='word_1_1146' title='bbox 2013 2414 2077 2445; x_wconf 90' lang='lat' dir='ltr'>Pier</span> <span class='ocrx_word' id='word_1_1147' title='bbox 2095 2423 2131 2443; x_wconf 87' lang='lat' dir='ltr'>en</span> <span class='ocrx_word' id='word_1_1148' title='bbox 2152 2412 2247 2449; x_wconf 89' lang='lat' dir='ltr'>Dieu,</span> <span class='ocrx_word' id='word_1_1149' title='bbox 2271 2409 2390 2442; x_wconf 81' lang='lat' dir='ltr'>Meffire</span> 
     </span>
     <span class='ocr_line' id='line_1_167' title="bbox 1324 2447 2391 2493; baseline 0.001 -15"><span class='ocrx_word' id='word_1_1150' title='bbox 1324 2447 1424 2487; x_wconf 79' lang='lat' dir='ltr'>Jehan</span> <span class='ocrx_word' id='word_1_1151' title='bbox 1442 2450 1475 2480; x_wconf 82' lang='lat' dir='ltr'>de</span> <span class='ocrx_word' id='word_1_1152' title='bbox 1492 2450 1647 2491; x_wconf 74' lang='lat' dir='ltr'>Malestroit</span> <span class='ocrx_word' id='word_1_1153' title='bbox 1665 2453 1793 2493; x_wconf 65' lang='lat' dir='ltr'>Eveffiue</span> <span class='ocrx_word' id='word_1_1154' title='bbox 1811 2454 1843 2483; x_wconf 81' lang='lat' dir='ltr'>de</span> <span class='ocrx_word' id='word_1_1155' title='bbox 1858 2455 1968 2483; x_wconf 76' lang='lat' dir='ltr'>Nautes</span> <span class='ocrx_word' id='word_1_1156' title='bbox 1988 2452 2159 2484; x_wconf 87' lang='lat' dir='ltr'>Chanceller</span> <span class='ocrx_word' id='word_1_1157' title='bbox 2178 2450 2215 2481; x_wconf 91' lang='lat' dir='ltr'>de</span> <span class='ocrx_word' id='word_1_1158' title='bbox 2233 2449 2364 2487; x_wconf 86' lang='lat' dir='ltr'>Bretaign</span> <span class='ocrx_word' id='word_1_1159' title='bbox 2380 2471 2391 2487; x_wconf 94' lang='lat'>,</span> 
     </span>
     <span class='ocr_line' id='line_1_168' title="bbox 1325 2486 2392 2558; baseline 0 -40"><span class='ocrx_word' id='word_1_1160' title='bbox 1325 2486 1497 2558; x_wconf 28' lang='lat' dir='ltr'>§etSiri&#39;ste</span> <span class='ocrx_word' id='word_1_1161' title='bbox 1523 2490 1697 2522; x_wconf 81' lang='lat' dir='ltr'>Montauban</span> <span class='ocrx_word' id='word_1_1162' title='bbox 1714 2515 1725 2531; x_wconf 92' lang='lat'>,</span> <span class='ocrx_word' id='word_1_1163' title='bbox 1754 2491 1874 2523; x_wconf 80' lang='lat' dir='ltr'>Mess&#39;ire</span> <span class='ocrx_word' id='word_1_1164' title='bbox 1890 2491 1981 2522; x_wconf 83' lang='lat' dir='ltr'>Raoul</span> <span class='ocrx_word' id='word_1_1165' title='bbox 1995 2491 2020 2522; x_wconf 84' lang='lat' dir='ltr'>le</span> <span class='ocrx_word' id='word_1_1166' title='bbox 2037 2494 2104 2530; x_wconf 82' lang='lat' dir='ltr'>Sage</span> <span class='ocrx_word' id='word_1_1167' title='bbox 2123 2488 2257 2521; x_wconf 84' lang='lat' dir='ltr'>Chivaler</span> <span class='ocrx_word' id='word_1_1168' title='bbox 2275 2487 2337 2519; x_wconf 82' lang='lat' dir='ltr'>Sire</span> <span class='ocrx_word' id='word_1_1169' title='bbox 2355 2487 2392 2518; x_wconf 90' lang='lat' dir='ltr'>de</span> 
     </span>
    </p>

    <p class='ocr_par' dir='ltr' id='par_1_85' title="bbox 1365 2536 1521 2559">
     <span class='ocr_line' id='line_1_169' title="bbox 1365 2536 1521 2559; baseline 0.013 -2"><span class='ocrx_word' id='word_1_1170' title='bbox 1365 2536 1407 2558; x_wconf 88' lang='lat' dir='ltr'>int</span> <span class='ocrx_word' id='word_1_1171' title='bbox 1451 2538 1521 2559; x_wconf 78' lang='lat' dir='ltr'>rei-re</span> 
     </span>
    </p>

    <p class='ocr_par' dir='ltr' id='par_1_86' title="bbox 1324 2552 2391 2799">
     <span class='ocr_line' id='line_1_170' title="bbox 1364 2552 2389 2607; baseline -0.002 -11"><span class='ocrx_word' id='word_1_1172' title='bbox 1364 2564 1467 2604; x_wconf 88' lang='lat' dir='ltr'>Iceux,</span> <span class='ocrx_word' id='word_1_1173' title='bbox 1483 2552 1625 2598; x_wconf 63' lang='lat' dir='ltr'>ou&#39;Deux</span> <span class='ocrx_word' id='word_1_1174' title='bbox 1637 2567 1774 2607; x_wconf 81' lang='lat' dir='ltr'>d‘iceulx,</span> <span class='ocrx_word' id='word_1_1175' title='bbox 1791 2578 1878 2599; x_wconf 84' lang='lat' dir='ltr'>avons</span> <span class='ocrx_word' id='word_1_1176' title='bbox 1895 2566 2065 2606; x_wconf 82' lang='lat' dir='ltr'>Constitue,</span> <span class='ocrx_word' id='word_1_1177' title='bbox 2085 2565 2245 2602; x_wconf 84' lang='lat' dir='ltr'>Ordonne‚</span> <span class='ocrx_word' id='word_1_1178' title='bbox 2261 2564 2295 2595; x_wconf 91' lang='lat'>&amp;</span> <span class='ocrx_word' id='word_1_1179' title='bbox 2307 2562 2389 2595; x_wconf 87' lang='lat' dir='ltr'>Esta·</span> 
     </span>
     <span class='ocr_line' id='line_1_171' title="bbox 1326 2602 2391 2647; baseline -0.001 -14"><span class='ocrx_word' id='word_1_1180' title='bbox 1326 2602 1367 2633; x_wconf 84' lang='lat' dir='ltr'>bii</span> <span class='ocrx_word' id='word_1_1181' title='bbox 1382 2628 1392 2642; x_wconf 88' lang='lat'>‚</span> <span class='ocrx_word' id='word_1_1182' title='bbox 1414 2604 1618 2644; x_wconf 86' lang='lat' dir='ltr'>Constituons,</span> <span class='ocrx_word' id='word_1_1183' title='bbox 1644 2606 1838 2645; x_wconf 82' lang='lat' dir='ltr'>Ordounons&#39;,</span> <span class='ocrx_word' id='word_1_1184' title='bbox 1862 2606 1896 2638; x_wconf 91' lang='lat'>&amp;</span> <span class='ocrx_word' id='word_1_1185' title='bbox 1917 2605 2100 2636; x_wconf 83' lang='lat' dir='ltr'>Estabh&#39;ssons</span> <span class='ocrx_word' id='word_1_1186' title='bbox 2120 2602 2391 2647; x_wconf 42' lang='lat' dir='ltr'>Noz&#39;Procureurs</span> 
     </span>
     <span class='ocr_line' id='line_1_172' title="bbox 1324 2641 2391 2719; baseline -0.001 -9"><span class='ocrx_word' id='word_1_1187' title='bbox 1324 2643 1674 2714; x_wconf 47' lang='lat' dir='ltr'>ewam&amp;</span> <span class='ocrx_word' id='word_1_1188' title='bbox 1689 2645 1901 2713; x_wconf 34' lang='lat' dir='ltr'>&amp;sisenes</span> <span class='ocrx_word' id='word_1_1189' title='bbox 1914 2641 2391 2719; x_wconf 54' lang='lat' dir='ltr'>{5332&#39;3„122“‘0¹3⁰{3¹1¹;}1¹r{⁵1335;</span> 
     </span>
     <span class='ocr_line' id='line_1_173' title="bbox 1325 2692 2391 2760; baseline -0.001 -11"><span class='ocrx_word' id='word_1_1190' title='bbox 1325 2728 1360 2748; x_wconf 89' lang='lat' dir='ltr'>au</span> <span class='ocrx_word' id='word_1_1191' title='bbox 1379 2692 1506 2758; x_wconf 60' lang='lat' dir='ltr'>Tencips‚</span> <span class='ocrx_word' id='word_1_1192' title='bbox 1523 2719 1562 2751; x_wconf 90' lang='lat' dir='ltr'>du</span> <span class='ocrx_word' id='word_1_1193' title='bbox 1586 2721 1628 2752; x_wconf 92' lang='lat' dir='ltr'>dit</span> <span class='ocrx_word' id='word_1_1194' title='bbox 1644 2693 1728 2751; x_wconf 53' lang='lat' dir='ltr'>eff„</span> <span class='ocrx_word' id='word_1_1195' title='bbox 1745 2721 1777 2751; x_wconf 81' lang='lat' dir='ltr'>de</span> <span class='ocrx_word' id='word_1_1196' title='bbox 1799 2720 1992 2760; x_wconf 79' lang='lat' dir='ltr'>Richemonde,</span> <span class='ocrx_word' id='word_1_1197' title='bbox 2013 2703 2114 2752; x_wconf 71' lang='lat' dir='ltr'>enve’rs</span> <span class='ocrx_word' id='word_1_1198' title='bbox 2136 2719 2163 2750; x_wconf 91' lang='lat' dir='ltr'>le</span> <span class='ocrx_word' id='word_1_1199' title='bbox 2185 2718 2226 2750; x_wconf 90' lang='lat' dir='ltr'>dit</span> <span class='ocrx_word' id='word_1_1200' title='bbox 2249 2717 2391 2749; x_wconf 83' lang='lat' dir='ltr'>Trestiaut</span> 
     </span>
     <span class='ocr_line' id='line_1_174' title="bbox 1327 2754 1757 2799; baseline 0.012 -14"><span class='ocrx_word' id='word_1_1201' title='bbox 1327 2754 1431 2788; x_wconf 87' lang='lat' dir='ltr'>Prince</span> <span class='ocrx_word' id='word_1_1202' title='bbox 1446 2757 1470 2787; x_wconf 83' lang='lat' dir='ltr'>le</span> <span class='ocrx_word' id='word_1_1203' title='bbox 1484 2760 1539 2799; x_wconf 82' lang='lat' dir='ltr'>Roy</span> <span class='ocrx_word' id='word_1_1204' title='bbox 1552 2759 1757 2798; x_wconf 82' lang='lat' dir='ltr'>d&#39;Engleterre‚</span> 
     </span>
    </p>

    <p class='ocr_par' dir='ltr' id='par_1_87' title="bbox 1328 2793 2391 2941">
     <span class='ocr_line' id='line_1_175' title="bbox 1365 2793 2390 2839; baseline -0.001 -13"><span class='ocrx_word' id='word_1_1205' title='bbox 1365 2795 1403 2826; x_wconf 90' lang='lat' dir='ltr'>Et</span> <span class='ocrx_word' id='word_1_1206' title='bbox 1420 2797 1457 2827; x_wconf 89' lang='lat' dir='ltr'>de</span> <span class='ocrx_word' id='word_1_1207' title='bbox 1471 2796 1553 2835; x_wconf 87' lang='lat' dir='ltr'>faire,</span> <span class='ocrx_word' id='word_1_1208' title='bbox 1569 2807 1622 2836; x_wconf 89' lang='lat' dir='ltr'>pur</span> <span class='ocrx_word' id='word_1_1209' title='bbox 1637 2799 1669 2830; x_wconf 72' lang='grc' dir='ltr'>ὅ(</span> <span class='ocrx_word' id='word_1_1210' title='bbox 1684 2808 1722 2829; x_wconf 91' lang='lat' dir='ltr'>ou</span> <span class='ocrx_word' id='word_1_1211' title='bbox 1737 2797 1825 2829; x_wconf 91' lang='lat' dir='ltr'>Nom</span> <span class='ocrx_word' id='word_1_1212' title='bbox 1841 2798 1878 2829; x_wconf 90' lang='lat' dir='ltr'>de</span> <span class='ocrx_word' id='word_1_1213' title='bbox 1890 2797 1986 2829; x_wconf 89' lang='lat' dir='ltr'>Nouz</span> <span class='ocrx_word' id='word_1_1214' title='bbox 1998 2805 2090 2829; x_wconf 58' lang='lat' dir='ltr'>tout&amp;</span> <span class='ocrx_word' id='word_1_1215' title='bbox 2107 2797 2141 2829; x_wconf 77' lang='grc' dir='ltr'>δε</span> <span class='ocrx_word' id='word_1_1216' title='bbox 2156 2796 2233 2827; x_wconf 88' lang='lat' dir='ltr'>telles</span> <span class='ocrx_word' id='word_1_1217' title='bbox 2255 2793 2390 2839; x_wconf 69' lang='lat' dir='ltr'>Promes-</span> 
     </span>
     <span class='ocr_line' id='line_1_176' title="bbox 1328 2833 2390 2878; baseline 0.002 -15"><span class='ocrx_word' id='word_1_1218' title='bbox 1328 2834 1386 2871; x_wconf 89' lang='lat' dir='ltr'>scs,</span> <span class='ocrx_word' id='word_1_1219' title='bbox 1405 2834 1604 2875; x_wconf 82' lang='lat' dir='ltr'>Obligations‚</span> <span class='ocrx_word' id='word_1_1220' title='bbox 1621 2837 1655 2868; x_wconf 90' lang='lat'>&amp;</span> <span class='ocrx_word' id='word_1_1221' title='bbox 1672 2837 1838 2874; x_wconf 88' lang='lat' dir='ltr'>Seremens,</span> <span class='ocrx_word' id='word_1_1222' title='bbox 1853 2838 1901 2875; x_wconf 90' lang='lat' dir='ltr'>qui</span> <span class='ocrx_word' id='word_1_1223' title='bbox 1916 2836 2008 2867; x_wconf 90' lang='lat' dir='ltr'>seront</span> <span class='ocrx_word' id='word_1_1224' title='bbox 2018 2835 2128 2868; x_wconf 83' lang='lat' dir='ltr'>advisez</span> <span class='ocrx_word' id='word_1_1225' title='bbox 2162 2843 2194 2865; x_wconf 91' lang='lat' dir='ltr'>ui·</span> <span class='ocrx_word' id='word_1_1226' title='bbox 2210 2833 2240 2878; x_wconf 74' lang='lat' dir='ltr'>le</span> <span class='ocrx_word' id='word_1_1227' title='bbox 2264 2834 2331 2863; x_wconf 89' lang='lat' dir='ltr'>bien</span> <span class='ocrx_word' id='word_1_1228' title='bbox 2353 2834 2390 2865; x_wconf 88' lang='lat'>&amp;</span> 
     </span>
     <span class='ocr_line' id='line_1_177' title="bbox 1328 2871 2391 2941; baseline 0.001 -38"><span class='ocrx_word' id='word_1_1229' title='bbox 1328 2872 1418 2941; x_wconf 44' lang='lat'>{922³</span> <span class='ocrx_word' id='word_1_1230' title='bbox 1438 2873 1519 2941; x_wconf 73' lang='lat' dir='ltr'>dedla</span> <span class='ocrx_word' id='word_1_1231' title='bbox 1541 2874 1584 2905; x_wconf 91' lang='lat' dir='ltr'>dit</span> <span class='ocrx_word' id='word_1_1232' title='bbox 1606 2874 1793 2913; x_wconf 83' lang='lat' dir='ltr'>Delivrance,</span> <span class='ocrx_word' id='word_1_1233' title='bbox 1810 2885 1849 2906; x_wconf 92' lang='lat' dir='ltr'>ou</span> <span class='ocrx_word' id='word_1_1234' title='bbox 1872 2874 2118 2914; x_wconf 81' lang='lat' dir='ltr'>Essargiffement,</span> <span class='ocrx_word' id='word_1_1235' title='bbox 2158 2882 2175 2903; x_wconf 94' lang='lat' dir='ltr'>u</span> <span class='ocrx_word' id='word_1_1236' title='bbox 2188 2871 2230 2903; x_wconf 81' lang='lat' dir='ltr'>dit</span> <span class='ocrx_word' id='word_1_1237' title='bbox 2249 2875 2332 2902; x_wconf 83' lang='lat' dir='ltr'>Conte</span> <span class='ocrx_word' id='word_1_1238' title='bbox 2357 2871 2391 2902; x_wconf 77' lang='lat' dir='ltr'>de</span> 
     </span>
    </p>

    <p class='ocr_par' dir='ltr' id='par_1_88' title="bbox 1366 2923 1503 2942">
     <span class='ocr_line' id='line_1_178' title="bbox 1366 2923 1503 2942; baseline 0.007 -1"><span class='ocrx_word' id='word_1_1239' title='bbox 1366 2923 1377 2941; x_wconf 82' lang='lat' dir='ltr'><em>C</em></span> <span class='ocrx_word' id='word_1_1240' title='bbox 1411 2923 1469 2942; x_wconf 72' lang='grc'>711071</span> <span class='ocrx_word' id='word_1_1241' title='bbox 1490 2924 1503 2942; x_wconf 73' lang='lat' dir='ltr'><em>e</em></span> 
     </span>
    </p>

    <p class='ocr_par' dir='ltr' id='par_1_89' title="bbox 1331 2936 2392 3030">
     <span class='ocr_line' id='line_1_179' title="bbox 1367 2936 2392 2991; baseline -0.001 -11"><span class='ocrx_word' id='word_1_1242' title='bbox 1367 2949 1406 2981; x_wconf 88' lang='lat' dir='ltr'>Et</span> <span class='ocrx_word' id='word_1_1243' title='bbox 1420 2950 1469 2981; x_wconf 89' lang='lat' dir='ltr'>des</span> <span class='ocrx_word' id='word_1_1244' title='bbox 1484 2936 1588 2990; x_wconf 70' lang='lat' dir='ltr'>quelles</span> <span class='ocrx_word' id='word_1_1245' title='bbox 1600 2951 1776 2991; x_wconf 80' lang='lat' dir='ltr'>Promess&#39;es,</span> <span class='ocrx_word' id='word_1_1246' title='bbox 1794 2951 1958 2991; x_wconf 65' lang='lat' dir='ltr'>Seremm,</span> <span class='ocrx_word' id='word_1_1247' title='bbox 1973 2951 2007 2983; x_wconf 91' lang='lat'>&amp;</span> <span class='ocrx_word' id='word_1_1248' title='bbox 2023 2950 2222 2990; x_wconf 82' lang='lat' dir='ltr'>obligations,</span> <span class='ocrx_word' id='word_1_1249' title='bbox 2238 2948 2257 2979; x_wconf 88' lang='lat' dir='ltr'>il</span> <span class='ocrx_word' id='word_1_1250' title='bbox 2270 2958 2336 2980; x_wconf 85' lang='lat' dir='ltr'>aura</span> <span class='ocrx_word' id='word_1_1251' title='bbox 2347 2958 2392 2979; x_wconf 84' lang='lat' dir='ltr'>es-</span> 
     </span>
     <span class='ocr_line' id='line_1_180' title="bbox 1331 2989 1655 3030; baseline 0.009 -11"><span class='ocrx_word' id='word_1_1252' title='bbox 1331 2996 1359 3019; x_wconf 89' lang='lat' dir='ltr'>te</span> <span class='ocrx_word' id='word_1_1253' title='bbox 1372 2998 1411 3019; x_wconf 93' lang='lat' dir='ltr'>ou</span> <span class='ocrx_word' id='word_1_1254' title='bbox 1425 2989 1478 3020; x_wconf 87' lang='lat' dir='ltr'>sera</span> <span class='ocrx_word' id='word_1_1255' title='bbox 1492 2991 1655 3030; x_wconf 82' lang='lat' dir='ltr'>d‘Accord,</span> 
     </span>
    </p>

    <p class='ocr_par' dir='ltr' id='par_1_90' title="bbox 1331 3024 2392 3182">
     <span class='ocr_line' id='line_1_181' title="bbox 1366 3024 2392 3067; baseline -0.001 -10"><span class='ocrx_word' id='word_1_1256' title='bbox 1366 3026 1405 3057; x_wconf 91' lang='lat' dir='ltr'>Et</span> <span class='ocrx_word' id='word_1_1257' title='bbox 1425 3029 1490 3059; x_wconf 85' lang='lat' dir='ltr'>ainsi</span> <span class='ocrx_word' id='word_1_1258' title='bbox 1510 3029 1553 3060; x_wconf 85' lang='lat' dir='ltr'>sur</span> <span class='ocrx_word' id='word_1_1259' title='bbox 1575 3030 1670 3060; x_wconf 92' lang='lat' dir='ltr'>icelles</span> <span class='ocrx_word' id='word_1_1260' title='bbox 1684 3029 1812 3061; x_wconf 88' lang='lat' dir='ltr'>Seurtees</span> <span class='ocrx_word' id='word_1_1261' title='bbox 1833 3029 1918 3059; x_wconf 85' lang='lat' dir='ltr'>reeles</span> <span class='ocrx_word' id='word_1_1262' title='bbox 1930 3053 1942 3067; x_wconf 88' lang='lat'>,</span> <span class='ocrx_word' id='word_1_1263' title='bbox 1968 3038 2004 3058; x_wconf 85' lang='lat' dir='ltr'>eti</span> <span class='ocrx_word' id='word_1_1264' title='bbox 2027 3035 2086 3059; x_wconf 90' lang='lat' dir='ltr'>tant</span> <span class='ocrx_word' id='word_1_1265' title='bbox 2099 3036 2155 3065; x_wconf 88' lang='lat' dir='ltr'>que</span> <span class='ocrx_word' id='word_1_1266' title='bbox 2168 3025 2275 3057; x_wconf 88' lang='lat' dir='ltr'>touche</span> <span class='ocrx_word' id='word_1_1267' title='bbox 2293 3024 2392 3057; x_wconf 87' lang='lat' dir='ltr'>nostre</span> 
     </span>
     <span class='ocr_line' id='line_1_182' title="bbox 1331 3064 2390 3106; baseline 0 -11"><span class='ocrx_word' id='word_1_1268' title='bbox 1331 3064 1486 3098; x_wconf 76' lang='lat' dir='ltr'>souverain</span> <span class='ocrx_word' id='word_1_1269' title='bbox 1513 3067 1648 3105; x_wconf 76' lang='lat' dir='ltr'>seigneur</span> <span class='ocrx_word' id='word_1_1270' title='bbox 1671 3067 1697 3097; x_wconf 83' lang='lat' dir='ltr'>le</span> <span class='ocrx_word' id='word_1_1271' title='bbox 1717 3070 1779 3097; x_wconf 85' lang='lat' dir='ltr'>Duc</span> <span class='ocrx_word' id='word_1_1272' title='bbox 1829 3069 1862 3099; x_wconf 66' lang='grc' dir='ltr'>ὃς</span> <span class='ocrx_word' id='word_1_1273' title='bbox 1882 3067 1922 3097; x_wconf 88' lang='lat' dir='ltr'>ses</span> <span class='ocrx_word' id='word_1_1274' title='bbox 1943 3066 2134 3106; x_wconf 85' lang='lat' dir='ltr'>Seigneuries,</span> <span class='ocrx_word' id='word_1_1275' title='bbox 2157 3064 2251 3096; x_wconf 83' lang='lat' dir='ltr'>affisez</span> <span class='ocrx_word' id='word_1_1276' title='bbox 2274 3072 2334 3096; x_wconf 88' lang='lat' dir='ltr'>tant</span> <span class='ocrx_word' id='word_1_1277' title='bbox 2352 3075 2390 3095; x_wconf 88' lang='lat' dir='ltr'>en</span> 
     </span>
     <span class='ocr_line' id='line_1_183' title="bbox 1332 3090 2391 3145; baseline -0.001 -11"><span class='ocrx_word' id='word_1_1278' title='bbox 1332 3103 1356 3134; x_wconf 93' lang='lat' dir='ltr'>F</span> <span class='ocrx_word' id='word_1_1279' title='bbox 1358 3114 1456 3143; x_wconf 83' lang='lat' dir='ltr'>rance,</span> <span class='ocrx_word' id='word_1_1280' title='bbox 1474 3116 1530 3144; x_wconf 89' lang='lat' dir='ltr'>que</span> <span class='ocrx_word' id='word_1_1281' title='bbox 1542 3106 1649 3137; x_wconf 84' lang='lat' dir='ltr'>ailleurs</span> <span class='ocrx_word' id='word_1_1282' title='bbox 1661 3106 1727 3136; x_wconf 88' lang='lat' dir='ltr'>hors</span> <span class='ocrx_word' id='word_1_1283' title='bbox 1735 3105 1773 3136; x_wconf 92' lang='lat' dir='ltr'>du</span> <span class='ocrx_word' id='word_1_1284' title='bbox 1789 3090 1894 3135; x_wconf 74' lang='lat' dir='ltr'>buche</span> <span class='ocrx_word' id='word_1_1285' title='bbox 1908 3105 1945 3137; x_wconf 91' lang='lat' dir='ltr'>de</span> <span class='ocrx_word' id='word_1_1286' title='bbox 1958 3104 2123 3145; x_wconf 81' lang='lat' dir='ltr'>Bretaigne,</span> <span class='ocrx_word' id='word_1_1287' title='bbox 2138 3103 2193 3135; x_wconf 93' lang='lat' dir='ltr'>Lui</span> <span class='ocrx_word' id='word_1_1288' title='bbox 2206 3103 2272 3134; x_wconf 89' lang='lat' dir='ltr'>faire</span> <span class='ocrx_word' id='word_1_1289' title='bbox 2283 3113 2391 3143; x_wconf 89' lang='lat' dir='ltr'>greere,</span> 
     </span>
     <span class='ocr_line' id='line_1_184' title="bbox 1331 3142 2156 3182; baseline 0.001 -10"><span class='ocrx_word' id='word_1_1290' title='bbox 1331 3143 1448 3181; x_wconf 84' lang='lat' dir='ltr'>ratifier,</span> <span class='ocrx_word' id='word_1_1291' title='bbox 1467 3146 1499 3175; x_wconf 72' lang='grc' dir='ltr'>δε</span> <span class='ocrx_word' id='word_1_1292' title='bbox 1513 3154 1687 3182; x_wconf 87' lang='lat' dir='ltr'>approuver,</span> <span class='ocrx_word' id='word_1_1293' title='bbox 1705 3142 1761 3173; x_wconf 92' lang='lat' dir='ltr'>Lui</span> <span class='ocrx_word' id='word_1_1294' title='bbox 1777 3153 1924 3174; x_wconf 85' lang='lat' dir='ltr'>retourner</span> <span class='ocrx_word' id='word_1_1295' title='bbox 1939 3154 1977 3174; x_wconf 91' lang='lat' dir='ltr'>en</span> <span class='ocrx_word' id='word_1_1296' title='bbox 1989 3143 2156 3181; x_wconf 70' lang='lat' dir='ltr'>Franchffe,</span> 
     </span>
    </p>

    <p class='ocr_par' dir='ltr' id='par_1_91' title="bbox 1333 3179 2392 3403">
     <span class='ocr_line' id='line_1_185' title="bbox 1371 3179 2392 3221; baseline 0 -10"><span class='ocrx_word' id='word_1_1297' title='bbox 1371 3180 1554 3213; x_wconf 86' lang='lat' dir='ltr'>Promettons</span> <span class='ocrx_word' id='word_1_1298' title='bbox 1571 3204 1580 3219; x_wconf 81' lang='lat'>‚</span> <span class='ocrx_word' id='word_1_1299' title='bbox 1603 3192 1651 3219; x_wconf 86' lang='lat' dir='ltr'>par</span> <span class='ocrx_word' id='word_1_1300' title='bbox 1670 3191 1728 3211; x_wconf 87' lang='lat' dir='ltr'>noz</span> <span class='ocrx_word' id='word_1_1301' title='bbox 1747 3181 1825 3220; x_wconf 90' lang='lat' dir='ltr'>Foy,</span> <span class='ocrx_word' id='word_1_1302' title='bbox 1851 3183 1884 3214; x_wconf 77' lang='grc' dir='ltr'>δε</span> <span class='ocrx_word' id='word_1_1303' title='bbox 1904 3182 2067 3221; x_wconf 86' lang='lat' dir='ltr'>Seremens,</span> <span class='ocrx_word' id='word_1_1304' title='bbox 2090 3182 2124 3213; x_wconf 89' lang='lat'>&amp;</span> <span class='ocrx_word' id='word_1_1305' title='bbox 2141 3180 2185 3212; x_wconf 90' lang='lat' dir='ltr'>sui·</span> <span class='ocrx_word' id='word_1_1306' title='bbox 2201 3179 2392 3218; x_wconf 86' lang='lat' dir='ltr'>l’Obligation</span> 
     </span>
     <span class='ocr_line' id='line_1_186' title="bbox 1333 3217 2391 3259; baseline 0 -10"><span class='ocrx_word' id='word_1_1307' title='bbox 1333 3218 1369 3248; x_wconf 90' lang='lat' dir='ltr'>de</span> <span class='ocrx_word' id='word_1_1308' title='bbox 1395 3229 1466 3250; x_wconf 89' lang='lat' dir='ltr'>touz</span> <span class='ocrx_word' id='word_1_1309' title='bbox 1482 3229 1540 3250; x_wconf 87' lang='lat' dir='ltr'>noz</span> <span class='ocrx_word' id='word_1_1310' title='bbox 1557 3220 1639 3250; x_wconf 85' lang='lat' dir='ltr'>Biens</span> <span class='ocrx_word' id='word_1_1311' title='bbox 1654 3221 1687 3251; x_wconf 89' lang='lat'>&amp;</span> <span class='ocrx_word' id='word_1_1312' title='bbox 1704 3219 1851 3259; x_wconf 84' lang='lat' dir='ltr'>Heritages</span> <span class='ocrx_word' id='word_1_1313' title='bbox 1865 3245 1873 3259; x_wconf 81' lang='lat'>,</span> <span class='ocrx_word' id='word_1_1314' title='bbox 1903 3223 1982 3251; x_wconf 91' lang='lat' dir='ltr'>avoir</span> <span class='ocrx_word' id='word_1_1315' title='bbox 1999 3221 2101 3251; x_wconf 90' lang='lat' dir='ltr'>Ferme</span> <span class='ocrx_word' id='word_1_1316' title='bbox 2117 3219 2151 3250; x_wconf 65' lang='grc' dir='ltr'>ὃς</span> <span class='ocrx_word' id='word_1_1317' title='bbox 2168 3217 2307 3258; x_wconf 88' lang='lat' dir='ltr'>Agreable</span> <span class='ocrx_word' id='word_1_1318' title='bbox 2325 3227 2391 3249; x_wconf 93' lang='lat' dir='ltr'>tou-</span> 
     </span>
     <span class='ocr_line' id='line_1_187' title="bbox 1333 3257 2391 3301; baseline -0.001 -14"><span class='ocrx_word' id='word_1_1319' title='bbox 1333 3265 1380 3287; x_wconf 84' lang='lat' dir='ltr'>tez.</span> <span class='ocrx_word' id='word_1_1320' title='bbox 1397 3258 1441 3288; x_wconf 88' lang='lat' dir='ltr'>lez</span> <span class='ocrx_word' id='word_1_1321' title='bbox 1456 3258 1570 3296; x_wconf 82' lang='lat' dir='ltr'>choses,</span> <span class='ocrx_word' id='word_1_1322' title='bbox 1595 3260 1643 3296; x_wconf 90' lang='lat' dir='ltr'>qui</span> <span class='ocrx_word' id='word_1_1323' title='bbox 1660 3269 1709 3297; x_wconf 81' lang='lat' dir='ltr'>par</span> <span class='ocrx_word' id='word_1_1324' title='bbox 1727 3268 1786 3289; x_wconf 88' lang='lat' dir='ltr'>noz</span> <span class='ocrx_word' id='word_1_1325' title='bbox 1803 3260 1863 3290; x_wconf 91' lang='lat' dir='ltr'>ditz</span> <span class='ocrx_word' id='word_1_1326' title='bbox 1882 3258 2071 3297; x_wconf 86' lang='lat' dir='ltr'>Procureurs,</span> <span class='ocrx_word' id='word_1_1327' title='bbox 2095 3267 2164 3289; x_wconf 91' lang='lat' dir='ltr'>cum</span> <span class='ocrx_word' id='word_1_1328' title='bbox 2179 3258 2221 3288; x_wconf 92' lang='lat' dir='ltr'>dit</span> <span class='ocrx_word' id='word_1_1329' title='bbox 2235 3257 2294 3295; x_wconf 87' lang='lat' dir='ltr'>est,</span> <span class='ocrx_word' id='word_1_1330' title='bbox 2318 3266 2391 3301; x_wconf 77' lang='lat' dir='ltr'>pout</span> 
     </span>
     <span class='ocr_line' id='line_1_188' title="bbox 1333 3294 2391 3336; baseline 0.004 -11"><span class='ocrx_word' id='word_1_1331' title='bbox 1333 3295 1371 3325; x_wconf 89' lang='lat' dir='ltr'>les</span> <span class='ocrx_word' id='word_1_1332' title='bbox 1387 3297 1478 3326; x_wconf 66' lang='lat' dir='ltr'>causes</span> <span class='ocrx_word' id='word_1_1333' title='bbox 1495 3297 1676 3335; x_wconf 66' lang='lat' dir='ltr'>deffuffiitez,</span> <span class='ocrx_word' id='word_1_1334' title='bbox 1699 3297 1806 3328; x_wconf 86' lang='lat' dir='ltr'>serront</span> <span class='ocrx_word' id='word_1_1335' title='bbox 1823 3298 1947 3328; x_wconf 69' lang='lat' dir='ltr'>Traitiec</span> <span class='ocrx_word' id='word_1_1336' title='bbox 1960 3323 1970 3336; x_wconf 85' lang='lat'>,</span> <span class='ocrx_word' id='word_1_1337' title='bbox 1996 3297 2142 3329; x_wconf 88' lang='lat' dir='ltr'>Accordes</span> <span class='ocrx_word' id='word_1_1338' title='bbox 2154 3321 2164 3334; x_wconf 86' lang='lat'>,</span> <span class='ocrx_word' id='word_1_1339' title='bbox 2186 3298 2221 3328; x_wconf 89' lang='lat'>&amp;</span> <span class='ocrx_word' id='word_1_1340' title='bbox 2239 3305 2289 3334; x_wconf 85' lang='lat' dir='ltr'>par</span> <span class='ocrx_word' id='word_1_1341' title='bbox 2307 3294 2334 3325; x_wconf 89' lang='lat' dir='ltr'>le</span> <span class='ocrx_word' id='word_1_1342' title='bbox 2347 3294 2391 3326; x_wconf 71' lang='lat' dir='ltr'>dit</span> 
     </span>
     <span class='ocr_line' id='line_1_189' title="bbox 1334 3333 2391 3403; baseline 0.001 -41"><span class='ocrx_word' id='word_1_1343' title='bbox 1334 3336 1424 3403; x_wconf 44' lang='lat' dir='ltr'>fonti}</span> <span class='ocrx_word' id='word_1_1344' title='bbox 1435 3335 1467 3364; x_wconf 83' lang='lat' dir='ltr'>de</span> <span class='ocrx_word' id='word_1_1345' title='bbox 1486 3334 1648 3366; x_wconf 61' lang='lat' dir='ltr'>Richemond</span> <span class='ocrx_word' id='word_1_1346' title='bbox 1663 3335 1754 3368; x_wconf 70' lang='lat' dir='ltr'>Grees</span> <span class='ocrx_word' id='word_1_1347' title='bbox 1770 3337 1803 3368; x_wconf 87' lang='lat'>&amp;</span> <span class='ocrx_word' id='word_1_1348' title='bbox 1821 3337 1998 3376; x_wconf 84' lang='lat' dir='ltr'>Appointes‚</span> <span class='ocrx_word' id='word_1_1349' title='bbox 2022 3337 2055 3368; x_wconf 74' lang='grc' dir='ltr'>δι</span> <span class='ocrx_word' id='word_1_1350' title='bbox 2074 3335 2167 3367; x_wconf 87' lang='lat' dir='ltr'>icelles</span> <span class='ocrx_word' id='word_1_1351' title='bbox 2183 3335 2254 3366; x_wconf 89' lang='lat' dir='ltr'>tenir</span> <span class='ocrx_word' id='word_1_1352' title='bbox 2268 3333 2326 3364; x_wconf 76' lang='lat' dir='ltr'>fiins</span> <span class='ocrx_word' id='word_1_1353' title='bbox 2341 3342 2391 3363; x_wconf 88' lang='lat' dir='ltr'>en-</span> 
     </span>
    </p>

    <p class='ocr_par' dir='ltr' id='par_1_92' title="bbox 1348 3382 1465 3403">
     <span class='ocr_line' id='line_1_190' title="bbox 1348 3382 1465 3403; baseline 0.026 -3"><span class='ocrx_word' id='word_1_1354' title='bbox 1348 3382 1404 3402; x_wconf 68' lang='lat' dir='ltr'>ralss</span> <span class='ocrx_word' id='word_1_1355' title='bbox 1427 3383 1465 3403; x_wconf 76' lang='lat' dir='ltr'>se.</span> 
     </span>
    </p>
   </div>
   <div class='ocr_carea' id='block_1_34' title="bbox 1335 3447 2495 3643">
    <p class='ocr_par' dir='ltr' id='par_1_93' title="bbox 1335 3447 2495 3633">
     <span class='ocr_line' id='line_1_191' title="bbox 1371 3447 2389 3489; baseline 0.002 -10"><span class='ocrx_word' id='word_1_1356' title='bbox 1371 3448 1480 3480; x_wconf 89' lang='lat' dir='ltr'>Donne</span> <span class='ocrx_word' id='word_1_1357' title='bbox 1496 3450 1586 3481; x_wconf 88' lang='lat' dir='ltr'>soubz</span> <span class='ocrx_word' id='word_1_1358' title='bbox 1603 3451 1647 3482; x_wconf 83' lang='lat' dir='ltr'>lez</span> <span class='ocrx_word' id='word_1_1359' title='bbox 1665 3451 1763 3482; x_wconf 84' lang='lat' dir='ltr'>Seaulx</span> <span class='ocrx_word' id='word_1_1360' title='bbox 1778 3451 1814 3483; x_wconf 88' lang='lat' dir='ltr'>de</span> <span class='ocrx_word' id='word_1_1361' title='bbox 1829 3461 1901 3484; x_wconf 86' lang='lat' dir='ltr'>nous</span> <span class='ocrx_word' id='word_1_1362' title='bbox 1919 3450 2103 3489; x_wconf 82' lang='lat' dir='ltr'>Lieutenant,</span> <span class='ocrx_word' id='word_1_1363' title='bbox 2125 3451 2160 3482; x_wconf 94' lang='lat'>&amp;</span> <span class='ocrx_word' id='word_1_1364' title='bbox 2178 3447 2300 3487; x_wconf 83' lang='lat' dir='ltr'>piuseurs</span> <span class='ocrx_word' id='word_1_1365' title='bbox 2317 3457 2389 3477; x_wconf 81' lang='lat' dir='ltr'>nous</span> 
     </span>
     <span class='ocr_line' id='line_1_192' title="bbox 1335 3484 2484 3562; baseline 0.002 -5"><span class='ocrx_word' id='word_1_1366' title='bbox 1335 3496 1451 3526; x_wconf 44' lang='lat' dir='ltr'>m*</span> <span class='ocrx_word' id='word_1_1367' title='bbox 1476 3490 1945 3559; x_wconf 51' lang='lat' dir='ltr'>cyifaljfeicssa‘ssissPssgznssusaiisse</span> <span class='ocrx_word' id='word_1_1368' title='bbox 1961 3484 2390 3562; x_wconf 56' lang='lat' dir='ltr'>²ass²sffiiss³i¹⁶ffizds⁶affg¹nssuiifi</span> <span class='ocrx_word' id='word_1_1369' title='bbox 2419 3528 2439 3548; x_wconf 89' lang='lat'><strong>·</strong></span> <span class='ocrx_word' id='word_1_1370' title='bbox 2457 3528 2484 3559; x_wconf 82' lang='lat' dir='ltr'>x</span> 
     </span>
     <span class='ocr_line' id='line_1_193' title="bbox 1335 3535 2495 3633; baseline 0 -38"><span class='ocrx_word' id='word_1_1371' title='bbox 1335 3535 1497 3633; x_wconf 37' lang='lat' dir='ltr'>{illu-[erlegz&#39;flle</span> <span class='ocrx_word' id='word_1_1372' title='bbox 1515 3566 1676 3604; x_wconf 82' lang='lat' dir='ltr'>Qinzime</span> <span class='ocrx_word' id='word_1_1373' title='bbox 1690 3567 1763 3606; x_wconf 89' lang='lat' dir='ltr'>Jour</span> <span class='ocrx_word' id='word_1_1374' title='bbox 1777 3567 1814 3598; x_wconf 90' lang='lat' dir='ltr'>de</span> <span class='ocrx_word' id='word_1_1375' title='bbox 1827 3550 2015 3607; x_wconf 77' lang='lat' dir='ltr'>Juign,’l&#39;Ao</span> <span class='ocrx_word' id='word_1_1376' title='bbox 2034 3564 2108 3603; x_wconf 88' lang='lat' dir='ltr'>Mil,</span> <span class='ocrx_word' id='word_1_1377' title='bbox 2134 3563 2330 3602; x_wconf 70' lang='lat' dir='ltr'>Qanecem,</span> <span class='ocrx_word' id='word_1_1378' title='bbox 2354 3563 2389 3595; x_wconf 86' lang='lat'>&amp;</span> <span class='ocrx_word' id='word_1_1379' title='bbox 2405 3578 2447 3600; x_wconf 83' lang='grc' dir='ltr'>ιο,</span> <span class='ocrx_word' id='word_1_1380' title='bbox 2487 3550 2495 3560; x_wconf 63' lang='lat'><strong><em>⁴</em></strong></span> 
     </span>
    </p>

    <p class='ocr_par' dir='ltr' id='par_1_94' title="bbox 1367 3613 1436 3643">
     <span class='ocr_line' id='line_1_194' title="bbox 1367 3613 1436 3643; baseline 0 -11"><span class='ocrx_word' id='word_1_1381' title='bbox 1367 3613 1436 3643; x_wconf 84' lang='lat' dir='ltr'>ingt.</span> 
     </span>
    </p>
   </div>
   <div class='ocr_carea' id='block_1_35' title="bbox 1468 3679 1673 3720">
    <p class='ocr_par' dir='ltr' id='par_1_95' title="bbox 1468 3679 1673 3720">
     <span class='ocr_line' id='line_1_195' title="bbox 1468 3679 1673 3720; baseline 0.01 -10"><span class='ocrx_word' id='word_1_1382' title='bbox 1468 3679 1552 3718; x_wconf 82' lang='lat' dir='ltr'>Ainsy</span> <span class='ocrx_word' id='word_1_1383' title='bbox 1570 3680 1656 3720; x_wconf 86' lang='lat' dir='ltr'>Signe</span> <span class='ocrx_word' id='word_1_1384' title='bbox 1664 3706 1673 3719; x_wconf 90' lang='lat'>,</span> 
     </span>
    </p>
   </div>
   <div class='ocr_carea' id='block_1_36' title="bbox 1833 3750 2319 3832">
    <p class='ocr_par' dir='ltr' id='par_1_96' title="bbox 1833 3750 2319 3832">
     <span class='ocr_line' id='line_1_196' title="bbox 1833 3750 2231 3792; baseline -0.005 -6"><span class='ocrx_word' id='word_1_1385' title='bbox 1833 3753 1972 3786; x_wconf 57' lang='lat' dir='ltr'>Anam</span> <span class='ocrx_word' id='word_1_1386' title='bbox 1992 3762 2039 3784; x_wconf 79' lang='lat' dir='ltr'>DE</span> <span class='ocrx_word' id='word_1_1387' title='bbox 2060 3750 2231 3792; x_wconf 65' lang='lat' dir='ltr'>Romu,</span> 
     </span>
     <span class='ocr_line' id='line_1_197' title="bbox 1835 3791 2319 3832; baseline -0.002 -8"><span class='ocrx_word' id='word_1_1388' title='bbox 1835 3793 1990 3824; x_wconf 69' lang='lat' dir='ltr'>Guvon</span> <span class='ocrx_word' id='word_1_1389' title='bbox 2012 3791 2319 3832; x_wconf 65' lang='lat' dir='ltr'>neLmAL,&amp;c.</span> 
     </span>
    </p>
   </div>
   <div class='ocr_carea' id='block_1_37' title="bbox 1339 3867 2392 4025">
    <p class='ocr_par' dir='ltr' id='par_1_97' title="bbox 1377 3867 2303 3909">
     <span class='ocr_line' id='line_1_198' title="bbox 1377 3867 2303 3909; baseline 0.001 -9"><span class='ocrx_word' id='word_1_1390' title='bbox 1377 3869 1405 3900; x_wconf 90' lang='lat' dir='ltr'>A</span> <span class='ocrx_word' id='word_1_1391' title='bbox 1421 3878 1483 3902; x_wconf 84' lang='lat' dir='ltr'>tous</span> <span class='ocrx_word' id='word_1_1392' title='bbox 1497 3879 1569 3902; x_wconf 86' lang='lat' dir='ltr'>ceux</span> <span class='ocrx_word' id='word_1_1393' title='bbox 1577 3894 1586 3909; x_wconf 84' lang='lat'>‚</span> <span class='ocrx_word' id='word_1_1394' title='bbox 1603 3873 1651 3909; x_wconf 87' lang='lat' dir='ltr'>qui</span> <span class='ocrx_word' id='word_1_1395' title='bbox 1667 3881 1714 3901; x_wconf 85' lang='lat' dir='ltr'>ces</span> <span class='ocrx_word' id='word_1_1396' title='bbox 1726 3869 1868 3901; x_wconf 85' lang='lat' dir='ltr'>Presentes</span> <span class='ocrx_word' id='word_1_1397' title='bbox 1881 3876 1997 3900; x_wconf 81' lang='lat' dir='ltr'>verront</span> <span class='ocrx_word' id='word_1_1398' title='bbox 2009 3878 2048 3900; x_wconf 88' lang='lat' dir='ltr'>ou</span> <span class='ocrx_word' id='word_1_1399' title='bbox 2060 3877 2178 3908; x_wconf 74' lang='lat' dir='ltr'>orient,</span> <span class='ocrx_word' id='word_1_1400' title='bbox 2195 3867 2303 3908; x_wconf 88' lang='lat' dir='ltr'>Nous,</span> 
     </span>
    </p>

    <p class='ocr_par' dir='ltr' id='par_1_98' title="bbox 1339 3906 2391 3984">
     <span class='ocr_line' id='line_1_199' title="bbox 1378 3906 2391 3950; baseline 0.003 -13"><span class='ocrx_word' id='word_1_1401' title='bbox 1378 3908 1470 3939; x_wconf 76' lang='lat' dir='ltr'>Alain</span> <span class='ocrx_word' id='word_1_1402' title='bbox 1485 3913 1596 3939; x_wconf 72' lang='lat' dir='ltr'>Viconte</span> <span class='ocrx_word' id='word_1_1403' title='bbox 1611 3910 1644 3939; x_wconf 86' lang='lat' dir='ltr'>de</span> <span class='ocrx_word' id='word_1_1404' title='bbox 1657 3908 1754 3939; x_wconf 88' lang='lat' dir='ltr'>Rohan</span> <span class='ocrx_word' id='word_1_1405' title='bbox 1768 3909 1801 3939; x_wconf 93' lang='lat'>&amp;</span> <span class='ocrx_word' id='word_1_1406' title='bbox 1813 3906 1951 3950; x_wconf 78' lang='lat' dir='ltr'>¹Seigneur</span> <span class='ocrx_word' id='word_1_1407' title='bbox 1964 3907 2000 3937; x_wconf 90' lang='lat' dir='ltr'>de</span> <span class='ocrx_word' id='word_1_1408' title='bbox 2013 3907 2096 3938; x_wconf 88' lang='lat' dir='ltr'>Leon</span> <span class='ocrx_word' id='word_1_1409' title='bbox 2110 3907 2278 3940; x_wconf 85' lang='lat' dir='ltr'>Lieutenant</span> <span class='ocrx_word' id='word_1_1410' title='bbox 2292 3906 2391 3939; x_wconf 77' lang='lat' dir='ltr'>Gene-</span> 
     </span>
     <span class='ocr_line' id='line_1_200' title="bbox 1339 3944 2298 3984; baseline 0.001 -8"><span class='ocrx_word' id='word_1_1411' title='bbox 1339 3945 1377 3976; x_wconf 87' lang='lat' dir='ltr'>ral</span> <span class='ocrx_word' id='word_1_1412' title='bbox 1397 3956 1449 3983; x_wconf 89' lang='lat' dir='ltr'>pur</span> <span class='ocrx_word' id='word_1_1413' title='bbox 1464 3947 1487 3978; x_wconf 88' lang='lat' dir='ltr'>Ie</span> <span class='ocrx_word' id='word_1_1414' title='bbox 1500 3951 1561 3978; x_wconf 88' lang='lat' dir='ltr'>Duc</span> <span class='ocrx_word' id='word_1_1415' title='bbox 1576 3947 1672 3977; x_wconf 88' lang='lat' dir='ltr'>nostre</span> <span class='ocrx_word' id='word_1_1416' title='bbox 1688 3948 1843 3977; x_wconf 82' lang='lat' dir='ltr'>Souverain</span> <span class='ocrx_word' id='word_1_1417' title='bbox 1855 3944 1989 3984; x_wconf 81' lang='lat' dir='ltr'>seigneur</span> <span class='ocrx_word' id='word_1_1418' title='bbox 2002 3945 2091 3977; x_wconf 87' lang='lat' dir='ltr'>estant</span> <span class='ocrx_word' id='word_1_1419' title='bbox 2102 3946 2214 3984; x_wconf 83' lang='lat' dir='ltr'>absent,</span> <span class='ocrx_word' id='word_1_1420' title='bbox 2296 3961 2298 3963; x_wconf 96' lang='lat'>·</span> 
     </span>
    </p>

    <p class='ocr_par' dir='ltr' id='par_1_99' title="bbox 1377 3981 2392 4025">
     <span class='ocr_line' id='line_1_201' title="bbox 1377 3981 2392 4025; baseline 0 -12"><span class='ocrx_word' id='word_1_1421' title='bbox 1377 3987 1436 4025; x_wconf 73' lang='lat' dir='ltr'>Gay</span> <span class='ocrx_word' id='word_1_1422' title='bbox 1459 3986 1491 4017; x_wconf 77' lang='lat' dir='ltr'>de</span> <span class='ocrx_word' id='word_1_1423' title='bbox 1516 3984 1619 4018; x_wconf 81' lang='lat' dir='ltr'><em>Lava!</em></span> <span class='ocrx_word' id='word_1_1424' title='bbox 1641 3985 1776 4024; x_wconf 80' lang='lat' dir='ltr'>Seigneur</span> <span class='ocrx_word' id='word_1_1425' title='bbox 1801 3983 1836 4015; x_wconf 88' lang='lat' dir='ltr'>de</span> <span class='ocrx_word' id='word_1_1426' title='bbox 1852 3981 1950 4015; x_wconf 86' lang='lat' dir='ltr'>Gaure</span> <span class='ocrx_word' id='word_1_1427' title='bbox 1965 3983 2001 4016; x_wconf 86' lang='lat' dir='ltr'>de</span> <span class='ocrx_word' id='word_1_1428' title='bbox 2018 3983 2168 4018; x_wconf 79' lang='lat' dir='ltr'>Montfort</span> <span class='ocrx_word' id='word_1_1429' title='bbox 2181 3985 2215 4018; x_wconf 89' lang='lat'>&amp;</span> <span class='ocrx_word' id='word_1_1430' title='bbox 2231 3982 2269 4017; x_wconf 83' lang='lat' dir='ltr'>de</span> <span class='ocrx_word' id='word_1_1431' title='bbox 2284 3983 2312 4015; x_wconf 75' lang='lat' dir='ltr'>ln</span> <span class='ocrx_word' id='word_1_1432' title='bbox 2326 3982 2392 4014; x_wconf 86' lang='lat' dir='ltr'>Ro-</span> 
     </span>
    </p>
   </div>
   <div class='ocr_carea' id='block_1_38' title="bbox 1338 4022 2397 4090">
    <p class='ocr_par' dir='ltr' id='par_1_100' title="bbox 1338 4022 2397 4090">
     <span class='ocr_line' id='line_1_202' title="bbox 1338 4022 2397 4090; baseline 0 -1"><span class='ocrx_word' id='word_1_1433' title='bbox 1338 4022 1409 4060; x_wconf 60' lang='lat' dir='ltr'>che&#39;</span> <span class='ocrx_word' id='word_1_1434' title='bbox 2305 4057 2397 4090; x_wconf 66' lang='lat' dir='ltr'>Alai„</span> 
     </span>
    </p>
   </div>
  </div>
 </body>
</html>
