2562 4274
783 153 890 196 ET
973 153 1241 195 ACTA

68 243 145 274 Ann.
160 239 204 271 D.
254 240 300 272 Ce
323 240 366 272 fut
386 240 450 279 fait,
468 240 572 271 devant
591 238 617 269 la
637 238 744 270 Barrier
764 239 800 269 de
820 240 846 270 la
866 239 922 269 dite
943 238 1018 270 Ville
1035 240 1068 270 &
1082 239 1165 278 Cite,
1182 239 1209 270 le
1232 239 1279 270 xvi

98 279 185 319 1418.
217 281 280 318 jour
293 279 331 310 de
343 279 440 317 Mars,
457 279 524 310 l’An
538 278 574 308 de
589 277 685 309 Gracc
700 277 802 316 Mille,
820 276 949 308 CCCC.
968 278 1001 308 &
1015 279 1080 308 xvii.

72 323 136 348 Heu.
151 327 179 353 5.

501 401 783 449 Appunbiuamenta
801 398 838 432 de
853 403 1006 435 Carenten.

26 520 28 522 .
72 508 139 539 Am,
162 506 194 537 D
224 488 315 550 CY
336 485 992 535 ΕΝςςυ1ζ1-,ιἈΡΡοιΝτΜΕΝἳτ1311,
1021 486 1159 524 Times,
1184 486 1217 516 &
1236 484 1278 515 A-

83 531 179 584 ’14³8‘
198 529 204 535 .
222 525 405 604 reprforde,
422 526 447 556 le
460 534 516 557 xvi.
528 534 595 563 Jour
612 523 648 554 de
664 522 785 562 Marcz,
803 534 839 554 en
853 524 921 555 lAn
934 524 980 554 Μ.
999 523 1127 556 CCCC.
1146 526 1179 557 &
1201 524 1279 563 Dys-

71 589 123 613 ΑΜ
142 593 170 619 5‘
258 603 392 633 Parentre
409 601 511 638 Nous,
529 600 629 639 Johan
651 600 683 629 de
704 599 844 639 Robeffart
864 601 898 631 &
912 600 1030 631 Guillem
1043 602 1075 631 de
1089 600 1278 638 Beauchamp,

72 627 107 650 H.
126 629 153 658 5‘
223 640 386 679 Chivalers,
405 639 547 677 Commys
565 638 600 669 de
621 638 774 669 Treshault
793 640 826 669 ὅ(
847 639 1040 677 Trespuiffant
1061 639 1162 669 Prince
1181 639 1277 668 nostre

69 666 160 691 ‘wrm'
178 670 208 696 5⁸
222 679 411 711 Tresredoute
425 678 577 715 Seigneur,
597 676 621 705 le
636 679 697 706 Duc
710 677 741 706 de
756 676 921 717 Glaucestre,
935 678 1019 708 d’une
1040 686 1116 715 part,
1133 679 1183 714 &,
1201 677 1277 707 d'au-

70 706 107 728 H.
118 710 137 736 5
141 720 148 727 '
163 708 200 728 '⁷³'
221 727 262 749 tre
282 725 356 756 part,
374 715 490 746 Meffire
509 714 609 753 Johan
625 718 719 755 Fanq,
739 715 873 755 Seigneur
890 717 926 746 de
943 715 1134 753 Rochesfort,
1160 715 1279 745 Meffire

70 747 102 773 4·
221 755 320 795 Johan
340 755 371 784 de
385 758 461 785 Seint
478 757 617 792 German,
640 754 674 785 &
691 753 791 792 Johan
810 758 957 792 Megeant,
983 764 1057 791 pour
1074 754 1108 784 &
1126 763 1162 784 en
1180 753 1277 784 Noun

221 796 271 824 des
295 793 432 834 Capitayn
449 815 458 830 ,
475 792 626 823 Chivalers
637 814 647 830 ,
672 791 799 822 Escuiers
812 817 822 830 ,
849 794 882 823 &
908 792 1033 831 Burgoys
1051 793 1087 822 de
1106 791 1131 822 la
1148 791 1224 822 Ville
1241 792 1276 822 &

134 864 141 869 K
221 831 345 863 Chastell
360 831 397 862 de
411 832 434 862 la
450 830 610 868 Carenten,
628 830 669 861 est
683 829 751 868 Dit,
762 830 885 868 Traiti'e,
901 830 1065 868 Promeffe,
1082 830 1116 861 &
1132 829 1277 867 Accorde,

219 878 298 901 taunt
318 870 449 940 ([10ὶύηο
469 871 574 908 partie,
592 878 678 900 come
698 868 734 899 de
754 869 866 907 l'autre,
884 878 934 906 par
954 868 978 898 la
991 868 1104 899 fourme
1117 868 1150 899 &
1164 877 1277 898 manere

219 918 269 948 qui
280 919 316 940 en
343 918 398 948 uit,

257 985 282 1016 P
292 995 315 1017 R
325 995 337 1016 1
345 993 373 1016 M
384 995 402 1016 E
413 994 436 1015 R
446 995 464 1015 Ε
473 992 500 1015 Μ
508 993 527 1015 Ε
535 991 607 1021 NT,
625 983 667 1013 est
682 983 736 1013 Dit
745 1007 754 1021 ,
769 985 804 1015 &
818 982 932 1015 Acorde
946 993 1001 1021 que
1011 984 1102 1022 Jehan
1114 983 1149 1014 de
1164 982 1278 1013 Villiers

219 1023 351 1063 Escuier,
371 1024 526 1063 Capitayne
538 1023 574 1052 de
589 1022 614 1051 la
627 1022 684 1052 dite
698 1021 772 1052 Ville
785 1024 818 1054 &
832 1021 957 1052 Chastell
970 1024 1005 1053 de
1020 1023 1162 1053 Carenten
1171 1031 1276 1060 ,ovec-

218 1072 289 1100 ques
310 1062 336 1092 le
358 1063 569 1093 consentement
590 1060 638 1090 des
660 1059 823 1098 Chivalers,
840 1060 982 1099 Escuiers,
999 1061 1155 1099 Bourgois,
1173 1061 1206 1091 &
1229 1070 1278 1090 au-

219 1110 289 1168 {i“²⁵’
307 1098 927 1169 ¹⁶3¹·sulmei‘ef013tussedl}lelssffilssiissemssffss
939 1099 1137 1168 ἀὲηῗὴῗῃῗὲ
1147 1098 1276 1167 εἶξεὲἓῗὲ

239 1148 308 1169 oute
347 1148 461 1169 einur
729 1148 745 1168 ii
844 1162 852 1175 ,
892 1149 939 1169 ua
983 1149 1001 1168 n
1045 1149 1065 1168 0

217 1176 294 1207 Ville
311 1177 345 1207 &
368 1148 510 1214 Cglhastell,
529 1185 545 1205 a
563 1175 627 1206 telle
647 1176 733 1205 heure
759 1176 827 1213 qu’il
841 1176 937 1215 plairra
952 1187 967 1206 a
981 1176 1076 1207 nostre
1088 1146 1276 1213 ditySeigneur

217 1215 257 1245 les
276 1215 419 1245 ordonner
436 1214 470 1245 &
491 1213 692 1252 commander;
710 1215 744 1245 &
766 1214 808 1245 sur
826 1225 861 1245 ce
881 1215 927 1254 luy
946 1215 981 1245 de
995 1216 1061 1245 faire
1076 1214 1215 1244 Purveoir
1235 1223 1275 1243 ou

216 1253 266 1283 diz
281 1252 407 1284 Chastell
421 1254 454 1284 &
470 1251 544 1283 Ville
558 1262 594 1290 qe
606 1263 622 1283 a
634 1252 659 1282 sa
674 1252 752 1283 bault
764 1252 892 1291 Signurie
905 1255 1082 1283 bonnement
1095 1253 1200 1290 plairra.

252 1291 359 1329 ITEM,
375 1291 416 1322 est
430 1291 502 1329 Dit,
519 1291 634 1329 Traite,
651 1291 685 1321 &
698 1291 812 1321 Acorde
825 1301 881 1328 que
893 1291 930 1321 les
945 1291 1095 1322 deffusditz
1110 1289 1276 1329 Capitayne,

216 1329 380 1369 Chivalers,
400 1330 433 1361 &
448 1328 574 1360 Escuiers
587 1328 623 1359 de
636 1329 661 1359 la
675 1328 733 1359 dite
747 1329 889 1359 Garnison
905 1331 966 1367 (qui
980 1330 1036 1359 s’en
1052 1329 1197 1359 voudront
1213 1338 1273 1371 par-

217 1369 264 1406 tir)
290 1369 427 1406 partirent
444 1368 658 1406 franchement,
676 1367 751 1397 lours
772 1367 867 1405 Corps
880 1368 960 1406 sanz,
979 1368 1103 1406 ovesque
1115 1368 1179 1397 lour
1200 1366 1275 1397 Chi-

216 1407 317 1445 vaulx,
333 1416 470 1442 armureS,
487 1407 521 1437 <Sc
534 1405 657 1436 vestures
672 1405 748 1443 (hors
764 1406 850 1435 rnisez
865 1406 935 1436 leurs
959 1406 1128 1442 Artieleries)
1151 1415 1186 1435 en
1208 1404 1273 1443 quel

215 1446 363 1477 Artielerie
382 1446 420 1475 les
438 1444 487 1475 diz
508 1444 544 1474 de
562 1444 587 1474 ia
603 1443 746 1474 Garnison
760 1453 967 1483 promettront,
986 1445 1047 1475 sour
1061 1445 1133 1474 leurs
1155 1446 1216 1482 foys
1238 1444 1272 1474 ὃ(

216 1484 373 1519 110111101115Ί
393 1493 464 1522 que,
483 1491 597 1523 entrecy
616 1483 649 1513 &
672 1482 731 1512 leur
751 1483 787 1514 de
806 1483 830 1512 la
852 1482 993 1520 Rendue,
1010 1493 1046 1513 ne
1062 1483 1132 1513 serra
1153 1482 1218 1520 fait,
1236 1491 1273 1512 ne

214 1521 327 1553 souffire
341 1521 411 1552 estre
423 1522 488 1559 fait,
505 1521 591 1551 nulles
606 1520 764 1560 brulleries,
781 1522 951 1559 romperies,
969 1521 1220 1561 transportemenS,
1236 1530 1274 1550 ne

213 1568 291 1591 autre
311 1559 486 1590 destruction
502 1559 709 1597 quelconques:
729 1558 766 1589 Et
780 1559 799 1588 si
815 1559 855 1589 est
869 1559 1010 1590 entendue
1023 1570 1077 1598 que
1091 1560 1128 1589 les
1140 1559 1200 1589 ditz
1217 1559 1274 1588 Ar-

216 1598 327 1628 tilleries
348 1598 410 1628 sont
425 1598 514 1635 Arcs,
532 1597 666 1635 Fleches,
689 1596 863 1635 Arbalestes,
877 1597 903 1628 V
906 1599 1037 1635 irettons,
1063 1598 1224 1635 Baudremt,
1242 1598 1276 1628 ὃ(

216 1644 306 1667 autres
319 1635 495 1667 Abillemens
507 1645 580 1672 pour
593 1633 767 1674 Arbalestes‚
786 1634 920 1675 Canons,
939 1637 1084 1676 pouldres‚
1100 1638 1133 1668 ὃ(
1149 1645 1212 1667 10111
1226 1646 1275 1664 311-

215 1683 258 1706 tre
273 1684 386 1705 manere
399 1674 435 1704 de
447 1674 529 1704 Trait
542 1675 575 1706 &
590 1674 764 1705 Abillement
778 1674 815 1704 de
827 1683 945 1713 guerre,
964 1677 1013 1713 qui
1026 1676 1088 1706 sont
1102 1677 1136 1707 &
1150 1683 1203 1705 ont
1216 1673 1275 1704 este

213 1713 364 1744 ordonnez
378 1722 452 1750 pour
467 1712 492 1742 la
504 1712 678 1751 Sauvegarde
690 1712 738 1742 des
751 1712 810 1742 dirz.
826 1713 1003 1744 Forteresses.

251 1751 360 1789 ITEM,
377 1751 419 1782 est
430 1751 500 1787 Dit,
515 1750 628 1789 Traite,
646 1752 680 1782 ὃ(
693 1750 809 1781 Acorde
824 1761 880 1790 que
892 1752 930 1781 les
948 1751 1046 1782 Viures
1063 1752 1125 1790 (qui
1138 1751 1218 1782 sount
1237 1760 1274 1781 en

213 1789 240 1821 la
258 1789 316 1820 dite
337 1789 411 1820 Ville
431 1790 464 1820 &
486 1788 623 1826 Chastell)
645 1789 852 1828 demourront,
868 1790 900 1821 &
915 1800 1061 1829 ovecques
1075 1800 1128 1829 ce,
1145 1798 1275 1828 promet-

214 1836 311 1866 tront,
329 1837 417 1858 come
429 1827 548 1865 dessuis,
567 1837 638 1866 que,
656 1826 717 1863 &a

543 1962 602 1993 Pro
624 1957 769 2005 Johanne
783 1961 962 2008 Fountenay.

65 2053 145 2085 Anu.
160 2051 202 2082 D,
218 2045 350 2105 REX,
367 2043 514 2076 Univerfis
535 2044 569 2075 &
592 2044 703 2080 singulis
718 2043 895 2083 Capitaneis,
912 2043 1106 2082 Castellaneis,
1124 2044 1158 2075 &
1171 2052 1273 2074 eorum

88 2091 174 2130 1418.
290 2084 527 2129 Locateneritibus
561 2093 594 2127 ac
615 2082 850 2122 aliis'Officiariis,
870 2082 1024 2121 Ministris,
1043 2082 1153 2121 Ligeis,
1172 2081 1275 2112 Fideli-

66 2135 118 2161 An,
136 2140 162 2166 5,
220 2122 288 2158 bus,
306 2123 339 2153 &
352 2122 473 2153 Subditis
484 2107 603 2159 nollrm,
621 2121 655 2152 ad
669 2132 757 2160 quos,
773 2123 834 2153 &c.
853 2121 986 2152 Salutem.
1140 2160 1146 2165 ᾖ
1268 2162 1271 2164 q

67 2174 103 2199 Η.
119 2178 145 2204 5.
224 2187 234 2197 .
245 2160 426 2194 ,Μ311ε13111115
444 2161 526 2191 vobis
545 2160 626 2198 quod
646 2159 804 2199 Johannem
822 2160 854 2190 de
880 2163 1020 2190 Fountena
1046 2158 1246 2198 ,Armigerum
1262 2182 1273 2197 ,

67 2212 156 2237 Norm.
171 2217 199 2243 5,
217 2199 264 2236 qui
283 2198 319 2229 de
343 2199 469 2230 Licentia
491 2199 585 2229 nostra
595 2199 687 2230 versus
701 2199 838 2230 Santftum
848 2198 991 2238 Jacobum
1039 2197 1140 2228 alliciae
1155 2200 1272 2236 peregre

67 2249 96 2274 Η
111 2255 181 2280 ,gm-
216 2236 393 2275 profecturus
407 2237 463 2275 est,
483 2247 532 2275 per
545 2238 643 2267 omnia
661 2236 780 2275 Terras,
800 2237 956 2276 Dominia,
975 2239 1008 2269 ὃ(
1028 2236 1201 2267 Potestatem
1221 2246 1274 2266 no-

71 2293 114 2311 10,
131 2284 157 2311 d,
219 2275 292 2313 stra,
312 2276 400 2306 libere
414 2277 446 2307 ὅ(
460 2276 563 2314 absque
578 2275 783 2314 impedimento
794 2275 891 2314 aliquo
905 2276 1016 2307 transire
1032 2275 1210 2313 permittatis3

66 2314 69 2317 ’
107 2318 112 2319 ’
253 2313 431 2345 Dumtamen
445 2314 521 2345 idem
533 2313 678 2352 Johannes
693 2315 845 2352 quicquam
861 2314 939 2352 quod
955 2316 984 2344 in
999 2314 1088 2344 nostri
1106 2313 1150 2343 seu
1173 2312 1277 2350 Populi

215 2351 305 2382 nostri
320 2352 492 2390 Dampnum
507 2353 553 2382 vel
568 2352 770 2390 Praejudicium
787 2352 887 2384 cedere
906 2353 1012 2392 valeat,
1030 2362 1091 2383 non
1113 2360 1275 2389 attemptet,

215 2390 261 2421 seu
276 2392 433 2427 attemptari
448 2391 530 2421 faciat
545 2392 645 2427 quovis
659 2391 760 2421 modo.
1191 2428 1197 2433 .

251 2428 341 2459 Teste
356 2428 440 2468 Rege
453 2428 526 2467 apud
542 2432 693 2460 Civitatem
705 2431 782 2467 Regis
798 2430 830 2459 de
843 2432 953 2459 Baieux
964 2430 1021 2460 xvi.
1038 2428 1082 2459 die
1098 2427 1208 2459 Martii.

855 2508 908 2536 Per
919 2505 1002 2545 ipfiem
1014 2508 1117 2543 Regem.

244 2634 272 2661 ἓξ
296 2639 346 2671 De
362 2628 494 2671 Nnnciis
509 2650 529 2671 a
544 2641 626 2684 Papa
642 2637 686 2670 ad
697 2641 807 2671 Pacem
820 2649 890 2670 cum
911 2636 1102 2682 Adverfhrio
1120 2639 1250 2670 Franciae

68 2662 163 2739 ζςὲχ
544 2684 768 2720 conciliandam
784 2684 947 2729 destinatis.

68 2786 145 2818 Ann.
161 2784 203 2815 D.
223 2771 433 2832 MArtinu's.
444 2771 599 2811 Episcopus,
616 2771 717 2803 Servus
730 2771 884 2817 Servorum
900 2770 975 2815 Dei,
994 2770 1134 2802 cariffimo
1149 2771 1176 2800 in
1194 2770 1280 2802 Chri„

92 2823 177 2862 1418—
219 2847 236 2880 1.
318 2811 363 2878 {⁰
385 2810 474 2878 {¹ng
490 2813 606 2840 Henrico
623 2814 688 2849 Regi
700 2809 814 2847 Anglzae
828 2808 947 2848 Illustri,
966 2810 1092 2840 Salutem
1106 2810 1139 2840 ὃ(
1153 2809 1280 2847 Aposto-

71 2867 123 2892 An.
137 2872 163 2898 5.
230 2858 303 2880 icam
344 2858 395 2879 ene
418 2859 423 2878 l
457 2858 561 2878 ionem.

68 2906 97 2931 H
124 2910 141 2936 5
257 2887 419 2925 Injun6l:um
439 2886 508 2916 Nos
526 2887 626 2917 excitat
644 2885 821 2923 Apostolicae
838 2885 983 2916 Servitutis
1009 2884 1150 2916 Officium
1166 2909 1176 2924 ,
1206 2887 1281 2918 inter

69 2945 109 2968 Ex
118 2921 182 2966 Bi'bl.
222 2926 340 2956 cunctos
359 2924 468 2955 Christi
486 2925 595 2955 Fideles
611 2947 620 2963 ,
643 2934 708 2962 quae
722 2924 757 2954 ad
774 2923 970 2955 Concordiam
994 2933 1075 2962 atque
1096 2925 1200 2955 Pacem
1218 2925 1279 2956 fore

69 2983 117 3006 Cot
143 2979 187 3004 Ti·
219 2963 368 2994 noscantur
386 2966 471 3001 (nam
490 2964 519 2993 in
539 2963 656 2993 Divinae
674 2962 774 2992 Oculis
792 2961 946 3000 Majestatis
963 2962 1153 3001 acceptisfima
1171 2963 1278 3002 semper

69 3016 84 3044 b
99 2998 139 3042 r'ic
174 3019 194 3042 B
217 3000 350 3036 existunt)
365 3003 520 3040 inquirere:
539 3002 573 3032 &
588 3001 740 3039 praesertim
759 3009 789 3030 ut
807 3001 878 3030 inter
893 3001 1075 3031 Serenitatem
1090 3010 1166 3032 tuam
1180 3002 1190 3036 (
1193 3012 1277 3039 quam

70 3027 203 3092 {flofffl'
219 3038 324 3070 nostrae
342 3039 521 3069 Fortitudinis
536 3040 684 3070 Brachium
701 3038 891 3077 proculdubio
906 3040 1077 3077 reputamus)
1094 3040 1145 3077 &,
1162 3039 1277 3071 (3311111-

71 3095 97 3123 A
143 3077 150 3083 '
198 3075 203 3081 '
221 3086 304 3107 mum
322 3077 353 3106 in
370 3076 487 3108 Christo
506 3078 609 3108 Filium
627 3077 757 3108 nostrum
769 3100 779 3115 ,
804 3076 931 3106 Carolum
947 3080 1070 3107 Franciae
1093 3081 1188 3114 Regem
1211 3078 1277 3113 Illu-

100 3113 106 3120 '
220 3115 306 3146 strem
318 3139 328 3153 ,
353 3123 408 3144 nec
426 3124 485 3145 non
504 3116 575 3146 inter
592 3117 776 3154 quoscunque
793 3114 937 3154 Principes
949 3140 959 3154 ,
982 3115 1098 3154 Duces,
1126 3116 1276 3156 Comites,

219 3155 253 3186 &
271 3152 454 3191 quoscunque
471 3152 537 3183 alios
553 3153 724 3193 Regnorum
743 3154 869 3184 Franciae
887 3164 920 3185 ac
938 3155 1022 3185 etiam
1040 3154 1170 3194 Angliae,
1192 3155 1275 3185 Con-

216 3192 322 3224 cordiae
340 3190 476 3228 Pacisque
493 3190 607 3221 Bonum
626 3193 707 3230 (quo
722 3192 761 3222 nil
780 3193 808 3222 in
829 3191 983 3223 Mundanis
1001 3193 1146 3231 pretiosius
1160 3194 1275 3224 arbitra-

217 3230 294 3267 mur)
309 3229 446 3260 concludi
459 3228 546 3260 valeat
560 3230 593 3260 &
607 3229 716 3260 servari.

251 3269 289 3300 Et
307 3267 472 3306 propterea,
490 3268 633 3305 cupientes
650 3268 852 3299 Scandalorum
868 3268 997 3300 fomenta
1016 3269 1148 3308 praecidi,
1166 3281 1200 3301 ac
1216 3270 1274 3302 Bo-

215 3317 287 3341 num
304 3307 422 3337 suscitari
440 3305 612 3347 Pacificutn,
631 3306 666 3336 ad
683 3306 865 3337 Serenitatem
883 3316 980 3347 tuam,
995 3308 1191 3340 venerabilem
1208 3310 1275 3340 Fra-

214 3355 289 3377 trem
304 3370 313 3383 ,
337 3343 494 3384 Jordanum
514 3343 663 3382 Episcopum
681 3341 864 3383 Albanenfim
878 3368 888 3383 ,
913 3346 947 3376 &
961 3369 970 3385 ,
997 3347 1132 3377 (111οἇ111111
1153 3348 1271 3385 Filium,

217 3383 391 3414 Guillermum
410 3382 494 3412 Tituli
512 3383 607 3412 santii
630 3386 722 3412 Marci
743 3382 933 3413 Praesbiterum
946 3407 956 3421 ,
986 3384 1098 3416 Sanitae
1128 3385 1272 3418 Romanae

218 3422 354 3454 Ecclesiae
368 3420 546 3458 Cardinales,
563 3420 675 3451 nostros
689 3421 722 3451 ὃ(
736 3420 910 3458 Apostolicae
930 3421 1009 3452 Sedis
1032 3423 1168 3455 Nuncios
1187 3434 1271 3464 atque

215 3460 360 3498 Legatos,
376 3467 520 3499 tamquam
536 3458 615 3490 Pacis
628 3458 774 3497 Angelos,
793 3459 967 3502 providimus
980 3460 1167 3492 destinandos.

250 3499 437 3530 Exhortantes
452 3497 572 3529 eandem
583 3497 765 3528 Serenitatem
777 3498 814 3528 ab
835 3499 943 3528 intimis
967 3499 1068 3529 nostris
1088 3500 1273 3539 Praecordiis,

214 3547 266 3576 ac,
285 3548 334 3575 per
355 3537 468 3568 Viscera
489 3535 692 3567 Misericordiae
713 3535 771 3565 Dei
792 3535 899 3573 nostri,
917 3537 946 3566 in
959 3537 1007 3567 illo
1022 3539 1204 3578 requirimus,
1224 3543 1271 3579 qui

215 3575 298 3607 Pacis
319 3576 361 3608 est
382 3576 491 3614 Aitor,
506 3585 539 3606 ac
561 3574 642 3605 Solus
664 3574 795 3611 Regibus
816 3575 849 3605 &
868 3573 1046 3614 Principibus
1064 3576 1109 3607 dat
1130 3577 1269 3618 Salutem,

215 3615 361 3653 quatinus,
375 3613 521 3653 diligenter
535 3613 679 3644 attendens
693 3612 716 3642 F
718 3612 813 3643 11161115
826 3613 985 3655 uberimos,
1002 3624 1035 3645 ac
1048 3613 1116 3644 Deo
1129 3616 1271 3657 amabiles,

217 3653 251 3684 ὅ(
270 3652 347 3683 Orbi
367 3652 576 3690 desiderabiles,
594 3661 628 3682 ex
651 3650 743 3689 Pace,
758 3660 791 3680 ac
809 3658 892 3680 etiarn
910 3661 945 3681 ex
961 3651 1111 3684 Discordia
1124 3653 1269 3694 lugubres,

217 3691 409 3728 calamitosos,
425 3700 507 3729 atque
530 3689 681 3720 Pestiferos
702 3699 778 3719 emer
798 3697 888 3726 enteS,
911 3690 984 3720 circa
1001 3700 1060 3721 tam
1081 3693 1271 3724 inexrimabile

215 3737 251 3757 ac
271 3729 497 3766 pretiosiffimum
519 3728 600 3759 Pacis
623 3728 735 3758 Bonum
760 3729 770 3764 (
784 3726 881 3757 ublatis
895 3727 930 3758 de
945 3729 1042 3759 medio
1058 3729 1268 3762 Discordiarum

215 3764 446 3805 Guerrarumque
460 3767 604 3798 Fomentis
616 3768 649 3798 ὃ(
666 3766 774 3803 Causis)
796 3764 932 3796 Mentem
955 3775 1033 3797 tuam
1052 3767 1178 3805 Regiam
1202 3771 1269 3801 velis

217 3802 252 3834 ad
266 3803 460 3835 Concordiam
473 3805 636 3844 Pacemque
656 3803 834 3843 hujusmodi,
851 3804 1047 3842 consperamus
1066 3807 1100 3838 &
1119 3809 1268 3848 cupimus,

216 3841 425 3874 concordaliter
441 3844 582 3874 inclinare.
733 3868 735 3870 v

254 3879 351 3910 Aderit
364 3880 495 3918 equidem
509 3881 589 3912 Pacis
603 3881 724 3913 Amator
736 3878 883 3919 Christus,
899 3880 979 3919 Qui,
997 3881 1016 3911 fi
1038 3881 1172 3914 Mentem
1196 3885 1268 3923 ejus-

216 3917 284 3948 dem
297 3924 353 3948 tuae
367 3916 543 3949 Celsitudinis
556 3929 675 3960 pronam
689 3919 744 3949 esle
757 3919 927 3957 prospexerit
945 3920 980 3950 ad
998 3919 1079 3950 Rem
1101 3922 1247 3958 pacificam
1257 3947 1267 3962 ,

215 3956 257 3988 tui
269 3954 386 3999 Regni,
403 3955 557 3994 Nominis,
574 3967 658 3996 atque
671 3956 764 3989 Status
776 3956 926 3996 Gloriam,
942 3968 975 3988 ac
997 3958 1183 3991 Subditorum
1201 3972 1268 3992 om-

211 3996 291 4024 nium
306 3993 497 4031 quietudinem
512 3995 653 4034 solidabit,
670 3996 704 4026 &
719 3995 814 4027 secura
826 3996 910 4029 faciet
930 3996 1099 4036 securitate,
1116 4007 1175 4030 tarn
1194 3999 1266 4031 Ani-

210 4040 342 4069 marum,
360 4032 448 4072 quam
466 4031 649 4073 Corporum,
664 4033 807 4067 collaetari.

216 4072 309 4103 Tam.
326 4072 375 4101 IV.
402 4072 436 4100 P.
452 4072 514 4108 ιιι,

1305 885 1393 927 stres,
1411 890 1588 927 Apostolicae
1604 892 1680 922 Sedis
1699 893 1840 929 Nunciis,
1859 893 1994 924 Salutem.

1324 155 1842 198 PUBLICA.'
2319 171 2370 212 41

1352 239 1441 278 Super
1464 242 1565 279 quibus
1586 242 1707 279 praefatis
1729 242 1941 280 Cardinalibus,
1959 244 1993 275 δε
2013 252 2114 274 eorum
2133 246 2245 282 utrique
2268 246 2297 274 iri
2312 244 2376 275 soli-
2388 242 2465 273 Ann.
2479 240 2522 278 D,

1314 277 1384 308 dum
1403 281 1488 318 (quos
1508 289 1654 318 propterea
1668 281 1849 319 destinamus)
1872 283 2004 313 adhibere
2017 282 2141 320 placeat,
2159 282 2193 312 ad
2208 282 2370 321 praemissa,
2410 281 2496 319 1418.

1315 314 1477 347 Credentiae
1493 318 1605 355 plenam
1622 318 1728 348 Fidem.
2392 325 2454 348 Hm.
2473 328 2504 356 5,

1314 353 1419 422 PDat.
1443 354 1606 396 Constanciae
1628 365 1675 388 xv.
1702 356 1767 386 Kal.
1797 357 1899 395 Aprilis
1914 382 1924 397 ,
1952 357 2140 390 Pontificatfis
2168 358 2258 389 nostri
2284 358 2372 389 Anno

1340 402 1423 423 rimo.

1548 473 1694 509 Scriptum,
1712 474 1740 499 in
1755 472 1886 500 Exercitu
1901 476 2012 503 Domini
2026 476 2120 513 Regis,
2132 474 2223 513 juxta
2238 476 2373 511 Loviers,

1623 507 1769 547 secundum
1782 510 1930 546 originale.

1433 648 1491 678 Pro
1507 649 1636 680 Marciis
1647 647 1831 694 fitpradiflis
1851 648 2012 692 Commiffio
2031 653 2066 688 (9²
2083 650 2248 694 potestates.

1313 735 1520 797 VEnerabili
1536 738 1638 777 Fratri,
1655 739 1783 777 Jordano
1798 739 1922 779 Epifiopo
1943 740 2111 781 Albanenfi,
2129 744 2178 781 δε,
2195 743 2301 774 dilecto
2324 744 2371 774 Fi-
2389 741 2463 772 Ann.
2475 741 2517 775 D.

1395 775 1435 805 lio
1469 774 1631 815 Guillermo,
1650 777 1734 807 Tituli
1754 780 1850 807 Sanch
1871 782 1966 808 Marci
1980 781 2159 817 Praesbitero,
2179 781 2290 812 Sanctae
2305 782 2368 812 Ro·
2416 782 2501 820 ¹418-

1312 820 1404 842 manae
1427 797 1560 844 Elccleliae
1584 814 1777 846 Cardinalibus
1792 839 1801 854 ,
1825 816 1880 854 ad,
1908 815 2072 848 Cariffimos
2089 819 2118 848 in
2141 818 2260 849 Christo
2283 820 2367 850 Filios
2382 824 2435 847 Aa.
2450 830 2479 855 5.

1313 849 1441 888 nostros,
1460 852 1607 891 Karolmn,
1625 857 1804 892 Francorum,
1823 855 1857 885 &
1871 857 2035 894 Henricum,
2053 856 2180 895 Angliae,
2199 859 2279 894 Reges
2301 857 2370 887 Illu-
2388 863 2423 885 H.
2442 868 2470 893 5.

2388 900 2426 922 Ex
2433 896 2499 924 Bibl.

1350 926 1439 966 Regis
1452 928 1567 959 Pacifici
1581 930 1642 968 (qui
1655 939 1750 969 regnat
1765 932 1794 960 in
1811 931 1914 969 Coelis)
1924 931 2009 962 Vices
2025 933 2210 971 (quamquam
2225 934 2369 971 immeriti)
2389 937 2496 961 Cot-Ti-

1313 973 1439 1003 gerentes
1454 967 1482 997 in
1497 967 1611 1006 Terris,
1629 969 1662 999 ad
1679 970 1722 999 illa
1736 970 1844 1007 semper
1857 970 2033 1001 exrendimus
2048 972 2132 1001 totius
2147 971 2302 1010 Vigilantiae
2317 982 2371 1002 no-
2389 972 2469 999 berius
2485 977 2516 999 B„

1312 1003 1376 1034 strae
1391 1003 1498 1043 Curas,
1516 1016 1565 1043 per
1579 1017 1642 1045 quae
1658 1007 1739 1038 Pacis
1751 1008 1927 1039 desideranda
1947 1009 2135 1047 Tranquilitas
2157 1010 2227 1040 inter
2248 1010 2370 1041 cunstos
2389 1011 2414 1038 6.
2432 1011 2484 1037 Fol-

1313 1041 1420 1086 Cbristi
1441 1044 1565 1081 Fideles,
1590 1046 1623 1076 &
1645 1046 1798 1083 praesertim
1820 1046 1966 1077 Maximos
1987 1047 2165 1085 PotentatuS,
2191 1050 2224 1079 &
2248 1058 2371 1087 quorum
2384 1058 2431 1087 53.
2448 1054 2486 1077 A·

1312 1080 1463 1111 Discordia
1476 1083 1599 1113 Subditis
1613 1085 1798 1123 eorumdem,
1818 1095 1877 1115 non
1892 1085 1982 1116 solum
1999 1086 2130 1117 Urbium
2151 1096 2184 1116 ac
2205 1087 2371 1117 Provincia-

1312 1129 1392 1157 rum,
1410 1120 1456 1164 sed
1470 1121 1660 1160 Regnorum,
1681 1123 1811 1155 resultant
1825 1123 1961 1163 Excidia,
1978 1125 2067 1156 valeat
2088 1125 2214 1156 Auctore
2236 1125 2372 1156 Domino

1310 1167 1470 1194 provenire.

1350 1195 1487 1228 Levantes
1500 1198 1594 1235 itaque
1608 1199 1636 1228 in
1653 1200 1772 1230 circuitu
1787 1199 1898 1231 Oculos
1911 1201 2039 1239 nostrOS,
2057 1203 2090 1232 &
2104 1201 2309 1234 considerantes
2323 1202 2374 1241 (de

1311 1243 1370 1277 quo
1393 1235 1428 1264 ab
1450 1236 1558 1265 intimis
1580 1236 1680 1266 nostris
1704 1237 1871 1268 Praecordiis
1887 1241 2040 1277 anxiamur)
2058 1250 2129 1278 quot
2143 1241 2175 1270 &
2189 1241 2274 1279 (1113111
2299 1242 2374 1272 ν3113

1312 1271 1499 1315 Discrimina,
1515 1282 1572 1304 tam
1595 1274 1779 1314 Animarum,
1799 1277 1885 1314 quam
1907 1277 2090 1317 Corporum,
2109 1281 2254 1316 pernitiosa
2274 1280 2301 1309 vi
2322 1290 2372 1310 ens

1310 1308 1477 1354 Discordia,
1496 1322 1580 1350 quam
1593 1312 1674 1343 Pacis
1688 1313 1824 1344 AEmulus
1838 1325 1871 1344 ac
1886 1314 2035 1346 Zizanniae
2047 1317 2220 1356 Seminator,
2238 1327 2288 1356 per
2318 1328 2372 1348 on-

1310 1356 1345 1386 ga
1363 1358 1424 1386 Jam
1444 1350 1610 1389 Tempora,
1628 1351 1843 1389 lacrymabiliter
1863 1363 1896 1382 ac
1920 1353 2050 1391 pestifere
2065 1355 2218 1395 suscitavit,
2236 1357 2369 1395 nutrivit,

1310 1388 1343 1417 &
1359 1389 1453 1426 pavit,
1472 1390 1506 1420 ὃ(
1519 1389 1653 1427 ampliare
1667 1399 1727 1420 non
1742 1390 1828 1420 cessat
1843 1390 1929 1421 indies
1944 1393 2014 1422 inter
2031 1394 2160 1431 praefatos
2175 1394 2270 1433 Reges
2283 1394 2307 1424 F
2309 1405 2373 1424 ran-

1310 1435 1411 1456 corum
1427 1428 1460 1458 &
1477 1427 1607 1466 Angliae,
1625 1427 1717 1459 Terra
1733 1427 1883 1466 Marique,
1905 1429 1985 1459 Bellis
2002 1431 2035 1461 ὃ(
2053 1431 2263 1463 Afflictionibus
2284 1434 2304 1453 ³*
2326 1434 2369 1463 in-
2382 1443 2398 1459 ὕ
2409 1445 2451 1470 13<

1311 1465 1434 1495 numeris
1450 1466 1483 1496 ὃ(
1495 1466 1608 1496 diversis
1617 1489 1626 1503 ,
1644 1466 1850 1497 lacrimabiliter
1861 1468 2023 1505 produxerit
2036 1470 2069 1499 &
2083 1470 2234 1506 producat:
2378 1463 2463 1517 5-9,’

1347 1502 1384 1533 Et
1403 1502 1578 1536 dinoscentes
1599 1504 1745 1543 Populos,
1769 1506 1800 1535 iri
1824 1505 1903 1535 Pacis
1923 1507 2109 1544 pulcritudine
2129 1509 2320 1548 confidentes,
2338 1510 2368 1540 in
2398 1497 2409 1518 ³

1308 1539 1418 1584 fiduciae
1439 1543 1642 1574 Tabernaculis
1662 1544 1802 1582 habitare,
1828 1544 2019 1586 opulentaque
2040 1545 2115 1576 Pace
2135 1547 2290 1584 quiescere,
2315 1548 2376 1585 qua:

1311 1580 1398 1609 nichil
1418 1581 1447 1610 in
1472 1580 1626 1611 Mundanis
1648 1581 1732 1619 possit
1754 1583 1897 1619 pretiolius
1924 1584 2048 1621 exoptari
2065 1607 2075 1622 ,
2101 1593 2147 1614 aut
2169 1584 2373 1617 desiderabilius

1311 1619 1490 1686 ffncupiscss
1508 1620 1579 1650 cum
1594 1630 1654 1651 nori
1667 1621 1717 1650 nisi
1730 1621 1760 1650 in
1776 1620 1852 1652 Pace
1873 1621 2007 1659 perfedtae
2028 1622 2097 1653 Coli
2118 1622 2205 1654 valeat
2225 1622 2305 1654 Pacis
2327 1625 2371 1655 A-

1343 1667 1393 1686 or:
2375 1674 2377 1679 ·

1348 1695 1497 1734 Quodque
1511 1707 1562 1735 per
1572 1697 1765 1728 Diffentiones
1780 1697 1954 1729 Guerrarum
1969 1699 2113 1729 Turbines
2126 1699 2299 1730 subiciuntur
2311 1700 2374 1738 plu-

1309 1734 1397 1772 rima,
1416 1735 1510 1766 vastati
1522 1737 1746 1773 consumuntur,
1765 1737 1798 1768 &
1813 1738 1889 1767 bona
1902 1737 2078 1778 Corporibus
2093 1739 2170 1775 quies
2188 1738 2371 1778 subtrahitur,

1311 1772 1345 1802 &
1358 1782 1438 1802 mens
1449 1775 1549 1811 iniquis
1560 1774 1780 1805 solicitudinibus
1793 1784 1968 1814 occupatur,
1986 1777 2076 1806 unitas
2097 1776 2246 1815 scinditur,
2264 1777 2374 1808 Carita-

1311 1811 1345 1878 25
1363 1810 1431 1854 ‘odia
1449 1814 1628 1851 nutriuntur,
1648 1813 1826 1853 negliguntur
1845 1813 1956 1845 Pietatis
1975 1814 2090 1853 Opera,
2114 1815 2148 1845 &
2168 1814 2245 1845 Salus
2265 1815 2378 1854 deperit·

1340 1859 1491 1880 nimarum.

1347 1886 1413 1918 Hos
1435 1889 1518 1928 igitur
1539 1890 1572 1920 &
1591 1890 1658 1920 alios
1679 1888 1808 1921 Effectus
1829 1890 1992 1930 pestiferos,
2010 1901 2080 1929 quos
2094 1890 2270 1922 Guerrarurn
2292 1892 2374 1924 furor

1312 1926 1444 1964 producit
1457 1928 1491 1958 &
1505 1928 1602 1967 fovet,
1618 1930 1647 1958 in
1666 1929 1770 1960 nostrae
1786 1928 1854 1959 Con
1860 1930 2026 1961 fiderationis
2039 1930 2130 1960 aciem
2144 1930 2323 1969 extollentes,
2337 1941 2373 1962 ac

1312 1964 1402 2002 plenis
1414 1966 1448 1996 &
1462 1968 1580 2004 paternis
1591 1967 1775 1998 desiderantes
1787 1968 1934 1998 affectibus
1949 1977 1980 1999 ut
1999 1969 2093 1998 omnis
2111 1967 2315 1998 Scandalorum
2337 1971 2373 2001 &

1312 2002 1487 2034 Guerrarum
1502 2004 1639 2043 Materia,
1658 2015 1721 2043 quae
1736 2006 1846 2037 dudum
1859 2006 1987 2046 pestifere
2001 2007 2088 2046 viguit
2103 2007 2136 2037 &
2158 2006 2277 2036 versatur
2299 2008 2379 2038 inter‘

1311 2041 1421 2081 Reges,
1436 2042 1507 2080 ipsos
1527 2043 1609 2074 Pacis
1632 2043 1743 2074 Adtore
1762 2045 1877 2075 coelitus
1901 2045 2064 2084 inspirante,
2080 2047 2110 2074 in
2126 2044 2239 2075 Bonum
2252 2044 2373 2076 salutaris

1311 2079 1488 2111 Concordiae
1502 2082 1536 2113 &
1550 2082 1675 2113 Unitatis
1687 2083 1811 2120 pacificae
1824 2092 2034 2122 commutetur,

1348 2117 1387 2149 Et
1400 2118 1437 2149 de
1450 2119 1550 2151 vestrae
1565 2120 1835 2159 Circumspectionis
1853 2121 2008 2161 Industria,

1349 2157 1448 2195 Quam
1458 2181 1467 2195 ,
1485 2167 1633 2196 potentem
1649 2159 1747 2196 Opere
1762 2161 1862 2198 pariter
1876 2161 1909 2191 ὃς
1922 2160 2080 2199 Sermone,
2098 2162 2129 2191 in
2145 2162 2252 2200 magnis
2273 2166 2372 2201 expet-2

1311 2203 1368 2226 13111
1381 2197 1414 2227 ὃ(
1430 2196 1537 2235 arduis,
1555 2197 1656 2228 eximia
1669 2197 1827 2236 Probitate,
1846 2199 2007 2238 Fidelitate,
2025 2199 2224 2239 Magnitudine
2239 2199 2372 2240 Consilii,

1313 2233 1436 2264 Morum
1451 2234 1610 2274 Elegantia,
1628 2236 1760 2267 Scientiae
1777 2237 1917 2275 claritate,
1933 2238 1966 2269 &
1983 2238 2040 2268 aliis
2059 2238 2205 2277 grandium
2226 2238 2372 2271 Virtutum

1311 2272 1431 2309 Titulis,
1447 2283 1545 2303 carum
1560 2274 1694 2311 Largitor
1716 2275 1862 2305 Dominus
1885 2275 2090 2313 multiphariam
2112 2276 2269 2315 insignivit,
2284 2279 2317 2308 &
2340 2280 2371 2309 in

1313 2311 1391 2348 cujus
1406 2310 1580 2350 Affedtibus,
1592 2322 1645 2342 nec
1660 2313 1851 2352 ambigimus,
1860 2314 1965 2351 geritur
1979 2314 2014 2345 ad
2029 2313 2109 2345 Pacis
2122 2315 2379 2353 Tranquillitatem'

1312 2349 1446 2380 reducere
1461 2349 1557 2388 Reges
1571 2350 1684 2380 eosdem
1693 2374 1702 2389 ,
2376 2367 2380 2373 *

1345 2387 1500 2430 ¹Surnentes
1514 2390 1542 2418 in
1557 2389 1702 2419 Altissimo
1717 2389 1848 2420 fiduciam
1864 2389 2009 2428 specialem
2025 2390 2105 2429 quod
2120 2391 2183 2430 illa,
2197 2402 2262 2431 quae
2277 2393 2372 2425 eidem

1313 2424 1569 2463 Circumspectioni
1582 2426 1682 2457 vestrae
1689 2451 1698 2464 ,

1353 2463 1440 2502 Cujus
1459 2464 1620 2501 Praesenti'a,
1645 2466 1728 2496 nobis
1747 2466 1856 2496 summe
1877 2466 2000 2504 perutili,
2026 2477 2079 2504 pro
2100 2476 2158 2498 tam
2179 2468 2295 2500 celebris
2314 2469 2378 2501 Bo·-

1314 2503 1343 2532 ni
1357 2503 1558 2534 consecutione
1573 2504 1669 2535 votiva
1679 2527 1687 2541 ,
1704 2505 1734 2534 in
1749 2504 1962 2535 Praesentiarum
1977 2515 2071 2535 carere
2083 2508 2299 2546 compellimur,

1313 2541 1525 2609 ἱ,11)111ἐο111111115
1539 2542 1760 2581 committenda,
1777 2543 1856 2574 Cura
1870 2542 2043 2574 exaCtislima
2058 2553 2140 2582 atque
2155 2546 2280 2585 pervigili
2294 2556 2376 2578 cura-

1335 2588 1376 2609 itis
1390 2590 1405 2610 a
1427 2590 1488 2617 imp
1499 2590 1560 2618 ere,

1351 2616 1457 2648 Habita
1469 2619 1548 2656 super
1563 2617 1620 2648 h'oc
1635 2628 1716 2656 cum,
1736 2618 1950 2650 Venerabilibus
1962 2620 2103 2651 Fratribus
2124 2621 2242 2660 nostris,
2261 2621 2373 2654 Sandiae

1315 2654 1459 2687 Romanae
1471 2657 1605 2688 Ecclesiae
1619 2656 1810 2687 Cardinalibus
1826 2657 2039 2689 Deliberatione
2054 2660 2178 2698 matura,

1352 2693 1430 2732 Vos,
1449 2704 1592 2733 tamquam
1614 2695 1693 2726 Pacis
1717 2696 1845 2733 Angelos
1867 2706 1900 2725 ac
1920 2696 2073 2735 Paciarios,
2093 2697 2191 2728 nostro
2204 2699 2238 2730 &
2253 2699 2377 2736 praefatae

1315 2731 1451 2764 Ecclesiae
1465 2734 1615 2770 Nomine,
1629 2733 1663 2763 ad
1677 2733 1771 2772 Reges
1782 2734 1933 2772 praedidkos
1950 2735 2124 2773 Apostolicae
2136 2736 2216 2767 Sedis
2229 2738 2262 2767 Ν
2266 2740 2375 2776 uncios,

1316 2770 1351 2801 de
1367 2772 1536 2802 eorumdem
1553 2772 1681 2803 Fratrum
1697 2772 1843 2812 Consilio,
1864 2775 2021 2804 comitante
2036 2775 2115 2805 Pacis
2127 2774 2258 2815 Angelo,
2277 2778 2374 2815 provi-

1316 2809 1407 2840 dimus
1418 2810 1616 2848 destinandos,

1318 2848 1532 2916 RIndubitabili
1548 2850 1657 2880 ratione
1676 2857 1802 2880 tenentes
1820 2849 1901 2888 quod
1918 2874 1928 2888 ,
1952 2850 2100 2888 inspirante
2119 2852 2239 2889 pacifico
2258 2852 2377 2892 Regum

1348 2897 1363 2917 e
1384 2897 1399 2917 e

1358 2896 1420 2964 {ul
1442 2925 1564 2965 Pacem,
1580 2925 1650 2964 Jure
1669 2925 1874 2964 HaereditariO,
1892 2926 1927 2956 de
1949 2926 2065 2958 Mundo
2087 2928 2250 2960 transiturus
2273 2930 2307 2961 ad
2319 2930 2374 2961 Pa-

1315 2971 1405 3002 trem,
1426 2964 1478 2994 suis
1494 2965 1604 3002 reliquit
1618 2964 1765 3002 Discipulis
1780 2965 1809 2993 in
1825 2963 1953 2996 Discessu
1962 2988 1972 3004 ,
2239 2968 2243 2971 “

1352 3002 1491 3033 Fomenta
1514 3002 1725 3033 Discordiarum
1747 3012 1924 3040 quaecunque
1940 3026 1950 3041 ,
1978 3004 2051 3034 inter
2079 3004 2175 3044 Reges
2200 3006 2350 3043 praedictos
2369 3030 2378 3044 ‚

1314 3039 1397 3071 Meta
1411 3041 1528 3071 salutaris
1543 3040 1734 3078 Concordiae,
1753 3041 1787 3071 ad
1801 3040 1994 3072 inaestimabile
2006 3041 2084 3073 Pacis
2102 3042 2217 3074 Bonum
2238 3044 2372 3077 reducere

1313 3078 1413 3108 Modis
1426 3080 1560 3109 omnibus
1573 3079 1710 3118 satagetis:

1350 3116 1497 3155 Vobisque
1510 3126 1656 3154 propterea
1667 3116 1845 3155 conjundtim
1860 3118 1931 3148 iuter
1950 3117 2117 3157 praediElos,
2133 3119 2266 3149 Karalum
2281 3123 2372 3151 Fran-

1311 3158 1373 3193 ciae,
1391 3157 1424 3186 &
1435 3159 1582 3185 Henricum
1596 3155 1728 3193 Angliae,
1747 3155 1858 3195 Reges,
1881 3156 1917 3186 dc
1929 3157 1962 3187 ὃ(
1976 3157 2003 3187 [11
2026 3167 2054 3188 er
2069 3158 2291 3196 quibuscumque
2304 3159 2372 3189 Dis-

1311 3193 1429 3232 cordiis,
1448 3193 1640 3231 Differentiis,
1658 3204 1740 3232 atque
1762 3192 1881 3224 Guerris
1900 3167 2077 3234 vigentibus,
2092 3197 2125 3226 &
2147 3206 2210 3233 quae
2231 3196 2287 3227 effe
2302 3207 2369 3235 pos-

1311 3232 1370 3262 sent
1381 3232 1451 3263 111101
1464 3232 1558 3271 Reges
1575 3232 1721 3270 praefatos,
1737 3233 1950 3271 quibuscunque
1959 3233 2090 3272 Juribus,
2104 3234 2292 3272 Adrionibus,
2302 3235 2367 3266 Oc-

1311 3271 1489 3308 cafionibus,
1513 3271 1559 3301 seu
1580 3270 1694 3308 Modis,
1720 3270 2014 3310 quomodocumque,
2039 3282 2085 3302 aut
2107 3273 2366 3312 qualitercumque,

1310 3308 1410 3339 nostro
1424 3310 1456 3340 ὃ(
1473 3309 1608 3339 Ecclesiae
1623 3309 1728 3339 nostrae
1744 3310 1866 3348 praefatae
1882 3310 2014 3340 Nomine
2028 3310 2166 3345 (Partium
2181 3320 2277 3342 tamen
2297 3311 2368 3343 Dis-

1310 3348 1458 3378 sidentium
1474 3349 1628 3378 accedente
1643 3347 1788 3383 consensu)
1806 3347 1961 3378 Tractandi
1974 3349 2006 3379 ὃ(
2024 3347 2248 3387 Componendi,

1345 3386 1390 3417 Ac
1408 3386 1566 3424 indicendi,
1585 3386 1635 3416 sub
1650 3386 1696 3423 spe
1716 3385 1812 3424 Pacis,
1830 3386 1971 3425 Treugas,
1997 3386 2142 3425 Inducias,
2168 3389 2201 3419 ὅ(
2221 3387 2366 3419 Sufferen-

1307 3425 1357 3455 tias
1374 3425 1509 3462 quassibet
1528 3425 1707 3462 temporales,
1726 3434 1841 3454 necnon
1859 3424 1962 3454 Pacem
1981 3426 2013 3456 &
2032 3424 2229 3456 Concordiam
2240 3449 2249 3464 ,
2265 3436 2364 3464 perpe·-

1307 3465 1359 3494 tuo
1377 3463 1534 3501 duraturas,
1552 3463 1602 3493 sub
1621 3462 1672 3492 illis
1693 3462 1847 3499 Capitulis,
1867 3462 1976 3503 Paffls,
1997 3462 2111 3502 Modis,
2129 3464 2364 3503 Conditionibus,

1306 3510 1389 3538 atque
1407 3501 1517 3532 Formis
1531 3525 1540 3537 ,
1563 3501 1719 3532 Poenarum
1739 3500 1951 3539 Adjectionibus
1965 3525 1973 3539 ,
1992 3501 2163 3540 juramentis
2210 3502 2363 3532 Oblidibus

1307 3538 1511 3578 Personarum,
1524 3539 1653 3578 Jurium,
1672 3541 1706 3571 &
1724 3538 1872 3569 Bonorum
1891 3539 2136 3579 Obligationibus,
2166 3525 2363 3570 Promiffioni-

1306 3578 1358 3608 bus
1369 3600 1379 3615 ,
1397 3577 1535 3615 Cautelis,
1553 3577 1705 3615 Clausulis,
1723 3578 1756 3607 &
1772 3577 2037 3616 solempnitatibus,
2052 3588 2133 3616 atque
2152 3578 2309 3614 Membris,
2323 3577 2360 3609 de

1306 3616 1406 3653 quibus
1433 3616 1526 3646 eidem
1552 3614 1810 3652 Circumspedtioni
1828 3615 1928 3646 vestrae
1945 3617 2123 3655 conjuntstim
2143 3615 2362 3653 quomodolibet

1305 3654 1445 3684 videbitur
1461 3652 1607 3691 expedite,
1632 3654 1666 3684 &
1685 3655 1758 3684 inter
1774 3653 1868 3684 Partes
1886 3655 1970 3693 ipsas,
1994 3654 2210 3693 quomodolibet
2227 3653 2359 3685 diffiden-

1303 3699 1360 3729 tes,
1379 3693 1505 3731 poteritis
1518 3692 1693 3723 concordare
1706 3692 1752 3722 seu
1766 3702 1943 3730 componere
1958 3692 2161 3731 quovismodo,

1341 3730 1471 3761 Necnon
1490 3729 1654 3768 Validandi,
1672 3729 1857 3768 Roborandi,
1877 3730 2026 3761 Observari
2045 3732 2078 3761 &
2093 3730 2201 3768 Exequi
2221 3730 2356 3762 mandan-

1303 3769 1347 3807 di,
1366 3779 1399 3799 ac
1419 3768 1557 3806 faciendi,
1576 3769 1753 3800 Auctoritate
1771 3769 1881 3807 nostra,
1901 3770 1998 3800 omnia
2016 3769 2049 3799 ὃ(
2069 3768 2187 3806 singula,
2206 3778 2270 3806 quae
2284 3771 2358 3801 inter

1303 3808 1412 3846 Reges,
1435 3815 1482 3837 aut
1499 3807 1632 3837 habentes
1646 3807 1806 3838 facultatem
1826 3808 1862 3837 ab
1880 3809 1917 3836 eis
1929 3829 1938 3844 ,
1962 3807 2067 3836 firmata
2084 3806 2130 3836 vel
2147 3807 2277 3838 conclusa
2294 3809 2356 3839 fue-

1304 3847 1360 3876 rint
1378 3855 1427 3883 per
1446 3855 1516 3882 vos,
1533 3845 1584 3875 sub
1601 3845 1653 3876 illis
1670 3844 1800 3875 Ceiisuris
1817 3846 1851 3876 &
1870 3844 1968 3875 Poenis
1984 3843 2181 3887 Ecclesiasticis
2223 3846 2253 3874 in
2272 3856 2354 3884 quas-

1305 3893 1418 3921 cunque
1441 3882 1644 3914 Ecclefiasticas
1670 3883 1802 3913 Personas
1827 3884 1860 3913 &
1880 3883 2021 3912 Seculares
2037 3884 2136 3925 (etiam
2152 3883 2171 3912 fi
2190 3867 2289 3922 Regali
2306 3894 2354 3916 aut

1304 3921 1433 3960 Reginali
1447 3946 1456 3959 ,
1480 3921 1657 3952 Cardinalatu
1672 3945 1682 3959 ,
1710 3920 1867 3951 Pontificali
1882 3944 1891 3956 ,
1918 3920 1962 3950 vel
1979 3920 2029 3963 alia
2054 3930 2150 3957 quaVis
2173 3923 2354 3962 praefulgeant

1304 3960 1459 3998 Dignitate)
1477 3969 1591 3991 necnon
1607 3959 1758 3996 Civitates,
1776 3958 1956 3995 Provincias,
1976 3957 2137 4001 Dioeceses,
2153 3958 2272 3998 Terras,
2296 3961 2354 3992 Ca-

1303 3998 1356 4029 stra
1368 4021 1377 4035 ,
1403 3999 1436 4029 &
1456 3998 1535 4029 Loca
1553 3998 1603 4028 alia
1617 4020 1627 4036 ,
1652 3997 1697 4028 seu
1713 3996 1930 4033 Universitates,
1952 3995 1989 4026 de
2006 3996 2123 4035 qulbus,
2145 4007 2176 4029 ut
2192 3999 2357 4038 praefertur,

1303 4035 1393 4070 visum
1407 4035 1490 4069 suerit
1505 4035 1722 4076 quomodolibet
1734 4034 1887 4101 congenitis
1895 4057 1906 4070 ,
2320 4073 2358 4107 Et
