2562 4274
16 274 91 313 Ann.
102 269 145 307 D.

17 324 129 389 ⁸229}ss

15 466 92 497 Ann.
105 464 148 495 D.

45 512 133 543 1403.

15 545 66 571 An.
83 552 112 578 4.

14 586 52 609 H.
67 589 95 616 4.

16 623 57 646 Ex
72 620 130 644 Au-

14 662 149 720 '‘ffimi.

35 740 100 767 ⁸97·

747 193 855 239 ET
935 193 1190 240 ACTA

453 367 560 400 Litera'
580 364 620 401 ab
638 367 921 416 Hamburgenfibus.

165 448 414 506 GLoriosiffimo
428 449 556 492 Principi
570 453 604 483 &
617 452 752 484 Domino
764 452 965 490 benignissimo
974 453 1126 490 ,Domino
1138 455 1215 483 Hen-

234 492 288 518 rico
305 491 371 533 Regi
391 489 502 529 Angliae
519 489 557 526 ὠ·
569 494 690 521 Franciae
704 510 714 530 ³
734 502 766 521 ac
781 494 896 520 Domino
916 491 1053 531 Yberniae,
1072 492 1214 522 Serenissi-

167 536 219 557 mo
234 526 343 570 Fautori
358 528 392 559 δε
407 527 572 560 Promotori
596 529 693 560 nostro
713 530 832 569 gratioso
845 553 854 568 ‚
870 529 1062 560 Humilimam
1086 530 1216 565 Recom-

166 564 377 603 mendationern
396 567 430 598 δε
449 566 584 605 quicquid
603 569 756 605 poterimus
773 567 979 606 complacibilis
1003 567 1169 599 Serviminis
1183 569 1217 600 &

165 601 296 634 Honoris
307 614 361 642 pro
375 605 554 644 beneplacito
569 606 728 638 voluntatis.

202 680 222 700 ⁸*
241 680 584 713 GLOR10s13s1ME
609 676 826 716 Pkiwcer’s
859 692 911 714 ET
948 682 1129 714 Dominis
1156 687 1219 711 Ba-

165 725 439 758 NioNISSIME,

180 833 186 839 ⁸
206 794 385 840 QiiaPium
400 795 434 826 &
450 794 621 844 Consonum
634 797 675 843 est
689 798 791 829 rationi
805 797 997 842 'testimonium
1010 795 1158 843 perhibere
1171 800 1220 825 ve-

165 841 253 872 ritati,
267 834 338 902 lhinc
356 833 500 903 estpqucsid
520 835 556 867 ad
576 835 675 876 Regiae
697 836 796 868 vestrae
817 835 969 875 MaJestans
990 844 1066 866 aures
1081 834 1221 872 gliscimus

168 881 321 950 εοῐὲιῗὸῗε,
333 881 650 945 ῗὲηίέἒυξίηξῗῖιοίὶτα
671 913 835 951 praesentia,
853 911 963 957 discreti
974 911 1057 948 Viri,
1074 909 1222 957 Johannes

165 947 297 993 Meffing,
315 948 472 994 Bprmrdus
481 951 635 990 Vernyden,
652 953 686 984 διε
701 950 885 990 Macquardus
892 949 1031 993 Godrnglq,
1046 948 1130 979 nostri
1139 947 1221 978 Con-

165 996 260 1026 civeS,
279 988 340 1020 Viri
347 986 505 1032 'fidedignh
523 989 622 1020 Nobis
634 998 775 1033 exponere
790 989 923 1019 curarunt
942 988 1222 1033 qualiter,.tempore

167 1024 356 1066 Autumpnali
370 1028 501 1065 proxime
514 1028 634 1071 effluxo«,
651 1027 768 1071 quidam
784 1026 943 1057 Nauclerus
958 1026 1135 1066 Meynekinus
1151 1022 1224 1053 Mel-¹

161 1062 223 1134 {ng
243 1064 378 1096 Nomine
391 1087 401 1104 ‚
419 1064 513 1096 noster
536 1063 695 1104 ConciVis,
712 1065 890 1096 Velificando
911 1065 946 1095 de
966 1064 1053 1095 Portu
1073 1062 1224 1101 Malmoge

137 2984 141 2987 χ
183 2946 306 2980 situdinis
328 2946 428 2978 vestrae
445 2946 580 2978 Subditos
599 2954 770 2985 praenotatos
795 2947 862 2978 tales

201 1103 266 1143 egni
282 1102 383 1136 Daciae
398 1102 487 1133 versus
502 1102 675 1141 Flandriam,
692 1102 829 1141 AEquoris
849 1111 936 1134 metas
951 1103 1083 1140 intravit,
1101 1110 1223 1139 cumque

167 1141 336 1180 pervenisset
348 1150 382 1172 ex
396 1141 525 1179 oppofito
539 1140 626 1172 Novi
641 1140 756 1173 Castelli
770 1142 857 1173 vestri
872 1141 990 1180 Regni,
1007 1141 1223 1179 supervenerunt

166 1180 294 1211 nonnulli
309 1179 408 1211 vestrae
426 1178 607 1210 Excellentiae
623 1179 751 1220 Subditi,
768 1188 866 1219 utpote
883 1180 1000 1220 quidam
1019 1180 1054 1210 de
1075 1179 1172 1218 Lynne
1190 1179 1224 1220 ὃς

168 1218 207 1249 de
222 1217 341 1256 Blaena,
358 1226 481 1256 quorum
501 1217 673 1256 Capitaneus
688 1219 741 1250 fuit
759 1219 872 1257 quidam
891 1218 998 1259 Symeke
1011 1218 1225 1255 Dederum,qui

167 1256 339 1296 praedietum
356 1254 537 1287 Nauclerum
552 1257 586 1287 ὃ(
596 1256 694 1288 secum
711 1258 856 1289 existentes
873 1257 903 1287 in
919 1256 997 1288 Navi
1015 1255 1109 1287 hostili
1127 1265 1160 1297 ac
1183 1256 1224 1285 fe*

168 1296 233 1327 roci
257 1294 350 1325 Manu
375 1294 558 1333 invaserunt,
583 1295 715 1335 suamque
740 1296 853 1326 Navirn
876 1296 932 1324 una
955 1303 1025 1324 cum
1050 1293 1134 1323 Bonis
1152 1302 1180 1322 in
1197 1301 1229 1322 ea

168 1333 348 1365 existentibus
361 1332 395 1363 &
409 1333 529 1364 investis
542 1334 679 1364 violenter
692 1341 854 1372 rapuerunt,
871 1333 904 1363 ὅ(
913 1356 923 1372 ,
940 1332 1104 1363 Gravamen
1119 1330 1230 1361 Grava²

169 1373 244 1404 mini
260 1371 485 1408 accumulando,
500 1370 644 1402 Homines
658 1373 885 1409 captivaverunt,
902 1381 936 1401 ac
953 1370 1074 1401 demum
1092 1369 1231 1400 Homini-

169 1411 224 1442 bus
239 1408 356 1440 dimissis
372 1411 407 1440 &
421 1409 503 1440 rebus
520 1409 646 1448 ipsorum
663 1411 803 1441 evacuatis
817 1433 828 1449 ,
872 1409 1017 1441 raedictam
1032 1408 1140 1439 Navim
1159 1415 1228 1439 cum

170 1448 260 1519 ¹Pennis
274 1448 306 1478 in
320 1446 450 1478 Praedam
462 1447 636 1479 abduxerunt
648 1471 659 1487 ,
675 1448 709 1480 &
720 1448 757 1479 de
770 1450 808 1479 eis
822 1459 838 1480 a
874 1456 975 1480 nutum
995 1447 1119 1486 ipsorum
1134 1446 1228 1485 dispo-

184 1494 285 1519 uerunt

207 1508 300 1558 Unde}
319 1523 514 1569 (Sereniffime
524 1524 679 1565 Princeps)
699 1525 827 1566 praediffi
842 1524 930 1556 nostri
950 1524 1097 1556 Concives
1112 1523 1151 1554 sin
1172 1523 1228 1554 ula-

170 1565 238 1598 ritet
259 1562 370 1600 Singuli
417 1563 514 1594 medio
538 1562 588 1595 suo
610 1563 778 1602 juramento
803 1565 903 1596 erectis
928 1563 1022 1601 digitis
1039 1572 1140 1593 eorum
1161 1572 1228 1600 em,

171 1608 271 1635 coram
283 1600 367 1632 'nobis
429 1601 558 1633 rmfirunt
569 1602 595 1633 se
608 1603 639 1633 in
654 1603 731 1635 dieta
745 1603 827 1634 Navi
841 1601 1096 1633 habuiffeinfrascri
1116 1609 1154 1632 tas
1161 1601 1229 1631 Par-

169 1649 210 1673 tes
228 1639 343 1678 Navis,
360 1641 395 1672 &
416 1639 515 1671 Alleca
535 1640 721 1680 infrascripta,
738 1650 837 1680 utpote
861 1640 1007 1680 Johannes
1026 1638 1088 1669 Mel
1097 1649 1141 1676 mg
1156 1647 1228 1677 prae³=

167 1678 261 1711 diffkus
274 1677 408 1710 octavam
422 1677 538 1710 Partem
555 1678 666 1718 Navis,
683 1680 842 1709 Bernardus
864 1679 1000 1719 Vernyden
1013 1678 1146 1709 octavam
1162 1677 1229 1708 Par-

169 1726 231 1750 tem
245 1716 350 1756 Navis‚
370 1718 561 1757 Marquardus
572 1717 695 1756 Godingh
710 1718 843 1759 Qatuor
860 1717 953 1749 Lastas
967 1718 1098 1748 Allecum
1108 1739 1117 1754 ‚
1134 1716 1168 1747 ad
1183 1718 1227 1755 ip-

168 1756 213 1789 sos
226 1765 280 1794 pro
299 1757 342 1787 rie
357 1757 392 1788 &
408 1756 527 1794 praecise
543 1757 726 1796 pertinentes,
743 1756 822 1788 nullo
839 1757 931 1788 alieno
947 1755 1065 1794 Hospite
1080 1754 1188 1786 Partem
1198 1757 1228 1786 in

169 1794 254 1841 dietis
307 1796 390 1827 uabus
407 1793 528 1826 Οάανὶε
552 1794 680 1827 Partibus
705 1794 801 1827 Navis
822 1795 856 1827 &
878 1795 1011 1827 Allecum
1033 1795 1231 1833 quantitatibus

169 1844 189 1866 o
210 1841 316 1865 tinente

189 1844 436 1910 plnsuper’adiecit
449 1874 578 1911 praefatus
589 1871 736 1912 Johannes
758 1869 875 1913 Melfing
889 1872 971 1903 nobis
986 1871 1153 1910 exponendo
1167 1881 1232 1910 qua-

172 1911 233 1943 liter
246 1909 379 1949 praefatus
390 1910 584 1951 Meynekinus
598 1911 634 1942 N
635 1911 757 1943 auclerus
771 1910 864 1942 Frater
881 1910 940 1949 ejus
953 1911 1085 1949 carnaiis,
1101 1920 1233 1947 pronunc

174 1951 182 1957 ‘
227 1948 256 1979 R
311 1959 333 1980 o
355 1948 453 1981 vestrae
473 1949 691 1981 Dominationis
712 1949 818 1986 degens
831 1972 841 1988 ,
866 1949 993 1980 habuerit
1015 1950 1044 1979 in
1058 1948 1135 1980 dieta
1152 1948 1233 1979 Navi

209 1957 364 2019 uasefiiistas
376 1987 510 2019 Allecum
525 2010 535 2026 ‚
550 1988 584 2019 &
599 1988 738 2028 Quartam
754 1988 866 2019 Partem
879 1988 964 2018 dietae
985 1986 1092 2026 Navis,
1111 1997 1145 2018 ac
1161 1990 1235 2026 Hey-

172 2037 207 2056 no
228 2025 315 2056 Schilt
339 2025 432 2057 noster
455 2025 596 2057 Concivis
608 2049 619 2064 ,
636 2036 767 2064 pronunc
788 2027 884 2058 absens
898 2048 909 2064 ‚
935 2026 1030 2056 habuit
1052 2026 1082 2055 in
1107 2035 1139 2056 ea
1157 2026 1236 2063 xviij.

175 2063 273 2109 (Jonas
286 2063 421 2095 Allecum
434 2063 469 2095 ad
485 2065 558 2103 ipsos
574 2065 726 2103 veraciter,
742 2072 774 2096 ut
786 2064 864 2096 idem
873 2064 1015 2105 Johannes
1029 2063 1138 2095 affer-uit
1146 2087 1157 2103 ‚
1173 2074 1236 2104 per-

175 2110 295 2135 tmentes

214 2125 326 2173 Vertii'n
347 2141 411 2180 quia
432 2140 587 2180 praescripti
609 2141 698 2173 nostri
711 2141 856 2173 Concives
869 2140 1072 2173 Consecutioni
1086 2141 1120 2172 &
1133 2139 1237 2171 Extor-

174 2179 246 2211 sioni
260 2179 460 2218 praedictorum
476 2179 622 2211 Bonorum
636 2181 748 2218 propria
763 2182 793 2211 in
809 2180 930 2212 Persona
944 2180 1073 2211 interesse
1087 2187 1236 2216 nequeant,

233 2217 321 2249 fatum
345 2217 553 2258 Meynekinum
577 2218 702 2257 Melsing
731 2219 910 2250 Nauclerum
925 2242 934 2258 ‚
959 2218 1068 2249 meliori
1091 2217 1180 2248 modo
1202 2219 1236 2248 &

186 2256 270 2288 orma
285 2256 388 2296 quibus
399 2256 434 2288 de
445 2256 514 2296 Jure
528 2265 696 2296 potuerunt,
713 2257 866 2297 Fecerunt,
882 2257 1101 2289 Constituerunt
1111 2279 1120 2294 ‚
1129 2257 1163 2287 δε
1178 2255 1236 2285 Or-

175 2295 358 2335 dinaverunt,
376 2295 518 2326 absentem
541 2304 685 2335 tamquam
708 2297 876 2334 praesentem
892 2319 903 2335 ,
928 2297 958 2326 in
980 2296 1061 2326 suum
1084 2305 1184 2325 verum
1203 2296 1237 2326 &

176 2333 340 2370 legitimum
362 2332 578 2365 Procuratorem
595 2357 604 2373 ,
631 2334 832 2372 Negotiorum
855 2334 969 2365 suorum
996 2333 1150 2365 Gestorem
1165 2355 1175 2370 ‚
1203 2333 1237 2363 δε

176 2371 334 2403 Nuncium
351 2371 501 2409 specialem
515 2395 525 2411 ,
542 2373 650 2404 Dantes
671 2374 704 2404 &
727 2372 929 2405 Concedentes
951 2372 1045 2403 eidem
1067 2372 1177 2410 plenam
1203 2373 1237 2402 &

177 2410 293 2441 liberam
306 2408 480 2441 Potestatem
494 2412 528 2442 &
545 2410 716 2442 Mandatum
730 2411 850 2449 speciale
863 2434 874 2451 ,
891 2411 926 2442 ad
941 2410 1143 2442 Ernovendum
1152 2431 1161 2447 ,
1179 2408 1238 2439 Ex-

177 2447 384 2487 torquendum,
401 2448 434 2478 &
451 2447 679 2487 Prosequendum
693 2449 770 2480 dieta
783 2450 872 2481 ablata
887 2450 906 2480 si
920 2458 1011 2480 extant
1020 2472 1029 2487 ,
1045 2456 1092 2479 aut
1105 2447 1238 2478 Refufio-

179 2496 248 2518 nem
263 2485 453 2516 Pecuniarum
464 2486 541 2518 dieta
556 2488 658 2518 Ablata
672 2488 785 2525 integre
798 2488 1044 2526 compensantium
1053 2511 1062 2524 ,

212 2524 252 2556 Et
270 2524 433 2561 generaliter
447 2526 544 2556 omnia
560 2525 610 2556 alia
625 2526 658 2555 &
678 2525 781 2564 singula
797 2528 827 2556 in
845 2525 995 2557 Praemiffis
1015 2523 1189 2556 Faciendum
1205 2523 1237 2553 ὃς

176 2561 410 2600 Dimittendum,
431 2571 495 2599 quae
512 2563 560 2600 ipsi
580 2562 790 2594 Constituentes
807 2564 933 2595 facerent
957 2563 1000 2594 seu
1022 2563 1112 2594 facere
1130 2561 1240 2598 possent

175 2602 211 2673 gc
209 2601 388 2640 personaliter
404 2600 564 2632 intereffent
578 2623 588 2639 ‚
613 2602 647 2632 &
666 2611 730 2638 quae
748 2602 780 2631 in
799 2601 952 2633 Praemiffis
968 2602 1070 2632 fuerint
1089 2598 1239 2630 necessaria

225 2650 245 2670 o
286 2648 364 2670 rtuna

210 2649 334 2710 Gffium
352 2661 385 2709 δῖ
402 2675 510 2707 Rarum
528 2676 650 2707 habituri
668 2678 734 2716 quic
755 2677 801 2708 uid
821 2687 870 2715 per
894 2677 1006 2708 dietum
1026 2677 1236 2719 Meynekinum

175 2716 392 2787 {recurastsorem
414 2725 514 2746 eorum
539 2715 647 2746 Adtum
663 2738 673 2755 ,
694 2687 819 2747 Geqstum
834 2740 844 2754 ,
862 2715 908 2747 seu
926 2715 1084 2747 Dimiffum
1104 2717 1190 2748 fuerit
1208 2719 1238 2747 in

206 2765 287 2786 raemi
312 2765 353 2793 is,

221 2793 258 2825 Et
281 2801 393 2832 propter
419 2792 719 2833 MAJEsTATEM
754 2801 957 2825 vEsTRAM
983 2792 1159 2825 REGIAM
1185 2803 1238 2825 ET

178 2831 536 2864 ExcELLENTIAM
560 2840 859 2869 pascuarum,
877 2831 1239 2873 tamPrecehumiliqu‘am

180 2870 288 2903 obnixfi⁴
299 2893 310 2909 ,
326 2878 462 2910 quantum
480 2870 628 2908 possumus
644 2893 653 2908 ‚
671 2880 705 2900 ex
721 2871 821 2901 animo
836 2870 1018 2908 deprecamur
1039 2880 1140 2901 omnes
1156 2893 1165 2909 ,
1190 2881 1239 2901 ve-

179 2909 245 2941 strae
260 2908 486 2940 considerationis
504 2909 598 2939 aciem
606 2908 640 2938 ad
659 2907 805 2939 Praemiffa
823 2909 887 2939 beni
910 2909 946 2938 ne
963 2908 1157 2947 exrendentes‚
1173 2909 1241 2940 Cel-

908 2947 990 2977 abere
1015 2947 1192 2986 dignemini,
1210 2957 1242 2978 ut

183 2985 264 3017 Bona
288 2985 446 3027 praescripta
470 2986 675 3023 praenominato
701 2985 882 3025 Meynekino
896 3008 906 3023 ,
923 2984 1105 3016 Procuratori
1121 2987 1239 3016 nomine

182 3023 346 3055 nostrorum
359 3023 538 3055 Concivium
554 3046 563 3062 ,
581 3024 615 3055 ad
629 3023 788 3062 Juffionem
805 3023 925 3054 vestram
946 3023 1066 3064 Regiam
1083 3024 1241 3055 Restituant

183 3062 204 3092 fi
219 3071 312 3093 extant
325 3086 336 3100 .,
361 3063 408 3095 vel
451 3073 485 3093 ro
510 3063 607 3093 Pretio
623 3062 773 3099 condigno
789 3063 823 3093 &
840 3063 1015 3100 competenti
1033 3071 1114 3100 prout
1130 3063 1240 3101 justum

168 3126 173 3129 .,
184 3100 276 3131 visum
290 3101 342 3132 fuit
357 3100 434 3139 perso
443 3108 527 3139 vant,
544 3100 738 3131 occafionibus
754 3099 923 3138 quibussibet
936 3100 1108 3139 postergatis.

61 3603 83 3625 0
91 3604 176 3633 vm.

62 3642 127 3678 298.

41 3858 121 3890 'Ann.
134 3855 177 3889 D.·

65 3904 153 3935 1403.

41 3940 100 3964 An.
126 3943 156 3969 4.

45 3979 81 4002 H.
98 3984 127 4009 4.

45 4019 101 4042 Par.
110 4022 138 4047 4.

42 4056 114 4092 ΗΑ»
130 4055 158 4086 p.

44 4101 72 4119 ²·
84 4098 121 4118 m.
133 4093 182 4126 35·

223 3138 257 3170 In
276 3139 345 3177 hiis,
362 3139 654 3171 SERENIsSIME
673 3138 905 3176 Punicam,
923 3139 1054 3176 praeclara
1068 3138 1159 3169 vestra
1172 3139 1242 3169 No-

185 3176 274 3208 bilitas
296 3177 368 3208 adeo
388 3176 501 3208 sei-osius
523 3188 558 3208 ac
581 3177 724 3215 operosius
741 3176 767 3207 se
785 3177 935 3214 exhibeat,
959 3186 991 3208 ut
1007 3176 1139 3208 antedicti
1156 3177 1242 3207 nostri

186 3214 332 3246 Concives
349 3215 451 3247 Preces
468 3214 573 3246 nostras
596 3215 669 3254 apud
695 3214 895 3246 Excellentiam
911 3215 1032 3245 vestram
1050 3214 1176 3252 Regiam
1193 3216 1242 3245 sibi

186 3253 325 3293 gaudeant
341 3252 465 3292 affuiffe‚
483 3264 535 3292 pro
553 3264 609 3292 quo
627 3253 662 3284 ad
677 3253 776 3284 vestrae
797 3253 956 3284 Serenitatis
964 3253 1123 3284 Servimina
1141 3255 1174 3284 &
1190 3253 1239 3283 Be-

186 3290 352 3322 nivolentias
369 3301 402 3322 ac
419 3291 577 3323 vestrorum
597 3291 782 3322 Subditorum
800 3292 949 3330 volumus,
967 3299 1102 3330 quantum
1120 3292 1147 3321 in
1162 3293 1242 3322 nobis

187 3329 316 3369 possibile
332 3328 391 3367 est,
409 3330 526 3369 obligari
538 3331 602 3361 vice
618 3330 850 3369 versa3Petentes
858 3328 985 3362 vestrum
995 3329 1174 3368 Responsum
1191 3331 1241 3361 be-

185 3369 215 3400 n'
237 3378 306 3400 num
321 3369 402 3398 nobis
415 3368 494 3405 super
506 3367 655 3398 Praemiffis
674 3369 831 3399 reformari.

256 3407 369 3438 ominus
384 3405 457 3444 ipse,
472 3406 522 3443 qui
538 3405 707 3437 sublimium
726 3405 909 3437 Gubernator
927 3404 967 3436 est
981 3406 1014 3437 &
1033 3406 1145 3438 Reetor
1160 3429 1170 3445 ,
1193 3417 1242 3438 ve-

186 3445 271 3477 stram
291 3443 444 3476 Personam
462 3443 618 3481 humilem,
636 3446 710 3481 piam
730 3444 764 3476 &
782 3445 936 3481 benignam
953 3444 1001 3475 diu
1027 3445 1055 3475 in
1080 3445 1178 3475 Terris
1196 3455 1245 3484 per

186 3484 226 3516 sui
243 3482 419 3515 ineffabilem
445 3481 678 3512 Miserecordiam
704 3482 867 3513 conservare
891 3481 921 3512 di
961 3491 1039 3521 etur,
1057 3491 1087 3514 ut
1105 3483 1243 3522 Regnum

189 3522 316 3554 vestrum
337 3522 372 3560 de
393 3520 489 3552 vestro
510 3518 588 3550 felici
607 3518 763 3557 Regimine
776 3521 808 3551 in
821 3520 907 3551 Bonis
918 3491 1027 3559 igenmper
1043 3521 1165 3553 Actibus
1179 3523 1243 3560 glo-

189 3562 274 3593 rietur
291 3561 324 3592 &
339 3560 520 3599 prosperetur.

227 3595 246 3613 '²‘
264 3598 332 3630 Dat.
356 3598 443 3629 Anno
468 3596 593 3628 Domini
619 3594 773 3627 Millesitno
788 3618 798 3635 ,
816 3595 1103 3637 Quadringentesimo
1123 3598 1245 3637 Tertio,

193 3637 301 3669 Mensis
316 3635 414 3667 Martii
431 3636 490 3666 Die
508 3634 632 3665 Decima
646 3656 657 3672 ‚
673 3634 770 3665 nostro
788 3635 837 3666 sub
853 3634 954 3672 Sigillo
973 3636 1156 3667 Praesentibus
1170 3637 1244 3667 Ter-

191 3685 309 3716 gotenus
322 3674 456 3713 impresso
470 3676 501 3705 in
515 3673 730 3704 Testimonium
746 3672 966 3705 Praemifforum.

227 3751 413 3784 Vas-ran
429 3750 702 3793 MAJEsTAms
719 3749 1045 3789 SEREN1881MAE‚

226 3828 350 3859 Humiles
365 3827 403 3864 ὠ·
414 3827 513 3869 sinceri
536 3825 714 3865 Praeconfides
733 3824 771 3862 (θ’
792 3824 912 3864 Consules
937 3827 1018 3865 opidi
1037 3826 1246 3866 Hemborgenfis.

490 3956 542 3988 De
559 3952 765 3998 Appellatione
784 3948 947 3982 audienda.

295 4036 327 4068 X
360 4037 466 4069 dileffls
488 4038 522 4070 &
536 4035 662 4067 fidelibus
681 4035 731 4066 suis
747 4059 755 4073 ‚
775 4033 913 4073 Magistro
929 4033 1035 4064 Thomae
1051 4037 1143 4064 Stnwe
1158 4034 1256 4064 Deca-

191 4034 246 4090 Κ
260 4034 307 4106 {o
322 4060 456 4106 sscclefiae
467 4074 636 4110 Cathedralis
647 4074 743 4107 saneti
757 4073 836 4107 Pauli
856 4072 991 4105 London-
1027 4071 1170 4121 Magistro
1200 4072 1259 4111 Jo-
1290 4070 1361 4108 alia,
1379 4068 1476 4100 secum
1491 4078 1549 4100 non

208 4117 288 4148 Tem.
306 4117 354 4146 IV.
368 4115 402 4152 P,
416 4115 441 4146 Ι.

1256 282 1343 328 hanni
1358 287 1466 314 Barnet
1480 285 1610 330 Clerico,
1625 289 1772 334 ¹Magistro
1815 290 1916 322 ohanni
1927 293 2106 334 Honynghdm
2114 288 2307 337 Clericoffo-
2328 290 2390 322 Arm
2412 283 2452 333 D

1255 320 1341 349 hanni
1353 322 1455 365 Claeyne
1470 323 1576 361 Militi,
1595 327 1726 357 Richardo
1741 332 1781 358 W
1796 333 1916 369 ityngton
1930 331 2304 371 Armigeroffohaanifross
2351 338 2435 369 ¹403*

1255 359 1482 428 νηεὸᾼῑῗῑιὲεῑρᾶ
1500 362 1532 391 &
1548 363 1690 394 Willielmo
1709 367 1831 398 chotes
1847 370 1998 408 Armigero
2012 392 2022 409 ,
2039 371 2172 402 Salutem.
2322 372 2385 396 Hm:
2401 377 2433 405 ⁴1·u

1292 431 1295 434 ,
1313 407 1354 427 eia
1368 408 1388 427 is
1405 408 1462 436 quo
1492 421 1501 436 ,

1292 434 1370 465 Cum
1385 437 1415 466 in
1432 437 1550 474 quadarn
1566 437 1653 469 Causa
1667 440 1844 481 Pecuniaiia,

1294 473 1371 511 Qae
1390 484 1479 512 nuper
1502 476 1532 506 in
1555 474 1642 506 Curia
1658 478 1749 508 nostra
1766 479 1899 520 Militari,
1919 493 2017 514 eoram
2035 485 2157 523 quOdam'
2176 486 2304 518 Locum-

1256 517 1370 555 tenente
1382 515 1494 557 Henrf‘ci
1503 513 1535 541 de
1549 515 1629 557 Pei-cy
1647 513 1773 546 Comitis
1789 517 1822 546 N
1825 521 2009 552 orthurnbriae
2017 523 2224 555 Constabularii
2243 528 2303 556 Ari-

1254 548 1335 592 gliae‚
1354 559 1382 579 in
1395 550 1483 594 Curia
1494 551 1636 594 'praditffhQ
1652 554 1799 584 occafione
1813 566 1951 588 certarum
1968 559 2113 592 Peciarum
2128 563 2161 593 ad
2177 564 2303 594 valorem

1258 586 1436 624 Quindecim
1452 588 1571 619 Milium
1588 589 1715 621 Doiibles
1729 592 1799 622 Auri
1813 614 1822 630 ,
1840 593 1875 624 de
1891 594 1995 627 Cuneo
2006 593 2082 636 Regis
2097 599 2231 639 Ispanniae
2243 625 2252 640 ,
2268 605 2302 634 δε

1255 624 1375 663 aliorum
1393 626 1536 665 Jocalium
1558 628 1592 658 ad
1614 625 1740 659 valorem
1760 629 1888 661 Centum
1911 633 2060 667 Librarum
2073 640 2106 670 &
2121 640 2190 671 ultra
2232 642 2304 671 inter

1256 662 1385 692 Thomam
1400 662 1549 695 Blethlawe
1571 666 1683 697 Partem
1708 667 1858 700 Aciricem
1872 679 1906 700 ex
1921 682 1973 703 una
1985 683 2074 713 parte,
2204 661 2214 678 ⁹

1258 701 1385 741 Dowesto
1400 702 1513 734 Partem
1528 704 1624 735 Ream
1639 714 1674 735 ex
1685 706 1782 744 altera,
2093 678 2125 708 ἃ
2144 678 2305 717 Johannem

1298 740 1342 769 Ac
1357 739 1459 772 deinde
1473 764 1482 780 ‚
1501 742 1571 772 inter
1586 743 1709 774 eundem
1726 742 1888 782 johannem
1905 745 2045 779 Dowesto
2059 759 2166 787 partem
2188 754 2308 787 Recon-

1259 779 1419 808 venientem
1434 789 1467 809 ex
1481 791 1535 810 una
1547 791 1622 818 parte
1631 783 1678 820 ,&
1693 781 1842 820 praefatum
1856 785 2006 816 Thomam
2015 786 2128 819 Partem
2137 791 2308 826 Reconven-

1261 823 1319 845 tam
1333 825 1367 846 ex
1383 826 1459 853 parte
1471 818 1570 856 altera,

1300 852 1466 886 Vertebatur
1480 863 1509 886 ut
1522 856 1644 896 dicitur,

1282 890 1378 936 'Idem
1400 893 1517 937 Locum
1539 903 1636 925 tenens
1650 918 1661 934 ,
1678 897 1708 926 in
1730 896 1819 928 Causa
1841 897 1974 935 p'raediffli
1988 901 2141 937 procedens
2154 927 2164 940 ,
2181 898 2310 946 Partique

1260 928 1330 973 dicti
1340 930 1479 969 johannis
1492 931 1552 976 plus
1565 934 1663 965 debito
1675 934 1771 965 favens
1786 959 1796 973 ,
1815 937 1958 975 quandam
1973 938 2146 970 Sententiam
2166 952 2220 979 pro
2236 955 2311 981 parte

1260 968 1383 1003 eiusdem
1392 965 1529 1008 johannis
1545 972 1578 1002 &
1593 982 1693 1003 contra
1710 974 1856 1011 praefatum
1874 974 2024 1007 Thomam
2038 979 2139 1009 tuliilet
2165 980 2314 1015 Diffinivi-

1261 1016 1345 1044 vam,

1283 1045 1354 1088 ‘Per
1371 1056 1456 1091 quarn
1474 1046 1585 1092 dic-lum
1601 1047 1764 1087 Johannem
1785 1051 1821 1081 ab
1844 1050 2024 1090 impetitione
2043 1054 2111 1085 diffi
2135 1055 2264 1089 Thomae
2282 1061 2315 1092 in

1260 1082 1314 1127 hac
1328 1092 1401 1122 parte
1411 1085 1561 1130 diffinitive
1575 1087 1710 1127 absolvit,
1726 1098 1837 1119 necnon
1852 1092 1973 1121 eundem
1989 1089 2156 1133 Thomam,
2174 1097 2204 1125 in
2220 1097 2316 1129 valore

1261 1121 1405 1167 didiorutn
1427 1123 1606 1162 Qiindecim
1627 1125 1747 1157 Milium
1765 1127 1891 1158 Doubles
1905 1130 1976 1160 Auri
1996 1141 2029 1161 ac
2044 1131 2100 1161 aliis
2112 1132 2256 1170 Jocalibus
2270 1136 2314 1167 su-

1263 1160 1408 1200 pradirftis,
1424 1162 1459 1192 ad
1481 1164 1608 1208 valorem
1625 1163 1758 1207 *Centum
1782 1165 1951 1205 Librarum,
1970 1171 2024 1199 una
2041 1180 2110 1199 curn
2122 1170 2263 1210 Dampnis
2280 1175 2314 1205 ὃς

1264 1197 1459 1244 Expensispro
1473 1209 1548 1238 parte
1561 1201 1630 1232 dieti
1649 1203 1784 1240 johannis
1802 1203 1883 1236 factis
1898 1205 1931 1237 &
1945 1206 2082 1239 faciendis
2097 1231 2106 1247 ,
2123 1209 2315 1244 sententialiter

1267 1237 1300 1267 ὃ(
1316 1237 1467 1281 diffinitive
1481 1238 1733 1279 Condempnavit,

1302 1275 1347 1306 Ac
1360 1276 1453 1313 ipsum
1462 1276 1619 1320 'Thomam
1633 1279 1665 1308 ad
1681 1278 1906 1311 Satissafflonem
1917 1281 2131 1315 Praemifforum
2144 1288 2321 1325 compellen-

1265 1312 1336 1356 duin
1350 1313 1411 1344 fore
1425 1314 1639 1352 ad1udicav1t&
1654 1316 1779 1348 decrevit
1794 1340 1803 1356 ‚
1822 1320 1915 1349 minus
1931 1322 2025 1360 juste,
2043 1332 2071 1353 ut
2091 1327 2253 1363 accepimus
2286 1329 2319 1358 in

1266 1353 1346 1388 ιΡίιυε
1361 1352 1490 1382 Thomae
1505 1353 1677 1392 Dampnum
1692 1365 1750 1385 non
1765 1356 1915 1387 modicum
1927 1360 1959 1389 &
1976 1359 2140 1393 Gravamen
2149 1385 2159 1401 ,
2261 1348 2271 1366 ²

1304 1390 1331 1419 A
1347 1392 1529 1435 quaquidern
1547 1391 1706 1436 Sententia,
1725 1403 1758 1424 ac
1774 1394 1976 1432 Dampnorum
1990 1399 2022 1428 <Sc
2034 1398 2223 1437 Expensarum
2236 1402 2319 1433 Con-

1266 1427 1483 1473 dempnatione,
1491 1431 1651 1468 caeterisque
1661 1430 1881 1463 Gravaminibus
1888 1437 2020 1466 omnibus
2028 1438 2060 1467 δεῖ
2069 1439 2179 1475 singulis
2186 1462 2195 1477 ,
2202 1450 2250 1477 per
2258 1451 2320 1479 para

1266 1474 1326 1496 tem
1341 1467 1412 1497 dieti
1426 1467 1575 1507 Thomae,
1592 1469 1626 1499 ad
1649 1469 1718 1500 Nos
1737 1471 1770 1501 ὃ(
1791 1470 1916 1501 nostram
1936 1472 2119 1505 Audientiam
2129 1497 2139 1515 ,
2157 1478 2248 1510 existit
2260 1480 2318 1517 Ap-

1266 1499 1398 1542 pellatuni
1414 1528 1423 1544 ,
1436 1506 1511 1550 *sicut
1531 1517 1579 1547 per
1602 1507 1824 1541 Instrumentum
1847 1510 1992 1546 publicum
2015 1512 2094 1550 super
2115 1515 2171 1545 hoc
2200 1517 2318 1549 confec-

1266 1551 1328 1573 tum
1346 1566 1356 1582 ,
1381 1544 1414 1575 &t
1433 1555 1464 1576 in
1483 1544 1657 1577 cancellaria
1672 1545 1768 1578 nostrii.
1788 1548 1946 1579 exhibitum
1959 1572 1969 1588 ‚
1987 1550 2094 1588 plenius
2112 1555 2215 1591 poterit
2233 1566 2321 1596 appat-¹

1266 1591 1346 1620 rere,

1306 1621 1406 1667 Quam
1420 1621 1535 1665 quidem
1550 1618 1777 1661 Appellatioiiem
1789 1623 1866 1655 idem
1881 1622 2013 1658 Thomas
2028 1627 2162 1668 intendit,
2179 1639 2210 1662 ut
2223 1631 2327 1664 ass'erit'

1266 1659 1393 1698 prosequi
1404 1668 1476 1690 cum
1489 1660 1592 1692 effectu
1601 1684 1610 1701 ,
2313 1656 2325 1672 ⁷

1304 1697 1343 1728 Et
1362 1699 1444 1729 nobis
1463 1698 1659 1742 supplicaverit
1679 1702 1708 1731 ut
1728 1700 1779 1731 fibi
1802 1701 1879 1739 super
1901 1702 2097 1741 Appellatione
2118 1704 2165 1737 sua
2191 1707 2327 1745 praedicta

1271 1744 1362 1804 ceffs
1374 1737 1489 1775 judices
1506 1740 1562 1769 sive
1579 1737 1801 1770 Commiffarios
1815 1740 1881 1771 dare
1896 1741 1951 1772 sive
1967 1743 2099 1783 affigi-iare
2113 1744 2291 1782 dignaremur
2300 1771 2311 1787 ‚

1341 1785 1390 1814 os,

1310 1813 1516 1858 Supplicationi
1541 1815 1717 1854 hujusmodi,
1735 1824 1869 1855 tanquam
1889 1817 1952 1856 Juri
1966 1819 2143 1860 consonum,
2161 1832 2328 1864 annuentes,

1269 1852 1447 1890 volentesque
1461 1862 1492 1882 in
1506 1853 1559 1884 hac
1574 1858 1649 1892 parte
1662 1853 1721 1885 fieri
1734 1857 1809 1892 quod
1824 1856 1865 1886 est
1876 1856 1983 1894 justum
1999 1881 2008 1896 ,
2027 1868 2060 1889 ac
2075 1859 2111 1890 de
2126 1860 2221 1891 vestris
2238 1862 2327 1894 fideli-

1270 1899 1325 1921 tate
1340 1891 1373 1921 &
1388 1892 1639 1930 circumspectione
1653 1893 1764 1931 plenius
1782 1894 1972 1933 confidentes,

1309 1928 1418 1968 Vobis,
1436 1929 1507 1974 Sex,
1526 1931 1608 1970 Quin
1631 1941 1682 1969 ue,
1702 1932 1852 1970 Quatuor‚
1870 1933 1977 1964 Tribus
1991 1957 2001 1973 ,
2018 1935 2052 1966 &
2067 1935 2188 1968 Duobus
2202 1938 2330 1970 vestrsim

1274 1968 1418 2006 (quorum
1433 1968 1468 1998 ali
1489 1979 1554 2000 uem
1568 1980 1604 2000 ve
1630 1969 1696 2000 rsim
1710 1980 1762 2001 vos
1783 1971 1888 2008 praefati
1902 1972 2020 2003 Thoma
2032 1995 2041 2011 ,
2057 1974 2199 2013 Johannes
2214 1977 2331 2017 Barnet,

1274 2007 1311 2050 ὃς
1327 2006 1468 2044 Johannes
1518 2008 1687 2048 onyngham
1701 2030 1712 2047 ,
1734 2018 1824 2040 unum
1844 2010 1900 2040 esse
1924 2011 2081 2050 volumus)
2109 2013 2333 2047 Committimus

1273 2044 1360 2075 V1ces
1383 2045 1505 2085 nostras,
1530 2048 1564 2078 ὅ(
1580 2047 1693 2085 plenam
1709 2069 1719 2085 ,
1739 2047 1857 2078 Tenore
1875 2048 2057 2080 Praesentium
2071 2074 2081 2089 ‚
2106 2050 2279 2084 Potestatem
2296 2054 2331 2086 &

1274 2081 1445 2115 Mandatum
1461 2085 1598 2124 speciale,
1616 2085 1651 2116 ad
1666 2084 1848 2117 Audiendum
1862 2109 1872 2124 ,
1891 2086 2156 2129 Cognoscendum,
2174 2092 2208 2123 &
2223 2091 2331 2124 Proce-

1274 2121 1400 2167 dendum
1422 2122 1451 2167 in
1477 2122 1569 2154 Causa
1584 2123 1786 2162 Appellationis
1799 2124 1979 2165 hujusmodi,
1995 2131 2110 2159 nec'non
2125 2129 2156 2159 in
2170 2130 2262 2162 Causa
2276 2131 2333 2163 sive

1275 2159 1411 2197 Negotio
1427 2171 1456 2191 in
1472 2161 1525 2192 hac
1547 2171 1624 2199 parte
1644 2163 1807 2202 principali,
1824 2173 1906 2200 prout
1926 2164 2076 2196 dictaverit
2096 2167 2169 2198 ordo
2178 2166 2269 2208 Juris,
2286 2170 2331 2208 ip-

1272 2199 1386 2237 samque
1403 2209 1472 2230 cum
1487 2200 1537 2231 suis
1553 2201 1789 2242 Emergeritibus‚
1809 2201 2014 2241 Dependentiis
2030 2227 2039 2243 ,
2057 2206 2091 2235 &
2105 2204 2252 2238 Connexis
2269 2208 2332 2245 qui-

1274 2237 1468 2276 buscumque,
1484 2238 1640 2270 secundum
1657 2239 1731 2279 Juris
1753 2241 1925 2278 exigentiam
1939 2264 1950 2281 ,
1968 2240 2190 2275 Discutiendum
2206 2247 2240 2277 ὃ(
2259 2246 2330 2277 Fine

1274 2276 1373 2307 debito
1387 2276 1617 2308 Terminandum
1626 2301 1635 2316 ,

1298 2317 1356 2358 *Ac
1375 2317 1464 2346 etiam
1479 2315 1512 2346 ad
1528 2315 1627 2348 Testes
1649 2316 1843 2355 quoscumque
1856 2340 1866 2356 ,
1886 2328 1935 2356 per
1958 2328 2103 2358 utramque
2123 2321 2243 2358 partium
2258 2331 2331 2360 prae-

1275 2353 1414 2384 dieiarum
1431 2355 1460 2384 in
1477 2354 1554 2385 dicia
1571 2354 1663 2385 Causa
1678 2355 1947 2395 Appellationi5,1eu
1962 2357 2095 2394 Negotio
2109 2360 2332 2398 principali,c0-

1275 2401 1337 2421 ram
1352 2392 1433 2422 vobis
1446 2393 1612 2431 judicialiter
1627 2393 1835 2430 producendo,
1854 2394 1872 2423 si
1887 2394 1913 2423 st:
1926 2394 1995 2424 dolo
2010 2396 2053 2426 vel
2069 2397 2161 2427 fraude
2176 2419 2186 2435 ,
2204 2398 2274 2429 odio
2286 2407 2334 2430 aut

1276 2429 1393 2467 favore,
1410 2430 1455 2461 seu
1470 2430 1532 2460 alias
1546 2429 1647 2468 injuste
1670 2430 1866 2468 subtraxerint,
1886 2430 2001 2463 Veritati
2024 2434 2222 2466 testimonium
2238 2437 2332 2474 perhi-

1277 2468 1343 2498 bere
1378 2478 1446 2498 cum
1465 2467 1565 2498 Poenae
1582 2470 1615 2500 &
1633 2467 1735 2498 Muftae
1750 2491 1760 2506 ,
1781 2468 1941 2508 alteriusque
1964 2471 2127 2510 temporalis
2150 2472 2335 2507 Cohertionis

1276 2491 1423 2543 cujuslibet
1437 2505 1596 2544 Potestate,
1613 2506 1876 2545 Compellendum3

1314 2544 1352 2574 Et
1367 2544 1432 2574 ideo
1445 2544 1526 2574 vobis
1541 2566 1551 2582 ,
1564 2544 1619 2575 Sex
1634 2568 1643 2583 ,
1662 2544 1800 2583 Qinque
1818 2568 1827 2583 ,
1846 2545 1977 2584 Quatuor
1991 2569 2001 2584 ‚
2018 2546 2143 2587 Tribus,
2161 2547 2194 2581 &
2209 2549 2335 2583 Duobus

1277 2581 1406 2613 vestrsirn
1424 2583 1562 2621 (quorum
1577 2584 1701 2620 aliquem
1717 2582 1846 2614 vestrum
1866 2594 1918 2614 vos
1935 2584 2041 2623 praefati
2061 2586 2180 2618 Thoma
2196 2611 2205 2626 ,
2226 2589 2336 2628 Johan-

1278 2631 1325 2651 nes
1355 2620 1455 2651 Barnet
1469 2643 1479 2659 ,
1517 2621 1550 2652 &
1572 2620 1715 2660 Johannes
1734 2621 1843 2661 Honyn
1864 2623 1932 2653 ham
1956 2632 2048 2654 urium
2078 2625 2136 2656 effe
2170 2627 2334 2666 volumus)

1279 2658 1450 2690 Mandamus
1469 2684 1477 2697 ,
1510 2661 1589 2697 quod
1624 2661 1699 2691 circa
1726 2659 1828 2691 Praemi
1854 2672 1869 2691 a
1893 2661 2042 2699 diligenter
2059 2663 2228 2704 intendatis,
2254 2667 2287 2698 &
2305 2670 2338 2699 ea

1277 2697 1382 2728 faciatis
1396 2698 1430 2728 δε
1447 2699 1627 2736 exequamini
1645 2699 1674 2728 in
1693 2697 1787 2729 forma
1806 2699 1959 2738 praedidia,

1316 2737 1335 2756 ²*
1357 2736 1495 2766 Volumus
1517 2737 1603 2766 etiam
1626 2737 1705 2774 quod
1728 2737 1746 2767 si
1761 2739 1859 2776 aliquis
1879 2737 1922 2768 vel
1938 2739 2023 2776 aliqui
2040 2739 2166 2771 vestrum
2180 2741 2334 2775 inchoave-
2375 2734 2486 2765 *VIR

1279 2776 1334 2805 rint
1347 2775 1393 2805 vel
1411 2776 1586 2805 inchoaverit
1605 2775 1758 2813 procedere
1778 2777 1808 2806 iri
1824 2775 1993 2816 praemissis,
2010 2776 2076 2808 alius
2091 2779 2136 2809 vel
2148 2780 2191 2809 alii
2207 2781 2332 2814 vestrum
2381 2783 2447 2809 ²99⁶

1279 2813 1364 2844 libere
1380 2813 1531 2851 procedere
1548 2814 1635 2844 valeat
1649 2814 1682 2844 &
1698 2813 1804 2845 valeant
1827 2816 1856 2844 in
1877 2814 2000 2854 eisdem,
2017 2816 2082 2846 licet
2098 2816 2265 2850 Inchoantes
2285 2822 2336 2852 ab·-

1279 2851 1538 2890 sentes‚1nchoans
1557 2852 1670 2890 absens,
1687 2851 1788 2883 fuerint
1809 2852 1854 2883 vel
1876 2854 1980 2892 fuerit,
2000 2855 2087 2885 etiam
2110 2855 2189 2887 nullo
2209 2856 2336 2897 impedi-

1280 2898 1380 2920 merito
1394 2890 1524 2928 impediti
1542 2891 1585 2921 vel
1599 2891 1765 2928 impeditus:

1314 2928 1426 2959 Damus
1440 2938 1531 2960 ‚tutem
1547 2929 1627 2959 dicio
1645 2927 1863 2959 constabulario
1877 2939 1909 2960 ac
1930 2929 2096 2961 Marescallo
2111 2930 2226 2971 nostris,
2243 2935 2336 2966 &eo-

1278 2977 1341 2997 rum
1357 2967 1612 3005 Locatenenribus,
1631 2978 1663 2998 ac
1680 2968 1811 2998 universis
1826 2968 1858 2997 δε
1875 2967 1983 3008 siugulis
1997 2967 2167 3009 Officiariis,
2188 2972 2326 3005 Ministri3

1279 3005 1376 3042 Ligeis
1409 3005 1549 3043 Subditis,
1567 3008 1599 3037 ὃ(
1616 3006 1674 3035 aliis
1688 3006 1825 3036 Fidelibus
1842 3005 1942 3036 nostris
1960 3030 1969 3045 2
1987 3017 2111 3045 quorum
2127 3009 2256 3049 interest,
2276 2998 2340 3044 Te?

1279 3053 1349 3074 iiore
1366 3028 1563 3082 I3raesentiuin‚
1582 3044 1699 3074 firmiter
1720 3047 1748 3074 iri
1774 3041 1870 3074 Mand.
1881 3045 1914 3075 tis
1928 3048 2008 3082 quod
2025 3046 2106 3076 v0b1;
2125 3069 2135 3085 ,
2150 3047 2223 3086 Sex,
2241 3050 2343 3089 Quin-

1280 3091 1334 3120 que
1348 3105 1357 3120 ‚
1379 3083 1511 3121 Qiatuor
1524 3105 1533 3120 ,
1551 3083 1660 3112 Tribus
1684 3105 1693 3119 2,
1707 3084 1739 3112 ὃς
1758 3081 1881 3112 Duobus
1901 3082 2028 3113 vestrsim
2050 3086 2189 3123 (quorum
2215 3088 2337 3126 aliquem

1279 3119 1407 3151 vestrum
1421 3131 1472 3151 vos
1486 3120 1591 3158 praefati
1610 3121 1728 3150 Thoma
1738 3144 1746 3157 ,
1760 3121 1903 3159 Jmarrns.
1926 3121 2021 3152 Bari-iet
2031 3146 2039 3156 ,
2060 3124 2092 3153 ὃς
2111 3125 2254 3161 Johannes
2269 3128 2336 3159 iio-

1280 3159 1446 3198 nyngham,
1466 3169 1554 3189 unum
1570 3159 1625 3189 eise
1640 3159 1790 3196 volunms)
1800 3161 1828 3188 i.1
1838 3159 1989 3190 Ρωεωίίῖῑε
2004 3159 2139 3192 faciendis
2154 3163 2186 3193 ὃς
2199 3173 2337 3202 exequen-

1280 3198 1340 3235 dis,
1361 3206 1441 3235 prout
1456 3198 1489 3228 ad
1504 3198 1574 3235 ipsos
1589 3198 1720 3234 pertinet,
1738 3197 1916 3228 intendentes
1929 3199 1978 3229 sint
1988 3221 1997 3237 ,
2017 3199 2244 3239 Respondentes,
2254 3203 2337 3234 Con-

1278 3237 1392 3304 gilentes
1405 3259 1415 3274 ,
1441 3238 1473 3267 ὃς
1492 3235 1662 3266 Auxiliantes
1678 3258 1688 3274 ‚
1706 3237 1738 3266 ὃς
1756 3236 1851 3267 vestris
1871 3235 2013 3268 Mandatis
2032 3238 2207 3270 obedientes
2222 3263 2233 3279 ,
2253 3251 2338 3281 prout

1300 3283 1371 3305 ecet.

1319 3312 1408 3381 In'I'ceii
1421 3322 1450 3381 gs
1455 3313 1625 3388 {aegggapud
1639 3349 1893 3390 Westmonasterium
1901 3375 1911 3389 ‚
1919 3352 2056 3386 vicesimo
2064 3362 2164 3393 quarto
2173 3353 2220 3386 die
2229 3354 2337 3389 Martii.

1610 3487 1668 3520 Pro
1694 3488 1800 3520 Graecis
1819 3485 1855 3519 de
1875 3487 1958 3533 Passa
1982 3490 2020 3519 io.-

1352 3570 1417 3643 ESQI(
1436 3568 1610 3603 Custodibus
1627 3570 1744 3610 Paffagii
1767 3572 1796 3601 in
1818 3571 1906 3602 Portu
1927 3571 2080 3603 Dovorriae
2101 3572 2146 3603 vel
2161 3572 2331 3611 Sandewici,
2353 3584 2482 3617 Anu-De

1384 3624 1397 3642 a
1410 3621 1496 3642 utem.
2374 3633 2460 3664 1403.

2348 3668 2400 3691 An.
2425 3676 2454 3702 4.

2346 3706 2379 3729 H.
2395 3713 2426 3738 4.

2344 3740 2471 3778 Clausfl4l

2350 3783 2386 3806 H.
2410 3789 2439 3816 4.

2348 3826 2385 3845 m·
2404 3827 2449 3853 24!

1285 3572 1341 3628 R

1320 3651 1492 3682 Mandamus
1503 3649 1587 3679 vobis
1603 3647 1680 3686 quoti
1696 3646 1838 3686 Tirefilecim
1852 3649 1975 3687 Graecos,
1991 3647 2089 3679 Nobis
2103 3672 2113 3686 ,
2130 3658 2162 3679 ex
2175 3655 2247 3685 parte
2263 3647 2329 3679 Fra-

1282 3691 1331 3721 tris
1353 3688 1442 3719 nostri
1462 3690 1635 3725 Imperatoris
1655 3686 1687 3716 de
1707 3684 1936 3724 Constantinopole
1951 3708 1961 3724 ,
1980 3696 2068 3725 nuper
2091 3685 2184 3717 missos
2197 3708 2208 3723 ,
2225 3687 2274 3723 qui
2291 3686 2328 3717 de

1285 3726 1418 3758 Licentia
1435 3724 1530 3756 nostra
1550 3723 1640 3755 versus
1658 3724 1750 3755 Partes
1764 3723 1973 3755 Transmarinas
1987 3724 2139 3762 profecturi
2151 3724 2230 3762 sunt,
2246 3724 2276 3753 iri
2290 3725 2329 3755 al-

1282 3774 1344 3798 tero
1361 3765 1499 3794 Portuum
1514 3763 1718 3801 praedistorum
1730 3785 1740 3800 ‚
1758 3762 1849 3792 versus
1870 3770 1956 3800 partes
1969 3762 2128 3800 praedidias,
2147 3771 2214 3791 curn
2228 3762 2332 3794 Famu-

1281 3805 1314 3835 lis
1330 3826 1340 3842 ,
1358 3802 1444 3840 Equis
1461 3824 1470 3839 ‚
1489 3801 1573 3834 Bonis
1586 3823 1596 3839 ,
1613 3801 1646 3831 ὃς
1668 3797 1810 3831 Hernesiis
1827 3800 1894 3838 suis,
1911 3801 2011 3838 absque
2023 3801 2117 3839 aliquo
2128 3798 2164 3829 de
2177 3800 2215 3829 eis
2235 3799 2280 3832 seu
2296 3802 2333 3833 de

1285 3850 1386 3872 eorum
1400 3841 1510 3878 aliquo,
1528 3849 1578 3877 pro
1593 3838 1733 3870 Custuma
1743 3848 1814 3876 ‚nec
1825 3839 1878 3869 alia
1893 3838 1938 3868 Re
1949 3843 2139 3877 quacumque,
2147 3846 2333 3877 praeterquam

1286 3889 1340 3918 pro
1356 3878 1531 3909 Victualibus
1553 3878 1586 3907 &
1608 3876 1666 3908 aliis
1687 3875 1784 3906 Rebus
1802 3885 1851 3913 per
1871 3886 1919 3907 eos
1939 3876 2045 3906 ibidem
2068 3875 2102 3905 ad
2118 3884 2188 3913 opus
2198 3876 2279 3907 suurn
2294 3877 2335 3908 E-

1289 3917 1414 3954 mendis,
1433 3913 1592 3953 capiendis,
1608 3916 1648 3945 ob
1658 3914 1860 3945 Reverentiam
1875 3914 2003 3952 praedieti
2018 3913 2117 3944 Fratris
2128 3913 2235 3953 nostri,
2250 3915 2338 3947 iibere

1289 3957 1322 3986 &
1345 3955 1447 3993 absque
1469 3953 1677 3993 impedimento
1697 3951 1838 3990 proficisci
1860 3951 2025 3989 permittatis
2041 3973 2051 3989 ,
2083 3952 2179 3990 aliquo
2202 3953 2340 3986 mandato

1291 3993 1408 4030 nostre,
1426 3993 1507 4023 vobis
1522 3992 1597 4031 prius
1608 3992 1638 4021 in
1652 3992 1824 4021 contrarium
1839 3989 1963 4026 ἀίτεᾶὶο,
1980 3998 2040 4019 ηοη
2052 3989 2181 4021 obstante

1329 4030 1509 4061 Dumtamen
1521 4030 1556 4060 ali
1578 4040 1630 4068 ua,
1645 4028 1743 4058 Nobis
1756 4029 1799 4057 seu
1816 4027 1922 4063 Regno
1935 4026 2035 4062 nostro
2048 4027 2161 4068 Angliae
2177 4028 2341 4069 Praejudiciae

1581 4068 1686 4098 eferant
1701 4066 1799 4104 quovis
1815 4065 1912 4094 niodo.

1773 4102 1795 4132 F
1815 4112 1835 4131 2
2258 4103 2347 4135 Teste
