2562 4274
694 73 1908 131 CONVENTIONES,L1TERAE,

1282 163 1389 211 fertur,
1407 165 1564 202 renovatis,
1583 165 1612 195 in
1627 164 1722 209 fornii
1736 163 1833 196 debita
1845 165 1880 195 &
1895 161 2049 207 sufficienti
2063 161 2184 194 concedi
2211 161 2347 201 ipsasque,
2363 159 2437 192 Anti.
2449 157 2492 193 D.

1281 210 1348 233 ante
1366 202 1481 233 kestum
1497 202 1609 234 Paschae
1624 206 1760 242 proximo
1776 202 1923 242 futurum,
1939 201 2097 239 Capitaneo
2114 201 2170 232 five
2214 209 2347 232 ocumte-
2379 209 2464 239 1420.

1284 243 1362 272 nenti
1380 241 1463 272 Villae
1479 240 1579 271 Caleiii
1591 243 1620 271 in
1635 242 1735 273 eadem
1749 241 1824 273 Villa
1845 241 1913 272 tradi
1930 243 1964 273 &
1977 241 2087 271 liberari
2102 241 2294 278 procurabunt
2309 242 2343 272 ὅ(
2358 243 2421 271 Hm.
2444 249 2473 275 5-

194 96 270 138 152

50 165 126 206 Arm.
141 171 280 209 Dgnus,
304 171 438 209 proximo
453 166 513 210 jath
531 177 702 206 venturum,
717 168 839 199 debeant
857 168 977 206 reparari
996 167 1105 198 realiter
1123 166 1156 196 &
1179 172 1249 196 cnm

50 219 162 286 13ζῇΞὲ
192 210 340 286 εῆΙόηἛὲπ
354 271 364 283 .,
384 245 478 284 quoad
497 255 583 275 unam
601 244 720 275 Navem
737 246 771 276 &
787 254 876 275 certas
893 243 1024 275 Personas
1041 243 1077 273 de
1097 239 1250 272 Winchel-

48 404 132 432 ⁸1x.

46 442 112 478 846.

51 3483 67 3498 ‘
82 3481 134 3510 IX.

52 3520 115 3555 847.

187 287 233 324 fe,
250 286 322 324 apud
341 284 467 315 Novum
488 284 609 314 Portum
629 283 766 314 Arestatas
785 284 819 314 &
839 283 989 321 Detentas,
1007 283 1086 320 cujus
1101 281 1251 312 occasione

191 336 246 355 unii
266 324 372 360 Νενῐε,
393 321 631 359 Lignisonerata
667 322 792 359 spestans
809 321 842 351 ad
862 322 1004 360 quendam
1023 318 1194 355 Burgensem
1214 318 1251 348 de

191 364 270 394 dicio
289 362 387 392 Novo
404 359 493 390 Portu
505 383 514 398 ,
532 361 604 397 apud
622 343 795 400 xilynchelse
813 361 899 390 etiam
918 369 998 397 capta
1015 358 1056 390 est
1074 357 1251 400 &det-enta,

231 406 245 418 ⁸
265 400 322 430 Pro
338 400 440 436 quibus
458 398 646 436 Captionibus
666 398 772 429 Ambae
789 399 881 429 Partes
897 422 905 436 ,
922 407 988 436 quas
1007 397 1172 434 Negotium
1190 403 1252 425 tan‘-

189 440 230 478 git
243 462 253 477 ,
269 437 414 475 praesentes
433 447 531 467 coram
557 437 655 467 Nobis
674 438 707 467 ὃς
726 436 934 467 Commiffariis
951 436 1020 465 dic‘ki
1039 434 1132 465 Ducis
1158 434 1185 463 se
1209 434 1252 476 di-

188 486 287 507 xerunt
305 477 362 506 elie
376 476 534 506 concordes
550 475 628 513 quod
646 476 713 505 hinc
730 476 798 505 inde
816 475 892 505 fieret
910 474 1082 511 Restitutio,
1096 473 1131 502 δε
1148 472 1251 510 optulit

190 516 238 546 ille
257 516 293 545 de
311 514 501 554 Wynchelse,
519 515 680 544 nominatus
692 513 837 552 Johams
855 515 952 551 More,
971 512 1007 542 de
1022 512 1080 542 hoc
1095 510 1252 552 adimplen-

191 554 232 584 do
251 563 304 591 pro
323 552 404 584 Parte
422 553 467 583 sua
484 554 549 583 dare
566 555 596 583 in
615 551 727 583 Caleno
745 552 945 589 Securitatem,
964 559 1050 589 prout
1066 550 1103 581 de
1121 549 1197 580 faeto
1213 552 1251 578 lic

193 593 262 624 fecit

235 614 599 661 Abone-romum
625 628 667 660 est
687 628 765 667 quod
791 628 861 659 dicti
881 626 1077 658 Commiffarii
1101 636 1154 664 pro
1177 632 1253 664 parte

195 669 332 700 Flandriae
344 692 354 708 ,
370 670 398 699 in
419 668 524 699 eodem
543 667 701 706 Regressu,
719 667 834 698 adibunt
852 667 978 697 Novum
998 665 1119 696 Portum
1132 687 1143 702 ,
1161 665 1194 696 &
1213 663 1253 693 sa-

197 709 274 738 cient
298 708 500 738 omnimodum
521 706 602 746 poffe
620 705 699 736 suurn
718 715 802 746 penes
823 706 992 736 Detentores
1014 704 1158 735 dictorum
1175 702 1255 740 Cap-

196 747 323 778 tivomrn
351 747 384 776 &
404 745 497 776 Navis
512 769 521 782 ‚
549 746 582 776 &
597 767 606 783 ,
631 745 672 775 ob
690 754 789 775 eorum
810 744 1007 774 Resistentiam
1025 744 1059 773 &
1080 742 1254 777 Defedhm,

198 794 282 823 penes
309 784 496 822 Capitaneum
525 786 557 813 δε
583 785 651 813 aiios
675 783 840 813 Officiarios
863 783 931 812 dieti
955 781 1047 812 Ducis
1068 781 1175 810 ibidem
1191 803 1200 817 ,
1219 779 1254 808 ad

196 823 336 854 effectum
355 823 433 862 quod
452 823 520 852 dieti
540 821 656 858 Captivi
674 822 706 852 &
724 821 824 851 Naves
844 820 1027 851 effecffualiter
1043 818 1213 854 liberentur,

233 862 369 899 Alioquin
379 885 387 899 ,
406 862 424 891 ii
442 861 678 899 impedimentum
689 883 696 897 ‚
707 860 784 897 quod
793 859 876 897 absit,
886 859 1062 896 reperierint,
1078 857 1148 900 dieti
1161 855 1257 900 Com-⁴

196 900 308 931 miffarii
325 900 460 933 referent,
479 900 524 928 vel
544 899 611 928 alter
633 908 734 927 eorum
749 898 867 934 reseret,
883 896 1023 934 praedieto
1037 895 1170 925 Domino
1186 897 1257 923 Duci

195 939 377 977 Burgundiae,
394 938 428 968 ad
452 937 539 967 finem
564 937 642 973 quod
659 959 668 974 ,
689 945 735 972 per
755 934 964 968 Cohertionem
981 933 1080 972 ipsius,
1096 932 1154 971 ipsa
1171 932 1258 962 Libe·

196 979 266 1008 ratio
292 977 350 1008 fieri
377 975 460 1014 possit
476 977 508 1006 &
526 976 635 1013 impleri
650 984 714 1004 anze
734 973 850 1003 Festum
866 973 1071 1003 Purificationis
1084 972 1174 1004 beatae
1188 971 1256 1003 Ma—

193 1017 242 1046 riae
257 1015 459 1054 supradictum,

232 1053 350 1083 Proviso
364 1052 441 1090 quod
455 1050 641 1082 consimiliter
658 1050 704 1080 fiet
719 1049 755 1080 de
765 1049 839 1080 dieta
854 1049 952 1088 Navi,
969 1059 1038 1080 cum
1048 1049 1144 1089 Lignis
1154 1073 1163 1088 ,
1181 1048 1256 1088 apud

194 1092 238 1122 W
240 1091 385 1130 ynchelse,
401 1100 431 1121 ut
445 1090 605 1128 praefercur,
621 1089 749 1119 detenta:

233 1131 343 1161 ITEM
359 1153 368 1167 ,
395 1129 506 1160 ΑΡΡυ
522 1135 757 1159 iteruin-vsi
785 1126 826 1157 est
852 1128 885 1158 &
913 1126 1253 1157 CoNcoRDATUM

193 1170 267 1201 inter
282 1168 351 1200 Nos
367 1167 586 1198 Commissarios
601 1167 667 1197 hinc
682 1168 747 1196 inde
765 1166 883 1204 superius
902 1167 1076 1203 nominatos,
1095 1166 1257 1204 qued,pri-

195 1218 248 1238 mo
267 1208 311 1237 die
335 1207 439 1236 Mensis
456 1205 534 1242 Junii
549 1229 559 1243 ,
583 1207 718 1244 proximo
734 1206 793 1242 jam
817 1204 931 1243 futuro,
950 1203 1163 1241 Commissaiii,
1183 1213 1256 1242 quos

193 1245 435 1276 metuendissimus
453 1248 584 1275 Domiuux
602 1244 686 1284 noster
708 1246 769 1273 Rex
783 1266 793 1281 ,
821 1253 873 1281 pro
894 1253 970 1281 parte
994 1244 1039 1273 sua
1051 1266 1060 1280 ,
1077 1253 1112 1274 ac
1127 1243 1256 1281 praefatus

193 1285 308 1316 Inclitus
328 1284 463 1321 Princeps
483 1283 618 1322 Philippus
640 1285 709 1312 Dux
732 1285 895 1319 Burgundiae
916 1283 949 1312 &
970 1281 1080 1312 Comes
1102 1281 1256 1320 Flandriae‚

194 1333 247 1360 pio
270 1323 350 1354 Parte
372 1323 416 1352 sua
430 1345 440 1360 ,
465 1322 597 1354 duxerint
609 1320 784 1356 deputandos
797 1322 829 1350 St
843 1320 1030 1357 ordinandos,
1050 1319 1130 1350 fimul
1146 1329 1256 1350 conve-

193 1363 271 1392 nient
292 1362 320 1391 in
341 1360 414 1391 Villa
435 1359 537 1391 Calesii
553 1383 563 1399 ,
585 1360 619 1389 ad
640 1358 860 1389 Procedendum
882 1368 951 1389 tunc
972 1359 1101 1396 ibidem,
1117 1368 1185 1389 curn
1200 1358 1256 1389 aliis

194 1400 306 1432 Diebus
320 1399 550 1437 subsequentibus
565 1398 752 1434 continuatis,
767 1396 801 1427 ad
816 1396 1038 1434 Reparationem
1053 1398 1086 1428 &
1102 1395 1256 1427 Reforma-

194 1440 303 1469 tionem
318 1439 437 1468 aliorum
456 1438 716 1474 Attempratorum,
733 1436 895 1465 durantibus
911 1436 1032 1475 Treugis
1053 1435 1111 1466 five
1130 1434 1256 1466 Guerra-

195 1487 260 1507 rum
279 1476 462 1508 Abstinentiis
475 1475 648 1515 supradietis,
666 1477 698 1505 &
713 1476 740 1503 in
758 1473 842 1504 Festo
856 1475 989 1504 omnium
1005 1474 1176 1505 Sandiorum
1192 1475 1256 1505 ulti-

195 1517 249 1546 mo
272 1517 416 1554 praeterito
436 1524 468 1544 ex
492 1515 563 1544 iratis
585 1512 727 1549 (nondum
748 1521 841 1542 tamen
856 1537 866 1550 ,
884 1522 1014 1551 tempore
1030 1512 1169 1551 praesentis
1181 1512 1256 1543 Tra-

195 1554 303 1592 eratus,
321 1563 367 1584 aut
388 1562 452 1583 ante
471 1525 704 1583 ki'ublicationem
727 1551 892 1588 praedidtam
905 1574 915 1590 ,
939 1552 1131 1590 liquidorum,
1145 1552 1183 1582 set
1201 1561 1255 1590 pro

193 1602 265 1624 tunc
289 1592 528 1630 liquidandorum)
550 1600 664 1620 necnon
682 1590 718 1620 de
736 1591 769 1621 &
784 1590 862 1627 super
875 1591 1009 1621 omnibus
1023 1590 1080 1621 aliis
1095 1591 1129 1622 &
1144 1590 1255 1629 singulis

195 1632 377 1668 Attemptatis
398 1631 431 1661 &
454 1629 594 1666 Dampnis
616 1628 841 1666 quibuscumque
857 1653 865 1666 ‚
884 1629 963 1660 illatis
977 1637 1011 1659 ex
1026 1637 1142 1666 utraque
1156 1629 1254 1667 Parte,

192 1670 228 1699 de
245 1670 344 1707 quibus
364 1669 427 1699 alias
441 1668 589 1699 tractatum
609 1668 642 1698 &
658 1667 879 1705 appunetuatum
897 1667 1008 1698 diversis
1029 1668 1138 1698 vicibus
1156 1669 1255 1698 exnte-

194 1716 252 1745 rat,
272 1708 305 1738 &
329 1717 394 1745 quse
412 1706 504 1737 adhuc
527 1706 631 1744 pendet
651 1705 769 1736 indecisa
784 1728 793 1743 ,
818 1705 922 1736 adtunc
945 1706 1052 1736 ibidem
1074 1706 1254 1736 consimiliter

194 1746 332 1777 continue
358 1745 576 1777 Procedendum
589 1768 599 1784 ,
625 1743 834 1774 Diffiniendum
849 1767 859 1783 ,
876 1745 908 1776 &
924 1744 1039 1775 finaliter
1054 1744 1254 1776 Determiiian-

191 1785 280 1823 dum,

229 1822 267 1854 Et
285 1823 436 1861 praesertim
450 1821 487 1852 de
503 1822 537 1853 &
553 1821 631 1859 super
647 1821 838 1859 Reparatione
855 1821 889 1853 &
903 1821 1094 1853 Restitutione
1109 1830 1253 1853 certorum

189 1860 338 1893 Bonorum
356 1862 389 1892 &
415 1860 673 1898 Mereandisarum,
692 1861 720 1890 in
735 1859 823 1891 Portu
844 1859 880 1890 de
897 1860 1004 1891 Sclufii
1017 1860 1124 1891 dudum
1140 1860 1254 1891 Aresta-

189 1909 300 1937 torum,
319 1901 352 1930 &
367 1900 400 1930 ad
423 1899 557 1929 Valorem
580 1898 693 1930 Decem
715 1898 832 1929 Milium
855 1899 1020 1937 Librarum,
1048 1908 1079 1930 ut
1091 1899 1209 1937 dicitur,
1225 1899 1253 1930 se

189 1939 400 1969 extendentium
418 1961 426 1976 ‚
452 1938 488 1968 de
509 1938 610 1975 quibus
633 1939 660 1967 in
679 1937 791 1967 diversis
811 1937 991 1968 Traeffatibus
1011 1939 1187 1976 temporibus
1210 1948 1253 1970 re-

189 1978 305 2007 troadis
318 1978 368 2007 sub
382 1977 458 2007 certa
473 1976 566 2007 forwiz
582 1977 670 2006 extitit
689 1975 941 2014 Appunffimatum,

228 2016 358 2047 Necnon
380 2017 416 2045 de
438 2016 495 2045 aliis
510 2014 608 2045 Cauiis
621 2037 630 2052 ,
651 2014 801 2053 Negotiis,
820 2016 853 2045 &
871 2014 1019 2052 Querelis,
1037 2023 1101 2052 quae
1115 2024 1164 2052 per
1179 2015 1252 2045 Sen-

189 2056 306 2092 tenitas,
325 2063 372 2084 aut
386 2053 604 2084 Transactiones
615 2076 624 2090 ,
642 2053 687 2083 seu
704 2053 990 2091 Appuntfimamenta,
1009 2055 1054 2083 vel
1071 2053 1154 2092 alias,
1171 2053 1254 2091 liqui-

189 2093 224 2123 da
245 2093 307 2124 fore
327 2092 484 2123 constiterit
498 2116 507 2128 ,
541 2091 669 2123 debitum
691 2092 724 2123 &
746 2091 896 2122 effectuale
914 2091 1038 2131 Justitiae
1065 2093 1096 2122 in
1117 2094 1253 2123 omnibus

191 2132 437 2170 complementum
451 2131 612 2161 faciendum
620 2153 630 2168 ,

229 2171 274 2201 Ac
288 2170 344 2200 suas
359 2170 530 2207 Sententias,
548 2168 765 2206 Ordinationes,
784 2168 829 2199 seu
845 2167 1112 2207 Appunstuamenta
1127 2170 1233 2207 quaevis
1243 2193 1253 2208 ,

190 2219 221 2240 ut
237 2209 439 2248 QierelanteS,
456 2208 487 2239 &
499 2207 702 2245 Dampnificati
720 2207 885 2245 Bonorum,
904 2208 939 2237 ab
958 2208 996 2237 eis
1012 2208 1188 2246 ablatorum,
1207 2210 1252 2239 seu

190 2248 252 2278 alias
267 2248 366 2286 injuste
384 2247 594 2283 Detentorum,
616 2245 836 2276 Restitutionem
851 2248 896 2276 {eu
915 2246 1140 2277 Satisfatftionem
1154 2247 1253 2277 conse-

191 2295 328 2324 quantut,
345 2285 504 2316 executioni
517 2285 614 2316 debit'e
630 2284 871 2315 Demandandum
883 2307 893 2322 ,
912 2284 956 2315 seu
972 2284 1135 2315 demandari
1144 2284 1254 2317 Procu-

191 2325 328 2363 randum,
347 2333 429 2363 prout
445 2323 574 2361 decebit,
592 2324 695 2362 abique
712 2323 838 2354 ulteriori
851 2323 985 2354 dilatione
999 2323 1169 2354 frustratoria
1185 2334 1254 2363 qua·
1270 2348 1274 2354 .

193 2373 261 2393 cum
285 2373 333 2393 uc·

228 2374 464 2432 thnili’ilominus
481 2401 539 2431 aliis
556 2399 846 2438 Appunctuamentis,
865 2401 940 2430 circa
958 2400 1030 2431 hanc
1041 2400 1193 2431 Materiam
1205 2401 1254 2431 ha-

190 2440 254 2468 bitis
268 2449 412 2477 perantea,
431 2438 561 2469 nondum
579 2439 667 2475 plene„
677 2437 797 2469 discussis
812 2441 889 2477 (quae
905 2439 951 2469 hi'c
971 2440 1054 2469 etiam
1080 2449 1134 2477 pro
1149 2442 1251 2478 repeti-

194 2479 227 2508 tis
243 2478 406 2513 habeantur)
425 2478 453 2506 in
468 2477 517 2507 suo
536 2477 641 2506 robore
654 2476 800 2507 duraturis.

231 2515 363 2552 ITEM,
383 2516 753 2545 APPUNCTUATUM
771 2514 811 2544 est
837 2516 871 2546 &
893 2515 1253 2554 CONCORDATUM,

192 2556 265 2584 inter
280 2552 348 2584 Nos
356 2552 574 2583 Commilhrios
591 2553 657 2583 hinc
671 2554 736 2583 inde
750 2554 870 2592 superius
884 2555 1062 2591 nominatos,
1082 2554 1160 2591 quod
1175 2557 1246 2585 certi

193 2592 313 2622 Articuli
329 2614 338 2630 ,
359 2593 387 2621 in
410 2591 511 2621 ultimo
525 2591 662 2621 TraCtatu
680 2593 812 2628 propoliti
827 2593 860 2621 ὃ(
875 2591 1023 2621 ministrati
1040 2591 1088 2628 (de
1103 2593 1205 2630 quibus
1221 2595 1250 2623 in

192 2631 296 2661 ultimo
312 2630 582 2668 AppunCluamento
595 2629 718 2670 eiusdem
733 2628 886 2659 Tractatcis
908 2629 1059 2660 novissime
1074 2633 1205 2668 praeteriti
1222 2631 1253 2662 fit

192 2670 313 2705 mentio)
338 2669 487 2707 habeamur
509 2667 545 2697 de
563 2669 688 2705 praelenti
701 2678 755 2705 pro
770 2668 816 2697 hic
833 2669 970 2705 repetiti53
989 2678 1090 2698 eorum
1106 2668 1251 2699 discussio-

190 2718 227 2737 ne
240 2731 249 2745 ,
274 2716 402 2745 tempore
425 2705 661 2745 congregationis
674 2728 683 2744 ,
709 2715 740 2736 ut
766 2707 964 2744 praemittitur,
982 2708 1117 2744 proximo
1132 2707 1252 2747 futurae,

196 2746 384 2783 imposterum
401 2745 548 2775 reservatis.

231 2785 342 2814 ΙΤΕΜ
357 2806 367 2821 ,
397 2784 724 2814 ΑΡΡυΝςτυΛτυ
738 2790 764 2812 M
790 2781 831 2813 est
859 2783 892 2813 &
911 2781 1054 2813 Conco
1068 2792 1084 2813 R
1099 2793 1253 2815 DATUM

193 2822 289 2861 quod,
303 2822 495 2859 Temporibus
517 2822 549 2852 ὅ(
571 2821 658 2852 Locis
672 2820 903 2851 Publicationum
920 2822 952 2851 &
971 2820 1253 2862 Proclamationum,

191 2863 229 2893 de
251 2862 351 2900 quibus
370 2861 491 2897 superius
512 2859 542 2890 fit
563 2860 671 2890 mentio
719 2869 835 2890 necnon
852 2860 909 2890 aliis
922 2861 1098 2897 temporibus
1115 2862 1148 2892 &
1165 2861 1254 2900 locis,

192 2901 294 2938 quibus
319 2899 419 2929 melius
437 2899 577 2929 videbitur
600 2881 731 2936 exped’ire
746 2922 756 2936 ,
777 2897 843 2928 fiant
858 2898 1019 2929 consimiles
1036 2899 1248 2931 Publicationes

195 2941 229 2970 ὅ(
248 2938 504 2975 Proclamationes,

230 2976 321 3016 Quod
336 2985 436 3006 omnes
452 2977 484 3005 &
500 2975 614 3013 singuli,
630 2983 687 3005 tam
705 2974 804 3011 Regni
821 2975 931 3013 Angliae
947 2998 956 3013 ,
975 2976 1061 3015 quarn
1074 2974 1179 3006 Patriae
1195 2975 1251 3007 sive

193 3013 359 3046 Comitatus
373 3014 524 3052 Flandrie,
544 3013 748 3050 Dampnificati
766 3037 775 3050 ,
802 3014 834 3043 ὃ(
851 3013 982 3044 lnterelse
995 3013 1020 3044 se
1035 3015 1136 3044 habere
1152 3023 1252 3051 putan-

193 3063 233 3085 tes
247 3062 293 3084 aut
307 3053 528 3091 praetendentes,
544 3061 746 3089 compareant,
766 3060 814 3089 per
828 3051 870 3089 se,
889 3052 934 3083 vel
950 3062 998 3090 per
1011 3053 1078 3082 alios
1111 3053 1252 3084 sufficien-

192 3102 252 3124 tem
271 3091 444 3122 Potestatem
463 3092 491 3120 in
515 3100 545 3120 ea
566 3098 642 3127 parte
664 3089 798 3119 habentes
813 3112 822 3127 ,
841 3092 870 3119 in
894 3091 1028 3127 praedie‘tfi
1045 3074 1117 3122 viiii
1136 3090 1253 3131 Calesii,

196 3132 335 3169 predicto
353 3129 412 3160 Die
427 3130 561 3167 proximo
575 3127 811 3166 Congregationis
828 3128 946 3165 futurae,

232 3168 342 3198 Ibidem
363 3168 518 3205 (videlicet)
533 3167 628 3206 primo
642 3167 687 3195 die
706 3165 810 3195 Mensis
821 3166 898 3204 Junii
914 3167 1046 3206 proximo
1061 3167 1251 3205 sutur0,cum

195 3205 306 3237 Diebus
328 3206 554 3244 subsequentibus
572 3205 739 3234 continuatis
753 3227 762 3241 ,
790 3204 926 3242 Qierelas
942 3206 1013 3243 suas,
1031 3206 1064 3236 &
1078 3205 1255 3245 Evidentias,

189 3244 433 3281 informationes,
452 3243 650 3279 Munimenta,
672 3244 704 3273 &
721 3241 904 3273 Documenta
927 3253 1135 3281 quaecumque,
1151 3245 1255 3275 adtunc

198 3284 292 3314 secum
308 3282 439 3319 delaturi,
457 3292 522 3320 quae
537 3282 575 3311 eis
590 3281 724 3311 hincinde
740 3281 889 3311 necessaria
905 3282 1077 3312 videbuntur
1092 3282 1137 3312 seu
1153 3283 1258 3320 aliqua-

192 3323 258 3353 liter
271 3328 424 3359 oportuna:
1152 3334 1157 3341 .

236 3360 281 3390 Ac
295 3360 379 3389 etiam
401 3358 523 3395 adtunc,
547 3357 565 3387 fi
581 3358 618 3387 eis
637 3356 780 3387 videbitur
793 3356 939 3394 expedire,
958 3357 1066 3387 ibidem
1081 3357 1256 3395 Proposituri

196 3399 230 3429 δε
249 3397 401 3436 Allegaturi
419 3406 501 3433 quare
516 3396 548 3425 ad
566 3396 783 3433 Reparationem
799 3397 832 3426 &
855 3395 1106 3426 Reformationem
1125 3396 1257 3435 Attemp-

192 3446 318 3468 tatorum
333 3434 532 3474 praedictorum
541 3457 550 3472 ,
561 3443 675 3464 necnon
689 3433 723 3463 ad
731 3433 953 3463 Restitutionem
967 3434 1087 3464 aliorum
1098 3434 1256 3472 Dampno-

197 3485 279 3513 rum,
298 3475 417 3504 minime
436 3473 587 3511 procedere
602 3473 708 3502 adtunc
727 3473 745 3490 ²*
764 3472 884 3502 debeant
899 3470 1113 3511 Commiffarii,
1131 3473 1198 3504 hinc
1212 3475 1255 3507 in-

196 3515 252 3551 de,
271 3522 300 3543 ut
317 3512 480 3551 prefertur,
498 3511 665 3547 deputandi,

231 3552 326 3582 Palam
344 3554 376 3583 ὅς
390 3550 503 3589 publice
517 3549 672 3578 intimando
687 3548 788 3578 eisdem
804 3548 902 3586 quod,
920 3548 939 3578 si
954 3539 1132 3588 hujusmodi}
1150 3549 1205 3588 fic,
1222 3559 1254 3580 ut

197 3591 358 3628 praefertur,
375 3588 559 3623 Praemuniti,
578 3586 715 3623 praedieiis
732 3587 814 3616 Loco
836 3587 868 3616 &
894 3585 967 3624 Die,
985 3597 1052 3617 cum
1067 3588 1125 3618 aliis
1142 3587 1254 3619 Diebus

200 3629 391 3667 sequentibus,
409 3635 572 3663 comparere
587 3634 647 3654 non
662 3626 840 3661 curaverint,
859 3623 1073 3663 Commiffarii,
1092 3627 1254 3664 hincinde,

201 3676 232 3697 ut
248 3669 443 3707 praemittitur,
460 3662 625 3702 deputandi,
642 3662 676 3692 ad
689 3661 897 3691 Executionem
919 3662 1115 3699 praedietarum
1133 3664 1255 3704 Repara-

204 3706 335 3743 tionum,
357 3707 390 3736 δε
412 3703 636 3734 Restitutionum
654 3723 663 3739 ‚
685 3700 771 3736 usque
789 3700 824 3730 ad
846 3700 958 3730 finalem
983 3701 1195 3737 expeditionem
1211 3713 1257 3734 ea-

204 3745 333 3773 rumdem
350 3766 359 3780 ,
382 3752 465 3780 prout
481 3741 532 3779 Jus
551 3741 642 3778 exiget
656 3763 666 3777 ,
690 3738 1058 3782 effetfftualiternprocedenq
1077 3741 1200 3777 ipsorum
1217 3743 1255 3772 iic

204 3780 443 3811 Praemun'itorum
459 3782 492 3810 &
508 3779 752 3810 Proclamatomm
764 3777 885 3806 abientia
897 3776 943 3806 seu
959 3778 1111 3814 pertinacia
1128 3789 1188 3808 non
1201 3781 1257 3810 ob-

205 3819 301 3848 stante.

242 3856 351 3886 ITEM
369 3881 377 3894 ‚
398 3856 623 3886 ΑΡΡυΝετυ
636 3861 755 3884 ΑτυΜ
775 3852 816 3882 est
842 3853 876 3883 &
899 3851 955 3883 Co
968 3860 1256 3894 NcoRDATUM,

206 3895 279 3923 inter
294 3893 362 3923 Nos
378 3894 608 3930 Commiffarios,
619 3894 685 3923 hinc
699 3893 764 3922 inde
777 3891 896 3928 superius
911 3892 1073 3934 nominatos
1099 3893 1177 3930 quod
1185 3903 1258 3932 prae-

205 3932 253 3963 fati
268 3930 473 3969 Commisslirii,
491 3941 524 3961 ex
539 3942 615 3969 parte
633 3934 715 3961 Ducis
727 3929 891 3972 Burgundiae
905 3951 914 3966 ,
942 3928 1047 3972 Literas
1064 3969 1068 3972 η
1091 3930 1256 3961 onfirmato·

206 3970 257 4002 rias
270 3970 305 4000 ab
319 3969 491 4007 Adversario
504 3973 644 4007 Francz‘ae,
661 3970 698 4000 de
708 3970 744 4001 ὃς
754 3973 833 4006 super
844 3967 968 4005 Treugis
981 3969 1118 4006 superius,
1137 3978 1167 4000 ut
1182 3979 1256 4007 ρη-

1284 280 1388 310 facient
1404 289 1472 310 cum
1486 279 1609 318 effectu,

1321 317 1358 348 Et
1373 317 1441 348 Nos
1457 318 1577 356 praefati,
1596 317 1759 347 Willielmus
1774 317 1883 348 Bardol
1895 315 2036 355 e,1)avid
2051 319 2126 345 Price
2136 339 2146 354 ,
2157 316 2237 348 Will.
2251 319 2345 356 Bray,

1283 355 1430 424 {ohannes
1453 353 1565 386 Chirche
1577 379 1587 393 ,
1614 356 1649 386 &
1663 355 1810 393 Johannes
1822 359 1860 401 Py
1880 358 1968 394 ering,
1986 355 2180 386 Commiss'arii
2197 357 2324 392 praedieti
2335 378 2346 395 ‚

1303 397 1358 425 'ice
1381 395 1415 424 &
1437 395 1610 425 Audieritate
1634 394 1852 425 metuendiffimi
1871 395 2013 432 Principis
2033 392 2141 422 Domini
2157 393 2238 434 nostri
2249 397 2344 433 Regis,

1284 432 1497 470 procurabimus
1513 433 1546 462 &
1559 432 1694 466 faciemus
1705 432 1783 470 quod
1798 433 1946 470 praedietus
1961 433 2109 463 Dominus
2121 431 2207 472 noster
2218 435 2278 462 Rex
2289 457 2299 471 ,
2315 434 2345 463 in

1284 473 1375 502 verbo
1389 470 1439 501 suo
1459 469 1557 508 Regio
1574 494 1584 509 ,
1601 471 1700 501 omnia
1716 471 1750 502 &
1768 470 1874 508 singula
1887 471 2030 502 Praemiffa
2041 493 2051 509 ,
2070 470 2121 500 sub
2136 469 2227 501 modo
2242 471 2275 502 δε
2288 472 2349 502 for-

1286 509 1334 540 ms
1352 510 1471 546 superius
1484 509 1658 547 expanatis,
1676 507 1761 539 faciet
1774 509 1969 540 inviolabiliter
1987 510 2140 547 observari,

1324 547 1361 578 Et
1376 547 1456 585 quod
1474 548 1551 578 idem
1567 550 1697 578 Dominus
1708 558 1742 576 no
1765 557 1794 576 er
1806 550 1882 584 Rex,
1901 547 1938 578 de
1953 549 1987 580 δε
2003 548 2084 586 super
2097 546 2218 586 eisdem,
2237 546 2346 578 Literas

1285 585 1342 616 suas
1361 585 1594 616 Confirmatorias
1609 609 1621 624 ,
1642 593 1706 616 ante
1755 587 1858 616 rimum
1874 585 1965 618 Diem
1981 586 2090 617 Mensis
2102 586 2202 617 Martii
2210 586 2348 625 proximo

1286 625 1414 655 futurum
1429 625 1587 664 concedet,
1967 653 1971 658 .

1325 662 1448 702 ipsasque
1463 686 1472 701 ,
1499 663 1569 694 infra
1588 662 1664 694 idem
1677 670 1806 700 tempus,
1823 661 1967 702 NunciO,
1985 661 2052 693 disti
2069 667 2180 694 Domini
2192 666 2292 703 Ducis,
2309 662 2346 695 ad

1288 701 1345 731 hoc
1360 702 1510 739 specialiter
1521 701 1670 740 deputato,
1686 700 1770 731 faciet
1787 702 1814 730 in
1830 699 1902 730 Villa
1919 698 2021 730 Calesii
2035 702 2141 732 realiter
2153 703 2279 742 liberari,

1365 741 1477 778 uodque
1491 741 1597 779 praefati
1612 739 1805 772 Commiisarii
1818 738 1946 777 praedicti
1959 740 2071 768 Domini
2084 742 2168 770 Ducis
2181 742 2345 779 Burgundiae

1289 779 1322 809 &
1353 779 1476 809 comitis
1506 779 1642 810 Flandriae
1665 778 1824 809 consimiles
1848 777 1967 808 Litteras
1988 776 2219 810 Confirmatorias
2242 781 2350 818 praefati

1289 816 1399 854 Ducis,
1418 819 1445 847 in
1460 818 1550 849 verbo
1564 818 1613 849 suo
1628 817 1766 854 Principis

1326 854 1363 885 Et
1383 856 1466 886 etiarn
1487 856 1700 887 Ratihabitorias
1714 856 1747 886 ὅ(
1767 838 1987 897 ᾗ3ῐίὴ31οἰζίοηῐξ
2001 852 2198 884 Promtfforias
2212 855 2346 894 Qatuot

1292 892 1498 935 M-cmbrorum
1522 895 1660 925 Flandriae
1673 918 1683 933 ,
1707 893 1758 925 sub
1780 893 1880 924 debitis
1900 897 2002 924 tormis
2022 893 2054 924 &
2079 892 2297 934 sufficientibus,
2313 896 2350 926 ab

1291 931 1394 962 eildem
1408 933 1597 971 obtinebunt,

1329 969 1367 1000 Et
1381 970 1507 1008 easdem,
1524 980 1588 1002 ante
1603 971 1713 1003 distum
1726 971 1851 1008 primum
1872 968 1950 1000 diem
1968 967 2082 1008 Martii,
2102 971 2131 1000 in
2146 969 2219 1001 Villa
2235 970 2352 1010 Calesii,

1293 1007 1450 1046 Capitaneo
1465 1009 1585 1045 ejusdem
1602 1010 1701 1048 Villae,
1719 1009 1776 1040 sive
1789 1010 1846 1047 ejus
1861 1007 2087 1041 Locumtenenti
2104 1008 2231 1048 ibidem,
2249 1009 2352 1042 facient

1291 1048 1363 1078 tradi
1379 1049 1412 1078 &
1429 1048 1537 1078 realiter
1553 1049 1672 1079 liberari.

1329 1123 1361 1154 In
1386 1135 1508 1162 quorum
1531 1125 1746 1156 Testimonium
1766 1122 1912 1163 ptaestntes
1936 1122 2041 1155 Literas
2055 1123 2220 1164 Sigillorum
2235 1125 2351 1157 nostro-

1290 1173 1354 1193 rum
1369 1165 1529 1194 munimine
1544 1165 1663 1196 fecimus
1682 1164 1822 1195 roborari.

1329 1238 1413 1270 Date
1433 1239 1527 1279 calefit·
1546 1240 1736 1272 Duodecimo
1755 1240 1814 1271 Die
1838 1237 1946 1269 Mensis
1963 1239 2106 1279 januarii,
2125 1240 2214 1273 Anno
2229 1241 2353 1273 Domini

1292 1276 1465 1317 Milleiinio,
1484 1280 1788 1320 Qiadringentesimo,
1805 1278 1934 1309 Decimo
1947 1279 2043 1310 Nono
2056 1278 2221 1319 supradicto.

1605 1413 1664 1445 Pro
1682 1415 1813 1445 Moneta
1832 1409 2019 1458 Rothomagi.

1291 1493 1448 1554 HEnry
1463 1520 1472 1532 ‚
1499 1495 1559 1531 &a
1580 1495 1607 1527 A

1385 1535 1434 1564 des
1447 1534 1483 1565 de
1499 1534 1596 1565 nostre
1610 1534 1635 1565 1»
1648 1544 1743 1574 onoye
1757 1535 1792 1565 de
1807 1535 1933 1573 Rouen,
1950 1535 2034 1565 Salut.

1660 1495 1732 1527 ohan
1755 1497 1882 1527 Bourdon
1891 1519 1900 1534 ,
1920 1496 1952 1527 &
1967 1495 2068 1526 Robert
2081 1495 2259 1537 Deboyrnaire
2273 1494 2351 1526 Gar-
2368 1498 2445 1530 Ann.
2455 1497 2498 1530 D.

2389 1547 2476 1576 1420,

1327 1571 1349 1601 ll
1369 1571 1410 1601 est
1428 1583 1519 1603 venue
1535 1584 1549 1603 a
1566 1573 1661 1603 nostre
1675 1572 1885 1613 Cognoissance
1903 1583 1974 1611 que,
1993 1582 2028 1602 en
2043 1571 2137 1603 nostre
2146 1571 2217 1604 Paiis
2231 1573 2264 1604 &
2274 1572 2352 1603 Dus-
2367 1581 2421 1605 Aa.
2438 1587 2465 1612 7.

1290 1609 1344 1639 che
1355 1609 1390 1639 de
1401 1610 1434 1640 N
1437 1612 1603 1649 ormendie,
1613 1612 1646 1642 ὅ(
1657 1612 1763 1642 ailleurs
1780 1623 1795 1643 a
1812 1613 1908 1642 nostre
1923 1611 2135 1648 Obeissance‚a
2149 1610 2206 1642 este
2222 1611 2352 1650 Appone
2368 1619 2403 1643 Η.
2421 1624 2449 1651 5.

1289 1648 1414 1684 plusouts
1424 1649 1588 1690 Monoyes,
1606 1658 1664 1681 tant
1679 1650 1770 1688 d'Or,
1788 1661 1875 1681 come
1888 1651 1924 1680 de
1941 1650 2067 1689 Argent,
2085 1649 2124 1680 du
2133 1648 2251 1680 Paiisde
2262 1650 2347 1680 Fran·
2366 1657 2425 1682 Pat-

1290 1696 1340 1725 ce,
1359 1687 1392 1717 &
1416 1687 1553 1718 d'ailleurs
1573 1712 1583 1727 ,
1606 1688 1644 1719 les
1665 1688 1771 1726 quelles
1794 1689 1858 1720 sont
1881 1689 1973 1719 moult
1994 1687 2119 1725 Fiebies,
2136 1696 2195 1718 tant
2207 1698 2242 1718 en
2256 1687 2348 1728 Poys,
2367 1697 2456 1720 Norm.
2474 1700 2502 1727 7.

1290 1735 1375 1755 come
1390 1735 1425 1756 en
1447 1727 1502 1764 Lay

1290 1763 1406 1802 Garny,
1423 1767 1471 1802 qui
1488 1750 1529 1796 esi
1546 1776 1584 1795 ou
1598 1765 1742 1804 grantGri

1289 1803 1323 1833 &
1347 1803 1383 1833 de
1402 1803 1498 1834 nostre
1517 1804 1680 1842 Seigneurie
1694 1828 1704 1842 ‚
1727 1805 1760 1836 e&
1773 1804 2004 1835 semblablement
2018 1802 2054 1833 de
2068 1800 2162 1833 nostre
2201 1803 2300 1841 euple,
2317 1805 2352 1835 ὅτ

1290 1850 1399 1871 uncore
1421 1842 1481 1878 plus
1501 1842 1584 1873 feroit
1602 1852 1635 1873 ce
1656 1852 1704 1881 par
1727 1842 1817 1873 Nous
1835 1844 1881 1884 n'y
1902 1841 1987 1872 estoit
2006 1839 2140 1873 Pourveu
2156 1841 2191 1872 de
2210 1840 2352 1874 Remedie

1288 1881 1483 1918 convenable,

1326 1917 1405 1949 Pour
1422 1929 1498 1959 quoy
1509 1943 1518 1957 ,

1325 1956 1415 1987 Nous
1437 1967 1482 1988 ces
1504 1957 1612 1989 Choses
1635 1957 1808 1989 Considerez
1824 1980 1834 1996 ,
1853 1957 1887 1989 ὃ(
1901 1958 1950 1995 qui
1965 1956 2112 1994 voullons,
2128 1956 2164 1988 de
2177 1964 2241 1989 tout
2256 1956 2353 1990 nostre

1288 1995 1398 2026 Povoir
1417 1997 1450 2027 &
1474 1996 1623 2028 Puissance
1635 2021 1646 2035 ‚
1665 1996 1775 2028 Garder
1790 2006 1846 2035 que
1861 1996 1955 2026 nostre
1973 1995 2081 2034 Peuple
2099 2005 2135 2026 ne
2153 1997 2223 2034 soit,
2241 2005 2314 2033 pour
2326 1997 2354 2027 le

1287 2043 1378 2104 ἔπηξε
1392 2035 1517 2073 present,
1539 2036 1572 2067 &
1586 2035 1663 2075 auffy
1678 2046 1752 2076 pour
1769 2035 1794 2066 le
1809 2045 1898 2074 temps
1913 2035 2050 2073 advenis,
2068 2044 2105 2066 en
2115 2043 2225 2065 aucune
2239 2044 2354 2066 manere

1308 2082 1341 2104 ec
1363 2082 1416 2111 eu,

1326 2110 1430 2150 Nous,

1326 2148 1379 2180 Par
1397 2150 1495 2182 i’advis
1513 2152 1546 2183 &
1560 2151 1744 2183 deliberation
1757 2149 1793 2181 de
1807 2149 1906 2181 nostre
1922 2149 2015 2181 Grant
2027 2149 2142 2182 Conseil
2151 2174 2162 2188 ,
2178 2150 2211 2182 &
2227 2160 2298 2189 pour
2312 2160 2357 2182 ee-

1289 2187 1387 2218 cheuir
1407 2198 1461 2219 auz
1480 2189 1573 2220 Grans
1593 2191 1778 2229 Dommagez
1800 2190 1833 2221 ὃ(
1849 2188 2057 2220 Inconveniens
2073 2190 2122 2227 qui
2135 2199 2207 2229 pour
2219 2189 2245 2220 le
2260 2199 2353 2228 temps

1288 2228 1382 2256 avenir
1401 2227 1428 2258 se
1453 2230 1580 2265 pourroit
1595 2230 1702 2268 ensuir,
1720 2229 1754 2260 ὃς
1767 2238 1842 2266 pour
1860 2229 1979 2260 certains
1993 2226 2096 2259 Causes
2110 2228 2143 2260 &
2162 2227 2354 2260 Consideraii-

1288 2274 1342 2295 ons
1359 2275 1373 2295 a
1389 2274 1423 2296 ce
1439 2266 1527 2297 Nous
1548 2266 1694 2299 Mouvans

1311 2343 1316 2347 η
1329 2304 1428 2334 Avons
1445 2304 1584 2337 Ordonne
1600 2307 1633 2337 ὃς
1645 2291 1825 2338 Οτᾶοηηοηε
1839 2315 1895 2349 que
1911 2315 1984 2336 vous
1998 2304 2090 2336 feistes
2104 2304 2187 2344 faire,
2205 2314 2241 2335 en
2256 2304 2352 2336 nostre

1289 2341 1346 2372 dite
1361 2342 1494 2384 Moiioye
1509 2354 1523 2374 3
1541 2344 1667 2383 Rouen,
1683 2345 1799 2383 Gaoz,
1818 2354 1865 2382 qui
1883 2353 1972 2375 avont
1983 2342 2080 2375 Cours
2093 2353 2166 2382 pour
2183 2352 2218 2373 xx
2226 2342 2253 2373 d.
2267 2347 2353 2374 Tour-

1288 2384 1345 2410 nois
1359 2381 1384 2411 la
1401 2383 1501 2419 pieche
1535 2392 1550 2413 a
1567 2384 1630 2414 iiid.
1648 2384 1699 2414 viii
1711 2386 1814 2413 Grainr
1824 2383 1933 2422 Argent
1949 2383 1974 2413 le
1989 2381 2079 2421 Roy,
2096 2383 2130 2414 &
2145 2382 2182 2413 de
2195 2382 2252 2412 vis.
2266 2381 2350 2412 viiia

1288 2419 1324 2449 de
1346 2419 1421 2459 Poys
1447 2431 1481 2451 au
1544 2431 1591 2452 arc
1606 2447 1616 2462 ,
1645 2423 1678 2453 &
1696 2432 1752 2460 que
1773 2432 1810 2452 en
1825 2421 1925 2460 yceulx
1947 2421 1978 2452 G
1989 2430 2070 2451 Roz
2087 2422 2125 2451 ait
2141 2430 2177 2450 en
2193 2419 2218 2450 13
2230 2419 2300 2450 Pille
2317 2420 2350 2449 iii

1289 2457 1383 2487 Fleurs
1405 2459 1438 2488 de
1462 2462 1513 2489 Lis
1528 2482 1538 2498 ,
1561 2461 1595 2491 ὅ(
1619 2460 1697 2491 desus
1716 2471 1767 2490 une
1784 2463 1937 2498 Couronne,
1956 2461 1989 2491 ὅ(
2004 2470 2019 2489 3
2033 2459 2111 2489 coste
2123 2457 2244 2489 d’icelloe
2255 2457 2352 2488 Fieurs

1289 2497 1324 2527 de
1338 2497 1387 2526 Lis
1403 2498 1419 2526 ii
1437 2501 1568 2537 Lieppars
1582 2522 1591 2536 ,
1616 2500 1654 2530 les
1669 2499 1753 2537 quelx
1774 2498 1909 2529 tendront
1925 2498 2018 2528 icelles
2034 2498 2064 2527 iii
2081 2495 2173 2526 Fleurs
2185 2495 2217 2525 de
2229 2497 2297 2534 Lis,
2315 2497 2350 2527 &

1289 2545 1325 2564 en
1352 2535 1528 2575 l'Escripture
1550 2537 1681 2568 d'entour
1702 2548 1746 2568 ara
1769 2537 1867 2574 escript
1881 2559 1890 2574 ,
1914 2535 1946 2566 H
1957 2545 1974 2566 E
1985 2544 2007 2565 Ν
2018 2544 2059 2565 tu
2068 2542 2113 2565 cu
2123 2543 2135 2565 s
2164 2533 2246 2564 Fna
2257 2542 2280 2564 Ν
2290 2544 2351 2564 co-

1290 2581 1379 2603 Rum
1410 2574 1509 2612 Rex,
1527 2575 1560 2605 &
1577 2585 1616 2605 ou
1631 2585 1679 2613 par
1698 2575 1755 2615 My
1770 2576 1807 2604 de
1823 2575 1847 2604 13
1863 2575 1966 2611 grande
1981 2576 2064 2603 Croiz
2081 2575 2122 2602 ait
2137 2583 2206 2610 une,
2223 2575 2264 2603 H.
2283 2582 2348 2604 tout

1288 2621 1322 2641 au
1346 2612 1406 2650 plus
1426 2612 1484 2650 just
1497 2622 1553 2652 que
1569 2614 1635 2644 faire
1656 2613 1683 2642 se
1696 2623 1813 2651 pourra,
1831 2622 1900 2643 avec
1916 2612 1954 2642 les
1967 2611 2135 2646 differences.
2150 2613 2199 2649 qui
2211 2612 2351 2642 auterfoiz

1288 2659 1341 2680 ont
1362 2648 1419 2680 este
1442 2651 1508 2681 faitz
1529 2660 1564 2681 ez
1580 2651 1682 2682 Gitoz
1699 2651 1802 2682 devant
1825 2651 1881 2680 faiz
1895 2673 1905 2689 ,
1929 2651 1962 2681 δε
1976 2661 2012 2680 en
2027 2649 2206 2689 I'Efiripture
2218 2649 2351 2680 d'entour

1288 2687 1367 2717 icelle
1381 2690 1484 2726 grande
1502 2692 1583 2718 croix
1603 2689 1652 2720 soit
1667 2689 1766 2727 escript
1775 2713 1784 2727 ,
1802 2688 1822 2719 S
1831 2698 1874 2719 ιτ
1899 2688 1962 2719 No
1972 2696 2000 2719 M
2011 2698 2027 2719 e
2037 2697 2059 2718 N
2087 2687 2119 2718 D
2128 2698 2149 2719 o
2160 2696 2208 2718 Ml
2218 2696 2241 2718 Ν
2250 2697 2262 2719 1
2286 2697 2305 2719 Β
2316 2692 2351 2719 Ε-

1290 2735 1310 2756 Ν
1323 2734 1341 2756 Ε
1353 2736 1373 2757 D
1384 2736 1394 2756 1
1402 2737 1418 2757 c
1427 2736 1449 2756 T
1458 2736 1480 2758 υ
1491 2736 1517 2757 M
1528 2740 1538 2764 3

1329 2768 1341 2781 “
1352 2764 1387 2795 Et
1401 2765 1541 2796 donrrons
1555 2776 1589 2796 au
1598 2765 1716 2797 Maistre
1748 2765 1886 2797 articulier
1899 2764 1935 2796 de
1949 2764 2045 2796 nostre
2061 2764 2119 2797 dite
2130 2763 2256 2796 Monoie
2265 2764 2316 2802 ‚&
2331 2775 2346 2795 a

1288 2803 1408 2834 chescun
1432 2803 1584 2843 Changeur
1600 2829 1609 2843 ,
1636 2806 1669 2836 &
1692 2815 1708 2835 a

1287 2841 1361 2870 Souls
1371 2864 1380 2879 ,
1400 2853 1470 2880 pour
1487 2844 1512 2873 le
1528 2842 1610 2874 Marc
1623 2843 1760 2882 d'Argent
1778 2843 1874 2882 Allay,
1893 2853 1908 2874 a
1922 2842 1947 2874 la
1960 2842 2019 2874 dite
2033 2841 2140 2881 Aliaye.

1325 2880 1369 2909 IT
1381 2890 1398 2912 Ε
1411 2889 1436 2911 λι
1453 2904 1466 2926 2
1489 2882 1522 2912 &
1544 2881 1619 2921 aussy
1636 2881 1722 2913 Nous
1741 2892 1812 2912 vous
1836 2881 1982 2912 Mandons
2003 2890 2059 2918 que
2083 2890 2156 2911 vous
2177 2878 2267 2910 faciez
2282 2879 2351 2911 faire

1290 2917 1414 2950 Paris
1445 2920 1668 2951 l-Lizuitms
1696 2919 1811 2959 n‘OR,
1832 2930 1931 2951 nomes
1954 2918 2101 2956 Escus,
2118 2928 2133 2948 a
2151 2918 2206 2948 xxii
2222 2920 2350 2958 Karras,

1289 2958 1322 2988 ὃς
1343 2956 1378 2988 de
1397 2960 1472 2988 xcvi.
1490 2969 1524 2989 au
1546 2958 1646 2997 Marc,
1666 2959 1703 2990 les
1716 2959 1808 2997 quielx
1830 2966 1909 2988 aront
1925 2956 2019 2987 Cours
2038 2967 2111 2994 pour
2131 2958 2206 2988 xxiv.
2224 2956 2351 2996 Reaulx,

1289 2996 1338 3033 qui
1350 2996 1441 3027 valent
1455 2998 1473 3026 ii
1491 3000 1579 3027 Frans
1595 3020 1604 3035 ,
1629 3007 1658 3028 es
1681 2997 1771 3035 quielx
1789 2996 1912 3027 Escus
1931 3005 1975 3026 ara
1993 3005 2029 3026 en
2042 2996 2066 3026 la
2085 2995 2154 3026 Pille
2173 3006 2210 3026 un
2226 2995 2298 3036 Efiu
2310 2995 2348 3026 de

1288 3044 1347 3064 noz
1372 3035 1474 3072 plaines
1496 3036 1599 3067 Armes
1614 3058 1625 3074 ,
1649 3034 1798 3065 Escarteles
1812 3035 1848 3065 de
1864 3034 1888 3064 F
1889 3043 1972 3064 rauce
1987 3034 2020 3064 &
2036 3033 2247 3072 d’Engleterre,
2265 3034 2299 3065 &
2312 3044 2351 3065 en

1294 3072 1470 3113 l’Estripture
1490 3075 1620 3104 d'entour
1640 3083 1684 3103 ara
1704 3072 1804 3110 escript
1818 3095 1828 3111 ,
1854 3071 1886 3102 H
1897 3082 1916 3103 E
1927 3081 1949 3102 Ν
1961 3082 1985 3113 R
1995 3081 2005 3102 i
2015 3081 2061 3103 cu
2071 3081 2083 3103 s
2095 3095 2106 3111 ,
2130 3071 2162 3103 D
2172 3082 2190 3104 Ε
2205 3082 2218 3103 1
2247 3082 2270 3103 G
2283 3082 2305 3103 R
2316 3083 2352 3104 Α-

1291 3121 1366 3142 τῙΛ
1383 3135 1391 3149 ,
1416 3112 1496 3142 Rex
1520 3111 1725 3143 Famem
1754 3119 1803 3141 ET
1827 3111 2029 3149 Amatne,
2053 3110 2352 3143 &deverslaGrand

1291 3153 1372 3179 croiz
1389 3161 1432 3180 ara
1449 3161 1483 3180 au
1499 3159 1595 3188 permy
1609 3150 1736 3187 d'iceile,
1754 3160 1787 3179 au
1808 3150 1867 3187 plus
1880 3149 1954 3188 juste
1968 3159 2024 3188 que
2036 3149 2104 3181 faire
2115 3149 2142 3180 se
2158 3159 2277 3188 pourra,
2297 3160 2350 3179 une

1289 3190 1329 3218 H.
1348 3190 1381 3219 &
1393 3197 1472 3218 entre
1487 3189 1523 3218 les
1536 3188 1558 3217 F
1560 3188 1670 3218 leurons
1683 3187 1792 3218 d'icelle
1809 3187 1900 3218 Croix
1919 3189 1936 3218 ii
1956 3191 2101 3227 Lieppars,
2119 3188 2154 3220 δε
2172 3189 2191 3218 ii
2204 3187 2298 3218 Fleurs
2313 3187 2347 3218 de

1291 3229 1342 3255 Lis
1357 3228 1389 3256 ὅ(
1405 3236 1440 3255 en
1454 3225 1625 3265 l'EJbripture
1638 3227 1783 3257 d'entoure
1798 3237 1843 3256 ara
1856 3227 1956 3264 escript
1972 3249 1981 3264 ,
2004 3226 2032 3257 C
2041 3236 2065 3257 Η
2074 3236 2098 3257 R
2108 3235 2120 3257 1
2132 3234 2228 3257 sTus
2254 3235 2274 3255 v
2284 3235 2296 3256 1
2306 3234 2348 3256 Ν-

1291 3272 1360 3294 ciT
1376 3287 1386 3301 ,
1405 3263 1632 3295 CHRISTUS
1659 3273 1854 3304 REGNAT,
1882 3265 2106 3296 Cunisrus
2126 3273 2345 3303 IMPERAT;

1328 3302 1365 3344 Et
1387 3302 1530 3333 donrrons
1552 3313 1585 3333 au
1610 3302 1728 3334 Maistre
1752 3304 1907 3341 particulier
1928 3303 1964 3334 de
1985 3303 2081 3334 nostre
2093 3302 2150 3334 dite
2163 3303 2311 3342 Monoye,
2327 3312 2346 3333 a

1291 3340 1413 3370 clielcun
1422 3339 1573 3379 Changeur
1587 3343 1620 3373 &
1629 3340 1794 3380 Marchant,
1810 3342 1985 3381 frequentant
1999 3342 2096 3382 icelle,
2112 3341 2224 3373 clxxxiv
2231 3340 2251 3370 l.
2260 3343 2344 3371 Tour-

1291 3382 1348 3408 nois
1363 3388 1434 3416 pour
1450 3379 1532 3410 Marc
1550 3379 1631 3410 d’Or.

1328 3417 1358 3447 Si
1386 3427 1457 3447 vous
1480 3417 1626 3448 Mandons
1645 3418 1678 3450 &
1701 3417 1940 3458 Commandons,
1964 3419 1998 3451 ὅ(
2012 3429 2062 3457 par
2075 3418 2100 3448 la
2112 3417 2230 3448 Teneur
2244 3415 2281 3447 de
2297 3426 2345 3446 ces

1290 3452 1433 3486 Presentes
1455 3454 1659 3487 Commettons
1707 3457 1732 3487 se
1755 3457 1867 3488 mestier
1885 3457 1927 3488 est
1941 3481 1951 3496 ‚
1978 3467 2033 3496 que
2047 3457 2085 3488 les
2098 3455 2194 3486 choses
2206 3453 2344 3485 deffusdiz

1289 3492 1600 3537 vousrAccompliffes,
1616 3495 1652 3525 de
1667 3480 1754 3526 s³oint
1771 3506 1806 3526 en
1820 3495 1922 3534 Point,
1937 3497 2003 3526 bien
2018 3495 2051 3526 &
2065 3493 2346 3533 diligeaument‚sans

1289 3532 1443 3563 enfraindre
1464 3542 1500 3562 en
1521 3543 1630 3564 aucune
1652 3535 1773 3564 maniere
1785 3557 1795 3573 ,
1814 3534 1924 3572 jusques
1938 3534 1972 3565 ad
1987 3543 2021 3564 ce
2034 3541 2089 3571 que
2103 3541 2152 3570 par
2165 3540 2238 3561 nous
2252 3540 2345 3562 auter-

1291 3579 1368 3600 metit
1382 3570 1434 3600 soit
1452 3570 1603 3610 Potrrveu,

1326 3607 1365 3639 Et
1391 3609 1467 3638 faites
1490 3608 1579 3640 savoir
1602 3619 1617 3640 a
1635 3618 1698 3641 tous
1721 3609 1907 3650 Changeours
1931 3609 1965 3640 &
1986 3607 2139 3639 Marchans
2162 3606 2197 3638 ad
2214 3617 2248 3638 ce
2261 3607 2345 3638 Con-

1289 3645 1454 3682 gnoiffince
1474 3657 1530 3684 que
1550 3648 1574 3677 la
1595 3647 1728 3687 Monoye
1748 3648 1880 3679 desusdite
1901 3646 1940 3678 est
1960 3657 1976 3677 a
1993 3646 2089 3678 vailler
2103 3667 2113 3684 ,
2138 3646 2172 3677 &
2192 3646 2271 3677 icelle
2291 3646 2344 3678 soit

1291 3685 1390 3714 baillee
1402 3695 1437 3714 en
1455 3686 1478 3715 la
1493 3687 1614 3716 maniere
1627 3686 1817 3717 accustumee.

1327 3722 1437 3752 Donne
1451 3733 1466 3753 a
1481 3723 1574 3754 nostre
1594 3727 1622 3753 V
1622 3724 1669 3755 ille
1684 3725 1716 3755 de
1728 3727 1819 3755 Roum
1837 3723 1864 3755 le
1881 3724 1928 3753 xii.
1943 3722 2017 3763 Jour
2030 3720 2065 3753 de
2074 3721 2178 3761 Januer
2189 3745 2200 3762 ,
2218 3722 2286 3756 1’An
2305 3721 2342 3755 dc

1289 3760 1387 3791 nostre
1403 3760 1505 3801 Regne
1517 3761 1662 3801 Septisme.

2062 3800 2120 3830 Par
2135 3800 2161 3832 Ie
2173 3801 2239 3840 Ro).

1551 1727 1623 1757 dont
1640 1727 1735 1756 nostre
1751 1726 1856 1795 Peulgie
1871 1725 1912 1757 est
1928 1737 1943 1756 a
1959 1725 2064 1764 present
2079 1726 2170 1756 moult
2185 1726 2301 1764 Pleuple
2315 1728 2349 1760 ὃς
2366 1735 2394 1758 Η
2404 1740 2431 1766 5.
2437 1736 2462 1767 p.
2473 1740 2500 1757 2.

1744 1765 1789 1803 ef,
1832 1765 1971 1803 rejudice,
1988 1764 2022 1795 δι
2036 1763 2150 1794 Domm
2186 1774 2202 1794 e
2217 1765 2351 1796 deNous
2370 1779 2406 1797 m.
2421 1777 2469 1805 50.
2483 1768 2504 1797 d

2382 2770 2399 2787 ⁸
2419 2771 2472 2800 IX.

1771 2805 1884 2836 arebant
1906 2804 2084 2843 frequentant
2105 2803 2216 2843 ycelle,
2232 2802 2308 2834 xvil.
2328 2811 2346 2833 x
2365 2807 2432 2845 848.
