2562 4274
238 73 316 121 176

700 68 1506 121 CONVENTIONES,
1561 73 1947 129 LITERAE,

96 155 173 185 Ann.
189 152 231 183 D.
278 153 346 184 And
364 154 414 186 the
430 154 542 185 wliiche
559 152 629 185 othe
648 163 732 194 many
751 155 859 187 Estates
868 157 905 187 of
920 156 974 188 this
991 157 1094 196 Lond,
1111 168 1138 188 as
1153 157 1208 188 wel
1221 155 1300 196 Espi-
1337 156 1432 196 dieta,
1455 168 1523 189 cum
1547 159 1740 201 pertinentiis,
1764 163 1794 193 in
1817 161 1921 194 Balliva
1942 168 2005 201 tua,
2021 161 2080 194 fine
2100 163 2235 196 dilatione
2251 162 2352 195 liberes
2369 165 2400 195 in
2417 159 2495 193 Ann.
2509 162 2562 195 Da

117 200 203 231 1420.

95 236 158 259 Hen.
177 241 205 267 5.

95 270 116 291 ἢ
136 271 189 299 IX.

93 307 160 343 908.

239 192 320 223 rituel
335 202 364 223 as
385 197 400 210 ⁴*
421 193 577 230 Temporel
591 216 601 231 ,
626 193 698 223 have
721 195 813 225 swore
839 195 928 226 sithen
943 217 953 234 ,
977 197 1031 227 and
1058 197 1165 227 shullen
1189 196 1276 227 swere
1293 217 1303 234 ,

239 230 307 261 such
329 241 357 261 as
382 231 453 262 have
478 240 530 262 not
552 240 598 270 yet
625 231 685 262 don
698 253 708 270 ‚
732 242 760 263 as
784 233 853 263 sone
871 244 898 264 as
916 236 1079 273 oportunite
1097 235 1134 266 of
1146 243 1225 273 ryme
1247 234 1302 265 ko—

240 269 329 336 meg?
339 306 363 336 al
382 305 429 337 the
447 306 561 338 whiche
575 306 669 345 things
687 307 735 339 the
753 309 972 341 circumstances
994 321 1049 342 our
1074 310 1217 350 Meffiger
1240 313 1304 340 Sca-

240 344 360 382 theloks,
384 343 432 374 the
449 344 503 376 said
521 345 602 376 Berer
621 347 657 376 of
671 346 766 387 thees,
790 348 846 379 kan
861 350 1011 379 enfourme
1026 359 1112 389 yow,
1138 350 1162 379 al
1180 360 1196 379 a
1215 349 1302 387 long,

240 382 296 413 and
314 392 342 412 as
381 381 479 426 lainly,
497 385 532 415 be
551 384 705 424 Mowthe,
728 396 756 417 as
774 397 820 418 we
837 397 934 419 mowe
951 389 1023 419 have
1040 388 1126 428 leysyr
1143 397 1169 419 at
1188 388 1242 418 this
1257 396 1301 426 ty-

239 429 343 488 medlo}
360 430 509 498 8οὲνὲἓὲ
520 470 578 500 you
593 461 667 501 right
685 462 764 501 good
783 463 833 494 liff
845 463 900 494 and
919 463 998 504 long.

262 534 391 612 fVlhsdrailtlen
405 544 459 569 atte
476 536 531 569 [aid
546 540 646 568 Towne
663 536 699 578 qf
709 542 790 580 Yroye
804 540 836 570 in
846 538 1061 580 Qampatgne,
1079 540 1127 572 the
1145 540 1218 570 xxiii.
1235 540 1301 580 Day

240 583 259 604 0
366 596 372 603 .

275 652 313 680 To
331 660 379 680 our
393 650 466 689 right
483 654 556 682 Dere
566 675 575 689 ,
593 652 654 683 and
664 653 737 692 right
757 653 932 686 VVelbeloved
948 655 1064 696 ,Maistre
1081 655 1184 688 Simon
1208 653 1305 686 Gans-

240 688 304 719 tede
322 688 399 719 clerc
416 689 452 730 qf
461 689 507 720 the
526 690 624 722 Rolles.

469 818 563 862 Super
583 813 744 862 Jocalibus
769 820 856 865 Regis
877 817 1062 852 Invadiatis.

89 912 167 944 Αῃῃ,
185 912 228 944 D⁸
245 904 363 962 REX
381 904 543 943 Omnibus,
561 906 594 936 ad
611 915 702 944 quos,
719 906 782 937 &c.
801 906 936 937 Salutem.

88 960 205 1018 Ληζο.

88 1001 183 1064 Est-5..

87 1071 135 1095 Par
141 1089 146 1095 .
167 1066 194 1095 8.

275 944 547 1020 (ἶύῐέῒηῧίεςέἓζῐξὸ
558 982 654 1020 primo
669 980 729 1012 Die
739 981 835 1021 junii,
851 983 940 1013 Anno
956 981 1054 1020 Regni
1071 982 1159 1014 nostri
1177 983 1229 1053 Ἣ
1283 1024 1287 1028 .

241 1018 360 1050 dileetus
377 1020 409 1050 ὃ(
425 1019 512 1051 fidelis
533 1019 645 1058 noster,
662 1020 758 1051 Frater
777 1020 941 1052 Willielmur
959 1021 1075 1060 Hulles,
1095 1021 1177 1053 Prior
1230 1022 1304 1059 ospi-

238 1057 298 1087 talis
313 1058 407 1089 Sanesi
423 1058 562 1096 johannis
575 1058 729 1103 Jerusalem
745 1060 774 1089 in
794 1060 911 1098 Anglia,
933 1059 1006 1090 Duo
1023 1059 1106 1091 Milia
1123 1060 1302 1099 Marcarum,

1231 984 1305 1022 into,

88 1110 121 1132 H.
140 1115 169 1142 5·
183 1115 218 1134 m,
259 1105 291 1126 ro
308 1096 602 1141 Expeditione'ultimi
620 1096 716 1136 Viagii
740 1097 829 1129 nostri
853 1099 946 1130 versus
972 1098 1064 1131 Partes
1086 1098 1302 1138 Nwmauntnz,

89 1153 134 1180 24,

104 3505 175 3532 ⁰1x

82 3659 136 3681 Aa*
153 3641 196 3684 8..

81 3697 118 3719 H.
135 3702 162 3728 5,

79 3734 137 3757 Par.
153 3731 181 3759 8.

84 3551 160 3608 Ἇῖῗό.
176 3580 215 3610 D.

110 3626 187 3656 14⁴0

262 1133 337 1165 Yobis
356 1144 541 1173 mutuaverit,

275 1172 312 1204 Et
328 1173 416 1212 Nos,
433 1184 487 1213 pro
499 1174 655 1205 Securitate
667 1173 857 1206 Resolutionis
867 1175 1012 1206 dictorum
1027 1175 1164 1208 Duorum
1180 1177 1301 1208 Milium

241 1209 426 1250 Marcarum,
442 1220 519 1244 certa
533 1212 640 1251 jocalia
658 1213 772 1253 nostra,

275 1249 435 1288 Videlicet,
455 1250 560 1282 Unum
578 1251 668 1290 Sharp
688 1252 756 1282 Auri
772 1252 938 1290 garnisatum
957 1252 994 1284 de
1011 1252 1159 1291 Sexaginta
1178 1255 1212 1286 &
1227 1253 1302 1286 Uno

237 1286 350 1320 Groffis
369 1289 505 1329 Baleifiis,
544 1290 652 1321 uolibet
670 1289 786 1321 Baleifio
800 1301 876 1335 cum.
889 1291 1029 1330 Quinque
1046 1290 1157 1336 Grosfis
1176 1292 1302 1332 Perulis,

236 1335 332 1357 totum
353 1329 494 1368 integrum
513 1300 694 1360 garnisatum
711 1351 721 1367 ,
743 1329 781 1360 set
794 1329 948 1372 deficiunt,
972 1338 1061 1360 unum
1078 1330 1249 1368 Antilopum
1266 1333 1301 1363 &

238 1367 306 1402 quin
329 1376 364 1396 ue
382 1366 491 1398 Perulae
541 1367 727 1405 ponderantes
741 1367 853 1399 insimul
872 1367 984 1407 Viginti
1006 1368 1041 1399 &
1058 1368 1164 1407 septem
1183 1369 1302 1408 Libras,

235 1403 291 1434 Sex
346 1407 438 1444 ncias,
457 1407 492 1437 ὅτ
505 1389 576 1436 ²I'tia
593 1406 743 1445 Qarteria
759 1406 795 1437 de
813 1405 943 1438 Pondere
961 1405 1071 1446 Troie,
1096 1406 1190 1440 Precii
1207 1409 1237 1439 in
1254 1418 1300 1441 to-

235 1451 268 1474 to
287 1442 370 1474 Mille
386 1445 419 1475 &
440 1443 637 1476 Ducentarum
653 1445 818 1483 Librarum,

282 1480 320 1512 Et
345 1492 464 1520 quatuor
490 1482 593 1513 Discos
618 1483 687 1513 Auri
714 1482 851 1515 Ponderis
878 1482 971 1514 Troie
994 1482 1117 1516 Novem
1144 1484 1298 1517 Librarum

237 1519 378 1558 Quinque
392 1521 570 1558 Unciarum,
589 1521 675 1552 Pretii
690 1520 796 1552 Unci-ae
813 1521 920 1561 Viginti
933 1521 988 1553 Sex
1000 1521 1164 1554 Solidorum
1175 1547 1185 1563 ,
1203 1526 1238 1557 ὃ(
1253 1526 1300 1556 O-

238 1559 289 1589 cto
308 1557 518 1597 Denariorum,
543 1559 662 1590 Summa
681 1559 808 1591 Centum
832 1561 866 1592 δε
890 1561 1106 1601 Quinquaginta
1128 1561 1299 1603 Librarum,

237 1596 402 1634 Tresdecim
418 1597 581 1628 Solidorum
591 1621 600 1636 ,
616 1599 649 1629 &
663 1597 796 1636 Qatuor
809 1598 1020 1638 Denariorum,

273 1634 397 1703 ngraefato
410 1635 500 1667 Priori
513 1636 583 1667 tradi
599 1638 633 1668 &
649 1637 759 1668 liberari
773 1637 941 1676 fecerimus,

309 1676 344 1704 of
363 1683 397 1705 ue

273 1711 330 1742 Pro
342 1685 388 1743 qeo
405 1697 484 1752 huod
504 1712 581 1744 idem
604 1715 684 1743 Prior
701 1713 809 1752 Jooelia
823 1714 971 1754 praedidka,
989 1716 1137 1748 Vicefirno
1151 1716 1212 1748 Die
1228 1717 1300 1750 Maii

233 1749 338 1781 ultimo
362 1753 521 1790 praeterito,
539 1752 574 1783 ad
597 1751 769 1784 Mandatum
790 1752 940 1794 nostrum,
959 1754 1060 1786 Nobis
1081 1755 1128 1787 sua
1148 1757 1299 1795 spontanea

234 1788 380 1821 voluntate
393 1789 604 1829 deliberaverit,

271 1826 328 1858 Pro
343 1828 527 1860 Resolutione
541 1828 671 1860 Summae
684 1829 827 1868 praedietae
838 1828 959 1871 prefato
974 1833 1080 1871 Priori,
1098 1833 1128 1864 in
1152 1833 1205 1865 hac
1223 1844 1300 1873 parte

231 1863 360 1897 faciendi
373 1867 503 1898 ordinare
517 1868 645 1899 volent&
658 1877 688 1899 ut
698 1869 848 1901 Tenemur
864 1870 898 1901 &
913 1869 1085 1910 Obligamur
1095 1894 1104 1909 ‚

270 1904 523 1943 Concesserimus,
551 1915 604 1945 pro
624 1906 739 1945 Nobis,
764 1908 798 1939 δε
817 1907 988 1939 Haetedibus
1007 1910 1108 1940 nostris
1123 1934 1133 1948 ,
1159 1920 1298 1948 quantum

231 1942 261 1972 in
280 1943 364 1973 nobis
380 1944 422 1974 est
438 1967 447 1982 ,
471 1944 564 1975 eidem
583 1948 673 1975 Priori
689 1968 698 1982 ,
721 1947 799 1984 quod
819 1945 879 1985 Ipse
897 1948 931 1979 &
950 1947 1132 1980 Succeflores
1150 1949 1189 1980 sui
1212 1950 1299 1981 Sum-

233 1990 312 2011 mam
331 1982 498 2019 praedictam
514 2008 524 2022 ,
548 1993 582 2013 ac
602 1984 785 2014 solutionem
802 1986 923 2023 ejusdem
938 2008 947 2022 ,
974 1985 1010 2016 de
1025 1988 1122 2024 primis
1140 1987 1272 2019 Denariis
1288 2012 1298 2028 ,

230 2021 464 2056 provenientibus
478 2021 514 2052 de
529 2020 660 2052 Subfidio
679 2022 821 2054 Lanarum
838 2046 847 2061 ,
870 2022 1046 2062 Coriorum,
1071 2026 1103 2057 &
1121 2025 1244 2057 Pellium
1262 2028 1299 2058 la-

230 2067 380 2097 nutarum,
407 2062 434 2089 in
457 2059 596 2090 Portubus
615 2060 772 2099 subscriptis
789 2062 1028 2101 eskippandorum
1046 2085 1055 2100 ,
1078 2063 1113 2094 ad
1134 2064 1216 2095 Festa
1235 2066 1301 2096 sub-

229 2097 346 2135 scripta,
375 2108 423 2135 per
445 2097 549 2129 Manus
568 2098 769 2130 Coueaorum
788 2100 910 2138 ejusdem
929 2100 1049 2131 Subsidii
1064 2125 1074 2139 ,
1097 2112 1151 2140 pro
1167 2111 1300 2142 tempore

232 2135 414 2166 existentium
434 2137 463 2166 in
483 2137 587 2167 eisdem
607 2136 765 2175 Portubus,
792 2138 856 2176 post
873 2138 1078 2178 Affignationes
1095 2140 1153 2171 aliis
1172 2140 1300 2174 Personis

229 2172 268 2204 de
284 2174 388 2205 eodem
406 2175 537 2206 Subsidio
554 2176 588 2205 ad
606 2175 723 2213 praesens
740 2177 839 2215 saetas,
856 2177 961 2214 absque
979 2177 1145 2210 difficultate
1163 2180 1220 2211 five
1235 2191 1299 2220 per-

232 2213 394 2244 turbatione
412 2223 609 2252 quacumque,
626 2215 745 2246 habeant
763 2217 795 2246 &
816 2216 988 2254 percipiam
1006 2216 1155 2255 videlicet,

268 2251 499 2290 Qiingentarum
519 2252 686 2283 Marcarum
705 2253 770 2284 inde
787 2256 814 2284 in
835 2253 920 2284 Festo
942 2254 1054 2284 Paschae
1070 2258 1205 2293 proximo
1225 2258 1300 2288 futu-

231 2299 285 2327 ῐο,
310 2289 345 2321 &
364 2290 594 2330 Quingentarum
615 2291 780 2323 Mercarum
800 2293 830 2322 in
852 2292 936 2323 Festo
955 2293 1062 2323 Sancto
1082 2294 1232 2326 Michaelis
1252 2307 1301 2327 ex-

232 2336 302 2359 tunc
321 2331 456 2366 proximo
477 2330 502 2360 se
525 2339 626 2367 uenre,
645 2331 675 2360 in
694 2329 782 2361 Portu
801 2329 929 2361 Civitatis
947 2331 1052 2362 nostrae
1071 2332 1252 2373 Londoniae‚

527 2378 652 2400 arcarum
670 2369 698 2398 in
717 2370 822 2400 eodem
843 2369 926 2399 Festo
944 2369 1058 2400 Paschae
1071 2395 1081 2409 ‚
1109 2372 1143 2402 &
1158 2373 1299 2404 Trescen-

232 2411 324 2434 tarum
342 2405 508 2437 Marcarum
526 2408 553 2436 in
576 2406 713 2444 praedicto
732 2407 816 2438 Festo
834 2408 931 2438 Sancti
956 2407 1108 2440 Michaelis
1122 2434 1132 2449 ‚
1154 2411 1183 2441 in
1208 2410 1299 2443 Portu

232 2441 318 2472 Villae
335 2444 439 2475 nostrae,
457 2445 494 2474 de
512 2443 685 2484 Kyngeston
702 2446 782 2484 super
802 2445 894 2483 Huss,

272 2480 469 2512 Ducentarum
488 2482 654 2513 Marcarum
674 2485 701 2513 in
720 2485 824 2515 eodem
845 2484 928 2515 Festo
946 2484 1076 2524 Paschae,
1098 2488 1133 2519 ὃς
1152 2486 1300 2519 Ducenta—

234 2527 300 2548 rum
320 2518 484 2550 Marcarum
501 2523 530 2550 in
548 2522 687 2559 praedicto
712 2522 798 2553 Festo
825 2522 921 2554 Sansti
948 2522 1124 2563 Michaelis,
1153 2527 1182 2556 in
1208 2527 1299 2559 Portu

234 2555 320 2586 Villae
336 2557 440 2587 nostrae
457 2558 493 2588 de
512 2559 618 2589 Sancto
639 2560 822 2598 Botholpho‚

271 2594 308 2624 Et
328 2594 456 2626 Centum
477 2595 640 2627 Marcarum
658 2600 689 2628 in
709 2598 795 2629 Portu
815 2599 896 2630 Villae
915 2599 951 2630 de
970 2599 1054 2630 Lenn
1073 2602 1101 2631 in
1122 2601 1205 2633 Festo
1228 2603 1298 2634 San-

233 2632 281 2675 ἑὶί,
296 2632 448 2664 Michaelis
484 2635 561 2672 quod
579 2637 630 2666 erit
649 2636 737 2667 Anno
757 2637 882 2668 Domini
899 2637 1076 2677 Millesimo,
1096 2640 1300 2679 Qadriugen-

234 2674 353 2714 teltmo,
371 2657 514 2703 vicelimo
530 2672 647 2710 Primo,

269 2709 380 2741 Virtute
396 2711 568 2742 diversarum
586 2712 761 2751 Talliarum,
778 2713 858 2751 super
873 2713 966 2744 didios
980 2714 1175 2755 Colleetores‚
1193 2717 1227 2748 ad
1238 2717 1299 2749 Re-

238 2756 351 2816 ceptafn
369 2749 509 2817 διετιςςῇτίἰ
526 2749 630 2789 nostri,
649 2752 732 2781 eidem
749 2754 840 2782 Priori
856 2752 892 2782 de
910 2752 1029 2783 Summa
1047 2755 1181 2791 praeditsta
1196 2756 1298 2787 levata-

236 2795 302 2817 rum
333 2796 367 2817 eu
394 2797 462 2818 evan
482 2798 561 2819 arum

275 2823 312 2854 Et
331 2826 408 2862 quod
424 2836 477 2857 nec
498 2811 616 2864 praesens
633 2827 788 2866 Securitas,
806 2837 860 2859 nec
878 2828 980 2860 Tauiae
999 2829 1047 2859 sibi
1061 2829 1126 2863 inde
1139 2831 1172 2862 ad
1189 2832 1296 2863 dkstam

230 2860 396 2903 'Receptam
412 2886 421 2900 ‚
447 2872 477 2895 ut
496 2865 664 2903 praedictum
684 2866 725 2896 est
739 2890 749 2903 ,
773 2867 871 2897 levatae
889 2867 933 2898 seu
952 2868 1078 2898 levandae
1090 2891 1100 2907 ,
1127 2880 1181 2901 nec
1200 2881 1296 2902 earum

234 2900 327 2938 aliqua
342 2924 351 2938 ‚
374 2911 510 2939 praetextu
536 2903 690 2941 aliquarum
718 2905 831 2935 aliarum
855 2904 1104 2944 Affignationum,
1130 2917 1178 2945 per
1205 2909 1297 2949 Nos,

233 2938 370 2970 Haeredes
383 2964 393 2977 ,
417 2940 462 2971 seu
479 2942 659 2973 Succeffores
676 2943 803 2980 nostroS,
829 2943 864 2973 de
883 2943 1014 2975 Sublidio
1030 2947 1169 2983 praedicto
1186 2947 1221 2978 de
1239 2959 1298 2979 cae-

231 2985 294 3007 tero
309 2977 495 3009 faciendarum
539 2981 693 3012 nullatenus
711 2980 879 3021 Cassentur,
903 2983 1105 3023 Revocentur,
1130 2985 1175 3016 seu
1194 2986 1297 3026 absque

232 3017 290 3053 ejus
308 3015 456 3047 Consensu
478 3002 646 3061 Mutentur,

270 3054 340 3085 Nec
366 3055 444 3091 quod
464 3055 541 3086 dieta
563 3056 701 3096 Summa,
718 3057 762 3088 seu
786 3058 876 3096 aliqua
897 3057 1022 3090 Parcella
1037 3060 1177 3100 ejusdem,
1195 3072 1297 3095 contra

233 3092 338 3123 metam
358 3092 582 3124 Conceffionem
602 3094 743 3133 nostram,
761 3096 950 3134 imposterum
970 3097 1086 3138 Nobis,
1103 3101 1139 3132 δι’.
1165 3101 1296 3133 Haeredi-

232 3131 284 3160 bnis
298 3131 398 3160 nostris
409 3155 417 3168 .,
435 3132 481 3162 vel
497 3133 530 3162 ad
544 3142 616 3170 opus
629 3132 759 3164 nostrum
770 3158 779 3171 ,
796 3134 841 3165 vol
864 3134 1023 3167 Haeredum
1043 3137 1227 3179 nostrorum,
1242 3142 1297 3172 sol-

233 3178 313 3198 vatur
323 3193 332 3205 ,
352 3171 515 3208 recipiatur,
533 3180 579 3201 aut
595 3171 747 3209 aliqualiter
762 3171 922 3211 assignetur.

272 3205 303 3236 In
320 3207 399 3244 cujus
409 3231 418 3245 ,
437 3209 498 3239 &c.

270 2365 470 2397 Ducentarum

268 3280 360 3313 Teste
372 3283 488 3322 praefato
502 3284 610 3324 Custode
626 3286 701 3325 apud
709 3286 964 3326 Wstmonasterium
982 3289 1058 3318 xxiii.
1075 3288 1121 3320 dic
1135 3289 1216 3321 Maii.

710 3365 763 3392 Per
777 3365 870 3393 Breve
886 3364 918 3393 de
932 3366 1049 3394 Privato
1062 3364 1161 3403 Sigillo.

494 3488 521 3513 ²*
545 3493 592 3523 De
612 3489 835 3537 Umporalibus
857 3490 1031 3526 liberandis.

235 3573 353 3631 REX
373 3573 514 3605 Escaetori
530 3573 580 3604 suo
597 3575 625 3604 in
641 3574 788 3606 Comitatu
808 3576 984 3615 Lincolniae,
1001 3578 1132 3610 Salutem.

330 3613 408 3652 Qia
422 3613 551 3650 cepimus
567 3612 618 3648 de,
636 3612 794 3644 Venerabili
810 3615 838 3644 in
855 3615 973 3645 Christo
990 3615 1086 3655 Patre,
1100 3617 1234 3648 Richardo
1248 3621 1291 3648 E-

225 3649 325 3688 pisiopo
344 3650 538 3691 Lincolnienfi,
550 3660 599 3688 per
615 3649 831 3682 Procuratorem
845 3652 924 3683 suum
934 3676 943 3691 ,
958 3655 1106 3685 nobiscum
1125 3666 1215 3693 nuper
1231 3658 1289 3687 exi-

231 3687 369 3723 stentem,
389 3689 564 3719 Fidelitatem
578 3688 669 3726 suam,
683 3689 783 3726 nobis,
801 3700 853 3727 pro
871 3691 1090 3727 Temporalibus
1110 3695 1233 3731 ejusdem
1251 3694 1290 3724 E-

250 3726 386 3765 ismpatfis
400 3727 522 3757 debitam
532 3749 542 3766 ,
559 3736 592 3756 ac
609 3728 694 3758 etiam
708 3736 760 3766 pro
772 3738 807 3757 eo
823 3728 902 3766 quod
920 3729 974 3766 ipse
996 3729 1095 3761 Rebus
1115 3733 1288 3770 praejudicia-

80 3772 114 3795 ιιιΔ
129 3778 155 3803 5,
175 3779 213 3799 m,
241 3765 300 3793 ibus
316 3765 415 3796 Nobis
430 3766 464 3796 &
479 3764 610 3796 Coronae
626 3765 746 3803 nostrae,
763 3775 846 3805 prout
861 3767 890 3797 in
903 3767 949 3797 tali
966 3768 1028 3799 casu
1041 3769 1100 3800 fieri
1121 3770 1288 3810 consuevit,

81 3815 126 3841 ²4·

230 3810 412 3833 renunciamt.

267 3839 421 3879 Volumus,
438 3841 474 3871 de
487 3841 584 3872 Gratia
597 3841 691 3872 nostra
704 3841 812 3880 speciali
830 3844 908 3880 quod
923 3844 1071 3880 praedietus
1084 3845 1225 3885 Epifiopus
1237 3847 1286 3877 ha-

228 3875 290 3907 beat
312 3877 522 3909 Liberationem
537 3880 753 3919 Temporalium
765 3881 879 3912 suorum
894 3882 1114 3921 praedietorum,
1133 3887 1162 3915 in
1189 3885 1286 3915 Mani-

227 3913 279 3944 bu<
295 3915 392 3947 nostris
407 3917 601 3957 existentium,

262 3951 300 3983 Et
317 3952 381 3984 ideo
396 3955 446 3986 tibi
463 3955 647 3994 Praecipimus
661 3956 739 3996 quod
751 3957 843 3989 eidem
858 3957 983 3998 Eptfiopo
1005 3957 1186 3998 Temperans
1212 3970 1286 3999 prae-

1338 196 1432 227 forma
1449 197 1600 236 praedidka3
1618 200 1694 231 salvo
1705 200 1775 239 Jure
1791 201 1947 239 cujussibet.

1377 234 1466 265 Teste
1482 234 1632 279 Htcnfi‘edo
1643 241 1718 269 Duce
1730 239 1897 280 Gloucestriae
1914 238 2045 271 Custode
2058 239 2172 280 Angliae
2186 241 2260 280 apud
2274 240 2402 282 Wstmv-

1337 273 1481 314 nasterium
1495 275 1631 306 vicesimo
1644 279 1729 308 tertio
1744 278 1790 310 die
1805 278 1888 310 Maii.

1837 357 1892 385 Per
1908 358 2002 386 Breve
2017 355 2050 386 de
2062 357 2182 386 Privato
2194 355 2294 396 Sigillo.

1356 425 1525 460 Confimilia
1538 427 1638 461 Brevia
1648 428 1821 500 dirigunffirta
1819 430 2015 511 {13:332ng
2031 431 2206 472 subscriptis,
2218 432 2268 465 sub
2280 433 2381 466 eadem

1376 539 1518 580 Efiaetori
1529 546 1606 583 Regis
1619 546 1648 574 in
1663 547 1736 575 Com.
1749 547 1838 577 Oxou.

1377 579 1518 619 Efiaetori
1529 586 1607 621 Regis
1619 587 1649 612 in
1665 586 1737 614 Com.
1750 585 1822 614 Bedr
1834 583 1872 621 &
1885 587 1969 617 Buks.

1375 618 1516 658 Efiaetori
1528 624 1606 660 Regis
1617 625 1647 651 in
1662 626 1733 652 Com.
1746 622 1852 653 Norht.

1378 657 1519 697 Efiaetori
1537 662 1614 698 Regis
1626 663 1656 690 in
1668 664 1740 690 com.
1758 660 1887 692 Cantebr.
1900 659 1939 697 ὀ-
1952 663 2042 694 liunt.

1379 696 1519 735 Esiaetori
1532 701 1608 736 Regis
1622 702 1651 728 in
1667 702 1739 729 com.
1753 698 1851 738 Hertf.

1377 736 1405 764 E
1403 735 1518 774 [raetori
1532 740 1610 775 Regis
1623 741 1653 767 in
1665 741 1737 768 Com.
1752 737 1891 777 Notyngh.

1376 773 1517 811 Efiaetori
1527 779 1605 814 Regis
1618 779 1648 806 in
1663 779 1734 806 com.
1750 776 1839 815 Rotel.

1377 814 1403 841 E
1399 811 1516 851 staetori
1528 816 1567 844 Re
1584 818 1605 844 is
1618 818 1647 844 in
1661 817 1734 844 com.
1747 817 1827 856 Leyc.

1376 849 1484 879 Dileclo
1491 851 1546 891 fibi
1560 826 1709 884 {ichardo
1725 853 1927 894 Whytyngton
1942 853 2048 892 Majoru'
2069 856 2202 886 Civitatis
2224 857 2301 894 Reges
2324 860 2399 895 Lm

1411 888 1496 918 doniae
1510 889 1548 926 ὠ·
1563 891 1703 931 Efiaetori
1710 891 1761 931 fito
1774 895 1803 922 in
1815 893 1906 923 eadem
1921 895 2053 924 civitate.

1378 963 1415 995 Et
1429 963 1599 998 Mandatum
1613 966 1655 998 est
1670 966 1830 1007 Militibus,
1846 968 1908 1001 δίε.

1646 1093 1754 1124 Litera
1777 1093 1873 1126 Ducis
1892 1089 2102 1139 LetharingIae.

1314 1188 1317 1189 ⁷
1338 1176 1377 1208 A
1395 1174 1606 1221 Tresredoubre
1626 1181 1662 1217 ὠ·
1687 1182 1853 1227 Soveratgn
1876 1181 2019 1226 Seigneur
2041 1180 2123 1212 Mon
2140 1181 2285 1228 Seigneur
2298 1181 2326 1215 le
2340 1184 2400 1233 Ray

1382 1222 1614 1271 d'Angleterre,
1638 1230 1775 1262 Heritier
1792 1232 1829 1267 (ᾔ
1848 1230 1958 1275 Regem
1978 1226 2021 1261 dn
2039 1229 2187 1277 Royaume
2203 1228 2240 1262 de
2257 1232 2376 1265 ›France
2387 1257 2399 1275 ,

1382 1274 1418 1309 (ῤ’
1440 1276 1581 1321 ὃεζξηεκν
1600 1275 1770 1313 d'lrlande.

1337 1356 1572 1418 TRefiedoubte
1583 1358 1621 1396 ὠ·
1637 1363 1785 1400 Saveraign
1800 1365 1940 1401 Seigneur,

1335 1442 1392 1465 ωας
1411 1396 1491 1466 ικὲἒζ
1506 1399 2024 1479 &eugeissfiiiiignissnissffffifih‘li
2032 1401 2399 1479 ggugfaffifvggaeppor-

1374 1472 1468 1504 L'une
1480 1484 1636 1507 contenant
1649 1479 1803 1510 certainnes
1817 1478 1977 1509 Nouvelles
1999 1478 2036 1509 de
2056 1479 2080 1509 la
2105 1478 2129 1509 P
2141 1489 2162 1509 A
2174 1487 2185 1509 t
2196 1488 2213 1508 x
2234 1488 2253 1509 F
2263 1488 2274 1509 1
2286 1487 2310 1509 N
2321 1488 2342 1510 Α
2353 1486 2374 1510 L
2383 1503 2394 1517 ‚

1335 1520 1351 1541 a
1374 1511 1462 1552 l'ayde
1482 1513 1519 1544 de
1541 1514 1637 1546 nostre
1662 1515 1799 1555 Seigneur
1813 1539 1822 1555 ‚
1849 1517 1908 1548 Fait
1931 1518 1965 1548 &
1986 1516 2120 1548 Conclue
2137 1526 2216 1548 entre
2234 1516 2313 1548 Mon
2333 1517 2397 1549 Sei-

1335 1558 1427 1587 gneur
1445 1551 1471 1582 le
1493 1551 1562 1592 Roy
1580 1554 1614 1585 &
1636 1564 1708 1587 vous
1728 1555 1801 1587 deux
1826 1554 1991 1595 Royaumes
2008 1556 2046 1586 de
2066 1555 2174 1586 France
2195 1557 2229 1588 δε
2259 1556 2396 1596 d'Angle-

1335 1596 1422 1619 terre:

1372 1626 1451 1658 Auffi
1466 1628 1504 1658 les
1516 1628 1539 1658 F
1540 1630 1667 1662 iancelles
1680 1631 1716 1662 de
1731 1641 1802 1662 vous
1814 1632 1847 1663 &
1860 1631 1896 1662 de
1913 1641 1958 1662 ma
1973 1635 2062 1662 Darne
2077 1631 2268 1663 Kathert'nne:

1335 1701 1359 1733 P
1372 1665 1452 1709 Auffi
1468 1677 1539 1698 vous
1554 1678 1569 1698 a
1580 1668 1645 1707 pleu
1660 1670 1824 1710 rn'envoyer
1837 1670 1862 1701 la
1881 1669 1997 1709 Coppie
2013 1670 2062 1700 des
2085 1668 2196 1702 Lettres
2215 1671 2251 1701 de
2275 1671 2301 1701 la
2318 1670 2398 1703 dicte

1360 1713 1418 1733 arx·

1380 1728 1429 1774 De
1449 1751 1541 1775 toutes
1562 1744 1601 1775 les
1622 1745 1725 1784 quelles
1747 1745 1856 1777 choree
1871 1768 1882 1784 ‚
1914 1745 2108 1785 Trefiedoubte
2124 1744 2163 1782 ὀ·
2179 1748 2328 1785 Saverat'ng
2343 1750 2402 1778 Sei-

1329 1791 1429 1820 gneur,
1447 1792 1518 1813 vous
1537 1782 1690 1815 Remercie
1706 1793 1764 1816 tant
1781 1786 1815 1816 &
1835 1785 1853 1814 fi
1872 1783 2122 1815 affestueusement
2137 1793 2257 1827 comme
2267 1786 2297 1823 Je
2312 1787 2382 1824 puis.

1372 1818 1419 1850 En
1440 1821 1532 1852 oultre
1555 1832 1608 1853 vos
1628 1831 1718 1854 autres
1733 1822 1842 1854 Lettres
1857 1823 2054 1853 Contenoient
2067 1832 2125 1861 que
2136 1822 2254 1853 desiriez
2275 1822 2312 1853 de
2332 1833 2403 1863 moy

1336 1859 1435 1897 veoir,
1453 1860 1486 1891 &
1506 1869 1554 1891 me
1577 1862 1656 1900 priez
1677 1871 1734 1899 que
1753 1872 1801 1892 me
1823 1862 1935 1892 vollisse
1960 1863 2043 1892 traire
2057 1871 2120 1891 vers
2136 1871 2224 1899 vous,
2242 1861 2276 1891 &
2298 1871 2354 1900 que
2371 1863 2404 1900 je

1337 1906 1409 1927 vous
1424 1899 1587 1929 trouveroie
1600 1900 1675 1930 affez
1689 1909 1751 1939 pres
1764 1900 1801 1932 de
1815 1900 1944 1939 Troyes3
1965 1910 2085 1931 comme
2103 1898 2164 1939 plus
2176 1910 2191 1930 a
2207 1899 2300 1938 pleine
2313 1900 2403 1932 diroit

1336 1944 1407 1965 mon
1424 1935 1465 1966 dit
1479 1936 1657 1969 Conseillier.

1369 1973 1559 2013 Trefiedoubte
1577 1975 1616 2012 ό·
1637 1980 1770 2007 soverain
1789 1979 1928 2014 seigneur,
1953 1975 2042 2007 Plaise
2063 1986 2134 2008 vous
2157 1975 2248 2008 ssvoir
2268 1985 2326 2016 que
2342 1976 2396 2017 j'ay

1334 2011 1384 2042 Ou
1419 2022 1490 2044 mon
1505 2013 1548 2045 dit
1560 2014 1746 2053 Conseillier,
1763 2017 1796 2047 &
1810 2016 1967 2053 Adjoustez
1984 2015 2044 2054 Foy
2060 2026 2076 2045 a
2094 2016 2148 2055 Ly.

1374 2022 1410 2082 ἔτ
1424 2052 1557 2082 combien
1575 2063 1630 2091 que
1639 2076 1649 2093 ,
1664 2054 1701 2084 de
1711 2063 1773 2085 tout
1786 2063 1856 2084 mon
1872 2052 1968 2092 Cuer,
1984 2054 2014 2093 je
2027 2054 2078 2084 suis
2092 2053 2263 2085 tresdefirant
2276 2053 2314 2084 de
2327 2063 2401 2086 vous

1336 2089 1509 2128 complaire,
1528 2092 1561 2122 &
1582 2092 1650 2122 faire
1670 2092 1706 2122 de
1731 2103 1801 2122 nton
1824 2091 1934 2122 Povoir
1957 2101 2020 2123 tous
2035 2092 2162 2123 Services
2175 2093 2209 2123 &
2227 2091 2348 2130 Plaifirs‚
2367 2093 2402 2124 &

1335 2129 1416 2158 avoir
1431 2129 1564 2167 tresgrant
1584 2129 1709 2162 Volente
1722 2130 1758 2161 de
1774 2140 1821 2161 me
1833 2132 1916 2162 traire
1928 2131 2076 2168 pardevers
2095 2140 2181 2168 vom,
2197 2129 2403 2170 Neantmo'tns,

1336 2176 1409 2204 pour
1420 2169 1573 2199 certainnes
1587 2168 1755 2209 Besoingnes
1769 2170 1802 2200 ὅ(
1818 2168 1995 2206 NouvellCS,
2013 2180 2068 2208 que
2087 2179 2135 2199 me
2148 2168 2212 2199 sont
2234 2169 2402 2209 scr·.·enues,

1335 2205 1473 2236 touchans
1496 2206 1534 2237 les
1555 2207 1678 2238 Guerres
1702 2218 1758 2245 que
1779 2207 1814 2238 de
1836 2208 1945 2246 present
1965 2208 2018 2248 j'ay
2037 2231 2046 2245 ,
2069 2208 2112 2247 n'y
2137 2208 2200 2244 puis
2223 2207 2401 2240 bonnement

1335 2254 1410 2312 ffflff
1423 2243 1531 2282 present
1542 2246 1624 2285 aller,
1642 2256 1760 2278 comme
1773 2256 1845 2278 vous
1858 2246 1916 2277 dira
1932 2246 1992 2284 plus
2009 2257 2024 2277 a
2037 2247 2111 2284 plain
2125 2255 2197 2276 mon
2210 2245 2252 2277 dit
2271 2244 2401 2278 Conseil-

1346 2292 1393 2312 elr.

1372 2319 1448 2352 Mais
1468 2321 1669 2361 (Trelredoubte
1693 2323 1731 2359 εἰ·
1756 2327 1888 2355 Ssverain
1912 2323 2048 2361 Seigneur)
2075 2323 2202 2362 j'envoie
2227 2332 2276 2361 par
2301 2322 2402 2355 devere

1335 2369 1423 2398 νοω,
1441 2370 1500 2390 nus
1514 2363 1608 2392 Amez
1623 2364 1656 2393 &
1670 2362 1755 2393 feauls
1766 2363 1945 2394 Conseillicrs
1956 2386 1965 2399 ,
1981 2363 2007 2392 le
2030 2363 2070 2392 dit
2093 2361 2191 2400 Jehan
2211 2361 2400 2401 Haffizsville,

1334 2400 1418 2438 Ferry
1432 2399 1464 2428 de
1482 2401 1621 2438 Parroies,
1646 2402 1679 2432 &
1698 2401 1796 2441 Jehan
1816 2402 1848 2431 de
1865 2399 2069 2438 Haraulcourt,
2094 2400 2275 2436 Enchargiez
2293 2400 2330 2430 de
2350 2409 2399 2437 pat

1335 2446 1404 2477 moy
1424 2437 1460 2468 dc
1482 2448 1554 2470 vous
1575 2439 1635 2470 dire
1651 2441 1808 2471 cerrainnes
1824 2439 1934 2470 Choses
1949 2439 1986 2469 de
2000 2438 2134 2474 Bouche,
2151 2438 2289 2468 touchans
2305 2447 2340 2468 ce
2360 2438 2398 2468 de

1335 2485 1412 2543 {uoy
1432 2485 1503 2507 avez
1525 2478 1609 2515 parlei
1631 2488 1646 2508 a
1662 2488 1733 2510 mon
1755 2479 1797 2510 dit
1815 2477 1981 2509 Conseillier
1995 2476 2092 2516 Jehan
2109 2477 2142 2506 de
2158 2474 2346 2515 Haffonville‚
2361 2477 2396 2508 &

1396 2525 1410 2544 a
1424 2524 1496 2544 VOUS

1362 2523 1408 2584 XSe
1430 2563 1501 2583 vous
1511 2540 1610 2584 ⁷Plaise
1633 2564 1648 2585 a
1673 2563 1732 2584 mes
1750 2553 1927 2585 Conscilliers
1947 2551 2088 2591 adjouster
2104 2552 2165 2592 Foy
2185 2552 2336 2590 plainniere
2361 2563 2397 2583 en

1332 2597 1395 2658 “hm
1417 2600 1452 2657 cle
1471 2593 1640 2659 29'Z·v⁰u⁵
1664 2593 1776 2630 diront,
1796 2602 1869 2631 pour
1893 2590 1969 2623 ceste
1991 2591 2077 2629 Foie,
2096 2590 2131 2621 de
2154 2599 2203 2629 par
2229 2600 2316 2630 moy,
2332 2601 2398 2622 tou-

1372 2637 1417 2658 al'lt
1442 2639 1458 2657 Ε
1493 2639 1511 2659 lt
1555 2640 1584 2659 it.

1334 2638 1350 2659 c
1380 2668 1398 2685 ⁸¹³
1425 2667 1614 2706 Tresredwhte
1638 2666 1676 2702 ὠ»
1693 2670 1826 2698 Soverain
1842 2671 1990 2706 Seigneur,
2020 2666 2047 2697 le
2074 2665 2177 2697 Benoit
2196 2666 2239 2696 Fil
2258 2665 2294 2696 de
2317 2665 2395 2699 Dieu

1334 2714 1406 2735 vous
1417 2715 1431 2735 a
1445 2705 1469 2736 sa
1484 2705 1595 2738 Sain'Cte
1610 2705 1707 2737 Garde
1716 2729 1726 2745 ,
1744 2707 1777 2738 δε
1796 2716 1868 2737 vous
1883 2707 1965 2737 doint
1979 2707 2078 2737 bonne
2092 2704 2147 2736 Vie
2159 2706 2193 2736 &
2206 2705 2322 2746 longue.

1369 2780 1477 2820 Escript
1493 2793 1528 2813 en
1546 2793 1590 2813 ma
1603 2782 1673 2813 Ville
1691 2783 1724 2813 de
1739 2781 1929 2823 Neufchastell
1943 2783 1969 2814 le
1984 2782 2079 2814 xxviii.
2089 2781 2163 2821 Jour
2175 2781 2212 2813 de
2227 2780 2310 2821 May.

1370 2858 1420 2926 L}
1444 2858 1518 2890 Duc
1541 2869 1582 2891 DE
1607 2860 1794 2891 LoRRAINE
1819 2869 1865 2892 ET
1885 2859 2067 2898 Minerua,
2085 2863 2145 2889 tout
2161 2868 2194 2888 en
2212 2857 2302 2897 vostre
2319 2861 2395 2888 Com-

1333 2909 1396 2927 man
1418 2906 1514 2928 emrnt.

1624 3038 1730 3069 Litera
1751 3034 1941 3082 Burgerfium
1957 3034 2096 3078 Parisins.

1333 3132 1370 3163 A
1391 3127 1551 3163 Treshault
1571 3155 1580 3170 ‚
1614 3129 1826 3174 Tresbxcellent
1847 3156 1856 3170 ‚
1891 3132 1927 3168 ὠ
1953 3127 2148 3176 Trespuiffimt
2168 3130 2275 3162 Prince
2297 3125 2390 3171 nistre

1376 3175 1586 3223 Trefredoubre
1610 3183 1750 3224 Aeigneur
1777 3179 1802 3210 le
1828 3181 1885 3228 Roy
1915 3178 2125 3226 d'Engleterre
2143 3203 2153 3220 ,
2186 3179 2326 3210 Heritier
2350 3179 2388 3215 ὠ·

1376 3229 1487 3272 Regem
1505 3225 1547 3257 du
1563 3228 1713 3275 Royaume
1728 3226 1763 3259 de
1773 3229 1910 3270 france,
1933 3231 1969 3266 (ῤ’
1989 3230 2131 3273 Seigneur
2145 3224 2299 3259 d’Irland.

1329 3309 1387 3370 T

1395 3308 1545 3378 lieslvgults,
1556 3352 1560 3356 .
1571 3310 1766 3350 Trefissxcellent
1778 3334 1788 3351 ,
1813 3310 1851 3347 ᾤ’
1869 3310 2054 3351 Uquusffimt
2066 3312 2162 3341 Prince
2182 3309 2270 3350 nostre
2281 3308 2388 3349 Trefie-

1427 3360 1457 3378 οη
1476 3358 1502 3378 te
1536 3360 1658 3386 eigneur,

2445 210 2531 242 1420.

2419 244 2483 270 Hen.
2502 250 2531 278 5.
2560 262 2562 265 .

2418 1367 2494 1400 Ann.
2508 1369 2554 1403 D.

2413 1417 2526 1476 2124280'

2414 1490 2449 1515 H.
2461 1470 2497 1522 ⁸5.
2509 1471 2516 1478 ’

2416 1529 2454 1552 εκ
2467 1524 2535 1554 nihl.

2416 1567 2517 1592 Cotton.

2416 1602 2539 1639 Caligula

2415 1645 2452 1670 D.
2470 1649 2499 1677 5.

2414 2674 2429 2692 ⁴·
2446 2673 2499 2706 IX.

2412 2722 2477 2750 9¹0·

2406 3315 2483 3347 Ann.
2494 3316 2538 3349 DJ
2559 3303 2562 3309 ¹

2428 3364 2513 3394 1420.

1366 3387 1454 3417 Nous
1469 3398 1540 3417 nous
1555 3388 1812 3419 Recommandons
1824 3398 1839 3419 a
1852 3398 1924 3420 vous
1938 3397 1998 3420 tant
2012 3388 2047 3420 δε
2059 3387 2077 3418 fi
2090 3386 2288 3418 humblement
2303 3394 2387 3416 com·
2403 3398 2457 3423 An.
2476 3395 2503 3423 g,

1329 3435 1377 3456 me
1392 3435 1463 3455 nous
1478 3435 1597 3463 povons.

1365 3463 1401 3494 Et
1424 3474 1495 3494 vous
1521 3464 1599 3501 plaise
1617 3464 1706 3496 savoir
1728 3474 1784 3504 que
1805 3464 1894 3495 Nous
1906 3471 1993 3496 avons
2010 3464 2140 3495 Receuoe
2152 3461 2239 3493 Deux
2253 3460 2333 3492 Paire
2347 3460 2384 3493 de
2401 3436 2441 3498 gc
2452 3442 2518 3498 gibt.

1327 3511 1387 3534 voz
1405 3501 1512 3532 Lettres
1527 3501 1641 3532 Closes:
2137 3539 2142 3544 Ι

1363 3541 1420 3608 Ιῇεῑε
1435 3540 1573 3570 Premiers
1587 3540 1705 3572 Donees
1723 3542 1749 3572 le
1767 3542 1832 3571 xxii.
1846 3539 1920 3579 Jour
1934 3540 1971 3570 de
1988 3537 2059 3577 May
2070 3539 2192 3569 dernere
2207 3537 2297 3576 paffe;

1388 3589 1416 3608 ar
1431 3579 1468 3608 les

1326 3625 1463 3648 acertener
1506 3628 1521 3648 e
1538 3616 1635 3648 l’Estat
1650 3619 1682 3648 δε
1700 3618 1734 3648 Ν
1736 3617 1858 3649 ouvelles
1875 3616 1911 3646 de
1925 3625 1971 3653 par
1984 3615 2065 3653 dela;
2082 3615 2116 3645 &
2132 3614 2321 3659 mesmement
2335 3615 2384 3646 des

1326 3655 1502 3685 Fianceailles
1521 3656 1626 3687 d’entre
1647 3667 1717 3686 vous
1730 3657 1763 3688 ὃ(
1779 3654 1874 3686 nostre
1886 3653 2098 3684 Tresredoubte
2111 3651 2206 3683 Dame
2220 3653 2245 3683 la
2260 3652 2331 3684 Fille
2343 3654 2384 3685 du

1326 3693 1377 3723 Ro
1410 3693 1506 3723 nostre
1521 3693 1697 3731 Souveraign
1715 3695 1858 3733 Seigneur.
1951 3730 1957 3735 ·
2167 3730 2172 3735 ι
2264 3730 2270 3736 ⁴

1362 3702 1399 3761 Eyt
1418 3732 1455 3761 les
1470 3741 1557 3762 autres
1572 3732 1681 3763 Lettres
1700 3732 1851 3768 (Donnees
1868 3730 1895 3760 le
1913 3738 1986 3759 xxiv.
2004 3727 2075 3765 Jour
2093 3728 2131 3760 du
2145 3728 2186 3760 dit
2202 3728 2295 3766 Mors)
2315 3739 2387 3760 con-

1324 3778 1420 3800 tenant
1434 3768 1563 3800 Creance
1579 3771 1622 3802 sur
1640 3770 1756 3800 Mellire
1774 3768 1863 3799 Raoul
1873 3765 2030 3797 cromwelle
2044 3766 2211 3806 Chevalier,
2230 3766 2383 3798 Gudlaume

1322 3807 1481 3838 Swinborne
1506 3808 1619 3839 Escuier
1634 3831 1644 3846 ,
1667 3817 1726 3841 voz
1745 3807 1943 3843 Conseilliers,
1966 3806 1999 3836 δε
2016 3804 2131 3835 Richart
2147 3805 2275 3845 eaudray
2287 3805 2388 3837 Secre-

1322 3847 1389 3877 taire
1406 3870 1416 3883 ,
1441 3846 1486 3876 lez
1502 3847 1586 3884 quelz
1606 3855 1657 3877 ont
1682 3845 1921 3884 tresgrandement
1944 3843 1977 3874 δε
1999 3844 2196 3876 notablernent
2222 3843 2342 3883 exposce
2360 3843 2386 3875 la

1324 3883 1455 3914 Creance
1469 3884 1513 3914 sur
1527 3886 1590 3915 eulx
1607 3884 1754 3922 Chargee:

1362 3921 1422 3952 Des
1445 3923 1549 3959 quelles
1573 3922 1698 3960 Choses,
1726 3919 1941 3958 principalment
1960 3919 1997 3950 de
2020 3919 2045 3950 la
2068 3919 2173 3951 PAI»
2192 3919 2270 3951 F1N
2282 3927 2333 3951 AL
2346 3928 2366 3950 Ε

1323 3959 1436 3992 Traitee
1456 3962 1491 3992 ὃς
1517 3960 1671 3996 Αεεοῐρεε
1685 3967 1761 3990 entre
1776 3957 1800 3989 le
1821 3961 1876 4000 Ray
1889 3957 1974 3990 noslre
1991 3958 2032 3991 die
2045 3962 2196 3992 souverain
2206 3942 2388 4027 ὃεῂςηεῖηᾷ

2375 4017 2386 4034 ⁵

2400 3513 2502 3536 Cotton.

1482 3579 1585 3646 {uelles
1601 3581 1618 3609 ss
1633 3591 1703 3610 vous
1717 3591 1731 3609 ³
1752 3581 1816 3618 pleu
1833 3601 1843 3616 ²
1865 3579 1902 3608 de
1915 3577 2011 3608 'Ostre
2025 3578 2149 3613 benigne
2164 3575 2277 3614 Grace,
2295 3575 2383 3608 Nous
2398 3546 2520 3613 galtgulae

2430 3607 2436 3613 .
2476 3606 2482 3613 ο
