2562 4274
792 104 894 151 ET
979 97 1250 144 ACTA
1339 95 1815 141 Poenica,

30 200 162 236 ΛΜΗ).
297 229 332 232 ,.
367 227 406 230 c„

57 240 142 283 ¹4¹8.-

34 285 99 308 ΗΜ·
116 287 147 314 5·
188 298 237 331 De
261 289 402 336 potestate·
424 290 470 326 ad
492 286 682 337 Hamaginm
706 288 839 337 Episcopi
856 286 1015 331 Baiocenfis‘
1029 285 1240 334 rapiendum

108 399 126 426 5
190 378 318 437 REX,
335 369 549 408 ‘Venerabilibus
565 376 593 406 in
610 374 728 406 Christo
744 375 888 414 Patribus,
906 377 1036 421 Henrico,
1055 371 1245 413 lsVyntonienfi,

130 418 138 426 ”
262 416 409 454 Nelidae,
435 414 610 455 Bathonienfi
627 412 665 449 ὠ·
687 414 826 453 Wllenfi,
849 415 881 444 ὃς
903 413 1046 452 Johanm,
1073 411 1244 455 Coveqztrenfi

38 446 131 505 Norss·
190 453 228 489 ῤ’
242 454 437 494 Lichfeldenfi,
455 454 612 493 Episcopis,
630 463 663 483 ac
674 452 780 483 Thomae
795 452 894 483 Polton
916 452 1031 483 Clurico
1051 451 1187 482 Eccleliae
1208 450 1246 481 h-

102 521 132 548 5.

35 402 89 429 A».

36 442 74 467 H.

40 519 74 541 H.
167 494 173 500 ⁸
188 493 347 528 boracenfis
360 493 499 530 Decano,
517 491 652 523 Salutem.

45 558 69 580 ι.

146 474 171 577 omos

168 529 176 538 '
227 531 277 563 De
289 531 386 563 vestris
398 531 529 562 fidelitate
544 531 577 562 ὃ(
593 529 723 560 industria
739 531 768 560 in
781 529 917 561 Domino
929 529 1084 568 plurimum
1100 527 1248 560 confiden-

186 575 236 601 tes.
502 595 507 601 .

227 607 276 640 Ad
289 608 449 640 Petendum
470 609 504 640 δε
524 606 702 646 Exigendum
726 607 826 638 Homa
847 608 906 637 ium
928 606 962 637 &
984 605 1136 637 Fidelitatis
1152 605 1251 636 Sacra-

191 653 341 685 mentum,
361 647 433 678 Vi'ce'
449 646 483 676 ὅτ
496 644 633 677 Nomine
646 646 762 684 nostris,
780 657 812 685 a,
863 645 1005 676 everendo
1020 646 1049 675 in
1064 643 1184 675 Christo
1199 643 1250 673 Pa-

191 694 251 726 tre,
269 685 402 716 Domino
419 683 552 723 Johanne
572 686 697 723 Langret
718 684 858 724 Bajocenfi
874 683 1015 723 Epfiopo,
1033 693 1101 714 cum
1116 682 1252 713 omnibus

191 726 227 757 &
247 723 360 761 singtilis
377 723 430 754 suis
447 721 601 761 Capitulis,
620 725 649 753 in
671 733 702 754 ea
724 730 802 763 parte
817 724 924 761 dejure
938 722 1038 752 debitis
1052 723 1086 753 δε
1098 720 1253 758 consuetis,

190 763 299 794 ratione
317 761 515 800 temporalium
535 762 619 792 dietae
639 761 773 793 Ecclesiae
793 761 948 799 Bajocensis
964 784 973 797 ,
1004 760 1116 798 ipsaque
1136 759 1252 789 Homa-

190 802 273 840 gium
309 795 343 831 δί
359 800 511 831 Fidelitatis
525 801 737 831 Sacramentum
775 809 805 831 ut
820 800 999 836 praemittitur
1023 798 1179 836 (assumptis
1200 803 1250 836 per

189 849 242 872 vos
293 839 387 876 orariis
402 839 539 876 Publicis)
554 838 688 870 Nomine
699 823 799 869 nos’tro
812 837 1024 876 Recipieridum
1038 837 1073 868 ὃς
1088 835 1251 866 Admitten-

189 877 309 912 tendum
325 877 503 915 personaliter
516 878 552 908 ab
565 877 678 909 eodem.

228 914 398 955 Caeteraque
419 916 610 954 Faciendum,
635 913 869 953 Excereendum,
895 915 929 946 δε
949 910 1164 952 Expediendum
1186 918 1254 952 quae*

190 956 221 988 in
236 955 288 986 hac
301 964 378 993 parte
390 955 537 991 necessaria
549 954 652 985 Fuerint
665 955 698 985 δε
711 954 859 991 consueta,

193 1031 220 1063 P
232 988 322 1062 V‘fibss
340 990 489 1033 Quatuor,
505 992 628 1031 Tribus,
651 996 698 1024 aut
719 991 843 1023 Duobus
865 989 993 1023 vestrum
1009 1014 1019 1030 ,
1044 990 1253 1021 committimus

220 1041 269 1063 ote
295 1042 387 1063 atern-

233 1056 414 1101 Reservsflses
427 1069 643 1100 Nlchilominus
656 1069 764 1106 semper
776 1069 859 1099 nobis
871 1068 1106 1099 Renovationem
1117 1067 1253 1106 Homagii

196 1110 230 1145 ὃς
253 1109 404 1145 fidelitatis
420 1108 593 1140 sacramenti
616 1107 792 1147 hujusmodi,
811 1108 847 1137 ab
864 1108 967 1138 eodem
983 1106 1157 1137 Reverendo
1172 1106 1254 1136 Patre

198 1146 312 1186 Nobis,
327 1148 374 1178 seu
390 1146 506 1183 Locum
520 1147 650 1178 nostrum
664 1148 787 1186 tenenti,
806 1146 875 1176 infra
888 1145 1021 1176 Mensem
1037 1145 1208 1187 continuum
1233 1145 1251 1163 *ὅ

217 1186 349 1224 ostquam
368 1185 460 1216 dietus
481 1185 668 1217 Reverendus
688 1185 770 1216 Pater
789 1187 884 1224 primo
905 1185 937 1214 ad
965 1183 1071 1214 dietam
1099 1183 1253 1213 Ecclesiam

219 1225 375 1262 ajocenlern
396 1223 444 1255 seu
466 1223 628 1256 Dioecefim
649 1224 853 1262 declinaverit,
877 1223 1060 1261 corporaliter
1080 1221 1199 1252 faciendi
1221 1222 1254 1252 &

193 1262 355 1302 praestandi:

241 1300 279 1332 Et
302 1300 370 1340 quid
394 1300 516 1336 feceritis
533 1303 562 1332 in
581 1301 728 1332 Praemisfis
746 1301 816 1331 Nos
831 1323 841 1338 ,
862 1309 908 1330 aut
928 1299 1046 1330 Locum
1064 1297 1194 1329 nostrum
1212 1305 1257 1341 te·

197 1344 333 1378 nentem,
348 1340 399 1371 sub
419 1339 519 1379 Sigillis
538 1340 654 1379 vestris,
671 1350 705 1371 ac
724 1339 813 1378 Signo
831 1340 864 1370 &
881 1338 1098 1375 subscriptione
1115 1336 1256 1380 Notario-

196 1383 260 1409 rum
280 1378 486 1417 Pcublicorum,
512 1389 559 1418 per
577 1388 629 1409 vos
647 1380 676 1409 in
695 1377 748 1409 hac
767 1386 842 1416 parte
856 1377 1065 1414 assumptorum
1077 1400 1086 1415 ,
1113 1383 1184 1405 citra
1203 1374 1257 1418 Fe-

199 1417 276 1448 stum
291 1416 388 1448 Sancti
406 1417 484 1449 Petri
501 1417 535 1447 ad
554 1417 681 1455 vincula,
701 1418 837 1455 proximo
848 1416 907 1454 jam
926 1415 1072 1453 futurum,
1088 1412 1258 1451 certificetis,

195 1456 244 1526 {fu
259 1455 416 1487 certificent
428 1455 470 1486 illi
483 1456 532 1494 qui
547 1455 691 1494 praesentes
706 1455 813 1486 nostras
836 1455 941 1486 Literas
963 1453 1094 1484 duxerint
1115 1461 1257 1491 exequen<

218 1504 278 1526 um.

271 1532 304 1562 Iri
318 1533 412 1571 cujus,
431 1533 494 1564 &c.
1074 1569 1078 1573 ⁵

235 1568 325 1602 Teste
339 1571 422 1611 Rege
435 1571 508 1611 apud
521 1574 671 1602 Civitatem
686 1574 763 1609 Regis
776 1570 808 1600 de
819 1572 928 1599 Baieux
939 1570 1035 1607 primo
1051 1568 1097 1599 die
1109 1566 1219 1606 Aprilis.

81 557 146 586 'tn-4

46 1151 67 1173 ἒ
84 1153 136 1181 IX.

48 1191 114 1229 568.

836 1648 889 1676 Per
900 1645 982 1686 ipfim
996 1649 1100 1685 Regem.

245 1791 295 1823 De
316 1791 517 1823 Arraia‘tione
535 1789 681 1835 facienda
705 1797 808 1822 contra
836 1790 1004 1833 Invafiones
1021 1793 1052 1822 in
1067 1788 1215 1836 Absentla

686 1840 785 1885 Regis.

52 1938 183 1977 AnnDb
204 1920 340 1987 REX,
357 1925 466 1962 dilectis
487 1928 521 1962 ὃς
542 1927 669 1962 fidelibus
689 1931 740 1962 suis
759 1930 893 1961 Richardo
907 1926 1023 1968 Tempest
1034 1924 1186 1969 Chivaler,
1203 1930 1261 1970 Jo-

70 1984 156 2023 1418.
246 2008 252 2013 θ
283 1967 368 1999 hanni
383 1966 488 2009 Pudsa'y
504 1966 654 2008 Chivaler,
668 1966 773 1999 Thomae
794 1965 902 2011 Nevyll
915 1968 1066 2005 Chivaler,
1080 1978 1133 2008 ac,
1152 1968 1260 2001 diletsti's

203 2007 269 2046 sibi,
286 2007 400 2038 Roherto
422 2011 583 2046 Waterton,
600 2008 705 2038 Tharne
725 2008 848 2049 Sayvill,
866 2007 973 2038 Thomae
996 2002 1118 2045 Clarell,
1135 2008 1258 2038 Edmun-

49 2027 104 2090 2⁷¹
120 2026 147 2051 ⁶
201 2042 234 2076 do
248 2043 314 2085 Fitg,
496 2043 638 2089 Wdhqm,
658 2049 810 2090 Laurentio
822 2049 976 2091 quntm
994 2068 1003 2084 ,
1019 2044 1154 2076 Richardo
1166 2049 1260 2077 Faire—

50 2071 119 2129 PM?
131 2100 160 2127 65
196 2085 270 2125 fax,
286 2087 401 2114 Henrico
415 2084 616 2126 Hertlyngton,
635 2095 667 2115 ac
684 2084 859 2115 Vicecomiti
873 2085 1025 2121 Eborum3
1042 2084 1177 2115 Salutem.

51 2140 170 2168 H.6.m.

51 2186 67 2214 3
76 2187 104 2210 10,
117 2177 144 2205 cl.

239 2124 316 2192 Qissia
330 2123 415 2160 Nos,
433 2125 461 2154 in
476 2123 589 2161 propria
604 2122 721 2161 persona
734 2123 845 2162 nostra,
861 2132 893 2154 ut
907 2122 990 2154 vobis
1002 2123 1061 2153 satis
1080 2123 1209 2162 constat,
1227 2126 1258 2154 iii

199 2160 274 2193 Parti
297 2165 327 2192 us
340 2162 464 2199 Exteris,
478 2172 532 2199 pro
543 2155 772 2200 Recuperatione
785 2163 818 2193 δε
833 2161 994 2199 Adeptione
1010 2160 1259 2194 Haereditatum&

196 2201 309 2240 Jurium
322 2199 450 2231 Coronae
463 2201 586 2238 nostrae,
603 2211 619 2231 a
631 2201 697 2238 diu,
714 2209 744 2231 ut
759 2201 867 2231 cunstis
880 2201 989 2239 liquet,
1007 2200 1140 2239 injuriose
1161 2201 1261 2232 deten-

200 2246 311 2277 torum,
329 2246 440 2270 moram
455 2239 589 2270 trahimus
604 2240 632 2270 in
648 2238 787 2278 praesenti,

238 2277 374 2309 Volentes
393 2277 527 2315 proinde,
543 2286 597 2315 pro
620 2277 780 2308 Salvatione
800 2280 834 2309 ὃ(
853 2276 1029 2307 Defensione
1044 2276 1140 2317 Regni
1153 2277 1260 2316 nostri,

201 2314 317 2353 Angliae
344 2322 444 2352 contra
463 2315 604 2346 Malitiam
626 2316 814 2347 Inimicorum
835 2316 1000 2347 nostrorum
1026 2315 1197 2346 Exterorum
1222 2317 1260 2353 (fi

200 2354 284 2392 illud,
303 2351 403 2385 Nobis
423 2354 453 2384 in
473 2353 606 2385 Remotis
627 2355 664 2385 sic
687 2356 852 2393 agentibus,
877 2353 987 2392 ingredi
1013 2354 1106 2392 (quod
1122 2355 1200 2392 abiit)
1224 2356 1259 2386 &

199 2394 332 2462 {invadere
345 2392 578 2431 praesumpserint)
594 2401 677 2431 prout
690 2394 762 2424 votis
775 2393 958 2432 astringimur
980 2394 1146 2431 praecipuis,
1162 2395 1261 2431 provi-

220 2441 281 2468 ere,
873 2461 876 2465 .

203 2502 205 2505 v
236 2469 442 2508 Affignavimus
454 2479 525 2508 vos,
543 2470 722 2508 conjunctim
757 2471 790 2502 δε
805 2469 930 2508 divisim,
950 2468 985 2500 ad
1001 2478 1103 2500 omnes
1118 2470 1151 2501 &
1169 2471 1262 2507 fingu-

199 2507 242 2538 los
256 2502 398 2538 Homines
410 2508 444 2538 ad
459 2508 566 2547 Arma,
583 2519 615 2539 ac
630 2509 697 2538 alios
710 2491 855 2544 I-iomiries
877 2503 1071 2539 Defensabiles
1082 2531 1091 2545 ,
1111 2517 1169 2538 tam
1194 2508 1262 2539 Ho-

201 2545 336 2584 belariOS,
354 2550 440 2584 quam
454 2546 631 2585 Sagittarios,
649 2547 720 2577 infra
737 2541 980 2583 Westrithingum
1001 2547 1030 2576 in
1053 2546 1201 2577 Comitatu
1222 2547 1262 2577 E-

201 2585 306 2615 borum
316 2609 325 2622 ,
344 2588 403 2614 'tam
418 2585 489 2615 infra
504 2581 677 2624 LibertateS,
694 2595 779 2624 quam
794 2595 870 2617 extra
884 2591 1115 2624 commorantes,
1133 2585 1263 2617 Arraian-

203 2623 271 2653 dum
288 2623 321 2653 δὲ
335 2623 514 2661 Triandum,

241 2661 278 2692 Et
294 2671 359 2699 eos,
373 2661 415 2699 ,sic
430 2662 583 2700 Arraiatos,
602 2663 738 2692 continue
750 2662 779 2692 in
796 2660 968 2692 Arraiatione
990 2660 1167 2700 hujusmodi,
1182 2670 1213 2693 ut
1235 2663 1264 2693 in

204 2699 350 2738 Mille‘nis,
367 2699 520 2738 Centenis,
538 2701 572 2732 δε
588 2700 717 2731 Vintenis
732 2701 764 2731 &
775 2701 852 2731 aliter
869 2706 953 2739 prout
968 2701 1144 2732 conveniens
1157 2702 1190 2733 ὃ(
1214 2711 1265 2732 ne-

202 2739 278 2769 cesse
291 2739 388 2776 fuerit,
405 2739 513 2769 Teneri
526 2739 559 2770 ὃ(
571 2737 645 2769 Poni
658 2738 819 2769 faciendum
828 2762 838 2777 ,

238 2777 284 2808 Ac
303 2778 387 2807 etiam
410 2777 445 2807 ad
465 2787 528 2816 eos,
546 2787 603 2808 tam
626 2777 660 2808 ad
681 2776 834 2808 Costeram
859 2777 967 2815 Maris,
985 2785 1072 2814 quam
1095 2777 1145 2806 alia
1169 2776 1263 2815 Loca,

204 2813 252 2846 ubl
271 2811 304 2846 ὃ(
327 2816 456 2853 Quotiens
476 2815 588 2847 necesse
611 2815 693 2846 fuerit
746 2816 780 2846 ad
803 2815 894 2846 distos
917 2813 1055 2846 Inimicos
1075 2815 1186 2845 nostros
1207 2816 1265 2846 Ex-

204 2850 383 2892 pellendum,
402 2853 627 2892 Debellandum,
646 2855 679 2884 ὃς
696 2839 926 2892 ὐείὶτυεηάωη,
944 2854 980 2883 de
997 2862 1127 2891 ternpore
1143 2855 1170 2883 in
1192 2861 1265 2884 tem-

204 2897 357 2961 pus,dc'ilm
371 2890 485 2931 aliquod
501 2888 664 2923 Periculum
679 2891 844 2931 immineat,
864 2890 1042 2923 Ducendum
1068 2893 1101 2924 ὅ(
1123 2891 1203 2923 Duci
1225 2893 1266 2923 fa-

204 2932 276 2965 cieriv
288 2934 355 2968 um,

241 2968 281 3000 Et
290 2970 325 3000 ad
339 2965 507 3000 Monstrum
523 2968 579 2999 five
595 2965 837 2998 Monstratioriem
851 2967 1020 2998 eorumdem
1040 2967 1207 3000 Hominum
1230 2969 1265 3000 ad

206 3003 313 3045 Arma,
327 3007 563 3045 Hobelariorum,
582 3006 615 3037 &
634 3005 862 3045 Sagittariorum,
884 3006 920 3036 de
940 3012 1072 3043 tempore
1089 3009 1118 3036 in
1138 3014 1265 3046 tempus,

207 3044 340 3084 quotiens
352 3046 518 3084 indiguerit,
535 3045 684 3082 diligenter
698 3045 870 3076 Faciendum
884 3046 917 3075 &
930 3045 1196 3083 Supervidendurn;

245 3081 283 3113 Et
306 3082 370 3112 ideo
390 3084 490 3121 vobis,
507 3083 540 3115 &c
560 3083 675 3114 cuilibet
694 3083 835 3121 vestrum,
853 3083 1005 3114 districtius
1027 3093 1085 3120 quo
1099 3083 1265 3122 possumus,

207 3118 381 3159 Injungimus
395 3122 427 3153 &
445 3118 612 3153 Mandamus
628 3122 708 3161 qubd
722 3121 831 3161 statim,
849 3122 911 3155 visis
925 3122 1129 3160 PraesentibuS,
1148 3132 1199 3153 vos
1223 3124 1267 3161 ip-

210 3161 254 3192 st>s
269 3156 387 3190 Arraiari
402 3153 434 3190 ἃ
450 3159 576 3197 minari,

248 3197 295 3229 Ac
310 3207 409 3228 omnes
423 3198 456 3228 &
471 3197 591 3236 singulos
611 3197 754 3230 Homines
772 3198 972 3237 Westrithingi
990 3198 1134 3237 praedicti,
1151 3198 1185 3229 ad
1212 3199 1267 3230 La-

208 3236 367 3269 borandum
388 3245 534 3274 potenteS,
551 3246 649 3267 coram
672 3237 764 3274 Vobis
784 3240 894 3276 venire,
913 3238 946 3269 &
965 3239 1043 3275 juxta
1065 3237 1138 3267 sanas
1152 3237 1267 3268 Discre-

209 3278 301 3309 tiones
314 3275 415 3305 vestras
430 3275 547 3305 Arraiari
557 3296 566 3312 ,
586 3273 714 3313 Armari,
732 3277 766 3307 &
781 3275 893 3306 Muniri
903 3299 912 3314 ,

247 3313 292 3344 Ac
313 3323 378 3352 eos,
396 3313 433 3343 sic
455 3313 611 3350 Arraiatos,
635 3312 784 3352 Armatos,
807 3315 840 3346 ὃς
863 3313 1015 3352 Munitos,
1041 3314 1069 3344 in
1092 3313 1268 3346 Arraiatione

210 3352 368 3390 hujusmodi
383 3352 469 3382 teneri
482 3351 599 3389 faciatis,
752 3379 756 3382 ,

248 3391 302 3430 Et,
320 3390 444 3429 insuper,
463 3392 543 3427 Signa
556 3395 656 3419 vocata
669 3390 791 3430 Bekynr,
809 3389 838 3419 in
854 3389 941 3420 Locis
960 3391 1114 3428 consuetis,
1133 3400 1183 3429 per
1204 3400 1268 3429 quae

212 3427 324 3461 Gentes
336 3428 437 3460 Patriae
447 3428 484 3458 de
498 3428 631 3458 Adventu
645 3427 832 3458 inimicorum
847 3428 1005 3466 hujusmodi
1024 3428 1195 3460 Exterorum
1216 3438 1270 3468 po-

194 3476 198 3479 ’
213 3476 307 3503 terunt
321 3467 454 3506 congruis
467 3466 639 3504 temporibus
673 3466 834 3504 raernuniri,
851 3468 936 3506 poni,

252 3506 424 3542 Ere-eosdem
446 3505 590 3536 Homines
605 3528 615 3543 ‚
650 3515 677 3535 ic
702 3505 852 3541 Armaros,
881 3504 1040 3543 Arraiaros,
1064 3506 1098 3536 &
1121 3504 1269 3544 Manuos,

213 3553 282 3577 cum
298 3540 460 3576 Periculum
474 3544 637 3581 immineat,
656 3544 685 3573 in
700 3543 906 3574 Defensionem
920 3544 954 3574 &
968 3543 1158 3575 Salvationem
1175 3544 1271 3583 Regni

213 3585 248 3615 &
262 3583 362 3614 Patria,
377 3583 594 3621 praedifiorum,
609 3581 645 3611 de
656 3588 785 3620 ternpore
799 3580 828 3611 in
843 3589 970 3619 tempus,
989 3591 1047 3612 tam
1071 3582 1104 3612 ad
1122 3581 1271 3613 Costeram

213 3620 320 3659 Maris,
336 3626 422 3660 quam
436 3621 486 3651 alia
502 3621 598 3659 Loca,
619 3620 667 3650 ubi
683 3621 768 3659 magis
783 3619 894 3650 necesse
917 3620 1014 3658 fuerit,
1033 3630 1118 3658 prout
1136 3621 1272 3651 hactenus

213 3659 245 3690 iii
258 3660 322 3691 casu
334 3660 476 3691 consimili
490 3658 686 3690 rationabiliter
702 3658 762 3689 fieri
775 3657 940 3697 consuevit,
955 3659 989 3689 &
1001 3658 1166 3690 necessitatis
1187 3667 1275 3690 even-

215 3705 259 3728 tus
270 3700 410 3737 exegerit,
423 3698 492 3729 duci
506 3695 625 3736 faciatis,

252 3736 292 3766 Ita
305 3737 403 3774 qued,
423 3742 427 3745 '
453 3747 473 3767 o
489 3736 614 3767 Defedtu
630 3735 810 3766 Defensionis
829 3736 864 3766 &
885 3733 1063 3766 Arraiationis
1084 3736 1129 3766 seu
1147 3735 1276 3766 1)υᾶἱο-

217 3773 260 3802 nis
273 3774 416 3805 di&orum
463 3777 612 3814 ominum,
629 3775 675 3805 vel
691 3784 739 3810 per
753 3773 968 3811 Negligentiam
987 3773 1124 3811 vestram,
1142 3773 1276 3811 Dampna

217 3809 474 3881 Pffiiaesffaedi&ae
486 3823 532 3845 aut
546 3813 608 3844 alias
623 3823 672 3853 per
688 3812 822 3843 inimicos
833 3811 944 3841 nostros
959 3812 1065 3843 amodo
1082 3823 1141 3843 non
1148 3814 1276 3844 eveniant

220 3859 238 3879 u
260 3880 265 3883 ,
290 3854 320 3880 m
360 3855 395 3881 bi

259 3884 372 3919 Damus
384 3897 476 3920 autem
488 3890 619 3920 universis
632 3891 666 3921 ἃ
681 3885 791 3928 nugulis
810 3887 973 3918 Comitibus
1010 3884 1178 3927 Baronibus,
1198 3887 1278 3917 Mili-

221 3925 312 3962 abus,
327 3924 499 3964 Majoriims,
524 3928 649 3965 Baiiivis,
671 3927 826 3964 Mimans,
846 3927 878 3956 εκ
899 3927 954 3955 aiiis
969 3911 1107 3957 nauibus
1130 3928 1163 3958 sc
1186 3926 1279 3965 Ligeis

220 3963 336 4001 nostris,
353 3963 550 4004 Westrithingi
564 3966 708 4004 praediffi,
726 3975 783 3996 tam
799 3965 868 3994 infra
883 3964 1057 4001 LibertateS,
1077 3975 1160 4002 quam
1183 3973 1279 4002 extra,

164 4021 168 4027 ι
188 4031 190 4033 ,
219 3999 341 4037 Tenme
351 4001 552 4041 Praestutiani,
568 4003 683 4037 firmiter
700 4006 730 4035 in
747 4002 889 4038 Mandatis
902 4003 983 4041 quod
1000 4003 1100 4042 vobis,
1117 4005 1150 4036 &
1164 4003 1281 4035 cuilibet

220 4056 232 4071 t

1217 228 1229 229 ’
1275 223 1381 261 lentes,
1400 222 1434 253 &
1448 222 1630 260 Aiixiliantes,
1648 233 1731 261 prout
1745 224 1837 255 decet.

2294 111 2350 158 45

1275 177 1418 221 vestrum,
1438 185 1467 214 in·
1487 183 1664 215 Execurione
1684 185 1918 225 Praemifforum,
1932 179 2111 219 intendentes
2131 186 2201 227 sint,
2219 188 2332 223 Consu-
2348 182 2426 213 ΑΜ·
2438 179 2482 252 213).

1313 262 1332 280 ²¹¹²
1354 260 1387 290 Iri
1402 261 1495 298 cujus,
1513 262 1575 292 &c.
2379 227 2433 259 [μ
2458 246 2464 252 ’

1313 298 1404 331 Teste
1418 299 1535 338 p‘aefato
1550 297 1656 339 Custode
1668 300 1743 338 apud
1756 298 2010 341 Wstmonasterium
2023 296 2119 340 primo
2130 298 2176 334 die
2189 302 2299 343 Aprilis.
2352 265 2417 288 Hm·
2435 269 2465 295 ἴ.

2350 296 2369 318 *⁸
2386 293 2440 327 IX.

2349 337 2416 373 569-

1985 379 2038 409 Per
2051 379 2202 410 Concilium.-

1324 444 1438 482 Eodem
1453 449 1544 481 modo
1559 449 1727 489 affignantui
1740 451 1897 491 subscripti,
1916 455 1944 484 in
1959 452 2148 488 Comitatibus
2161 456 2194 489 &
2209 453 2299 489 Locis
2356 442 2358 445 v

1496 488 1666 528 subscriptis,
1682 488 1733 519 sub
1747 490 1846 521 eadem
1859 491 1950 530 Data,
1968 494 2115 534 videlicet,

1319 563 1462 603 Johannes
1475 565 1507 595 de
1519 567 1608 595 Etton
1622 558 1765 595 Cliivaler.

1321 603 1477 634 Edmuna'us
1490 603 1638 643 Hastynges
1652 602 1795 635 Chiv'aler.

1321 641 1464 680 Johannes
1478 643 1511 672 de
1525 645 1650 680 Barton,
1667 641 1726 677 ὠς.

1285 767 1369 810 Papa
1391 763 1435 797 ad
1460 766 1612 808 Nuncios‚
1637 765 1673 799 de
1701 767 1786 846 Regel
1806 769 2011 848 §conjammm
2038 771 2070 801 in
2086 769 2234 804 TraHatu
2253 775 2340 806 Pacis

1725 826 1805 846 mcu
1841 828 1860 846 n
1883 829 1909 849 σ.

1287 895 1507 960 VEnera'bilis
1525 901 1640 937 Frater,
1659 897 1698 935 ό·
1717 898 1821 929 Βὶἶεέῖὶ
1840 899 1926 939 Filii,

1370 937 1611 968 Benedidlionem.

1323 974 1370 1006 Eo
1390 976 1466 1014 sero,
1484 986 1544 1018 quo
1564 977 1601 1008 ab
1620 976 1689 1007 hinc
1708 976 1878 1015 discessistis,
1897 977 2050 1010 carissimus
2072 980 2100 1009 in
2122 979 2241 1011 Christo
2258 981 2342 1013 Filius
2378 966 2463 1004 1418.

1287 1013 1400 1052 noster,
1416 1014 1611 1054 Sigismundus,
1630 1017 1690 1045 Rex
1704 1018 1884 1045 Romanorum
1896 1015 2011 1047 Illustris
2025 1027 2057 1048 ac
2071 1017 2177 1056 semper
2186 1019 2342 1060 Augustus,
2358 1009 2411 1032 ‘4⁷¹‘
2425 1006 2453 1033 ⁶·

1286 1052 1320 1083 ad
1345 1052 1524 1085 Praesentiam
1542 1053 1669 1084 nostram
1693 1054 1788 1093 venit,
1804 1055 1838 1085 &
1859 1055 2005 1086 nobiscum
2020 1057 2204 1088 vehementer
2214 1067 2343 1097 conque·
2362 1047 2396 1070 H.
2415 1053 2464 1108 5551

1289 1090 1391 1121 stusest
1399 1092 1479 1129 quod
1489 1102 1541 1123 vos
1576 1092 1610 1122 ad
1618 1092 1832 1130 Tractandum,
1848 1094 1882 1125 &
1892 1094 1961 1132 (coo
1983 1093 2237 1134 eranteAltiffimo)
2247 1097 2343 1128 Com·
2359 1086 2400 1109 Ex
2410 1085 2437 1109 3¹
2467 1104 2473 1109 ·

1288 1130 1470 1173 ponendum,
1488 1131 1520 1161 &
1534 1116 1716 1175 ffirmandum
1731 1130 1836 1162 Pacem
1851 1141 1935 1170 atque
1946 1105 2141 1164 goncordiam
2154 1137 2243 1174 inter,
2263 1138 2345 1167 caris-
2362 1124 2418 1184 αἶ·
2436 1158 2442 1164 .

1288 1167 1372 1197 simos
1390 1178 1419 1198 in
1438 1168 1557 1198 Christo
1576 1169 1661 1199 Filios
1679 1169 1810 1208 nostros,
1826 1170 1959 1201 Karolum
1991 1175 2151 1203 Francorum
2186 1175 2220 1206 δε
2240 1177 2344 1205 Henri-
2359 1161 2389 1186 T‘
2408 1167 2472 1185 ΜΨ

1289 1212 1361 1244 cam,
1379 1206 1507 1253 Angla,
1525 1209 1607 1252 Reges
1623 1205 1743 1237 Illustree
1753 1207 1946 1249 Regalesque‚
1965 1195 2073 1248 Regno
2087 1197 2211 1243 Fran’ciae
2233 1214 2345 1245 misera-
2363 1200 2392 1224 B'
2403 1195 2482 1262 ὄζοι·

1290 1250 1368 1282 mus,
1387 1246 1462 1275 nulla
1483 1244 1519 1275 de
1539 1245 1599 1283 ipso
1619 1246 1822 1277 Romanorum
1844 1248 1925 1287 Rege
1950 1248 2103 1280 Mentione
2124 1250 2197 1281 faeta
2217 1252 2296 1290 quod
2313 1255 2344 1284 in
2365 1244 2382 1272 5
2386 1244 2411 1263 ²¹
2459 1255 2467 1264 “

1290 1282 1366 1313 Pace
1381 1284 1415 1314 &
1429 1283 1595 1314 Concordiii
1608 1283 1765 1321 hujusmodi
1779 1284 1982 1325 includeretur,
1998 1289 2067 1318 cum
2082 1289 2221 1320 nosiscire
2240 1290 2346 1323 debue-

1291 1330 1384 1351 ramus
1396 1322 1519 1352 eundcm
1535 1325 1630 1360 Regem
1643 1325 1822 1352 Romanorum
1835 1325 1983 1361 praefatum
1999 1330 2161 1357 Francorum
2174 1332 2271 1368 Regem
2278 1329 2346 1360 Dif-

1290 1358 1386 1390 fidfisse
1400 1357 1434 1392 δε
1450 1362 1521 1392 inter
1535 1370 1583 1391 eos
1596 1361 1756 1391 inimicitias
1769 1360 1850 1400 fore,

1327 1398 1395 1428 Nos
1417 1400 1512 1437 enim,
1531 1399 1623 1430 auditii
1642 1398 1838 1438 intent-,Ciaque
1860 1400 1985 1440 Qerelfi
2001 1403 2152 1441 praedieta,
2170 1405 2263 1436 e'idem
2279 1406 2346 1438 Ro-

1290 1446 1441 1468 manorum
1464 1438 1541 1476 Regi
1560 1438 1736 1476 Responsum
1757 1437 1902 1476 dedimus,
1917 1439 1996 1478 quod
2015 1442 2208 1474 audiveramus
2222 1455 2290 1476 eum
2303 1446 2347 1477 di-

1290 1475 1368 1519 §tam
1389 1471 1522 1507 haeftenus
1542 1476 1763 1507 Diffidationem
1783 1476 1897 1515 fecisse,
1914 1478 1959 1508 sed
1980 1486 2073 1509 tamen
2087 1504 2097 1519 ,
2114 1491 2228 1519 propter
2250 1483 2347 1524 illam,

1290 1523 1364 1544 inter
1383 1515 1470 1555 Ipfiem
1489 1517 1522 1547 ὃ(
1544 1516 1782 1554 praenominatum
1804 1518 1966 1546 Francorum
1984 1520 2079 1555 Regem
2098 1529 2158 1549 non
2182 1521 2345 1554 arbitramur

1291 1549 1469 1592 Inimicitias,
1484 1555 1533 1584 nifi
1550 1555 1691 1592 verbales‚
1706 1556 1827 1593 vigere,>
1839 1554 1902 1594 sed,
1919 1557 1990 1587 inter
2005 1559 2241 1596 praenominatos,
2257 1563 2346 1591 Fran-

1291 1602 1378 1636 corgcm
1398 1593 1431 1624 ὃ(
1449 1592 1566 1631 Angliae
1585 1596 1685 1632 Reges,
1704 1593 1785 1624 Actis
1807 1594 1841 1625 δε
1864 1593 1978 1633 Armis,
1998 1595 2082 1626 reales
2107 1595 2271 1628 Inimicitias
2290 1600 2347 1638 agi-

1292 1638 1358 1661 tari:

1293 1708 1300 1713 .
1330 1668 1442 1708 Qiod,
1460 1670 1478 1700 fi
1493 1670 1539 1709 id,
1558 1669 1639 1708 quod
1653 1668 1737 1701 nobis
1748 1666 1926 1709 exposuerat,
1941 1677 2006 1702 ante
2020 1672 2147 1703 vestrum
2169 1672 2350 1714 Disceffum,

1291 1717 1321 1737 in
1337 1708 1464 1739 nostram
1479 1709 1624 1740 Notitiam
1638 1708 1807 1748 deduxisset,
1825 1710 1861 1740 de
1874 1710 1933 1748 ipso
1947 1720 1995 1748 per
2007 1711 2094 1749 Nos,
2110 1713 2138 1742 in
2153 1711 2292 1745 Traoatu
2313 1716 2345 1746 ὃς

1291 1745 1487 1790 Conclusione
1500 1746 1677 1778 Concordiae
1693 1748 1725 1779 &
1739 1747 1821 1780 Pacis
1833 1748 2010 1788 hujusmodi,
2027 1751 2109 1782 vobis
2129 1750 2250 1789 specialis
2271 1753 2350 1791 prin-

1292 1786 1440 1824 cipalisque
1455 1785 1572 1818 Mentio
1587 1786 1661 1817 facita
1674 1786 1775 1818 fuisset.

1332 1825 1534 1865 Quapropter,
1548 1826 1617 1857 cum
1633 1825 1738 1856 nedum
1753 1827 1825 1857 inter
1838 1834 1883 1857 tot
1902 1826 2049 1864 tantosque
2068 1823 2237 1860 Catholicos
2252 1828 2350 1869 Reges

1293 1862 1327 1893 &
1343 1863 1489 1902 Principes
1506 1865 1548 1902 (in
1562 1873 1685 1904 quorum
1702 1861 1775 1895 Pace
1791 1866 1825 1897 &
1840 1865 1948 1903 Quiete
1962 1866 2118 1896 multorum
2132 1869 2251 1898 versatur
2268 1868 2347 1906 salus)

1292 1900 1339 1931 sed
1371 1903 1443 1933 inter
1464 1904 1649 1942 quoscunque
1677 1902 1785 1934 Christi
1807 1904 1914 1935 Fideles
1943 1903 2141 1936 Concordiam
2166 1907 2263 1945 vigere
2282 1916 2348 1938 toto

1293 1938 1394 1985 Corde
1406 1942 1566 1981 cupiamus,
1585 1943 1618 1974 ὃ(
1634 1941 1752 1972 Paterna
1764 1941 1964 1974 Benevolentia
1976 1953 2008 1973 ac
2021 1943 2153 1974 indefessa
2164 1944 2211 1975 dili
2231 1945 2347 1976 entia&

1292 1978 1466 2010 solicitudine
1482 1980 1659 2011 libentissime
1674 1991 1879 2020 procuremus,
1898 1992 1949 2013 vos
1968 1991 2017 2019 per
2038 1981 2188 2014 Praesentes
2210 1953 2350 2014 firifflffi-

1294 2018 1344 2048 me
1365 2019 1392 2048 in
1413 2018 1549 2050 Domino
1572 2020 1752 2050 exhortamur
1767 2042 1777 2056 ,
1801 2028 1883 2059 atque
1903 2020 2036 2051 volumus
2054 2022 2182 2059 quatinus
2197 2044 2206 2059 ,
2223 2023 2253 2052 iri
2276 2021 2353 2053 Pace

1294 2056 1328 2086 &
1350 2055 1516 2088 Concordia
1536 2058 1700 2096 supradietis
1717 2058 1880 2097 tradhandis,
1898 2060 1931 2090 &
1941 2082 1950 2097 ,
1969 2058 2038 2089 Deo
2053 2060 2180 2098 favente,
2198 2059 2361 2100 firmandis,

1294 2095 1445 2163 graesatum
1463 2095 1666 2128 Romanorum
1688 2094 1804 2136 Regem
1825 2098 1980 2129 nominetis
1999 2107 2033 2128 ac
2055 2098 2237 2137 principaliter
2257 2099 2351 2130 inclu-

1315 2142 1373 2165 atis.

1944 900 2069 933 Salutem
2088 903 2122 934 δε
2143 902 2339 942 Apostolicam
2359 925 2488 958 Arm-D,

1326 2209 1401 2245 Dat.
1417 2211 1579 2249 constanciae
1593 2211 1643 2243 sub
1659 2211 1756 2243 Anulo
1771 2211 1932 2250 piscatoris,
1949 2207 2009 2244 Die
2030 2214 2112 2245 tertii
2134 2208 2254 2253 Aprilis,
2271 2208 2355 2246 Pon*

1295 2247 1414 2280 tificatfis
1426 2250 1516 2280 nostri
1530 2250 1618 2281 Anno
1631 2252 1736 2291 primo.

1533 2379 1583 2411 De
1600 2377 1724 2412 Orando
1736 2389 1790 2426 pro
1811 2381 1887 2426 Rege
1902 2382 1938 2418 ᾤ’
1959 2381 2118 2414 Exercitu.

1299 2460 1488 2521 HEnricus
1530 2462 1716 2494 Permiffione
1737 2463 1847 2495 Divina
1863 2487 1872 2502 ,
1896 2464 2098 2505 Cantuarienfis
2117 2460 2350 2506 Archiepifiepus,
2376 2482 2422 2514 An
2460 2483 2491 2513 D

1389 2485 1602 2545 totius-linguae
1622 2502 1746 2540 Primas,
1765 2504 1798 2533 ὃς
1822 2502 1997 2539 Apostolicae
2017 2503 2096 2534 Sedis
2117 2503 2253 2544 Legatus',
2271 2505 2353 2536 Dile-
2424 2492 2452 2513 η’
2493 2506 2501 2514 '

1299 2540 1348 2569 <sto
1363 2542 1391 2570 in
1408 2538 1526 2570 Christo
1540 2540 1630 2579 Filio,
1650 2540 1821 2571 Venerabilis
1834 2541 1936 2572 Fratris
1949 2540 2052 2580 nostri,
2071 2541 2196 2573 Domini
2208 2543 2357 2583 Richardi‚

1298 2577 1356 2608 Dei
1372 2578 1475 2617 gratia,
1496 2579 1688 2619 Londonienfis
1700 2578 1836 2618 Episcopi,
1852 2581 1881 2609 in
1896 2579 2030 2610 Remotis
2047 2582 2171 2619 agentis,
2189 2581 2305 2613 Vicario
2324 2584 2354 2613 in

1299 2617 1492 2655 Spiritualibus
1507 2617 1641 2647 Generali
1656 2618 1798 2656 Salutem,
1815 2617 1963 2656 Gratiam,
1980 2618 2014 2648 δε
2026 2617 2269 2650 Βεοεάίᾶίοηειη.
2373 2622 2406 2665 Ε·
2427 2620 2463 2666 ΚΪ,
2484 2638 2504 2657 ·-

1335 2655 1441 2693 Nuper
1454 2656 1536 2686 vobis
1550 2655 1680 2694 scripsisse
1695 2657 1894 2694 meminimus,
1912 2657 1942 2686 in
1956 2656 2091 2687 Domino
2104 2667 2240 2696 quantum
2263 2660 2357 2696 potui-
2395 2648 2413 2664 x
2431 2647 2504 2703 C‘lgz

1301 2703 1364 2724 mus
1378 2693 1571 2732 exhortando,
1587 2696 1716 2733 quatinus
1731 2703 1784 2732 pro
1799 2695 1896 2725 salubri
1911 2694 2006 2733 Statu,
2024 2695 2250 2727 Christianiffimi
2273 2696 2355 2727 Prin·
2365 2676 2429 2742 stra
2460 2675 2501 2741 ἵζε

1301 2733 1386 2770 cipis,
1406 2732 1493 2771 Regis
1505 2733 1612 2772 nostri,
1630 2734 1658 2763 in
1675 2734 1796 2770 partibus
1808 2732 2010 2764 Transmarinis
2023 2733 2057 2764 ad
2072 2742 2140 2765 tunc
2154 2735 2353 2774 existentis,ac
2365 2714 2409 2758 fqr
2434 2734 2453 2780 ᾗ
2488 2736 2503 2773 ,¹

1300 2770 1452 2814 Illustrium
1467 2771 1649 2814 Principum,
1669 2772 1797 2802 Fratrum
1811 2771 2205 2812 suorum,Dominorumque
2220 2775 2254 2805 ὅτ
2272 2775 2355 2805 totius
2371 2753 2418 2819 {ilfi
2437 2762 2487 2827 fg?

1301 2808 1463 2846 Exercitus,
1482 2810 1577 2841 secum
1593 2810 1623 2840 in
1637 2810 1825 2848 Expeditione
1838 2810 1884 2840 sua
1898 2810 2078 2850 degentium,
2095 2811 2198 2843 Preces
2211 2812 2326 2844 devotas
2340 2813 2355 2843 a
2390 2801 2418 2856 2⁷¹
2438 2829 2456 2856 d
2482 2810 2488 2817 ‘

1301 2847 1390 2878 Clero
1404 2850 1436 2879 ὅς
1451 2848 1564 2886 Populo
1581 2849 1787 2880 Londoniensis
1809 2849 1949 2879 Dioecesis
1967 2849 2094 2880 faceretis
2113 2849 2221 2881 effundi
2253 2861 2286 2882 ac
2307 2861 2355 2889 per
2374 2839 2390 2865 9
2415 2852 2420 2857 ’
2458 2849 2465 2857 ”

1300 2897 1353 2916 vos
1368 2897 1468 2919 omnes
1486 2888 1523 2923 ⁷&
1545 2887 1667 2926 singulos
1689 2887 1885 2926 Suffraganeos
1899 2887 2026 2925 nostros,
2043 2894 2201 2927 eorumque
2213 2874 2355 2928 S’uffraga-

1302 2935 1388 2963 neos,
1407 2925 1441 2955 ad
1465 2925 1492 2956 id
1513 2925 1588 2956 idem
1610 2926 1791 2965 faciendum,
1806 2926 1835 2956 in
1854 2926 1956 2956 virtute
1967 2925 2167 2966 Obedientiae,
2186 2938 2240 2966 qua
2254 2928 2356 2959 Nobis

1303 2972 1432 2994 tenentur
1441 2987 1451 3002 ,
1469 2964 1645 2994 induceretis.

1335 3002 1458 3041 jamque
1474 3011 1532 3031 non
1549 3002 1698 3033 modicum
1711 3002 1884 3033 admiramur
1899 3012 1966 3040 νος,
1981 3001 2136 3042 singulique
2150 3002 2356 3035 nostriSuffi·a-

1301 3043 1396 3081 ganei,
1414 3042 1443 3070 in
1459 3041 1643 3071 Orationibus
1656 3041 1689 3071 ὅ(
1704 3039 1932 3071 Proceffionibus
1946 3041 2103 3081 consuetis,
2121 3052 2219 3074 contra
2236 3043 2355 3073 DoCtri⁴

1303 3079 1519 3147 mainil-Apostoli
1536 3080 1596 3117 (qui
1612 3079 1668 3109 fine
1681 3078 1884 3110 intermistione
1903 3076 1984 3118 jubet
2003 3082 2122 3118 exorari)
2145 3080 2210 3112 estis
2231 3082 2356 3112 multum

1302 3128 1380 3154 negt
1400 3124 1485 3148 entes.

1343 3127 1440 3194 (ἐπεὶ
1453 3181 1462 3193 ,
1485 3165 1552 3186 cum
1570 3179 1579 3194 ,
1605 3156 1744 3195 ingruenti
1764 3154 1842 3186 Bello
1857 3178 1866 3193 ,
1891 3154 2106 3195 fortioribusque
2126 3155 2356 3189 Adversariorum

1304 3194 1531 3232 Mollitionibus,
1548 3195 1566 3213 ²*
1585 3194 1715 3225 devotius
1729 3194 1929 3232 instantiusque
1943 3194 1975 3224 sit
1994 3195 2163 3234 Orandum,
2181 3196 2358 3235 instanteque
2376 3205 2390 3221 ο
2411 3206 2451 3232 ης

1300 3234 1358 3272 jani
1381 3232 1491 3263 AEstate
1514 3242 1613 3264 contra
1635 3234 1725 3271 ipsum
1747 3232 1911 3263 Dominum
1927 3231 2057 3264 nostrum
2071 3230 2183 3273 Regem
2197 3235 2307 3265 &suos
2326 3236 2355 3266 in
2376 3253 2440 3279 570,

1303 3271 1424 3310 partibus
1439 3271 1657 3310 Transmarinis,
1675 3280 1759 3309 prout
1772 3271 1787 3301 a
1803 3270 1948 3310 fidedignis
1961 3271 2134 3309 audivimus,
2154 3272 2234 3310 ipsius
2249 3273 2357 3304 Domi-

1305 3312 1335 3341 ni
1349 3309 1438 3339 nostri
1454 3309 1544 3347 Regis
1558 3309 1670 3341 Inimici
1686 3310 1796 3348 Bellum
1808 3310 1908 3340 fortius
1923 3319 2062 3340 conantur
2077 3311 2261 3349 ingerere,ac
2275 3312 2298 3342 F
2300 3310 2366 3342 ines'

1305 3349 1418 3388 Angliae
1431 3349 1458 3377 in
1474 3348 1585 3378 diversis
1600 3348 1688 3379 Locis
1709 3347 1839 3379 invadere
1859 3348 1886 3378 se
1905 3347 2072 3386 disponunt,
2090 3350 2190 3388 vobis,
2208 3352 2236 3380 in
2257 3352 2359 3381 virtute

1306 3387 1505 3424 Obedientiae,
1523 3388 1607 3417 etiam
1620 3387 1654 3417 ad
1670 3386 1774 3424 praefati
1787 3386 1941 3426 Sereniffimt'
1961 3388 2039 3424 Regis
2058 3387 2297 3426 exhortationem,
2313 3388 2360 3418 fir-

1307 3427 1389 3456 miter
1401 3426 1572 3464 injungendo
1582 3449 1591 3463 ,
1611 3424 1783 3455 Mandamus
1796 3426 1941 3493 cfiuatinus,
1958 3434 2026 3456 cum
2039 3427 2121 3456 omni
2139 3426 2278 3457 celeritate
2293 3436 2359 3463 pos-

1307 3464 1395 3502 sibili,
1410 3464 1546 3494 omnibus
1560 3466 1594 3496 ὅ(
1610 3464 1719 3503 singulis
1730 3462 1798 3493 Con
1813 3465 1928 3494 ratribus
1940 3464 1973 3494 ὃ(
1982 3463 2170 3503 suffraganeis
2184 3464 2300 3502 nostris,
2309 3474 2359 3502 per

1307 3502 1411 3534 vestras
1427 3502 1549 3540 Literas,
1567 3503 1730 3533 auetoritate
1745 3501 1858 3540 nostra,
1875 3502 1944 3531 detis
1959 3503 1988 3532 in
2003 3501 2145 3533 Mandatis
2159 3503 2269 3541 (quibus
2277 3504 2360 3533 etiam

1308 3541 1395 3578 Nos,
1412 3541 1531 3571 Tenore
1545 3541 1744 3576 Praesentium,
1761 3540 1798 3570 sic
1814 3540 1996 3577 Mandamus)
2011 3540 2092 3577 quod
2105 3541 2152 3578 ipsi
2173 3540 2361 3570 Proceffioni-

1309 3580 1362 3610 bus
1378 3601 1387 3616 ,
1410 3579 1531 3608 Letaniis
1547 3601 1556 3616 ,
1574 3581 1607 3610 δε
1627 3579 1811 3609 Orationibus
1831 3579 1987 3615 hujusmodi
2007 3579 2137 3609 devotius
2158 3578 2280 3608 infistant
2293 3602 2302 3617 ,
2326 3579 2362 3610 &

1310 3621 1373 3649 suos
1387 3616 1520 3647 Subditos
1535 3617 1572 3647 fic
1587 3616 1709 3647 insistere
1725 3615 1844 3655 faciant,
1859 3617 1937 3655 juxta
1956 3617 2078 3647 formam
2101 3618 2134 3648 ὅ(
2158 3616 2293 3647 effectum
2313 3616 2363 3646 Li-

1312 3663 1438 3723 temndm
1452 3655 1609 3725 &ostrarum
1619 3678 1628 3694 ,
1647 3655 1724 3686 dieto
1739 3654 1899 3686 Venerabili
1912 3655 1997 3686 Fratri
2011 3655 2109 3686 nostro
2121 3655 2198 3695 super
2213 3653 2365 3685 Praemiffis

1310 3696 1373 3726 alias
1412 3695 1449 3723 ire
1481 3704 1560 3724 arum

1350 3732 1465 3770 Vosque
1486 3718 1697 3769 Proce’effiones,
1717 3731 1862 3771 Lemnias,
1879 3740 1913 3763 ac
1936 3732 1998 3761 alias
2019 3731 2120 3761 Preces
2140 3730 2299 3768 hujusmodi
2314 3739 2365 3768 pei·

1312 3771 1474 3840 fCivisstem¹
1490 3771 1524 3802 &
1548 3768 1708 3801 Dioecesim
1728 3769 1890 3801 Londoniae
1912 3770 2051 3800 observari
2066 3770 2099 3799 &
2114 3770 2204 3800 modo
2219 3769 2366 3806 praemiffo

1331 3819 1370 3840 eri
1397 3817 1498 3840 aciatis.

1351 3848 1457 3886 Singuli
1469 3847 1578 3885 insuper
1597 3846 1760 3885 Capeliani,
1779 3855 1837 3877 tam
1858 3845 2008 3882 Religiosi,
2025 3845 2112 3888 quam
2133 3843 2292 3883 Seculares,
2305 3844 2366 3876 Ex-

1315 3888 1403 3924 empti
1425 3887 1458 3916 &
1482 3893 1539 3915 non
1561 3886 1708 3925 Exempti,
1728 3884 1884 3915 Provinciae
1902 3882 2007 3913 nostrae
2028 3883 2169 3920 praedie'rae
2182 3908 2192 3922 ‚
2207 3883 2237 3913 in
2257 3883 2371 3923 singulis

1317 3924 1409 3955 Miisis
1425 3925 1492 3962 suis,
1510 3923 1671 3954 Colle&am
1687 3933 1739 3961 pro
1754 3923 1870 3961 praefato
1884 3922 1997 3951 Domino
2012 3919 2096 3958 nostro
2109 3918 2178 3959 Rege
2202 3922 2278 3960 (quae
2297 3924 2370 3953 inci·-

1317 3965 1358 4001 pit
1373 3986 1381 4001 ,
1399 3961 1560 4002 Qaefitmur
1581 3965 1754 4000 Omnipotens
1773 3964 1846 3990 Deus
1860 3984 1869 3995 ,
1887 3966 1918 3988 ut
1929 3958 2053 3998 famulus
2074 3966 2135 3989 tuus
2147 3984 2157 3998 ,
2180 3962 2242 3990 Rex
2263 3960 2367 4000 nister)

1318 4011 1387 4034 cum
1414 4001 1551 4039 Secreto,
1567 4001 1601 4032 &
1623 4000 1688 4039 post
1707 3999 1926 4066 Qinmussione
1947 3997 2191 4039 subsequentibus,
2206 3999 2370 4031 habeant&

2398 2522 2485 2561 1418.

2374 2564 2425 2589 An.
2438 2564 2465 2589 6.

2373 2603 2448 2633 H5

2260 4036 2354 4073 dicant
2364 4059 2373 4074 a
