2562 4274
21 227 98 258 Ann.
111 221 152 252 D»

44 272 128 303 1459.
163 259 349 291 Sereniffimae
365 269 398 289 ac
412 258 602 289 Illustriffimae
619 259 774 292 Dominae,
794 257 932 288 Dominae
957 257 1099 295 Johannae
1120 262 1217 288 Secun—
1259 271 1268 273 ·’

718 134 831 176 ET
916 134 1188 175 ACTA

201 220 236 252 Is
249 230 272 252 τ
285 231 303 251 Α
324 221 385 251 sunt
403 220 458 251 CA
467 228 485 250 Ρ
494 229 505 250 ῐ
515 229 567 250 τυ
578 229 598 250 L
609 230 627 250 A
637 243 646 256 ‚
665 222 692 249 in
705 220 805 257 quibus
817 219 996 250 consentiunt
1011 219 1218 257 Commiffarii,

22 308 84 331 Hm.
105 311 132 336 5·
164 298 206 327 dae
224 322 234 337 ,
254 298 311 328 Dei
335 296 436 327 Gratia
451 321 460 334 ,
478 300 629 334 Hungariae
645 318 654 334 ,
671 295 828 363 Jerrssle7n
843 318 853 334 ,
871 297 903 326 &
925 295 1018 325 Siciliae
1042 299 1164 334 Reginae,
1183 306 1216 327 ex

25 1914 41 1929 *
58 1913 111 1941 1)<.

25 1952 91 1986 708.

167 336 224 367 una
238 359 247 374 ,
265 346 298 366 ac
312 357 321 373 ,
339 334 515 365 Illustriffimi
536 339 568 365 ὅ(
595 334 719 364 Gloriosi
767 334 894 370 sincipiS,
913 333 1036 364 Domini
1059 334 1218 372 Johannis,

168 377 251 404 Ducis
274 372 430 413 Bedfordiae
443 395 452 409 ,
476 377 584 403 Comitis
605 372 820 410 Richemuna'iae,
838 372 900 402 Filii
920 373 953 402 &
979 372 1078 403 Fratris
1102 372 1217 412 Regum

170 413 295 450 Angliae,
311 421 379 441 cum
396 412 557 449 voluntate,
577 410 722 441 Contensu
734 433 742 448 ,
759 412 791 440 δε
807 410 999 448 Αυξῒοῐίῐεῐρ,
1015 411 1169 450 Serenifflmi
1185 422 1218 442 ac

168 449 378 489 christianissimi
398 452 524 489 Principis
534 473 543 488 ,
562 449 684 480 Domini
698 451 827 488 Henrici,
847 448 905 479 Dei
920 449 1035 488 Gratia,
1052 449 1219 486 Franciae&

170 488 281 526 Angliae
295 491 371 526 Regis
384 498 418 519 ex
431 488 514 519 altera
528 489 619 519 Parte.

205 563 249 595 ΙΝ
267 563 291 595 Ρ
301 575 324 595 R
334 574 345 595 1
355 573 383 595 M
393 574 406 596 1
416 575 428 596 s
437 588 447 603 ,
462 563 541 603 quod
554 565 652 595 omnia
665 564 740 595 Infra
760 565 858 602 scripta
881 564 1008 603 Capitula
1029 566 1063 597 &
1084 565 1223 597 Conven-

167 603 259 633 tiones
276 604 462 643 intelligantur
473 604 529 633 esse
543 603 576 633 δε
594 603 646 634 sint
661 603 733 634 Rata
751 604 785 634 &
807 604 916 640 Firma,
932 604 970 643 li,
986 603 1177 634 Sanchffimus
1195 606 1223 634 in

171 641 288 673 Christo
308 642 389 673 Pater
410 642 444 672 &
467 641 629 679 Dominus,
649 641 795 672 Dominus
815 645 977 680 Martinus,
994 642 1103 672 Divina
1120 642 1224 672 Provi-

168 680 283 717 dentia,
297 683 374 719 Papa
391 680 516 726 Qintus
532 679 698 710 Consentiet
713 681 746 710 &
762 681 930 718 Acceptabit
945 680 1060 719 eadem,
1077 681 1140 711 alias
1156 681 1224 710 nihil

169 719 338 756 intelligatur
353 719 407 748 esse
420 718 554 755 eaerum,
570 718 764 756 Conclusum,
782 719 839 748 sive
857 718 1057 756 Capitulatum.

208 757 254 787 I’r
264 765 281 786 E
291 765 335 794 M,
352 758 416 795 quia
429 756 610 787 verisimiliter
625 757 742 794 Gallici,
760 757 885 787 videntes
899 757 977 794 quod
1000 760 1121 786 Domina
1145 761 1223 795 Regi-

170 807 208 825 na
223 796 290 825 velit
303 796 310 824 i
334 794 481 826 troducere
496 795 633 826 Inimicos
646 805 746 825 eorum
763 795 796 824 ad
807 795 943 833 Regnum
959 795 1056 832 suum,
1075 797 1223 825 conabun-

169 841 215 863 tur
228 833 319 863 facere
342 846 351 863 1
371 833 535 864 iGuerram
549 843 618 865 cum
634 833 828 864 Proditoribus
841 833 952 872 Regni,
971 833 1012 863 est
1027 833 1223 872 necessarium,

169 880 222 908 pro
235 871 312 902 Statu
326 875 450 901 Dominae
466 875 573 910 Reginae
585 873 618 903 &
634 881 686 909 pro
700 872 739 901 sui
756 871 894 909 Defensa,
912 871 1005 909 quod,
1021 871 1152 902 faciendo
1175 871 1223 902 In-

168 910 261 940 frascri
283 919 321 940 tas
340 909 400 940 Res
414 933 423 948 ,
453 914 582 940 Dominus
602 913 671 940 Dux
691 910 820 947 praefatus
841 911 932 940 mittat
953 910 1010 939 huc
1030 910 1065 940 ad
1086 909 1222 950 Regnum

170 948 232 978 suos
277 948 463 979 ommissarios
475 958 542 979 cum
560 949 679 979 Summa
694 948 905 986 Qiinquaginta
921 947 966 977 M.
984 947 1223 980 Ducatorumz&

169 995 276 1024 ponant
289 997 332 1017 eas
346 988 374 1016 in
389 986 495 1023 Gaeta,
512 987 568 1017 sive
582 987 660 1024 super
676 986 812 1022 BanchiS,
831 987 888 1017 five
911 986 1122 1018 Mercatoribus
1143 987 1223 1018 secu-

168 1026 220 1061 ris,
238 1025 381 1064 quousque
397 1025 537 1055 Fortalitia
549 1025 677 1054 Civitatis
690 1024 774 1062 Regii
789 1025 821 1054 ὃς
843 1023 971 1055 Civitatis
997 1025 1133 1056 Blandulii
1151 1028 1223 1057 erint

169 1064 250 1094 dietis
272 1063 479 1093 Commiffariis
499 1063 684 1100 consignata:
714 1073 778 1101 quae
800 1064 999 1102 quinquaginta
1021 1063 1067 1093 M.
1090 1064 1223 1095 Ducato—

172 1111 252 1139 rum,
269 1102 332 1141 post
346 1101 598 1140 Consignationem
613 1102 757 1132 dictorum
772 1101 997 1138 Fortalitiorum,
1015 1102 1090 1132 dststa
1103 1106 1222 1133 Domina

170 1143 271 1177 Regina
288 1139 373 1178 poffit
387 1140 543 1179 expendere
553 1164 563 1177 ‚
579 1140 757 1178 distribuere,
775 1140 808 1169 &
824 1140 905 1178 dare,
922 1142 968 1171 cui
982 1141 1014 1171 δε
1027 1141 1143 1178 qualiter
1155 1141 1222 1171 Ma-

164 1179 254 1215 jestati
269 1178 325 1208 suae
338 1177 479 1209 videbitur
493 1179 526 1209 &
541 1179 677 1216 placebit,
696 1179 753 1209 fine
765 1177 954 1216 Oppositione
968 1179 1001 1209 &
1010 1178 1222 1210 Contradifflo-

168 1226 205 1246 ne
218 1217 422 1255 cujuscunque,
440 1218 491 1254 &,
510 1217 586 1248 faeta
600 1217 675 1248 dieta
691 1216 930 1255 Confignatione,
950 1217 1078 1255 praefatus
1093 1220 1225 1248 Dominus

168 1257 236 1283 Dux
252 1263 376 1286 teneatur
389 1256 485 1286 venire
499 1255 674 1293 personaliter
692 1255 762 1286 infra
784 1255 920 1293 Regnum
940 1255 1010 1285 infra
1033 1255 1115 1286 Orfito
1135 1256 1222 1286 Men-

168 1293 208 1323 ses
223 1302 256 1322 ex
271 1302 339 1324 tunc
355 1295 486 1331 proximo
504 1294 660 1325 secuturos:
677 1295 710 1325 &
727 1293 802 1331 quod
816 1293 1090 1324 diCtiCommiffarii
1105 1295 1224 1325 habeant

170 1331 286 1368 plenum
304 1332 473 1363 Mandatum
490 1333 524 1363 &
539 1332 713 1363 Potestatem
729 1332 762 1362 ad
779 1331 975 1369 Obligandum
995 1332 1028 1362 ὅτ
1054 1332 1224 1363 Promitten-

169 1369 258 1407 dum,
276 1370 411 1401 Nomine
434 1371 502 1401 dieti
515 1374 626 1401 Domini
646 1374 750 1407 Ducis,
769 1378 853 1407 prout
876 1371 909 1400 &
932 1380 1020 1400 omne
1045 1370 1073 1400 id
1096 1372 1173 1409 quod
1196 1373 1223 1401 in

172 1407 352 1439 Praesentibus
376 1408 509 1447 Capitulis
533 1410 713 1446 continetur,
734 1409 790 1438 hoc
814 1409 910 1440 addito
930 1409 963 1439 ὃς
986 1409 1111 1445 expresse
1127 1409 1221 1448 dieto,

170 1447 250 1483 quod
269 1449 333 1485 quia
347 1447 482 1478 Civitates
496 1446 620 1485 Regii&
635 1447 773 1478 Blandusii
788 1448 816 1477 in
835 1447 970 1477 Manibus
984 1447 1071 1477 diecae
1086 1447 1225 1479 Dominae

170 1485 292 1524 Reginae
306 1487 346 1515 ad
360 1484 472 1525 praefhns
494 1487 629 1527 existunt,
642 1484 835 1516 Commissarii
859 1485 925 1514 dicii·
946 1489 1055 1515 Domini
1074 1489 1159 1515 Ducis
1173 1486 1223 1516 ha-

168 1523 252 1590 ¹beant
269 1524 444 1564 Poffefflonem
457 1525 574 1556 liberam
593 1525 626 1556 &
639 1524 797 1562 expeditam
812 1524 961 1554 earumdem
981 1523 1039 1554 sine
1060 1524 1150 1563 aliqua
1170 1525 1225 1555 Di-

177 1571 281 1593 atione.

206 1600 251 1630 Ιτ
262 1609 278 1630 E
288 1608 314 1630 M
323 1623 332 1639 ,
347 1601 424 1640 quod
443 1602 474 1638 (fi
493 1601 618 1639 praefatus
629 1604 759 1631 Dominus
776 1600 861 1639 noster
878 1604 957 1639 Papae
968 1601 1146 1639 Consentiet)
1156 1612 1227 1640 prae-

166 1636 219 1668 fata
233 1642 352 1669 Domina
367 1643 470 1678 Regina
486 1640 640 1678 Adoptabit
655 1640 700 1670 seu
721 1640 874 1678 Arrogabit
896 1640 1040 1677 praefatum
1061 1641 1225 1671 Dominum

169 1676 328 1713 Johannem
344 1681 447 1707 Ducem
460 1688 513 1718 pro
525 1678 574 1708 suo
591 1688 662 1709 vero
677 1680 710 1710 &
725 1679 864 1717 legittimo
879 1679 901 1708 F
903 1679 970 1716 ili0,
988 1688 1056 1709 curn
1072 1680 1157 1717 pleno
1175 1679 1226 1717 Ju-

169 1724 200 1744 re
219 1715 408 1746 Succeffionis
432 1717 610 1747 haereditariae
628 1726 685 1747 tam
702 1719 731 1747 in
752 1717 870 1754 praefatis
893 1717 1000 1753 Regnis
1018 1727 1103 1755 quam
1119 1719 1147 1747 in
1164 1718 1227 1748 Co-

170 1753 268 1785 mitam
286 1754 448 1785 Provinciae
460 1757 493 1786 &
514 1755 735 1794 Forchalcherii,
751 1764 797 1786 aut
810 1755 954 1792 cujussibet
970 1756 1079 1787 alterius
1097 1755 1170 1794 Juris
1193 1756 1227 1787 ad

173 1793 318 1829 praefatam
341 1796 487 1823 Dominam
510 1797 636 1831 Reginam
653 1793 802 1832 spectantis
819 1795 852 1824 ὅ(
875 1795 1052 1832 pertinentis,
1071 1804 1139 1825 cum
1160 1805 1228 1825 om-

167 1831 248 1874 nibus
271 1830 395 1862 Cautelis
417 1834 583 1870 oportunis,
598 1833 675 1870 juxta
692 1832 853 1863 Consrlium
875 1833 956 1863 unius
976 1842 1021 1863 aut
1037 1833 1160 1871 plurium
1177 1833 1228 1864 Sa-

189 1877 307 1899 rentum.

167 1878 186 1906 p
206 1907 224 1925 ³*
236 1907 280 1937 Ιτ
292 1918 310 1938 E
323 1916 349 1939 M
360 1932 369 1946 ,
387 1908 464 1947 quod
482 1908 594 1948 praefata
603 1912 722 1938 Domina
738 1912 839 1947 Regina
860 1910 925 1948 (pro
940 1910 1065 1940 Praernio
1079 1910 1164 1940 diu-20
1177 1913 1225 1941 A·

168 1946 308 1984 doptionis)
326 1947 420 1978 Faciet
436 1948 469 1978 &
487 1948 591 1978 creabit
612 1947 764 1979 Praefatum
787 1952 931 1978 Dominum
951 1947 1110 1987 Johannem
1127 1953 1228 1978 Ducem

168 1984 322 2023 Calabrae,-
343 1987 376 2016 &
404 1986 454 2016 libi
476 1994 522 2017 aut
545 1986 596 2016 suis
621 1985 830 2016 Commiflariis
851 1987 935 2017 faciet
960 1987 1118 2024 conlignari
1132 1989 1228 2018 omnia

169 2023 315 2054 Fortalitia
330 2025 364 2055 &
384 2023 499 2063 Castra,
518 2034 599 2062 quae,
616 2024 651 2055 ad
673 2025 804 2063 praesens,
823 2025 884 2056 sunt
904 2026 932 2055 in
957 2026 1085 2056 manibus
1102 2029 1228 2057 Dominae

170 2064 280 2098 Reginae
293 2063 427 2099 praefatae.

206 2100 247 2130 l'r
258 2109 275 2130 Ε
286 2109 330 2139 Μ,
350 2102 444 2139 quod,
462 2100 611 2139 postquam
629 2101 698 2133 diffl
713 2101 908 2133 Commissarii
925 2110 1059 2140 ceperunt
1074 2102 1225 2135 Poffeffio-

166 2148 235 2169 nem
261 2138 389 2170 Civitatis
408 2139 497 2177 Regii
522 2141 554 2171 &
579 2140 708 2172 Civitatis
732 2140 885 2179 Blandusii,
903 2150 988 2179 prout
1005 2141 1083 2179 supra
1107 2142 1228 2181 dicitur,

165 2176 295 2214 praefatus
307 2181 437 2208 Dominus
450 2182 518 2209 Dux
531 2178 676 2210 Teneatur
693 2180 726 2210 &
741 2180 888 2218 Obligatus
908 2180 939 2209 sit
955 2179 1025 2210 infra
1041 2180 1123 2210 octo
1139 2181 1229 2211 Men-

167 2216 224 2253 ses,
242 2225 345 2247 extunc
366 2218 498 2254 proximo
522 2217 649 2256 futuros,
669 2219 766 2248 venire
788 2218 962 2256 personaliter
981 2218 1051 2249 infra
1073 2218 1228 2259 Regnum,

166 2255 201 2284 &
219 2254 321 2286 servire
343 2254 429 2286 did}ae
454 2258 579 2285 Dominae
605 2259 729 2295 Reginae,
747 2256 898 2295 postquam
918 2258 1026 2288 venerit
1051 2257 1121 2287 infra
1144 2258 1227 2296 Reg-

166 2303 255 2330 num,
271 2293 322 2323 suis
336 2293 499 2331 Sumptibus
510 2295 543 2325 &
558 2294 707 2334 Expensis,
728 2295 876 2326 Menfibus
888 2294 961 2333 Sex,
980 2305 1049 2326 cum
1066 2296 1149 2326 Mille
1158 2296 1225 2327 Ho-

168 2332 293 2362 minibus
315 2332 494 2370 Armorum,
511 2333 545 2363 &
567 2332 691 2364 Duobus
708 2333 837 2364 Millibus
854 2333 1020 2370 Sagittariis:
1040 2336 1091 2372 ὃς,
1109 2334 1128 2364 fi
1143 2345 1226 2373 expe-

165 2370 239 2401 diret
260 2370 339 2409 quod
358 2371 461 2401 diutius
483 2370 620 2410 serviret,
648 2371 723 2402 dieta
745 2375 863 2402 Domina
882 2375 984 2409 Regina
1008 2372 1168 2410 providebit
1190 2374 1226 2405 de

166 2408 302 2446 Expenlis
322 2408 356 2440 ad
379 2409 454 2440 suam
476 2409 712 2449 Poffibilitatern3
728 2410 762 2441 &
784 2410 875 2442 dictus
894 2414 1026 2441 Dominus
1047 2415 1133 2449 Dux,
1153 2421 1226 2443 con-

167 2448 356 2484 temperando
373 2447 511 2485 Expensas
537 2458 606 2479 cum
628 2448 792 2480 Introitibus
808 2473 817 2487 ,
843 2450 895 2479 erit
916 2457 1068 2480 contentus
1089 2460 1125 2481 eo
1147 2451 1227 2488 quod

166 2484 278 2524 Regina
298 2487 402 2523 poterit
424 2486 474 2516 slbi
492 2486 574 2525 dare,
593 2487 663 2518 ficut
682 2487 787 2519 debent
807 2488 898 2518 facere
913 2488 1029 2519 virtuosi
1043 2489 1076 2520 &
1090 2489 1148 2520 veri
1164 2489 1227 2521 Filii

166 2531 233 2561 erga
250 2533 352 2554 eorum
366 2534 443 2555 veras
459 2525 492 2555 &
505 2525 653 2564 legittimas
668 2525 784 2557 Matres.

204 2561 338 2601 ITEM,
357 2563 437 2601 quod
460 2562 552 2594 dietus
574 2567 704 2594 Dominus
725 2567 794 2594 Dux
807 2589 816 2602 ,
836 2564 949 2602 quando
975 2566 1027 2596 erit
1049 2566 1077 2595 in
1100 2565 1227 2606 Regno,

166 2610 227 2630 non
242 2601 410 2632 intromittet
425 2602 451 2631 se
466 2601 502 2631 de
516 2601 669 2641 Regimine
683 2602 797 2641 Regni,
815 2603 865 2633 nisi
880 2603 899 2633 sl
917 2605 950 2635 ὃ(
964 2613 1099 2640 quatenus
1114 2605 1227 2642 praefata

167 2641 287 2668 Domina
304 2642 406 2677 Regina
431 2639 480 2669 sibi
497 2642 682 2679 committet,
697 2650 817 2679 excepto
834 2641 950 2673 Ducatu
968 2641 1121 2681 Calabriae,
1139 2654 1226 2683 quem

167 2678 331 2716 gubernabit
343 2678 377 2708 ad
395 2678 604 2716 beneplacitum
618 2680 709 2721 suum.

206 2715 218 2745 I
227 2724 250 2745 T
260 2725 278 2746 E
288 2724 332 2753 M,
348 2717 444 2754 quod,
460 2717 480 2747 fi
496 2717 571 2748 dieta
587 2721 709 2748 Domina
725 2721 827 2756 Regina
840 2717 1026 2750 Convocaret
1040 2719 1074 2750 ad
1092 2718 1130 2749 sui
1148 2719 1227 2751 Prae-

165 2753 280 2784 sentiam
315 2754 373 2786 five
394 2756 516 2786 mitteret
537 2756 686 2793 praefatum
713 2759 859 2787 Dominum
876 2760 977 2786 Ducem
995 2757 1030 2788 ad
1045 2758 1226 2797 quascunque

166 2791 262 2824 Partes
283 2777 397 2832 Regni,
416 2793 550 2824 Praefatus
577 2797 709 2825 Dominus
733 2798 801 2825 Dux
825 2796 973 2826 habebitur
996 2797 1024 2826 in
1046 2796 1171 2827 Honore
1193 2799 1226 2828 ὃς

167 2829 362 2869 Reverentia,
380 2833 410 2862 in
433 2830 614 2863 Ceremoniis
633 2834 666 2864 &
691 2834 904 2871 quibuscunque
925 2834 982 2864 aliis
999 2834 1136 2873 Aet-ibus,
1155 2843 1226 2867 tam-

167 2878 255 2908 quam
271 2873 368 2908 Verus,
387 2873 564 2907 Legittimus,
582 2881 615 2901 ac
630 2874 728 2902 Unicus
741 2871 823 2901 Filius
836 2872 922 2902 dic'tae
940 2875 1065 2903 Dominae
1077 2876 1195 2911 Reginae.

206 2907 278 2939 ΙΤΕ
288 2916 333 2948 Μ,
351 2908 430 2947 quod
443 2910 540 2939 omnia
554 2908 648 2949 Bona,
665 2909 787 2940 Mobilia
800 2911 833 2940 &
848 2909 1028 2949 Immobilia,
1049 2922 1112 2949 quae
1127 2914 1228 2950 praefa-

169 2953 212 2976 tus
231 2949 362 2977 Dominus
374 2951 442 2977 Dux
459 2956 506 2978 aut
520 2946 629 2978 Gentes
642 2948 697 2978 suae
720 2949 894 2986 acquirerent
915 2957 1016 2980 contra
1033 2950 1163 2981 Rebelles
1181 2960 1228 2983 aut

171 2983 308 3015 Inimicos
323 2985 409 3016 dictae
424 2989 549 3016 Dominae
560 2989 687 3024 Reginae,
705 2996 772 3017 curn
789 2986 940 3016 Voluntate
954 2987 987 3017 ὅ(
1005 2987 1146 3019 Mandato
1159 2990 1228 3029 ejus,

170 3021 355 3060 intelligantur
373 3024 429 3054 esse
450 3024 584 3055 concessa
606 3025 722 3062 praefato
739 3027 854 3054 Domino
874 3028 944 3054 Duci
961 3035 996 3055 ex
1012 3036 1106 3065 nunc,
1125 3029 1159 3060 &
1176 3029 1228 3059 suis

169 3060 339 3091 Haeredibus
364 3070 376 3090 1
388 3069 416 3091 M
426 3071 445 3092 P
457 3072 475 3093 E.
487 3073 540 3094 RVP
552 3072 569 3092 E
582 3072 604 3093 'r
616 3072 638 3093 υ
652 3072 673 3093 u
686 3071 712 3093 M
721 3087 730 3100 ,
751 3064 779 3093 in
793 3063 871 3094 bona
884 3063 986 3094 forma.

208 3098 252 3128 Ιτ
262 3108 280 3129 E
292 3106 319 3128 M
328 3122 337 3137 ,
351 3100 429 3137 quod
443 3101 571 3137 praefatus
586 3105 718 3132 Dominus
731 3104 799 3131 Dux
822 3102 969 3142 promittet
985 3102 1018 3133 &
1036 3104 1137 3143 jurabit
1151 3104 1228 3143 quod

170 3146 272 3168 omnes
288 3137 464 3174 principatus
478 3161 489 3175 ,
507 3138 649 3177 Ducatus,
669 3140 848 3179 Comitatus,
863 3140 1011 3179 Baronias,
1031 3142 1228 3182 Castellanias,

170 3176 347 3214 Capitanias,
363 3175 487 3213 Officia,
512 3178 545 3207 &
568 3177 706 3209 Beneficia
721 3201 730 3216 ,
749 3188 935 3217 quocumque
959 3179 1094 3212 Nomine
1117 3191 1229 3212 nuncu-

170 3222 288 3252 pentur,
303 3214 454 3252 concessa,
470 3215 502 3245 &
523 3225 586 3253 quae
605 3217 799 3247 concedentur
818 3217 1026 3258 imposterum,
1044 3229 1228 3258 quocumque

128 3286 132 3291 ,
168 3253 338 3293 Tempore,
357 3253 580 3291 quibuscumque
594 3253 740 3292 personis,
758 3256 949 3294 cu'uscunque
965 3256 1150 3289 Conditionis
1170 3260 1228 3289 exi-

170 3291 259 3329 stant,
278 3293 311 3323 &
333 3300 367 3321 ex
390 3301 558 3329 quacunque
577 3290 667 3324 Causa
683 3317 692 3330 ,
709 3302 758 3336 per
802 3295 886 3325 ic'tam
914 3298 1057 3327 Dominam
1077 3300 1226 3337 Reginam,

170 3330 279 3368 semper
304 3330 337 3360 δε
358 3331 568 3367 imperpetuum
593 3331 768 3369 observabit,
789 3332 822 3362 &
843 3333 1021 3366 defendet&
1034 3337 1227 3369 manutenebit

168 3369 314 3406 animose,
330 3368 380 3398 sub
400 3368 469 3399 Fide
493 3367 629 3408 Militari,
651 3370 684 3400 &
703 3369 907 3409 favorabiliter,
925 3380 1071 3411 tamquam
1087 3374 1167 3405 suum
1185 3375 1225 3405 fa-

170 3407 253 3438 &um
268 3408 433 3446 proprium,
452 3406 509 3437 sine
522 3406 612 3444 aliqua
633 3406 828 3445 Exceptione,
848 3408 1051 3450 Cavillatione,
1069 3412 1226 3450 Allegatio-

167 3455 204 3477 ne
218 3445 294 3485 Juris
306 3453 352 3475 aut
366 3445 462 3483 Facti,
480 3453 526 3475 aut
545 3444 751 3484 Oppositione,
763 3456 828 3484 quae
839 3447 868 3477 in
883 3450 1055 3480 contrarium
1076 3450 1136 3480 fieri
1156 3462 1224 3490 pos-

168 3484 222 3521 set,
240 3493 310 3515 cum
327 3482 464 3515 Clausulis
480 3484 513 3515 &
536 3482 680 3522 Cautelis,
696 3483 731 3514 ad
752 3484 859 3515 sensum
872 3487 955 3517 unius
970 3496 1016 3519 aut
1033 3488 1156 3526 plurium
1174 3490 1224 3521 Sa-

167 3523 324 3561 pientium3
342 3522 382 3553 Ita
398 3521 477 3561 quod
492 3521 528 3551 de
541 3522 610 3560 Jure
624 3522 699 3553 bene
717 3522 807 3554 valeat
821 3524 854 3554 &
869 3531 969 3556 teneat.

205 3559 251 3590 Ιτ
261 3570 278 3591 Ε
287 3569 315 3591 M
323 3583 332 3599 ,
348 3561 426 3599 quod
442 3571 490 3599 per
505 3560 647 3591 Praediera
661 3571 721 3591 non
734 3561 904 3598 intelligatur
916 3564 973 3594 effe
983 3565 1057 3596 Data
1073 3575 1223 3604 quaequam

169 3598 296 3629 Potestas
312 3601 501 3637 cuicumque,
520 3598 575 3629 esse
590 3599 717 3630 Partibus
732 3599 909 3639 supradietis,
927 3602 1098 3642 Vendendi,
1116 3604 1223 3644 Pigno-

169 3636 261 3676 randi,
278 3646 326 3668 aut
337 3638 481 3677 obligandi
496 3637 578 3668 aliam
593 3638 706 3669 Partem
717 3661 726 3676 ,
744 3638 922 3675 personaliter
937 3641 982 3672 vel
999 3643 1027 3671 in
1045 3641 1145 3680 Bonis,
1161 3645 1222 3674 cui-

166 3685 280 3713 cunque
296 3675 445 3715 Personae,
462 3676 563 3714 Loco,
580 3686 626 3707 aut
644 3676 845 3715 Universum,
864 3687 897 3708 ex
911 3688 1092 3719 quacumque
1109 3680 1221 3713 Neces-

167 3713 243 3743 sitate
257 3713 302 3744 vel
315 3713 424 3753 Causa,
443 3716 492 3745 nifi
510 3724 593 3753 prout
606 3715 683 3753 supra
699 3717 868 3746 continetur.

170 3789 175 3795 ¹
204 3749 276 3781 1¹1*ss
287 3759 312 3781 M
326 3775 336 3791 ,
355 3753 433 3790 quod
457 3753 550 3785 statim
565 3777 575 3792 ,
591 3754 705 3792 quando
725 3756 855 3784 Dominus
874 3757 942 3785 Dux
966 3756 1096 3794 praefatus
1113 3760 1221 3791 venerit

168 3788 238 3819 infra
260 3788 415 3829 Regnum,
434 3792 467 3823 ὃς
494 3793 628 3831 praediCta
649 3801 731 3823 erunt
748 3792 848 3831 Fadia,
866 3793 974 3830 praefata
986 3798 1106 3825 Domina
1119 3800 1221 3835 Regina

167 3827 250 3858 faciet
264 3827 395 3866 Qartari
410 3828 499 3860 Arma
509 3831 565 3862 suae·
579 3830 730 3869 Majestatis
745 3841 815 3861 cum
832 3831 927 3862 Armis
940 3833 1010 3863 diesi
1027 3837 1137 3865 Domini
1157 3840 1220 3866 Du—

168 3870 391 3935 &hiismgugltiti‘s
404 3867 526 3937 &aggeri
543 3871 582 3938 ξι(
601 3869 822 3940 μεςίιῑὴηῇιῖίὲέ,
834 3870 871 3939 ξε
884 3870 930 3902 illa
943 3870 1027 3905 faciet
1041 3871 1169 3914 Depingi
1191 3875 1221 3905 in

505 3917 543 3946 pu
575 3918 639 3947 icis,
655 3919 673 3940 u
700 3918 716 3940 e
797 3918 861 3939 ori.

192 4094 195 4096 ,
226 4059 299 4088 Tam.
318 4059 367 4087 W.
386 4058 418 4086 P.
438 4058 497 4087 nr.

1272 134 1758 183 PUBLICA.
2275 168 2330 203 99

2328 237 2404 267 Ann.
2422 236 2463 266 D.

2361 284 2444 312 1419.

2330 318 2439 348 bstn.5.

1422 333 1470 363 De
1480 331 1570 375 salvo
1590 332 1739 365 Conduffn
1752 344 1806 379 pro
1824 338 1975 369 Serviente
1995 338 2156 385 I)1zrtj)hiizi.

1265 419 1383 473 REX
1402 421 1549 466 Univerfis
1562 424 1595 454 ὃς
1609 424 1716 462 singulis
1730 426 1903 465 Admirallis,
1923 431 1982 460 &e
2001 432 2134 464 Salutem.
2330 438 2381 461 ²¹⁷²·
2398 437 2424 462 6.

1346 459 1458 501 ¹Sciatis
1482 460 1559 506 quod
1576 484 1585 498 ,
1612 463 1645 491 ad
1664 464 1809 500 specialem
1833 466 2058 506 Requisitionem
2074 495 2083 509 ,
2104 471 2312 507 Consanouinei
2331 478 2363 500 H.
2383 483 2411 508 5·

1262 494 1371 539 nostri,
1392 498 1531 536 Dauplnnt
1556 499 1587 528 de
1613 504 1738 539 Vienna,
1757 502 1922 542 suscepimus
1944 508 1972 536 in
1997 508 2101 539 salvum
2127 512 2160 541 &
2182 501 2310 546 segurum
2326 515 2384 538 ΡΜ-

1263 529 1451 579 Conduetum
1466 551 1476 571 ς
1503 538 1563 567 &c.
1583 541 1711 568 Simonem
1738 544 1832 570 Vernis
1849 565 1857 579 ,
1885 543 2060 576 Servientem
2085 549 2212 585 praediffl
2232 553 2311 584 Dau-
2330 554 2419 577 Norm.
2436 550 2464 578 6·

1263 572 1371 618 phini,
1395 584 1423 604 in
1449 573 1585 614 Regnum
1613 577 1744 621 nostturn
1768 579 1879 618 Angliae
1895 603 1904 618 ,
1932 592 1999 613 curn
2023 594 2080 615 uno
2108 587 2255 621 Serviente
2285 594 2314 622 in
2330 593 2364 615 H·
2390 596 2406 623 5
2411 610 2416 615 -
2435 595 2463 623 P·

1264 609 1408 654 Comitiva
1431 612 1477 655 sua
1493 636 1502 651 ,
1530 614 1564 644 ad
1590 613 1768 646 Praesentiarn
1797 618 1921 648 Arthuri
1946 621 1977 649 de
2002 623 2147 660 Bretaigne
2170 626 2316 660 Prisonarii
2332 636 2402 657 2-m·
2419 634 2465 653 20·

1264 648 1358 692 nostri
1377 651 1562 689 transeundO,
1586 653 1691 683 ibidem
1715 656 1853 686 morando
1870 681 1878 692 ,
1906 659 1939 688 &
1962 661 2061 690 exinde
2087 662 2121 692 ad
2150 674 2238 702 partes
2261 669 2318 699 suas

1264 696 1387 726 proprias
1400 689 1561 728 redeundo,
1579 700 1610 721 ac
1630 692 1725 731 Equos
1736 715 1746 730 ,
1764 693 1838 732 Res,
1855 694 1932 725 Bona
1942 719 1951 734 ,
1968 697 2000 728 ὃ(
2023 697 2156 731 Hernesm
2175 703 2220 735 sua
2243 716 2320 744 quae-

1265 735 1409 763 cumque,

1304 762 1423 806 Proviso
1438 767 1545 802 semper
1558 767 1635 802 quod
1651 767 1698 804 ipfi
1717 770 1888 808 quicquam,
1909 773 1970 802 &c.

1302 800 1334 830 In
1348 811 1443 840 cnjus,
1460 804 1520 833 ἃς.
1540 804 1624 843 usque
1638 815 1747 836 nonum
1765 808 1842 838 diem
1859 810 1959 847 Aprilis
1974 814 2107 849 proximo
2125 815 2252 848 futurum
2269 819 2321 850 du-

1264 847 1374 869 saturas.

1303 876 1393 908 Teste
1409 877 1493 918 Rege
1507 880 1580 918 apud
1597 880 1719 921 Castrum
1729 883 1809 922 fisum
1826 885 1858 914 de
1878 888 1975 917 Rouen.
1992 890 2036 918 xii.
2050 890 2094 919 die
2113 891 2221 923 Martii.

1941 975 1995 1003 Per
2014 977 2096 1016 ipsum
2114 980 2217 1017 Regem.

1458 1106 1477 1125 ⁴¹
1502 1107 1550 1138 De
1564 1107 1775 1143 fidelitatibus
1790 1115 1982 1146 Sacramenta
1989 1113 2121 1161 prestito.
2337 1134 2357 1154 az
2378 1136 2432 1162 Ιχ,

2341 1183 2375 1199 '¹0
2400 1195 2405 1201 .

1266 1197 1395 1253 REX,
1413 1199 1532 1231 Dileetis
1547 1202 1579 1232 &
1595 1202 1736 1235 Fidelibus
1750 1206 1802 1237 suis
1816 1207 1977 1240 Praefidenti
1993 1212 2026 1242 δε
2047 1212 2190 1243 Gentibus
2209 1215 2245 1244 de
2268 1213 2327 1245 Ca-
2341 1183 2419 1241 Ἀῑῗΰ-
2432 1211 2471 1241 D·

1339 1246 1415 1280 mera
1436 1238 1529 1283 nostra
1551 1239 1790 1283 Compotoruin,
1810 1255 1924 1277 necnon
1942 1248 2067 1287 Ballivis‚
2082 1250 2327 1291 Vicecomitibus,
2362 1259 2449 1288 1419.

1265 1282 1298 1302 ac
1314 1274 1370 1304 aliis
1384 1275 1536 1306 Officiariis
1551 1278 1678 1309 Ducatus
1690 1282 1777 1311 nostri
1802 1283 1994 1317 Normanniae
2017 1289 2260 1329 quibuscumque,
2280 1293 2326 1323 vel
2341 1293 2392 1316 An.
2410 1292 2439 1317 6-

1266 1322 1367 1343 eorum
1381 1313 1635 1355 Locatenentibus,
1654 1318 1788 1350 Salutem.
2341 1331 2375 1353 H·
2395 1336 2425 1363 5-

1290 1350 1422 1396 ⁴Notum
1438 1354 1520 1383 vobis
1542 1355 1658 1385 facimus
1682 1358 1778 1394 quod,
1799 1358 1929 1391 Dilerftus
1953 1364 2036 1394 nobis
2055 1366 2083 1395 in
2106 1365 2241 1406 Christo,
2257 1370 2326 1406 Egi·
2343 1368 2401 1392 Pat.

1266 1388 1324 1418 dius
1345 1393 1523 1436 Dicrentorfe,
1541 1393 1636 1436 Abbas
1658 1394 1827 1427 Monasterii
1845 1398 1932 1429 beatae
1948 1400 2049 1432 Mariae
2066 1403 2100 1434 de
2121 1405 2241 1436 Beaubet
2276 1408 2326 1437 Sa·
2340 1407 2429 1431 NWW-
2449 1406 2476 1430 ⁶·

1267 1437 1445 1473 eramenturn
1462 1431 1607 1462 Fidelitatis
1623 1433 1667 1470 (ad
1680 1436 1776 1473 quod,
1796 1437 1903 1467 ratione
1926 1438 2145 1477 Temporalium
2165 1444 2234 1474 diffi
2250 1431 2327 1475 'Mo-
2342 1446 2369 1468 H
2379 1451 2397 1477 5
2402 1448 2436 1479 -P·
2470 1462 2475 1468 ·

1269 1466 1395 1505 nasterii,
1418 1469 1489 1499 infra
1511 1469 1657 1501 Ducatum
1679 1473 1809 1504 nostrum
1830 1476 2002 1512 praedistum
2025 1480 2219 1520 existentium,
2243 1485 2326 1514 uobis
2343 1490 2379 1506 m.
2398 1490 2439 1514 ¹5·

1269 1505 1425 1543 tenebatur)
1441 1507 1510 1538 fecit
1523 1509 1556 1539 δε
1573 1510 1718 1547 praestitit,
2343 1519 2406 1556 dms·

1305 1543 1444 1587 Arni-quod
1461 1546 1576 1583 quidem
1593 1547 1808 1581 Sacramentum
1824 1552 1947 1583 eundem
1964 1553 2109 1586 Abbatem
2123 1559 2278 1596 recepimus
2300 1561 2334 1592 δε

1269 1582 1429 1613 admilimus
1438 1607 1446 1620 ,
1459 1584 1616 1617 Nostro&
1626 1587 1728 1618 Alieno
1740 1588 1810 1627 Jure
1824 1590 1897 1621 salvo
1907 1614 1917 1630 ,

1308 1620 1398 1651 Vobis
1418 1623 1451 1666 ὃς
1466 1623 1589 1668 cuilibet·
1602 1625 1729 1657 vestrum
1753 1628 1921 1659 Mandantes
1944 1632 1982 1660 ne
1999 1633 2159 1669 praediHum
2172 1635 2334 1674 Abbatem,

1270 1667 1407 1697 praetextu
1420 1660 1489 1704 duih
1503 1661 1526 1691 F
1528 1662 1653 1706 idelitatis
1666 1664 1838 1697 Sacramenti
1854 1668 1936 1698 nobis
1952 1679 2010 1699 non
2024 1671 2156 1710 praestiti,
2172 1675 2200 1703 in
2216 1675 2333 1711 praesato

1271 1697 1539 1744 Monasterio,·nec
1557 1711 1585 1730 in
1599 1702 1722 1739 ejusdem
1737 1703 1917 1736 Pertinentiis
1940 1708 2165 1748 quibuscumque
2187 1714 2334 1749 perturbe-

1271 1744 1320 1780 tis,
1341 1737 1514 1782 molestetis,
1533 1748 1589 1785 autx
1602 1741 1777 1780 inquietetis,
1795 1744 1841 1774 vel
1866 1746 2036 1784 perturbari,
2055 1744 2212 1788 molestari,
2227 1751 2272 1781 seu
2293 1752 2336 1781 in-

1271 1783 1385 1813 quietari
1399 1785 1564 1813 permittens
1580 1788 1595 1807 a
1610 1789 1812 1819 quocumque,

1308 1812 1346 1843 Et
1365 1813 1384 1843 si
1406 1815 1577 1851 praedi&um
1602 1815 1812 1850 h'lotiasterium
1837 1820 1880 1850 vel
1903 1821 2005 1859 aliquid
2028 1824 2150 1862 ejusdem
2173 1825 2203 1855 sit
2217 1826 2251 1856 ad
2275 1827 2333 1858 hoc

1271 1851 1458 1921 iirrncfficlltigum,
1484 1853 1512 1884 id
1530 1854 1642 1885 Abbati
1664 1858 1800 1888 antedicio
1823 1858 1980 1892 deliberetis
2000 1861 2046 1892 seu
2068 1863 2212 1895 deliberari
2231 1865 2334 1896 faciatis

2450 1452 2462 1468 Ν

1423 1940 1434 1959 s
1494 1941 1504 1949 ⁷
1527 1955 1533 1961 .

1309 1927 1582 2008 ssefitleluRzgsse-{pud
1598 1971 1720 2011 Castrum
1733 1971 1812 2013 fisum
1828 1975 1995 2014 Rothomagi.
2011 1978 2066 2009 xiv.
2087 1978 2132 2009 die
2147 1978 2253 2011 Martii.

1326 2045 1496 2079 Confimiles
1511 2049 1618 2082 Literas
1630 2052 1667 2083 de
1682 2053 1826 2086 Fidelitate
1843 2054 1946 2087 habent
1961 2057 2120 2098 subscripti,
2140 2060 2289 2100 videlicet,

1308 2124 1456 2155 Nicholaus
1469 2124 1582 2157 de‘Pees
1593 2150 1602 2165 ,
1619 2127 1715 2159 Abbas
1729 2129 1899 2162 Monasterii
1918 2132 2015 2165 Sandii
2038 2134 2188 2167 Michaelis
2209 2137 2245 2168 de
2264 2137 2334 2169 ulte-

1272 2162 1340 2193 riori
1355 2163 1457 2195 Portu.
2347 2163 2413 2192 Ibid.
2428 2174 2465 2192 m.

1308 2239 1475 2271 calluimus
1492 2242 1615 2283 Bloudy,
1633 2243 1729 2276 Abbas
1744 2246 1878 2277 Abbatiae
1894 2247 1995 2279 Mariae
2012 2250 2134 2282 Fucardi
2148 2251 2269 2282 Montis.
2351 2212 2396 2239 η’
2410 2203 2468 2240 “⁰'’

1307 2277 1402 2307 Alicia
1416 2282 1512 2310 Fecout
1522 2304 1530 2318 ,
1549 2281 1680 2313 Priorissa
1695 2283 1829 2315 Ecclesiae
1846 2285 1934 2317 beatae
1951 2287 2055 2319 Mariae
2069 2290 2105 2319 de
2115 2290 2194 2322 Seint
2208 2290 2288 2322 Sem,

1308 2316 1475 2347 Guillielmus
1487 2318 1512 2347 le
1528 2323 1596 2349 Goes
1605 2343 1614 2358 ,
1631 2321 1728 2353 Abbas
1741 2323 1777 2353 de
1791 2322 1885 2355 Cince
1897 2325 1993 2357 Sancti
2010 2326 2175 2359 Leuffredi.·

1311 2354 1413 2384 Abbas
1429 2358 1524 2386 SanHi
1536 2358 1680 2397 Ebrulphi.

1307 2393 1406 2423 Abbas
1423 2395 1455 2424 de
1469 2395 1581 2434 Velaffi’.

1309 2433 1390 2461 Prior
1407 2435 1502 2463 Sandli
1517 2434 1611 2465 Laudi
1623 2435 1655 2466 de
1669 2435 1848 2478 Rothomago‚
1865 2439 1926 2475 &c.

1387 2576 1436 2607 De
1443 2574 1533 2618 stzlvo
1555 2574 1708 2609 Coiidiaet‘in
1720 2588 1774 2623 pro
1793 2577 2064 2622 Ambaffiatoribus
2085 2585 2227 2617 Francia.

1270 2663 1391 2721 REX
1415 2676 1464 2709 per
1486 2665 1589 2699 Literas
1607 2669 1663 2700 suas
1687 2669 1817 2702 Parentes
1832 2694 1841 2708 ,
1866 2672 1952 2710 usque
1977 2673 2108 2705 Primum
2130 2675 2206 2706 diem
2228 2677 2331 2715 Aprilis
2349 2677 2424 2708 Ann.
2441 2678 2483 2709 D.

1344 2713 1478 2743 proximo
1499 2706 1624 2737 futurum
1647 2708 1805 2748 duraturas,
1821 2710 1936 2749 suscepit
1959 2712 1988 2741 in
2002 2713 2107 2744 salvum
2121 2714 2329 2754 Conduzstum,
2379 2726 2465 2757 1419.

1269 2741 1331 2771 &c.
1348 2741 1508 2785 Johannem
1523 2748 1611 2783 Vergit·
1627 2746 1790 2778 Dominum
1808 2748 1937 2789 Dautrey
1954 2751 2089 2789 militem,
2109 2755 2256 2789 Regnerum
2280 2757 2332 2784 Pot
2354 2761 2406 2784 Ao.
2423 2760 2452 2785 6.

1269 2778 1435 2810 Dominum
1452 2780 1524 2812 dela
1538 2782 1646 2814 Roche
1661 2784 1781 2816 militem
1792 2809 1801 2824 ,
1817 2787 1991 2818 Anthonium
2008 2789 2040 2818 de
2066 2789 2232 2829 Thoulonjon
2255 2792 2336 2823 Mili·
2361 2801 2396 2823 H.
2414 2805 2442 2832 5.

1269 2826 1344 2856 tem,
1363 2821 1509 2849 Henricum
1525 2821 1556 2851 de
1574 2821 1711 2861 Chaufour
1724 2824 1923 2864 Armigerum,
1945 2826 2115 2867 Magistros,
2132 2829 2292 2868 Johannem
2314 2831 2339 2861 le
2354 2834 2416 2863 lbid.
2430 2844 2466 2863 m.

1271 2856 1354 2887 Clerk
1389 2858 1534 2888 Gnidonem
1551 2860 1675 2899 Geliner,
1693 2862 1727 2892 &
1743 2862 1902 2900 Jolmnnem
1918 2865 1950 2893 de
1967 2865 2062 2903 Rinel,
2081 2867 2167 2905 usque
2178 2869 2210 2899 δε
2229 2870 2259 2899 in
2276 2869 2338 2900 Vil-
2360 2882 2401 2909 15.

1272 2880 1437 2938 lamtRegis
1460 2896 1496 2926 de
1519 2898 1638 2941 Mante,
1654 2909 1722 2929 cum
1745 2901 1827 2938 Quin
1851 2904 1963 2939 uaginta
1983 2903 2070 2941 Equis
2085 2907 2114 2935 in
2129 2904 2276 2939 Comitiva
2292 2909 2336 2940 sua

1269 2933 1315 2964 vel
1337 2934 1425 2971 infra,
1449 2943 1483 2965 ac
1507 2935 1612 2974 Bonis,
1638 2936 1754 2981 Rebus,
1780 2940 1813 2978 δε
1830 2912 1977 2970 ῗᾶετηείῑίε
1999 2942 2070 2979 suis,
2096 2945 2255 2983 veniendo,
2282 2948 2335 2977 ibi-

1270 2970 1337 3039 {lem
1358 2972 1498 3003 morando
1519 2975 1552 3005 «Sc
1577 2974 1810 3012 perhendinanuo
1822 3000 1832 3015 ,
1858 2979 1891 3009 ἅτ
1912 2978 2013 3011 exinde
2034 2981 2068 3011 ad
2090 2984 2202 3020 propria
2218 2984 2338 3016 redeun-

1290 3020 1310 3040 ο
1324 3021 1334 3046 3
1442 3044 1445 3050 ¹
1826 3032 1828 3035 >

1307 3047 1346 3078 Et
1360 3047 1441 3086 ideo,
1458 3049 1518 3080 &c.

1308 3086 1428 3116 Proviso
1440 3086 1548 3126 semper
1563 3089 1640 3127 quod
1656 3089 1704 3128 ipfi
1720 3092 1875 3131 quicquam
1887 3116 1896 3132 ,
1914 3095 1975 3126 &c.
1995 3095 2132 3134 quodque
2152 3099 2201 3136 ipfi
2221 3099 2332 3131 nullum

1269 3122 1454 3163 Castrorum,
1476 3127 1536 3157 δίε.

1305 3161 1339 3191 In
1354 3163 1447 3200 cujus,
1465 3165 1525 3195 &c.

1307 3199 1396 3231 Teste
1411 3200 1493 3242 Rege
1507 3202 1579 3241 apud
1594 3203 1714 3244 castrum
1723 3205 1804 3245 fisum
1821 3207 1853 3236 de
1868 3211 1968 3240 Rouen.
1986 3211 2052 3242 xvii.
2068 3211 2114 3242 die
2129 3211 2238 3245 Martii.
2249 3222 2258 3230 ·

1901 3287 1955 3314 Per
1969 3285 2051 3325 ipfism
2066 3290 2169 3326 Regem.

1271 3354 1389 3411 REX
1410 3364 1459 3395 per
1482 3355 1588 3388 Literas
1608 3357 1665 3390 suas
1686 3358 1816 3391 Patentes
1829 3383 1839 3398 ,
1861 3370 1910 3398 per
1934 3361 2043 3401 Viginti
2065 3364 2098 3395 &
2123 3364 2256 3403 Qatuor
2270 3367 2329 3398 dies

1346 3395 1479 3432 proximo
1502 3395 1628 3435 futuros,
1645 3398 1804 3436 duraturaS,
1819 3399 1935 3437 suscepit
1957 3401 1986 3430 in
2000 3400 2106 3432 salvum
2123 3402 2329 3445 Conductum,

1265 3430 1328 3460 &C.
1353 3433 1522 3471 praedistos,
1547 3434 1727 3474 Johannem,
1752 3439 1916 3476 Regnerum,
1945 3438 2139 3480 Anthonium',
2162 3445 2327 3482 Henricum,

1265 3468 1441 3509 Johannem,
1460 3473 1608 3503 Guidonem
1621 3474 1653 3505 &
1674 3473 1850 3513 Johannem,
1867 3477 1896 3506 in
1911 3475 2034 3508 Civitate
2048 3478 2137 3519 Regis
2158 3481 2194 3511 de
2217 3481 2325 3512 Rouen

1265 3506 1299 3538 ad
1321 3508 1438 3552 praesens
1460 3510 1624 3553 existenteS,
1642 3513 1743 3543 abinde
1764 3513 1799 3544 ad
1824 3523 1915 3552 partes
1928 3514 1985 3545 suas
1999 3519 2140 3556 proprias,
2153 3528 2219 3549 curn
2229 3520 2326 3557 Quin-

1264 3555 1394 3591 quaginta
1416 3547 1505 3591 Equls
1526 3550 1556 3579 in
1580 3550 1728 3582 Comitiva
1748 3551 1793 3582 sua
1812 3553 1858 3584 vel
1879 3553 1965 3592 infra,
1982 3564 2015 3586 ac
2035 3554 2138 3595 Bonis,
2157 3557 2272 3596 Rebus,
2288 3557 2324 3589 δε

1265 3584 1406 3614 Hernesus
1422 3586 1472 3616 suis
1482 3587 1665 3626 transeundo,

1301 3621 1338 3653 Et
1353 3622 1416 3654 ideo
1425 3646 1435 3662 ,
1450 3624 1510 3654 &c.

1300 3660 1437 3701 Provis0‚
1453 3663 1514 3693 &a
1530 3671 1561 3694 ut
1574 3663 1663 3703 supra.

1301 3698 1335 3728 In
1352 3700 1446 3738 cujus,
1464 3701 1524 3732 &c.

1298 3774 1388 3807 Teste
1407 3775 1491 3816 Rege
1504 3784 1534 3809 ut
1554 3777 1641 3817 supra.

2242 4077 2323 4108 *De
