2562 4274
731 205 843 246 ET
925 206 1195 247 ACTA

6 294 81 326 Ann.
96 289 141 323 D.
164 286 273 323 redibus
286 291 318 322 &
334 289 483 327 Deputatis
491 289 541 319 suis
556 287 732 328 faciendam,
751 292 1007 329 concernentibus,

29 340 117 369 1412.

7 375 69 399 Hm.
89 380 117 406 4.

1 1526 20 1549 ἃ
33 1531 114 1559 VIII.

3 1579 67 1606 7⁷39·

198 331 274 369 Qu,
294 328 344 359 An
363 329 638 358 PERPETUAM
655 333 729 358 REI
748 329 1217 368 MEM0R1AM,appun6'cuan-·

156 371 244 402 turin
258 369 334 398 hunc
351 367 491 405 modum,

196 443 243 474 IN
266 441 290 472 P
301 452 345 473 Rr
356 450 426 474 Mts
437 466 447 482 ,
472 440 706 482 Appuneruatum
729 443 762 474 &
779 442 995 475 Concordatum
1019 443 1060 474 est
1083 446 1112 475 in
1136 445 1213 476 hunc

158 483 295 520 modum,
313 482 392 521 quod
410 483 517 520 praefati
534 482 657 512 Domini
667 481 867 520 effectualiter,
880 482 966 521 dolo,
982 484 1093 521 fraude,
1110 485 1214 515 &sub-

156 520 282 588 terfugiis
304 520 529 559 quibuscumque
547 519 730 558 cessantibus,
748 528 889 559 exponent
910 521 1046 552 Personas
1061 525 1135 559 luas,
1155 523 1214 553 sua-

157 568 213 598 que
260 568 378 597 orpora,
396 568 449 598 pro
463 559 542 589 dieto
558 558 640 597 Rege
658 558 771 597 Angliae
794 560 827 589 &
840 560 891 590 suis
907 559 1094 598 Haeredibus,
1113 562 1145 591 δε
1163 571 1213 591 eo-

156 605 222 627 rum
238 597 404 636 Deputatis,
422 599 450 627 in
465 597 600 628 omnibus
614 597 665 627 suis
685 597 769 627 Bonis
783 606 866 635 atque
877 598 961 636 Justis
976 599 1121 637 Querens,
1139 609 1213 637 quo—

156 636 346 675 tienscumque
367 646 415 676 per
439 635 553 674 Regem
578 635 710 673 Angliae,
742 635 859 666 Ducem
882 636 1061 675 Aquitaniae,
1087 647 1132 668 aut
1156 639 1214 677 ejus

158 673 296 705 Haeredes
311 675 414 706 fuerint
429 674 566 712 requisiti,
585 673 657 704 salva
672 674 781 711 semper
797 684 897 704 eorum
923 675 1081 705 Fidelitate:

194 713 272 743 inter
285 723 351 750 quas
367 713 484 751 quidem
496 712 581 751 justas
596 713 629 743 ὃς
646 712 820 742 rationabiles
835 713 969 752 Qerelas
985 712 1074 750 Regis
1090 712 1211 753 AngHae,

159 752 266 791 praefati
286 751 423 789 Domini,
442 761 475 782 ac
492 760 592 782 eorum
615 750 830 788 Procuratores,
854 761 953 782 eorum
974 753 1111 789 nomine,
1130 762 1212 782 reco-

156 789 296 829 gnoscunt
311 790 390 829 quod
403 790 466 820 haec
480 790 522 820 est
535 799 590 819 una
604 790 637 820 ὃς
648 789 719 827 justa
735 789 875 828 Qerela,
892 800 976 827 quam
993 790 1076 820 habet
1089 799 1140 828 pro
1147 790 1212 820 Du-

156 838 220 859 catu
236 827 394 866 Aquitaniae
410 828 607 866 Rehabendo,
625 838 692 858 cum
716 827 766 858 suis
780 827 894 865 juribus
909 828 941 857 ὅ(
964 827 1136 858 pertinentiis
1151 830 1212 858 uni-

154 867 254 904 versiS,
272 868 305 898 &
321 867 508 905 Obtinendo,
527 867 596 897 cum
613 867 662 896 sibi
677 865 811 896 debeatur
821 866 888 903 Jure
902 866 1075 897 haereditario
1091 866 1124 897 ὃς
1139 866 1212 898 Suc·

155 905 280 936 ceffiorie
297 907 427 944 naturali,
447 915 476 936 ut
491 905 597 945 ipsimet
612 906 696 935 etiam
712 903 933 941 recognoscunt:

193 943 346 975 Declarant
360 946 469 983 insuper
485 944 592 983 praefati
607 943 748 979 Domini,
767 944 800 973 ὅτ
815 951 915 972 eorum
924 941 1142 980 Procuratores,
1161 954 1212 974 eo—

155 992 221 1013 rum
236 984 373 1022 nomine,
390 983 469 1022 quod
482 984 510 1012 in
525 982 604 1012 nullo
618 980 768 1011 offendunt
790 979 836 1009 seu
860 979 965 1010 laedunt
987 990 1086 1011 eorum
1109 981 1212 1012 Fideli-

154 1029 240 1052 tatem
253 1023 392 1060 praediito
414 1021 548 1052 Domino
563 1019 640 1055 Regi
663 1018 780 1055 Angliae
801 1017 969 1059 assistendo,
985 1029 1020 1050 ac
1042 1020 1212 1057 praedivitum

156 1059 303 1091 Ducatum
326 1061 485 1100 Aquitaniae
508 1057 653 1089 liberando
674 1056 786 1095 eidem,
805 1056 861 1087 sive
883 1057 935 1087 suis
958 1057 1141 1098 Haeredibus,
1158 1059 1213 1091 five

157 1109 261 1129 eorum
278 1099 442 1138 Depututis,
461 1099 494 1129 &
512 1105 582 1127 cum
597 1095 710 1125 effeffu·

192 1137 211 1167 S
222 1147 240 1167 n
251 1147 267 1168 c
276 1146 299 1167 u
308 1136 330 1168 121
341 1147 362 1167 D
371 1138 390 1167 ὸ
399 1159 408 1175 ,
427 1134 661 1173 Appuncfituatum
677 1134 711 1164 ὃ(
730 1133 949 1165 Concordatutn
960 1134 1001 1165 est
1015 1135 1096 1175 quod
1105 1138 1212 1174 praefati

153 1174 296 1214 Domini,
313 1176 346 1207 ὃς
360 1184 460 1205 eorum
475 1173 674 1204 Procuratores
683 1194 692 1210 ,
706 1182 805 1203 eorum
819 1175 951 1211 nomine,
971 1174 1097 1205 offerunt
1110 1176 1193 1206 Filios
1202 1201 1212 1215 ,

156 1213 251 1252 Filias,
271 1214 401 1252 Nepotes
412 1221 496 1252 atque
510 1212 640 1249 NepteS,
660 1211 791 1242 Parentes
810 1212 844 1243 &
862 1211 984 1250 Affines,
1002 1214 1087 1243 etiam
1109 1224 1212 1246 omnes

155 1261 257 1283 eorum
278 1252 394 1282 Ditioni
415 1251 461 1282 seu
477 1250 614 1281 Facultati
635 1249 803 1287 suppositos,
818 1259 870 1289 pro
891 1251 1088 1281 contrahendis
1111 1252 1213 1283 Matri-

155 1292 276 1334 moniis,
292 1292 368 1330 juxta
384 1290 509 1321 Domini
526 1288 617 1328 Regis
631 1288 764 1319 antedicti
777 1287 981 1343 pgovidentiam
1004 1297 1087 1328 atque
1107 1290 1211 1322 discre-

156 1337 274 1360 tionem.

188 1367 220 1398 T
231 1375 334 1398 ERT1
344 1369 380 1405 ὸ,
398 1365 634 1405 Appunehiaium
656 1366 690 1396 &
705 1363 924 1395 concordatum
943 1365 985 1395 est
1001 1366 1080 1403 quod
1105 1368 1211 1404 praefaii

152 1404 293 1445 Domini,
311 1407 344 1437 &
359 1415 460 1437 eorum
475 1404 690 1441 Procuratores,
706 1413 806 1434 eorum
819 1405 953 1441 nomine,
968 1405 1092 1435 offerunt
1113 1406 1213 1445 ViHas,

154 1443 253 1475 Castra
268 1467 277 1482 ,
305 1444 480 1480 Thesauros,
503 1444 537 1474 &
550 1441 737 1473 universaliter
758 1443 855 1472 omnia
875 1441 954 1472 Bona
974 1442 1019 1472 sua
1043 1445 1158 1474 mobilia
1178 1446 1212 1476 δε

154 1483 312 1513 immobilia
354 1484 382 1512 in
403 1481 548 1512 Auxilium
574 1489 657 1518 atque
681 1480 851 1511 Succursum
877 1481 947 1511 dieti
975 1481 1098 1512 Domini
1125 1483 1213 1523 Regis

154 1522 283 1561 Angiiae,
299 1506 514 1558 I-laeredumque
528 1519 660 1557 suorum,
676 1529 728 1559 pro
749 1519 800 1549 suis
816 1519 947 1558 Qierelis
964 1521 983 1540 ’ἓ
1000 1522 1123 1559 tuendis,
1144 1532 1213 1559 pro-

151 1559 310 1598 sequendis,
323 1568 407 1597 atque
422 1557 573 1595 fovendis,
590 1558 661 1588 salva
677 1567 772 1589 tamen
786 1567 885 1588 eorum
906 1558 1062 1597 Fidelitate,
1079 1569 1163 1598 quam
1181 1562 1210 1591 in

153 1599 211 1629 hoc
226 1608 283 1628 non
297 1597 465 1636 offendunt,
482 1605 566 1635 prout
583 1598 612 1626 in
626 1597 719 1635 primo
733 1596 1003 1634 AppunCtuamento
1020 1598 1184 1630 declaratur.

188 1637 280 1676 Qun
290 1642 314 1666 R
325 1639 376 1667 Τὸ
387 1659 397 1674 ,
412 1635 648 1673 Appunetuatum
665 1635 697 1665 δε
713 1633 931 1666 Concordatum
948 1636 989 1666 est
1003 1637 1082 1674 quod
1104 1638 1211 1675 praefati

152 1675 296 1714 Domini,
315 1676 348 1706 <Sc
368 1684 466 1705 eorum
489 1674 704 1711 Procuratores,
721 1683 822 1704 eorum
838 1675 976 1713 nomine,
993 1675 1117 1705 offerunt
1140 1686 1210 1713 prae-

150 1715 210 1746 fato
224 1713 357 1744 Domino
374 1713 449 1752 Regi
464 1712 579 1749 Angliae
593 1712 713 1751 singulos
728 1722 829 1743 eorum
845 1712 980 1751 Amicos,
1000 1715 1034 1745 &
1050 1715 1209 1745 universali-

150 1761 192 1783 ter
207 1762 307 1783 omnes
320 1753 357 1782 eis
374 1752 556 1782 Adhaerentes
575 1750 728 1788 (videlicet)
747 1751 805 1781 fere
820 1760 921 1781 omnes
935 1751 1062 1783 Nobiles
1074 1752 1211 1790 Franciae,

149 1790 278 1822 Clericos
297 1791 498 1831 solempniores
511 1813 521 1828 ,
544 1788 632 1820 Cives
652 1799 735 1827 atque
754 1788 929 1820 Mercatores
951 1791 1141 1829 honestiores,
1160 1794 1212 1830 qui>

148 1840 250 1860 omnes
269 1829 376 1867 (saltem
391 1840 443 1869 pto
464 1828 676 1868 incomparabili
691 1831 778 1868 parte)
795 1828 879 1858 dietis
899 1828 1037 1859 Dominis
1059 1830 1155 1861 favent
1174 1832 1207 1861 &

150 1866 301 1906 favebunt,
319 1869 352 1899 ὅτ
366 1868 401 1899 de
413 1868 492 1899 festo
505 1877 538 1897 ac
551 1867 655 1897 realiter
672 1866 809 1897 favebunt
831 1866 964 1898 Domino
988 1868 1063 1906 Regi
1078 1869 1207 1908 Angliae,

153 1908 181 1937 in
198 1907 249 1937 suis
263 1907 338 1944 justis
358 1907 505 1945 Qerelis,
524 1905 558 1935 &
579 1904 771 1936 Restitutiorie
791 1905 861 1936 dieti
876 1905 1020 1945 Ducatsis,
1036 1917 1090 1945 pro
1106 1917 1208 1938 eorum

152 1947 259 1977 viribus
271 1947 304 1976 &
316 1947 392 1983 juxta
407 1945 494 1985 posse.

190 1984 254 2022 Qu
265 1985 385 2022 ιΝτὸ,
405 1983 639 2021 Appundtua'tum
652 1983 685 2014 &
701 1981 921 2013 Concordatum
936 1983 978 2013 est
1001 1983 1080 2021 quod
1101 1984 1209 2024 praefati

151 2020 277 2052 Domini
292 2023 374 2060 parati
389 2023 450 2053 sunt
465 2021 643 2060 Restituere,
661 2022 694 2052 &
717 2021 839 2059 realiter,
858 2021 945 2059 dolo,
961 2021 1073 2060 fraude,
1092 2025 1125 2053 &
1149 2033 1209 2053 ma-

153 2061 315 2091 chinatione
331 2059 497 2092 ceffantibus
508 2061 749 2100 quibuscumque,
767 2058 928 2091 Restituent
943 2061 1083 2098 praedisto
1101 2061 1210 2092 Domi-

152 2107 193 2129 no
208 2098 283 2138 Regi
298 2099 427 2139 Angliae,
444 2099 528 2130 suisve
544 2098 729 2136 Haeredibus‚
746 2106 793 2129 aut
816 2108 917 2129 eorum
939 2099 1102 2138 Deputatis‚
1116 2102 1210 2131 omni-

151 2138 268 2168 modam
292 2138 325 2168 &
348 2137 499 2176 quamlibet
522 2137 636 2168 Partem
659 2135 791 2168 Ducatt‘is
806 2138 963 2176 Aquitaniae
977 2161 986 2176 ,
1013 2146 1089 2169 extra
1111 2148 1210 2171 manus

152 2175 277 2206 Domini
293 2176 380 2207 nostri
394 2175 481 2215 Regis
496 2176 608 2216 Angliae
619 2177 679 2215 jam
694 2175 729 2206 de
741 2175 820 2206 facto
832 2176 1011 2214 existentem,
1027 2187 1095 2207 cum
1109 2179 1206 2209 omni-

151 2213 204 2246 bus
215 2215 266 2245 suis
279 2214 393 2254 Juribus
406 2216 438 2247 ὅτ.
454 2216 629 2246 Pertinentiis
643 2215 743 2245 debitis
760 2214 806 2244 seu
819 2215 973 2252 consuetis,
992 2216 1029 2245 ita
1047 2216 1155 2254 integre
1174 2218 1209 2248 &

150 2254 181 2283 in
197 2254 255 2284 tam
271 2254 353 2291 piena
367 2254 492 2285 libertate
504 2255 574 2285 sicut
585 2254 679 2293 aliquis
691 2253 883 2284 Praedecessor
896 2254 941 2284 seu
950 2253 1141 2285 Praedeceffor
1147 2255 1210 2286 suus

152 2302 276 2332 unquam
291 2292 462 2331 possidebat,
481 2294 519 2324 nil
533 2294 700 2332 excipientes
714 2291 792 2332 quod
803 2292 908 2331 spectat
927 2293 961 2324 ad
977 2292 1126 2331 praefatum
1142 2294 1210 2325 Du·-

153 2339 251 2362 catum
264 2330 309 2361 seu
324 2330 499 2362 Dominium
516 2332 686 2369 Aquitaniae:

192 2368 402 2408 Declarantque
416 2371 522 2408 praefati
538 2370 679 2408 Domini,
696 2380 729 2401 ae
748 2377 850 2401 eorum
871 2369 1089 2409 Procuratores,
1108 2381 1209 2403 eorum

153 2408 290 2446 nomine,
309 2409 388 2447 quod
402 2419 463 2439 non
477 2409 570 2439 solum
590 2409 725 2440 obedient
747 2409 864 2446 praefato
881 2409 1016 2439 Domino
1037 2410 1111 2449 Regi
1145 2410 1210 2440 suis-

152 2456 210 2516 ἓυε
226 2446 409 2485 Haeredibus,
428 2448 473 2479 sed
487 2449 572 2478 etiam
587 2447 814 2486 Commissariis,
831 2457 879 2485 per
893 2457 960 2478 eum
974 2457 1020 2479 aut
1032 2448 1094 2479 suos
1141 2458 1210 2479 aere-

175 2495 202 2515 es
213 2484 390 2522 deputandis:
625 2520 627 2522 μ

192 2522 413 2562 Recognoscunt
429 2525 538 2566 insuper
552 2524 658 2564 praefati
673 2524 818 2563 Domini,
831 2534 865 2555 ac
885 2525 1051 2555 eorumdem
1073 2524 1212 2557 Procura-

151 2568 240 2599 tores,
258 2572 358 2594 eotum
373 2565 508 2601 nomine,
526 2563 642 2603 Castra,
661 2563 747 2593 Villas
768 2563 888 2594 firmatas
902 2564 947 2594 seu
967 2564 1083 2601 clausas,
1102 2565 1136 2595 &
1158 2566 1210 2596 alia

152 2599 310 2640 Dominia,
329 2601 471 2632 existentia
485 2604 513 2632 in
527 2603 645 2640 praefato
659 2601 792 2640 Ducam,
810 2612 874 2641 quae
897 2612 949 2642 pro
965 2613 1041 2633 nunc
1062 2604 1210 2641 obtinent,

150 2638 177 2670 se
190 2647 284 2671 tenere
296 2651 310 2670 a
326 2641 465 2679 praedie‘co
480 2641 614 2671 Domino
631 2641 711 2680 Rege
729 2641 843 2677 Angliae
852 2640 939 2671 Duce
953 2640 1130 2680 Aquitaniae,
1149 2650 1210 2672 tari-

150 2686 235 2746 ffimm
250 2680 285 2708 ab
299 2689 398 2709 eorum
420 2679 555 2710 Domino
577 2680 664 2710 Duce
677 2681 872 2718 Aequitaniae,
891 2681 923 2711 &
945 2679 1009 2717 post
1032 2690 1098 2710 eum
1123 2691 1138 2710 a
1157 2681 1210 2711 suis

186 2717 322 2748 aeredibus
335 2718 467 2749 Ducibus
484 2719 678 2756 Aequitaniae,
697 2728 746 2755 per
759 2718 958 2757 Homagium3
971 2719 1163 2755 promittendo
1173 2720 1206 2749 &

150 2755 312 2786 exhibendo
327 2756 444 2787 Servitia
464 2758 498 2788 &
520 2756 662 2796 Obsequia
683 2757 794 2795 debita,
812 2757 905 2787 modis
926 2757 1087 2787 melioribus
1108 2758 1210 2795 quibus

150 2793 355 2863 taliagaromitti
369 2804 452 2835 atque
466 2796 525 2826 fieri
537 2797 745 2828 consueverunt
759 2795 872 2826 suorum
879 2795 1120 2827 Praedecessorum
1135 2805 1211 2827 tem-

151 2841 215 2871 pori
239 2843 282 2863 us:

187 2870 398 2911 Declarantque
411 2871 520 2910 praefati
542 2872 684 2911 Domini,
699 2874 733 2904 &
753 2881 856 2902 eorum
873 2872 1090 2910 Procuratores,
1109 2884 1210 2904 eorum

151 2911 291 2949 nomine,
306 2910 403 2950 quod,
421 2919 478 2941 tam
494 2910 560 2949 ipsi,
579 2912 665 2949 qu‘am
685 2921 787 2941 eorum
809 2910 939 2949 Subditi,
956 2913 985 2941 in
1008 2912 1123 2949 praefato
1145 2912 1211 2943 Du-

152 2957 233 2987 catu,
251 2949 311 2980 fere
326 2949 410 2981 Mille
427 2950 461 2979 δε
478 2949 644 2988 Qingenta
660 2949 800 2979 Fortalitia
813 2950 963 2988 obtinent,
980 2960 1032 2988 pro
1047 2952 1079 2981 &
1093 2949 1129 2980 de
1145 2952 1208 2989 qui-

153 2986 206 3016 bus
218 2988 325 3018 faciunt
339 2989 372 3019 δε
387 2988 505 3026 facient,
525 2997 554 3017 ut
567 2989 623 3025 jam
639 2988 750 3018 distum
762 2987 816 3017 est:

191 3024 229 3055 Et
240 3025 330 3057 dietus
348 3027 492 3057 Dominus
510 3025 573 3058 Rex
585 3027 618 3057 ὃ(
633 3026 703 3056 Dux
719 3026 880 3064 Aquitaniae
894 3027 1087 3058 manutenebit
1110 3028 1144 3058 &
1155 3028 1211 3058 ob-

151 3062 269 3093 strvabit
280 3064 425 3096 dffltorum
444 3064 661 3103 Dominorum,
679 3075 790 3095 necnon
812 3064 998 3096 Subditorum
1021 3075 1140 3104 eorum,
1160 3067 1211 3096 Li-

151 3102 272 3132 bertates
284 3104 316 3134 &
329 3102 493 3143 Privilegia‚
513 3113 562 3141 per
578 3104 639 3135 suos
652 3103 772 3135 Illustres
795 3103 1013 3142 Progenitotes,
1030 3101 1127 3134 Duces
1151 3106 1210 3135 Ac—

175 3140 302 3178 uiraniae,
320 3140 428 3172 Indulta
448 3143 482 3173 δε
503 3142 663 3181 Concessa,
682 3151 799 3172 necnon
820 3142 967 3172 laudabiles
987 3143 1019 3172 ὅτ
1035 3143 1210 3173 rationabiles

184 3178 401 3216 onsuetudines,
426 3189 475 3216 per
498 3180 596 3211 Duces
622 3181 822 3219 Aequitaniae,
853 3180 1073 3211 Praedeceffores
1100 3181 1210 3219 praesati

154 3216 279 3248 Domini
294 3217 396 3256 Regis,
414 3218 556 3255 permissas
570 3220 746 3257 temporibus
759 3220 919 3250 retroac‘tis:

188 3255 226 3286 Et
241 3255 350 3293 insuper
363 3255 468 3295 praefati
485 3256 625 3296 Domini,
643 3259 676 3289 &
692 3268 792 3288 eorum
806 3257 1022 3294 Procuratores,
1039 3267 1139 3288 eorum
1155 3268 1212 3288 no-

153 3295 249 3333 mine,
266 3294 436 3334 promittunt
448 3295 527 3333 quod
542 3305 642 3325 omnes
657 3296 757 3333 Villas,
775 3295 928 3334 Civitates,
943 3305 1027 3335 atque
1041 3297 1137 3326 omnia
1151 3296 1210 3327 Ca-

151 3333 204 3364 stra
215 3356 224 3371 ‚
244 3332 405 3370 Fortalitia,
420 3333 453 3362 &
467 3341 567 3363 caeteta
585 3333 724 3364 Dominio
740 3345 945 3374 quaecumque,
963 3345 1030 3365 curn
1045 3345 1144 3366 eorum
1157 3335 1210 3373 Ju-

150 3372 228 3402 ribus
242 3373 276 3403 &
291 3371 465 3402 pertinentiis
479 3372 624 3409 universis,
642 3372 675 3402 ad
696 3373 805 3402 dietum
828 3373 941 3412 Regem
963 3375 996 3405 ὃς
1017 3374 1134 3405 Ducem
1149 3376 1209 3405 Ac-

151 3411 287 3449 quitaniae
306 3410 474 3450 speirantia,
500 3419 563 3447 quse
584 3411 702 3440 nomine
724 3413 873 3441 communi
898 3412 1034 3443 dicuntur
1059 3411 1209 3451 Regalitati

153 3450 306 3488 pertinere,
330 3449 411 3479 dieto
433 3447 566 3478 Domino
588 3448 665 3485 Regi
682 3458 763 3487 atque
785 3448 879 3486 Duci,
899 3449 1068 3482 Haeredibus
1086 3461 1133 3482 aut
1147 3453 1208 3484 De-

174 3489 254 3519 utatis
271 3497 388 3525 eorum,
412 3486 568 3517 liberabunt
588 3486 624 3516 de
644 3486 752 3525 Facto,
768 3488 798 3516 in
820 3497 957 3526 quantum
978 3489 1087 3521 subsunt
1105 3501 1207 3522 eorum

152 3498 288 3557 Pacultati
297 3550 306 3565 ,
324 3525 424 3565 absque
438 3525 571 3555 dilatione
583 3525 617 3555 &
632 3524 796 3556 difficultate
809 3526 1049 3566 quibuscumque,

191 3566 327 3604 Qorum
342 3563 550 3595 Fortalitiorum
565 3562 716 3603 Nomina,
734 3564 820 3602 usque
836 3575 987 3597 numerum
1008 3566 1209 3608 Vigenarium,

153 3606 303 3645 sequuntur
315 3604 363 3635 hic
373 3603 517 3641 inscripta,
536 3601 664 3634 videlicet
672 3625 682 3640 ‚

186 3696 192 3703 Χ»
210 3685 319 3711 Civitas
338 3682 369 3711 de·
387 3678 495 3719 Basar,

205 3719 314 3759 Chastel
328 3718 365 3754 &
384 3720 457 3751 Ville
475 3720 506 3748 de
524 3721 605 3749 Saint
625 3720 763 3757 Macayre.

209 3761 253 3789 Le
275 3758 334 3787 Cha
358 3758 384 3787 el
396 3757 434 3792 (ἔγ
451 3761 478 3787 V
479 3757 525 3788 ille
544 3757 576 3787 de
592 3758 621 3786 la
639 3758 744 3794 Rieui‘e,

205 3799 253 3825 La
271 3800 308 3826 Vi
330 3808 342 3825 e
361 3798 394 3826 de
409 3795 569 3835 qulegrue,

207 3837 256 3863 La
275 3835 342 3864 Ville
360 3837 391 3865 de
407 3835 553 3869 Salvetat,

206 3875 254 3902 La
272 3872 342 3902 Ville
360 3874 395 3902 du
415 3875 483 3902 Part
500 3876 581 3902 Saint
600 3876 712 3910 Marie,

204 3913 249 3940 Le
266 3910 375 3948 Chastel
390 3912 421 3940 de
443 3910 628 3950 Castelculier,

203 3951 253 3978 La
270 3949 344 3978 Ville
361 3950 392 3979 de
409 3953 488 3979 Saint
507 3953 574 3990 Foy,

204 3989 248 4016 Le
266 3986 374 4026 chastel
388 3986 425 4022 &
446 3987 518 4018 Ville
535 3989 566 4016 de
585 3987 802 4027 Penadagenoy5‚

202 4027 250 4055 La
268 4028 296 4053 V
297 4025 341 4055 ille
356 4026 387 4054 a'e
405 4029 484 4055 Saint
504 4025 637 4064 Paftour,

202 4066 249 4093 La
268 4063 341 4093 Ville
359 4064 391 4092 de
409 4064 561 4093 Montclare
580 4067 736 4103 Dagenoyr,

200 4105 248 4133 La
264 4105 291 4133 V
291 4101 336 4133 ille
354 4101 386 4131 de
403 4104 432 4132 V
434 4100 479 4132 ille
495 4102 597 4141 Royal,

1278 207 1752 257 PUBLICA.

1313 296 1362 323 La
1380 297 1409 325 V
1407 294 1452 324 ille
1469 296 1501 324 de
1517 298 1703 338 JWontpafier,

1320 335 1367 361 La
1388 335 1416 362 V
1417 333 1463 362 ille
1480 334 1511 362 de
1531 335 1674 374 Belmont,

1316 372 1365 399 La
1384 371 1451 401 Ville
1469 373 1501 401 de
1523 374 1683 413 Monam-es,

1313 411 1361 437 La
1380 413 1408 437 V
1409 409 1454 439 ille
1470 410 1503 439 de
1522 413 1551 439 V
1551 410 1595 440 ille
1613 413 1755 452 Franque,

1315 449 1359 475 Le
1377 446 1487 486 Chastel
1502 447 1540 482 ό·
1558 449 1632 479 Villo
1652 451 1759 488 Dashe,

1313 487 1356 513 Le
1377 485 1486 524 Chastel
1498 486 1536 520 ὠ
1555 489 1583 516 V
1583 487 1628 517 ille
1645 490 1677 518 cle
1694 489 1789 529 Caylus
1808 490 1839 519 de
1855 492 1992 530 Bonnete,

1313 525 1360 551 La
1380 525 1452 553 Ville
1471 525 1503 553 de
1521 528 1631 564 Figeat,

1312 563 1357 590 Le
1375 561 1484 602 chastel
1497 561 1535 597 ᾧ·
1553 563 1624 593 Valle
1640 564 1671 594 de
1687 566 1835 604 Naugeat,

2273 237 2321 277 13

1293 635 1424 681 Ea'vero
1444 638 1602 677 Fortalitia,
1619 640 1700 670 dieto
1718 640 1833 671 Ducatu
1850 643 2031 681 pertinentia,
2051 653 2114 683 qua:
2132 654 2234 678 eorum
2254 647 2312 679 Po·-

1256 675 1346 718 testati
1364 686 1411 706 aut
1429 676 1543 708 Ditioni
1562 689 1623 708 non
1641 679 1702 708 sunt
1719 679 1857 718 supposita
1875 689 1921 710 aut
1938 681 2074 720 subjeesta,
2093 686 2230 721 ptaediCto
2245 686 2312 717 Do-

1255 722 1337 742 mino
1357 714 1451 757 Regi,
1468 715 1572 755 suisque
1588 716 1773 755 Haeredibus,
1797 728 1843 748 aut
1860 728 1960 748 eorum
1979 718 2142 758 DeputatiS,
2170 732 2223 762 pto
2245 726 2311 755 viri-

1256 750 1307 794 bus
1324 751 1437 782 fideliter
1454 762 1535 787 atque
1550 755 1697 793 diligenter
1715 756 1941 794 conquestiibunt
1956 780 1964 793 ,
1991 758 2034 787 seu
2059 759 2092 788 ad
2114 760 2311 798 Conquestam

1251 790 1408 833 juvabunt,
1428 791 1545 833 fideliter
1565 794 1691 831 &juxta
1710 793 1806 832 polle,
1832 804 1900 824 curn
1919 795 1970 825 suis
1986 795 2126 827 Gentibus
2147 799 2174 827 in
2193 799 2311 831 Nume-

1256 837 1289 857 ro
1308 829 1480 866 rationabili,
1496 831 1649 860 iecundum
1666 833 1863 862 conditionem
1883 834 1916 863 ἃ
1934 833 2094 870 qualitatem
2112 835 2263 873 Dignitatis
2277 841 2311 869 Sc

1255 865 1346 896 Status
1361 868 1562 906 cujuscumque
1576 870 1761 906 eorumdem,
1781 872 1813 900 &
1831 870 1994 907 Suinptibus
2011 871 2062 902 suis
2077 875 2211 913 propriis,
2230 878 2311 917 usque

1254 904 1288 934 ad
1309 904 1420 936 finalem
1440 904 1633 945 Conquestam
1654 907 1784 938 Ducattis
1801 909 1942 939 antedicsti.

1269 959 1271 964 ·
1293 941 1483 986 Ericipiuntur
1501 954 1595 975 tamen
1614 946 1648 977 de
1666 947 1762 977 Terris
1777 969 1786 984 ,
1810 946 1957 977 Dominiis
1971 971 1980 986 ,
2006 956 2091 983 atque
2108 949 2253 981 Fortalitiis
2270 952 2315 982 su-

1256 981 1405 1019 pradietis,
1420 983 1552 1020 quaedam
1567 982 1684 1023 Terrae,
1700 985 1859 1022 Dominia,
1875 995 1959 1024 atque
1980 986 2139 1026 Fon-alitia,
2158 989 2194 1019 de
2212 990 2317 1028 quibus

1256 1019 1375 1063 praefato
1392 1020 1526 1052 Domino
1544 1022 1617 1061 Regi
1641 1023 1767 1062 Angliae,
1787 1024 1805 1042 ²*
1823 1023 1902 1054 Duci
1927 1024 2123 1063 Aequitaniae,
2141 1027 2246 1063 placuit
2267 1038 2318 1059 or-

1255 1058 1367 1097 dinare,
1386 1059 1547 1099 disponere,
1564 1062 1598 1092 &
1616 1062 1807 1101 appunetuaoe
1824 1074 1853 1093 in
1869 1063 1991 1094 modum
2008 1065 2055 1103 qui
2073 1063 2210 1104 sequitur,

1292 1134 1338 1165 IN
1360 1135 1383 1165 P
1394 1145 1474 1167 RIM
1486 1147 1495 1166 t
1506 1146 1533 1175 s,
1551 1138 1642 1176 placet
1656 1138 1793 1174 praedisto
1808 1138 1943 1170 Domino
1957 1139 2031 1178 Regi
2045 1148 2128 1178 atque
2153 1142 2232 1173 Duci
2255 1143 2317 1175 Ac—

1255 1175 1406 1212 quitanize,
1423 1175 1501 1212 quod
1526 1176 1672 1205 Dominus
1695 1179 1763 1206 Dux
1783 1180 1900 1207 Bituriae
1916 1200 1926 1216 ‚
1953 1179 2121 1211 Avunculus
2139 1180 2199 1211 suus
2216 1185 2318 1220 praedi-

1255 1212 1360 1249 lectus,
1376 1214 1409 1244 ὃς
1429 1212 1515 1243 fidelis
1533 1214 1665 1244 Subditus
1683 1216 1716 1245 ὃς
1740 1215 1886 1254 Vaffallus,
1902 1216 2001 1248 habeat
2019 1218 2128 1255 integre
2145 1220 2178 1250 ὃς
2196 1221 2315 1258 pacifice

1256 1249 1502 1294 ex'Conceffione
1519 1251 1552 1282 &
1571 1252 1739 1295 investitura
1756 1253 1878 1284 Domini
1898 1255 1987 1292 Regis
2007 1255 2137 1295 Angliae,
2157 1258 2251 1290 Ducis
2273 1261 2316 1291 A.

1256 1296 1406 1327 quitanice,
1423 1299 1481 1326 ejus
1503 1289 1642 1326 Domini,
1662 1294 1824 1321 Comitatum
1844 1294 1999 1331 Pifflzviae,
2018 1295 2078 1325 vita
2100 1297 2207 1327 comite
2229 1297 2314 1328 dum-

1258 1335 1350 1364 taxat,
1375 1328 1412 1358 sic
1432 1337 1528 1357 tamen
1551 1330 1585 1359 ὃς
1603 1329 1691 1359 taliter
1713 1331 1792 1368 quod
1816 1330 1907 1361 dietus
1933 1332 2078 1362 Dominus
2102 1336 2173 1363 Dux
2195 1337 2314 1366 Bituriae

1256 1366 1387 1408 recipiat,
1406 1365 1615 1409 recognoscat,
1642 1367 1675 1396 &
1699 1376 1790 1398 teneat
1808 1373 1956 1405 praeiaturn
1975 1369 2172 1410 Comitatum,
2200 1375 2320 1413 praefato

1263 1402 1398 1434 Domino
1415 1403 1502 1447 Regi*
1516 1405 1645 1443 Angliae,
1664 1404 1743 1437 Duci
1760 1407 1952 1446 Aequitaniae,
1969 1410 2026 1447 ejus
2047 1408 2194 1447 Domino,
2214 1413 2247 1443 &
2270 1413 2322 1444 suis

1259 1440 1431 1472 Haeredibus
1450 1443 1582 1473 faeiendo
1602 1443 1798 1482 Homagium,
1815 1445 1867 1482 ὃς,
1884 1454 1915 1476 ut
1934 1447 2022 1476 moris
2046 1447 2104 1484 est,
2121 1450 2170 1487 ὃς,
2186 1451 2250 1490 post
2268 1451 2320 1481 dea-

1258 1480 1366 1510 cessum
1383 1481 1489 1520 praefati
1507 1484 1590 1510 Ducis
1610 1484 1745 1520 Bituriae,
1762 1482 1853 1513 dietus
1873 1482 2034 1515 Comitatus
2050 1485 2182 1518 Pistaviae
2207 1489 2242 1519 ad
2257 1489 2320 1521 Re-

1257 1529 1323 1559 gem
1348 1519 1476 1559 Angliae,
1494 1519 1614 1550 Ducem
1639 1520 1857 1559 Aequitanniae,
1874 1522 1907 1552 &
1925 1522 1986 1552 suos
2004 1523 2139 1554 Haeredes
2158 1527 2266 1564 integre
2285 1529 2319 1559 δε

1257 1559 1340 1596 pleno
1351 1559 1414 1596 jure
1433 1567 1584 1589 revertetur
1604 1560 1637 1589 δε
1656 1559 1810 1590 remanebit
1829 1560 2058 1598 imperpetuum,

1295 1595 1349 1634 Et,
1374 1605 1405 1627 ut
1423 1596 1538 1634 praesens
1557 1596 1708 1628 Transsatus
1730 1597 1855 1628 Validior
1871 1607 1953 1636 atque
1971 1598 2102 1630 Securior
2120 1610 2254 1640 maneat,
2280 1603 2318 1635 fic

1256 1633 1298 1664 est
1318 1635 1573 1674 Appuncffiuatum,
1590 1636 1670 1674 quod
1688 1635 1838 1673 praedictus
1853 1636 2001 1668 Dominus
2015 1637 2080 1667 Rex
2098 1638 2225 1679 Angliae,
2247 1641 2319 1672 Dux

1256 1673 1446 1711 Aequitaniae,
1464 1676 1494 1704 in
1513 1674 1657 1713 praesenti,
1672 1674 1743 1705 Tria
1762 1674 1902 1705 Fortalitia
1920 1676 2026 1707 realiter
2045 1676 2157 1707 habebit
2176 1679 2208 1708 &
2229 1680 2256 1708 in
2273 1680 2318 1711 sua

1257 1721 1344 1742 manu
1363 1713 1470 1743 tenebit
1489 1712 1642 1748 (videlicet)
1662 1712 1840 1743 Fortalitium
1862 1713 2013 1752 Lifignaci,
2031 1714 2202 1745 Fortalitium
2222 1719 2318 1746 Pitta-

1255 1748 1337 1788 vens?
1347 1751 1380 1780 ὃς
1398 1750 1571 1780 Fortalitium
1588 1751 1700 1792 Nym-d,
1721 1762 1784 1789 quae
1803 1752 1875 1782 Tria
1896 1753 2034 1784 Fortalitia
2050 1763 2131 1784 erunt
2151 1753 2265 1785 Munita
2281 1757 2315 1787 δί

1256 1788 1407 1819 Custodita
1431 1791 1506 1826 juxra
1531 1789 1727 1820 discretionem
1748 1789 1872 1820 Domini
1890 1790 1977 1830 Regis
1992 1815 2000 1829 ,
2024 1791 2194 1832 suorumque
2220 1793 2320 1824 Haere-

1256 1826 1342 1865 dum,
1359 1827 1514 1858 secundum
1532 1829 1667 1866 temporis
1685 1828 1874 1859 necessitatem
1894 1830 1941 1860 seu
1959 1831 2144 1868 exigentiam,

1293 1865 1330 1896 Et
1342 1866 1398 1896 hoc
1411 1866 1446 1897 de
1461 1866 1605 1905 Exitibus,
1625 1867 1870 1906 Reventionibus,
1888 1869 1921 1898 ὃς
1937 1868 2107 1899 Reddimus
2121 1868 2191 1900 diffl
2208 1869 2314 1900 (30ιηί-

1255 1904 1328 1935 tatus
1343 1928 1353 1942 ‚
1376 1906 1406 1934 in
1426 1915 1561 1943 quantum
1584 1907 1729 1936 diffitorum
1751 1906 1960 1937 Fortalitiorum
1980 1906 2139 1946 Receptae,
2162 1908 2322 1948 Redditus,

1254 1943 1311 1974 five
1329 1942 1522 1975 Reventiones
1540 1944 1575 1974 ad
1593 1944 1651 1974 hoc
1671 1954 1730 1974 non
1750 1944 1903 1975 sufficient:

1289 1982 1328 2013 Et
1345 1982 1422 2013 dabit
1439 1982 1529 2014 dietus
1547 1983 1694 2013 Dominus
1714 1985 1782 2012 Dux
1802 1986 1919 2012 Bituriae
1937 1983 2045 2014 bonam
2063 1983 2317 2022 Affecurationem,

1255 2020 1292 2050 de
1316 2020 1373 2051 aliis
1395 2020 1500 2051 Castris
1518 2022 1551 2052 ὃς
1579 2022 1729 2052 Fortalitiis
1747 2021 1816 2052 disti
1836 2020 1996 2052 Comitatus
2013 2045 2023 2061 ,
2048 2032 2097 2060 per
2125 2023 2248 2054 modurn
2265 2024 2318 2063 qui

1254 2060 1375 2097 sequitur
1400 2060 1553 2095 (videlicet)
1578 2060 1658 2099 quod
1685 2069 1772 2098 ponet
1796 2060 1861 2090 tales
1884 2059 2055 2099 Capitaneos
2077 2061 2110 2091 δε
2129 2061 2271 2092 Custodes
2287 2063 2317 2092 in

1255 2098 1304 2128 illis
1324 2098 1476 2129 Fortalitiis
1491 2122 1500 2138 ,
1531 2108 1603 2137 quos
1623 2108 1677 2129 nec
1705 2098 1770 2129 Rex
1791 2098 1919 2137 Angliae,
1943 2099 2013 2129 Dux
2038 2099 2236 2139 Aequitaniae,
2261 2101 2319 2138 ejus

1255 2136 1417 2174 Dominus,
1436 2147 1489 2168 nec
1507 2137 1641 2168 Haeredes
1659 2137 1698 2168 sui
1716 2137 1862 2168 habebunt
1879 2137 2035 2176 suspeCros,
2051 2140 2101 2176 qui
2116 2137 2264 2176 Capitanei
2286 2138 2320 2168 si·

1255 2185 1292 2206 ve
1311 2175 1594 2214 Custodes-jurabunt
1612 2177 1646 2208 δε
1663 2178 1831 2214 promittent
1850 2175 1930 2206 dieto
1948 2175 2083 2207 Domino
2102 2175 2177 2215 Regi
2190 2177 2322 2216 Angliae,

1254 2213 1337 2244 Duci
1356 2214 1548 2254 Aequitaniae,
1566 2215 1739 2246 Haeredibus
1754 2223 1801 2245 aut
1819 2224 1920 2245 eorum
1940 2214 2106 2254 Deputatis,
2122 2216 2200 2246 zaetis
2217 2215 2319 2246 Sacro.-

1253 2253 1354 2283 sanetis
1380 2253 1538 2292 Evangeliis
1553 2277 1563 2293 ‚
1590 2254 1671 2292 quod
1696 2253 1772 2284 diCta
1796 2253 1962 2291 Fortalitia,
1983 2252 2049 2291 post
2073 2253 2218 2284 decessum
2245 2254 2317 2285 dieti

1253 2295 1340 2321 Ducis
1359 2294 1477 2322 Bituriae
1489 2315 1498 2330 ,
1524 2301 1652 2330 ponent,
1674 2292 1783 2322 tradent
1797 2314 1808 2330 ,
1830 2292 1863 2322 &
1881 2292 2038 2322 liberabunt
2061 2292 2090 2321 in
2109 2300 2209 2323 manus
2227 2291 2319 2332 Regis

1252 2330 1381 2369 Angliae,
1400 2330 1445 2361 vel
1461 2331 1618 2361 Haeredum
1635 2340 1682 2361 aut
1700 2330 1908 2367 Deputatorum
1925 2330 2056 2368 suorum,
2071 2330 2181 2361 realiter
2195 2331 2229 2361 &
2244 2340 2316 2361 cum

1252 2369 1374 2438 eiffeestu,
1392 2371 1428 2413 ὃς
1432 2369 1514 2438 1{atilli
1529 2370 1623 2408 alteri,
1637 2368 1840 2407 cujuscumque
1854 2367 2027 2407 Dignitatis,
2043 2367 2155 2407 Status,
2173 2376 2223 2401 aut
2230 2368 2316 2407 Conff

1274 2415 1368 2439 itionis
1386 2417 1430 2438 exi
1457 2416 1514 2439 ant.

1291 2483 1419 2523 ITEM,
1436 2484 1527 2523 placet
1544 2484 1661 2525 praefato
1678 2483 1814 2516 Domino
1838 2483 1911 2524 Regi
1933 2483 2060 2523 Angliae,
2080 2483 2160 2515 Duci
2178 2484 2317 2526 Aequitaa

1254 2524 1328 2562 niae,
1373 2524 1434 2554 uod
1453 2524 1544 2555 dietus
1562 2524 1708 2554 Dominus
1728 2527 1795 2553 Dux
1819 2522 2042 2561 Aurelianenfis,
2060 2522 2121 2553 suus
2139 2523 2224 2555 fidelis
2244 2525 2319 2555 Sub-

1253 2563 1327 2593 ditus
1403 2561 1431 2593 V
1433 2563 1538 2593 affalius
1555 2585 1564 2601 ,
1585 2563 1685 2593 habeat
1703 2562 1811 2600 integre
1833 2563 1866 2593 &
1885 2561 2004 2599 pacifice
2017 2584 2027 2599 ,
2055 2562 2095 2591 ad
2110 2569 2198 2592 totum
2215 2566 2319 2593 Termi-2

1252 2612 1316 2630 num
1334 2603 1405 2631 Vitae
1415 2601 1474 2640 fiaeae
1493 2605 1658 2630 Comitatum
1683 2600 1927 2639 Angolismenskm,
1952 2608 1986 2630 ex
2004 2599 2199 2631 concessione
2215 2603 2248 2632 &
2269 2602 2319 2632 In·-

1252 2639 1386 2670 vestitura
1400 2641 1506 2676 praefati
1525 2639 1613 2679 Regis
1629 2639 1758 2678 Anglite,
1772 2639 1870 2677 Ducis
1890 2639 2083 2677 Aequitaniae3
2103 2639 2140 2669 sic
2160 2649 2254 2670 tamen
2276 2642 2311 2671 δε

1252 2679 1340 2709 taliter
1358 2678 1437 2716 quod
1463 2678 1553 2709 dictus
1576 2679 1722 2709 Dominus
1739 2681 1809 2706 Dux
1834 2676 2039 2717 Aurelianensis
2065 2678 2205 2717 recipiat,
2233 2689 2317 2710 reco-

1252 2718 1381 2756 gnoscat,
1404 2717 1438 2747 &
1457 2726 1548 2748 teneat
1565 2718 1713 2754 praefatum
1731 2715 1911 2746 Comitatum
1928 2717 1944 2746 a
1961 2717 2079 2753 praefato
2100 2716 2232 2746 Domino
2253 2718 2315 2747 Re-

1252 2765 1289 2794 ge
1308 2756 1435 2794 Angliae,
1454 2755 1540 2786 Duce
1560 2756 1758 2793 Aequitaniae,
1775 2755 1832 2792 ejus
1852 2754 2002 2792 Domino,
2022 2755 2055 2784 &
2071 2754 2122 2784 suis
2136 2754 2315 2795 Haetedibus,

1254 2795 1384 2825 faciendo
1402 2794 1582 2832 Homagiuin
1593 2817 1601 2831 ,
1619 2796 1671 2832 &,
1689 2801 1719 2823 ut
1743 2794 1830 2822 moris
1851 2792 1907 2830 est,
1931 2794 1981 2830 δε,
1999 2791 2063 2831 post
2081 2792 2223 2824 decessum
2242 2804 2317 2833 prie-

1253 2834 1303 2863 fati
1322 2836 1406 2862 Ducis
1423 2831 1627 2871 Aurelianenfis
1642 2855 1651 2869 ,
1675 2831 1767 2861 die'tus
1788 2830 1949 2862 Comitatus
1968 2831 2184 2867 Angolismensis
2203 2832 2237 2862 ad
2255 2832 2316 2862 Rc-

1253 2881 1320 2912 gem
1341 2871 1471 2910 Angliae,
1496 2871 1615 2901 Ducem
1635 2871 1810 2909 Aequitaniae
1825 2893 1835 2908 ,
1858 2872 1892 2902 &c
1911 2870 1974 2900 suos
2031 2869 2134 2900 aeredes
2151 2871 2261 2909 integre
2281 2872 2315 2902 &

1255 2912 1341 2949 pleno
1362 2910 1426 2947 lure
1444 2918 1596 2940 revertetur
1613 2910 1646 2940 δε
1664 2909 1817 2938 remanebit
1834 2908 2065 2946 imperpetuum,

1291 2949 1346 2986 Et,
1362 2957 1392 2979 ut
1412 2949 1530 2986 praesens
1549 2948 1700 2978 Traetatus
1721 2946 1848 2977 Validior
1875 2956 1958 2984 atque
1976 2945 2109 2977 Securior
2129 2955 2254 2985 maneat,
2279 2947 2318 2978 fic

1256 2987 1297 3018 est
1321 2987 1574 3027 Appunffituatutn,
1598 2986 1675 3024 quod
1692 2985 1842 3024 praedictus
1859 2984 1922 3016 Rex
1943 2985 2071 3024 Angliae,
2094 2985 2163 3015 Dux
2183 2985 2319 3024 Aequita-

1255 3028 1327 3063 niae,
1347 3028 1404 3065 ejus
1422 3025 1586 3063 Dominus,
1605 3029 1636 3054 in
1651 3024 1776 3063 praeienti
1802 3023 1909 3054 realiter
1933 3023 2048 3054 habebit
2074 3024 2106 3054 &
2123 3024 2152 3054 in
2171 3023 2214 3054 sua
2232 3035 2317 3055 manu

1253 3066 1359 3095 tenebit
1379 3063 1511 3094 Castrum
1530 3063 1674 3102 quoddam
1694 3071 1829 3092 vocatum
1848 3061 1983 3091 Castrum
2004 3061 2130 3092 Novum
2147 3062 2225 3100 super
2240 3062 2317 3093 Cha-

1252 3111 1334 3140 rent,
1359 3102 1437 3140 quod
1461 3103 1577 3139 pertinet
1600 3101 1636 3131 ad
1658 3100 1836 3139 praelibatum
1859 3099 2054 3130 Comitatum:
2079 3101 2157 3138 cujus
2176 3100 2316 3132 Custodia

1251 3151 1334 3181 atque
1353 3140 1499 3179 Munitio,
1516 3140 1670 3170 secundum
1688 3139 1816 3176 praedic'ti
1841 3138 1931 3178 Regis
1954 3138 2166 3177 discretionem,
2184 3139 2314 3178 dispone-

1252 3188 1297 3211 tur
1319 3181 1390 3210 'uxta
1409 3180 1543 3216 temporis
1560 3177 1766 3215 necessitatem,
1785 3178 1836 3214 δε,
1851 3177 1871 3206 si
1887 3176 2015 3216 praedieti
2031 3176 2123 3207 Castri
2137 3177 2181 3207 seu
2196 3177 2314 3209 Fortali-

1252 3220 1282 3249 tii
1301 3189 1441 3249 Redditus
1465 3227 1526 3247 non
1543 3216 1699 3247 sufficerent
1722 3225 1775 3253 pro
1800 3215 1880 3253 ipsius
1905 3215 2039 3246 Custodia
2064 3216 2226 3254 necessaria,
2244 3225 2315 3247 tunc

1253 3257 1288 3287 de
1305 3256 1460 3294 Receptis,
1481 3255 1729 3292 Reventionibus,
1749 3255 1781 3284 &
1797 3254 1966 3284 Redditibus
1984 3253 2112 3293 praedieti
2133 3253 2311 3293 Comitatus,

1252 3294 1299 3325 fiet
1320 3294 1457 3325 Custodia
1476 3293 1567 3324 Castri
1585 3292 1717 3324 antedicti
1734 3291 1836 3323 eodem
1855 3293 1959 3329 modo,
1991 3302 2050 3330 quo
2069 3291 2105 3322 de
2123 3292 2229 3324 Tribus
2243 3293 2314 3324 For-

1252 3334 1343 3364 talitiis
1363 3331 1527 3364 Comitatus
1546 3332 1682 3363 Pictaviae
1699 3330 1919 3369 appunetuamm
1937 3330 2044 3361 existit:

1288 3372 1326 3402 Et
1350 3372 1426 3402 dabit
1450 3371 1594 3401 Dominus
1612 3373 1681 3400 Dux
1705 3368 1910 3409 Aurelianenfis
1934 3369 2041 3399 bonam
2069 3368 2313 3401 Assecurationetn

1251 3410 1286 3441 de
1305 3411 1361 3441 aliis
1388 3409 1492 3440 Castris
1510 3411 1543 3440 &
1571 3409 1719 3439 Fortalitiis
1743 3408 1813 3438 dieti
1840 3406 2020 3446 Comitatus,
2044 3417 2093 3447 per
2117 3408 2237 3438 modum
2262 3410 2311 3448 qui

1250 3450 1372 3488 lequitut
1397 3448 1549 3486 (videlicet)
1575 3448 1654 3486 quod
1674 3455 1763 3484 ponet
1781 3446 1845 3476 tales
1867 3445 2039 3484 Capitaneos
2065 3447 2098 3477 ὃς
2123 3445 2264 3478 Custodes
2280 3448 2312 3478 in

1250 3489 1301 3518 illis
1321 3488 1468 3518 Fortalitiis
1483 3489 1516 3519 ὃς
1535 3486 1657 3523 Castris,
1675 3495 1744 3523 quos
1760 3495 1815 3515 nec
1835 3484 1898 3514 Rex
1916 3485 2045 3523 Angliae,
2064 3484 2134 3515 Dux
2142 3485 2311 3525 Aquitaniae,

1250 3527 1308 3564 ejus
1324 3525 1484 3563 Dominus,
1500 3536 1553 3556 nec
1571 3524 1707 3555 Haeredes
1722 3523 1761 3554 sui
1781 3524 1924 3554 habebunt
1941 3523 2097 3562 suspeftos,
2128 3525 2176 3561 qui
2196 3522 2311 3561 Capita-

1250 3567 1296 3596 nei
1322 3566 1378 3595 sive
1404 3563 1545 3595 Custodes
1557 3564 1688 3601 jurabunt
1713 3563 1746 3593 &
1765 3563 1948 3599 promittent,
1966 3562 2045 3592 tactis
2065 3561 2250 3592 Sacrosanctis
2268 3561 2308 3590 E-

1249 3604 1397 3643 vangeliis,
1415 3603 1494 3632 diCto
1514 3603 1647 3632 Domino
1665 3601 1740 3640 Regi
1757 3600 1890 3638 Angliae,
1908 3599 1985 3630 Duci
2008 3600 2182 3638 Aquitaniae,
2207 3599 2308 3629 Haere-

1249 3643 1329 3672 dibus
1343 3643 1499 3672 veleorum
1514 3640 1675 3678 Deputatis,
1693 3638 1773 3678 quod
1792 3639 1868 3669 dieta
1891 3638 1991 3669 Castra
2011 3641 2044 3670 ὃς
2067 3638 2223 3680 Fortalitia,
2241 3637 2307 3675 post

1250 3680 1406 3712 Decessum
1421 3679 1490 3709 dieti
1506 3682 1590 3708 Ducis
1598 3675 1815 3716 Aurelianenfis,
1834 3687 1958 3715 ponent,
1975 3677 2139 3714 tradent,&
2153 3676 2309 3707 liberabunt

1250 3720 1280 3748 i'n
1301 3729 1399 3748 manus
1417 3718 1485 3747 dieti
1504 3717 1626 3748 Domini
1646 3717 1733 3755 Regis
1748 3739 1757 3754 ,
1782 3715 1875 3746 Ducis
1894 3716 2070 3754 Aquitaniae,
2087 3715 2130 3745 vel
2157 3712 2308 3744 Heredum

1251 3766 1296 3787 aut
1313 3757 1525 3794 Deputatorum
1549 3757 1681 3793 suorum,
1706 3757 1739 3786 &
1756 3754 1826 3784 nulli
1840 3755 1915 3784 alteri
1936 3776 1946 3791 ,
1973 3755 2078 3784 realiter
2096 3753 2128 3782 &
2147 3761 2214 3781 cum
2234 3752 2306 3784 effe-

1251 3796 1299 3825 Ctu
1315 3818 1324 3833 ,
1339 3804 1369 3825 ut
1387 3795 1465 3832 supra
1483 3794 1518 3826 de
1537 3795 1683 3825 Fortalitiis
1708 3792 1872 3824 Comitatus
1898 3792 2032 3823 pictaviae
2057 3791 2110 3821 fuit
2134 3791 2309 3830 appuntstua-

1252 3842 1325 3864 turn.

1286 3872 1329 3901 [T
1340 3880 1358 3901 E
1370 3879 1411 3908 ixi,
1429 3871 1519 3909 placet
1532 3871 1670 3910 praedicto
1692 3870 1768 3908 Regi
1784 3869 1910 3907 Anglire,
1928 3867 2006 3897 Duci
2029 3865 2204 3909 Aquitaniae,
2223 3865 2306 3911 quod

1250 3910 1381 3948 praefatus
1395 3910 1541 3940 Dominus
1562 3913 1631 3939 Dux
1648 3908 1871 3946 Aurelianensis,
1889 3908 1948 3936 suus
1968 3904 2143 3944 praediieetus
2164 3907 2197 3937 &
2218 3905 2304 3936 fidelis

1249 3949 1382 3979 Subditus
1396 3959 1428 3978 ac
1443 3948 1593 3985 Vaffallus,
1610 3948 1728 3985 habeat,
1743 3955 1776 3975 ex
1795 3943 1987 3987 Concessione
2005 3944 2037 3973 &
2053 3942 2218 3988 Investitura
2232 3954 2305 3988 prae-

1249 3988 1297 4017 fati
1315 3986 1399 4024 Regis
1416 3986 1543 4025 Anuli-x,
1563 3986 1656 4016 Ducis
1671 3985 1846 4022 Aquitani-ae,
1865 3984 1913 4012 libi
1935 3982 1968 4012 8(-
1988 3981 2038 4010 suis
2058 3982 2228 4013 Haeredibus
2249 3993 2304 4012 irn-

1250 4025 1434 4064 perpetuum,
1452 4011 1630 4055 Comitatum
1647 4021 1904 4058 Petragoticensem
1919 4020 2005 4053 (salvo
2015 4020 2076 4057 jure
2090 4021 2302 4059 cujuscumque)

2333 304 2409 334 Ami.
2428 305 2470 338 D,

2356 351 2440 378 1412.

2339 386 2401 409 Hm.
2420 393 2447 419 4,

2337 1032 2444 1062 *virt

2343 1082 2406 1107 740-

1249 4064 1286 4093 sic
1308 4071 1401 4092 tamen
1416 4064 1449 4094 &
1460 4064 1547 4093 taliter
1563 4063 1642 4100 quod
1659 4062 1677 4080 ²*
1687 4061 1777 4090 diestus
1784 4059 1852 4089 Dux
1861 4058 2062 4088 Aurelianensis
2075 4059 2107 4089 &
2116 4059 2250 4090 Haeredes
2263 4060 2303 4088 sui
2321 4061 2340 4081 ’Β
2351 4063 2434 4099 vnn

1247 4101 1397 4138 recipiant,
1414 4101 1635 4140 recognoscant,
1653 4100 1685 4130 &
1707 4106 1818 4129 teneant
1832 4097 1980 4133 praefatum
1997 4095 2179 4129 comitatum
2196 4108 2212 4128 a
2230 4107 2300 4136 prae-
2322 4109 2387 4136 74¹·

1824 4135 1847 4165 B
1867 4143 1882 4174 3
2243 4135 2303 4165 fato
