2562 4274
39 273 169 313 Ann.D.

59 327 144 358 ¹415-

37 363 101 386 Hen.
119 367 147 394 5.

36 703 56 723 ¹¹
75 703 130 731 IX.

37 752 100 770 220.

23 3610 55 3631 Ψ
74 3611 126 3638 lX.

35 3661 98 3679 221.

34 3684 164 3718 Ann.D.

52 3734 138 3766 1415-
171 3742 173 3744 ·

32 3770 86 3793 An.
105 3776 130 3802 3.

33 3808 68 3830 Η.
88 3813 115 3839 5.

26 3845 124 3870 franc.
144 3849 169 3877 3·

797 187 905 235 ἘΤ
990 195 1247 237 ACTA
1331 188 1794 242 PUBLICA.

221 280 336 318 Sciatis,
358 279 438 317 quod
458 279 526 309 Nos
541 278 708 317 suscepimus
718 279 769 316 δε,
783 289 832 318 per
847 279 1014 317 Praesentes,
1033 281 1194 319 suscipimus
1212 283 1241 311 in

181 318 286 350 salvum
314 321 346 350 δε
362 318 489 349 securum
507 316 696 347 Conduetum
715 317 845 348 nostrum
860 341 869 355 ,
898 326 931 348 ac
952 319 980 348 in
1006 319 1237 358 Protecrionem,

181 358 350 388 Tuitionem
366 381 375 393 ,
399 357 432 388 &
454 356 662 387 Defensionem
683 355 790 387 nostras
811 355 938 392 speciales
951 379 960 394 ,
989 357 1189 388 Reverendum
1209 360 1237 388 in

181 394 299 426 Christo
318 395 429 424 Patrem
440 417 447 430 ,
463 393 643 424 Guillielmum
661 394 891 434 Archiepifiopum
905 396 1111 436 Bituricenftm,
1132 396 1237 427 Consi-

178 434 288 464 ]iarium
303 433 470 470 Adversarii
483 444 515 462 no
540 436 565 462 ri
586 436 725 471 Franciae,
742 433 877 472 suumque
893 433 1036 465 solennem
1055 436 1236 465 Ambaxiato—

180 482 240 502 rem
264 472 297 501 &
320 471 474 501 Nuncium
505 472 656 509 pecialem,
673 471 709 502 ad
733 470 857 501 nostram
880 471 1075 511 Praesentiam,
1094 483 1145 510 pro
1160 482 1237 511 parte

180 510 262 546 ipfius
285 509 440 541 Adversarii
463 509 567 547 nostri,
583 511 624 540 ob
646 518 732 539 certas
753 508 853 540 Causas
873 511 906 540 &
922 510 1072 549 Materias,
1090 511 1238 541 Reveren-

180 548 247 577 tiam
266 547 323 577 Dei
344 549 378 579 ὃς
394 549 575 578 evitationem
592 547 734 578 effusionis
747 547 890 586 Sanguinis
905 549 1020 580 humani
1035 551 1150 580 notorie
1167 559 1236 579 con-

181 595 342 623 cernentes,
358 588 387 616 in
411 587 489 616 brevi
511 586 708 617 destinandum
743 596 811 617 cum
825 587 969 626 Sexaginta
985 587 1128 625 Personis,
1146 588 1236 624 carius-

179 633 305 662 cumque
328 623 438 663 Status,
464 624 615 662 Nationis,
639 634 684 655 aut
699 610 881 655 dondinonis
907 626 1039 665 existant,
1058 626 1236 666 Equestribus

180 663 226 693 vel
244 663 439 701 Pedestribus,
457 663 486 692 in
513 662 663 693 Comitiva
678 663 743 700 sua,
762 663 881 695 Armatis
895 666 939 695 vel
954 675 1014 695 non
1034 665 1170 703 Armatis,
1193 665 1236 694 in-

180 701 277 739 fimul,
301 702 345 732 vel
363 703 381 720 ¹¹¹⁵
397 712 446 741 per
467 710 578 740 partes,
605 703 762 741 veniendo,
779 711 835 733 tam
857 712 905 740 per
926 703 1065 740 Terram,
1082 706 1167 741 quam
1208 713 1237 733 er

180 739 284 778 Mare,
302 740 406 776 libere,
429 741 508 777 tute,
527 741 559 771 δε
585 741 679 770 secure
700 750 749 778 per
773 750 873 771 omnes
893 740 1043 778 Civitates,
1059 741 1158 779 villas,
1208 752 1236 771 a-

179 777 250 816 stra,
265 779 298 809 &
319 779 368 808 alia
390 779 471 809 Loca
494 778 585 809 nostra
604 789 807 819 quaecumque,
825 788 882 810 tarn
901 780 996 819 Regni
1008 779 1095 809 nostri
1110 779 1236 818 Angli-ae,

181 818 269 854 quam
293 817 359 846 alibi
381 816 493 847 Ditioni
516 817 619 847 nostrae
635 817 772 857 subjecta,
789 819 950 855 ubicunque
965 818 1031 855 lint,
1050 827 1119 847 cum
1132 827 1232 847 eorum

180 854 283 894 Equis,
302 855 461 894 Hernefiis,
478 855 573 894 Bonis,
586 856 677 894 Auro,
696 856 841 895 Argento,
857 855 1018 893 Jocalibus,
1037 856 1143 893 Libris,
1161 855 1238 886 Lite-

178 894 213 924 ris
228 917 237 931 ,
263 895 297 925 &
320 893 432 925 Catulis
456 894 506 924 suis
525 895 765 932 quibuscumque,
790 894 918 924 Necnon
942 893 1088 932 Navigiis,
1115 894 1236 931 Nautis,

179 931 354 970 Marinariis,
370 932 568 963 Mercimoniis
578 956 587 971 ,
606 933 807 971 ApparatibuS,
825 933 858 961 ὅτ
876 932 1116 970 Applicamentis,
1131 933 1164 963 ὃς
1179 932 1234 962 Of-

180 969 290 1001 ficiariis
313 971 443 1002 Navium
465 971 589 1008 suarum,
604 971 637 1001 ad
659 969 893 1000 transfretandum
910 971 938 1000 in
957 969 1096 1008 Regnum
1109 971 1236 1001 nostrum

182 1008 308 1048 Angliae,
326 1011 359 1041 ὃς
374 1010 439 1040 inde
455 1010 483 1039 in
501 1010 646 1040 Franciam
662 1009 846 1045 revertendo,

219 1048 255 1078 Et
275 1048 341 1079 ideo
362 1049 458 1085 vobis,
478 1048 511 1078 &
535 1044 663 1078 vestrfim
679 1047 810 1085 cuilibet,
828 1055 911 1086 prout
926 1046 959 1077 ad
974 1057 1039 1077 eum
1057 1048 1237 1086 pertinuerit,

179 1085 296 1118 Tenore
313 1087 495 1117 Praesentium
505 1108 514 1123 ,
532 1085 716 1122 Praecipimus
731 1085 764 1115 &
780 1085 964 1122 MandamuS,
978 1085 1125 1116 distrietius
1139 1085 1235 1125 Injun-

180 1134 291 1164 gentes,
314 1127 461 1164 quatinus,
484 1123 672 1162 supradierum
697 1123 878 1153 Guillielmum
897 1123 1147 1163 Archiepiscopum,
1165 1134 1237 1160 prae-

182 1164 270 1193 sentes
288 1164 392 1193 Literas
405 1162 527 1199 nostras,
547 1162 592 1192 vel
611 1162 728 1191 Vidimus
743 1162 908 1198 earumdem,
920 1162 968 1192 sub
982 1163 1079 1201 Sigillo
1093 1165 1234 1193 autentico

179 1202 344 1239 confectas,
362 1202 444 1231 vobis
465 1201 664 1238 exhibentem,
684 1210 749 1231 cum
774 1201 821 1230 illis
841 1200 876 1230 de
903 1201 949 1231 sua
967 1200 1133 1238 Comitivii,
1151 1201 1235 1239 usque

176 1240 212 1277 ad
231 1240 397 1270 Numerum
411 1239 615 1278 supradictum,
632 1240 751 1270 Armatis
766 1239 810 1269 vel
825 1249 885 1269 non
904 1240 1025 1269 Armatis
1035 1261 1043 1276 ,
1055 1249 1122 1270 cum
1138 1241 1236 1268 omni-

177 1278 229 1308 bus
250 1278 335 1309 Bonis
360 1278 428 1316 suis,
447 1278 596 1316 Navigiis,
612 1278 733 1314 Nautis,
753 1277 931 1315 Marlnariis,
951 1278 985 1307 ὃ(
1004 1277 1060 1307 aliis
1075 1278 1156 1307 rebus
1170 1278 1234 1307 uni-

177 1316 278 1355 versis,
294 1317 328 1346 ad
351 1327 381 1347 ea
403 1317 587 1356 speetantibus
608 1317 640 1347 &
661 1317 881 1354 pertinentibus,
900 1316 1026 1353 infimul,
1044 1316 1088 1345 vel
1105 1325 1153 1354 per
1168 1315 1235 1344 Par-

176 1363 233 1392 teS,
252 1365 281 1385 ut
297 1356 456 1392 praefertur,
475 1356 629 1392 veniendo,
646 1354 760 1392 stando,
781 1353 937 1391 morando,
954 1354 986 1384 <Sc
1001 1353 1167 1392 quiescendo
1178 1376 1187 1391 ,
1203 1355 1232 1383 in

177 1393 255 1423 dieto
276 1393 378 1431 Regno
401 1393 516 1431 nostro,
536 1394 578 1423 vel
596 1393 660 1423 alibi
677 1394 706 1423 in
722 1393 790 1422 locis
805 1393 921 1423 Ditioni
938 1391 1041 1421 nostrae
1058 1393 1184 1430 subjectis
1199 1392 1232 1422 ὃ(

177 1431 243 1461 inde
257 1425 417 1469 redeundo,
436 1441 491 1462 tam
505 1431 541 1461 de
555 1431 629 1469 Die,
647 1433 734 1470 quam
747 1430 782 1461 de
797 1430 915 1468 Nocte,
935 1432 1151 1469 manuteneatis,
1167 1441 1234 1468 pro-

177 1471 294 1507 tegatis,
314 1471 345 1500 ὃς
360 1471 526 1506 defendatis,

215 1508 290 1538 Non
307 1509 452 1539 inferentes
468 1507 586 1546 eisdem,
603 1517 656 1538 nec
672 1516 773 1538 eorum
786 1507 886 1544 alicui,
904 1507 965 1543 seu,
986 1516 1123 1545 quantum
1137 1508 1166 1537 in
1182 1518 1234 1537 vo-

178 1546 221 1576 bis
243 1546 338 1585 fuerit,
355 1549 390 1576 ab
412 1547 468 1576 aliis
492 1546 586 1576 inferri
611 1545 803 1585 quovismodo
817 1568 826 1582 ,
852 1546 1062 1585 permittentes,
1083 1544 1233 1584 Iniuriam,

178 1584 364 1622 Molestiam,
392 1584 578 1625 Dampnum,
606 1585 757 1622 Arestum,
786 1583 975 1621 Violentiam,
992 1583 1234 1621 [mpedimentum

173 1623 301 1660 aliquod,
320 1622 366 1653 seu
387 1623 549 1654 Gravamen
564 1645 573 1660 ,
598 1623 626 1652 in
652 1621 787 1661 Corpore
809 1622 866 1651 live
891 1622 974 1652 Bonis
993 1622 1235 1662 quibuscumque,

176 1662 283 1691 ratione
303 1660 424 1691 Guerrae
439 1684 450 1700 ,
473 1661 732 1700 Artemptatorum,
761 1660 914 1698 Marquae,
934 1660 1150 1697 Reprisaliorum
1162 1684 1171 1699 ,
1189 1661 1233 1691 seu

173 1698 364 1738 Intercursus,
382 1710 472 1738 neque
485 1699 674 1739 obligationis
688 1700 732 1730 seu
750 1698 865 1737 Debiti,
884 1709 938 1729 nec
951 1700 1014 1729 alias
1028 1700 1234 1738 quovismodo,

174 1739 242 1776 quin
259 1739 351 1776 potius
365 1739 482 1776 eisdem,
499 1739 532 1769 ὃς
545 1747 646 1768 eorurn
662 1737 795 1775 cuilibet,
814 1738 848 1768 de
864 1737 1013 1776 Navigiis,
1033 1739 1150 1776 Nautis,
1167 1738 1234 1768 Ma—

174 1778 295 1814 rinariis,
313 1776 506 1815 victualibus,
524 1776 673 1809 Comitivfi
691 1777 723 1807 &
745 1775 919 1813 Condueru,
936 1786 988 1815 pro
1011 1787 1110 1807 eorum
1124 1777 1235 1807 Securi-

173 1823 244 1854 tate,
264 1816 297 1846 &
319 1816 377 1845 aliis
401 1815 501 1845 Rebus
523 1815 626 1846 eisdem
649 1815 819 1852 necessariis,
838 1814 1003 1852 provideatis
1025 1816 1068 1845 seu
1092 1815 1233 1853 provideri

172 1854 296 1921 ¹famatis,
315 1854 455 1884 mediante
479 1854 578 1884 Pretio
601 1854 797 1892 competenti,
812 1853 833 1883 si
852 1853 931 1891 super
950 1853 1008 1884 hoc
1022 1853 1127 1884 fueritis
1141 1855 1234 1892 requi-

183 1901 212 1922 lt!

210 1914 248 1960 fir
258 1953 267 1968 ,
283 1930 300 1960 fi
318 1931 491 1960 contrarium
507 1930 625 1960 Factum
641 1930 686 1960 vel
702 1929 911 1968 Attempratum
927 1929 1008 1962 fuerit
1029 1929 1127 1968 (quod
1143 1930 1230 1969 abiit)

174 1978 227 1997 vos
250 1969 282 1998 &
303 1968 421 2006 quilibet
445 1967 572 1999 vestrum
596 1969 652 1999 hoc
667 1969 849 2008 Emendetis,
867 1970 900 2000 &
911 1970 945 2000 ad
961 1970 1073 2000 Statum
1086 1969 1233 2007 pristinum

173 2007 208 2037 ·&
224 2006 349 2037 debitum
363 2007 500 2037 reducatis
515 2007 560 2037 seu
576 2007 672 2037 reduci
686 2009 719 2039 δι’.
732 2007 876 2038 emendari
893 2007 999 2039 faciatis
1012 2007 1139 2044 indilate,

212 2044 249 2074 Et
271 2044 335 2074 Nos
348 2046 448 2083 etiarn,
465 2044 542 2075 bona
556 2044 610 2076 fide
625 2046 657 2077 ὅ(
675 2047 704 2076 in
724 2046 811 2076 verbo
828 2046 938 2085 Regio,
957 2044 1080 2076 Restitui
1098 2046 1190 2076 facere
1204 2047 1233 2076 in

173 2083 315 2121 integrum
334 2085 430 2113 omnia
454 2084 482 2113 in
498 2085 668 2114 contrarium
685 2084 770 2115 Fadia
785 2086 978 2122 promittimus
992 2094 1041 2125 per
1053 2083 1101 2114 has
1116 2085 1234 2122 praesen-

173 2128 214 2151 tes
234 2121 340 2152 nostras
363 2121 487 2159 Literas,
505 2131 571 2161 quas
588 2122 703 2161 quidem
729 2123 759 2152 in
783 2123 832 2153 suo
858 2124 977 2162 robore,
995 2122 1079 2162 usque
1092 2124 1125 2153 ad
1141 2123 1233 2153 Oeta*

173 2170 246 2227 yubm
265 2159 354 2190 Diem
371 2159 451 2198 Junii
474 2162 609 2198 proximo
630 2170 780 2193 venturum
795 2185 805 2200 ,
829 2162 1016 2201 permansuras
1047 2161 1178 2192 volumus
1198 2164 1231 2193 &

176 2209 204 2236 ru
227 2208 315 2228 emus.

211 2235 244 2266 In
265 2246 388 2274 quorum
408 2239 539 2267 onmium
562 2237 776 2269 Testimonium
794 2237 858 2276 ipsas
871 2239 978 2269 nostras
993 2238 1136 2278 praesentes
1154 2237 1232 2269 Lite·

176 2284 217 2304 ras
234 2275 291 2304 fieri
310 2274 429 2306 fecimus
448 2275 593 2313 Parentes,
608 2277 640 2307 &
661 2275 749 2315 Sigilli
766 2277 852 2307 nostri
873 2279 1034 2308 munimine
1053 2277 1188 2306 roborari.

210 2313 280 2344 Dat.
298 2314 328 2343 in
347 2313 457 2344 Palatio
474 2314 562 2354 nostro
575 2314 796 2354 W’stmonasterii
813 2316 932 2347 decimo
943 2316 1027 2347 tertio
1042 2316 1088 2346 die
1104 2314 1215 2352 Aprilis.

800 2394 853 2422 Per
868 2392 950 2431 ipficm
968 2395 1073 2429 Regem.

176 2466 350 2497 Confimiles
378 2467 484 2498 Literas
503 2467 591 2507 Regis
612 2467 649 2498 de
667 2467 742 2499 salvo
762 2468 921 2500 Condueru
942 2469 1048 2500 habent
1070 2468 1234 2507 subscripti,

211 2514 281 2534 cum
304 2504 430 2536 Per-sonis
444 2505 599 2543 subscriptis
617 2508 646 2536 in
661 2506 810 2538 Comitiva
823 2507 885 2547 sufi,
903 2518 951 2546 per
967 2508 1044 2538 idem
1059 2517 1168 2548 tempus
1182 2507 1235 2538 du-

210 2548 310 2573 raturas
323 2566 333 2581 ,
349 2544 398 2574 sub
414 2545 513 2575 eadem
530 2544 622 2583 Data,
640 2545 787 2585 videlicet,

177 2622 247 2688 PP.
271 2618 412 2664 Epifiopus
432 2622 586 2651 Lexovien.
612 2619 791 2654 Consiliarius
805 2645 814 2660 ‚
846 2622 908 2653 &c.
931 2631 999 2654 curn
1024 2622 1237 2663 Qinquaginta

203 2658 370 2727 Εἶῖἒὲῗιῖἰιιις
391 2700 481 2727 Comes
501 2698 674 2728 Vindocinen.
699 2696 823 2736 Magnus
844 2698 980 2738 Magister
994 2698 1136 2737 Domus,
1155 2699 1237 2730 Con-

177 2735 339 2772 sanguineus
359 2737 398 2778 Ιὃς
421 2734 602 2768 Consiliarius
627 2736 796 2777 Adversarii
819 2740 896 2775 Regis
918 2741 1055 2776 Franct‘ae,
1073 2748 1143 2769 curn
1158 2738 1238 2768 Cen-

175 2773 486 2841 ωὲιιξῐῑῗὶἓξῖιῗιιιξῖσῗξνιςιῖς
500 2812 674 2842 Tancarville
685 2812 916 2852 Consanguineus
931 2813 964 2846 ὃς
978 2814 1169 2853 Consiliarius,
1178 2813 1237 2850 &c.

176 2858 209 2880 ut
215 2850 321 2890 fhpra,
339 2859 407 2880 cum
425 2859 541 2881 centum
557 2851 701 2889 Personis,
719 2852 780 2882 &o

213 2888 332 2919 Karalus
349 2889 480 2918 Dominus
496 2888 528 2918 de
547 2892 654 2918 suriaco
672 2889 987 2928 Miles,Cambcllarius
999 2892 1033 2922 &
1049 2891 1240 2931 Confiliarius,

179 2926 239 2957 &a
259 2936 327 2958 cum
344 2927 561 2965 Qrinquaginta
578 2924 721 2965 personis,
740 2929 800 2958 &c.

215 2964 302 2994 Guido
323 2966 355 2995 de*
373 2965 488 3003 Negella
510 2964 654 2996 Dominus
675 2966 860 2997 d’Offemont
881 2966 983 3006 Miles,
1002 2967 1063 3002 &a
1086 2975 1116 2997 ut
1135 2970 1238 3009 sopra,

179 3012 247 3033 cum
264 3004 478 3043 Quinquaginta
494 3004 637 3042 Personis,
657 3005 717 3036 ὅτε.

216 3043 370 3081 Braquetus·
392 3045 524 3072 Dominus
546 3043 579 3072 de
599 3046 786 3083 Braquemont
807 3042 912 3082 Miles,
930 3042 990 3079 &c.
1010 3051 1041 3075 ut
1051 3043 1152 3084 fiaepra,
1170 3056 1238 3077 curn

179 3079 392 3118 Quinquaginta
409 3080 553 3119 Personis,
574 3083 636 3112 &c.

176 3116 357 3186 &gohannes
379 3117 412 3147 de
431 3118 526 3159 Roffay
546 3119 632 3151 Miles
646 3142 656 3159 ‚
677 3121 738 3151 &c-
759 3124 830 3151 cum'
856 3120 1073 3160 Qinquaginta
1092 3121 1237 3162 Personis,

217 3180 352 3232 Magister
370 3191 514 3231 Johannes·
532 3195 656 3224 Andreae
674 3196 855 3227 Consiliarius
874 3197 908 3228 &
930 3197 1097 3230 secretarius
1119 3199 1239 3229 Adver-

171 3233 243 3273 shrii
256 3235 333 3268 Regis
349 3233 488 3268 Franciae,
505 3232 565 3262 &a
581 3243 651 3263 cum
665 3233 780 3265 Decem
796 3235 943 3274 Personis,
961 3237 1023 3267 ἃς.

216 3270 351 3310 Magister
374 3271 507 3299 Gouterus
528 3269 612 3308 Colli,
630 3270 690 3306 &iz
711 3279 742 3302 ut
763 3272 863 3313 siapra,
881 3284 948 3305 curn
963 3273 1076 3305 Decem
1094 3274 1239 3315 Personis,

177 3311 519 3414 §allagisterSJohISmnps
533 3346 570 3390 ¹de
591 3349 619 3376 V
619 3346 779 3387 illebrque,
796 3350 858 3380 ὅτε.
873 3350 1042 3381 Secretarius
1055 3352 1088 3382 &
1102 3351 1239 3384 Consilia-

179 3395 358 3494 {ulzglassffer
374 3386 683 3461 e§iteplssclgzffcllflsje&l'led'alo
701 3424 845 3463 Reffcrfz‘u,
860 3424 921 3461 &a
940 3434 971 3457 ut
983 3426 1089 3466 ffipra,
1102 3439 1170 3459 cum
1186 3429 1240 3460 Sex

205 3474 232 3494 er
244 3473 316 3494 onis.

203 3591 230 3618 ²1&
242 3593 288 3624 De
308 3582 409 3634 fhlvis
435 3586 641 3622 Condunubus
659 3599 715 3635 pro
738 3586 1007 3633 Ambaffiatoribus
1026 3600 1210 3629 memoratis.

276 3673 308 3704 X
325 3673 441 3707 eisdem>
467 3673 602 3709 Salutem.

183 3671 240 3731 R
282 3712 399 3750 Sciatis,
456 3723 477 3742 c.
492 3720 522 3742 ut
531 3712 618 3752 fiepra
634 3711 712 3753 uJZJue
725 3712 780 3751 ibi,
798 3712 946 3750 speciales,
962 3712 1020 3748 &a
1038 3718 1103 3744 tunc
1110 3716 1159 3756 fic,
1176 3720 1237 3748 Lae

181 3748 312 3781 dmicum
327 3754 454 3783 Comitem
469 3752 642 3782 Vindocinen.
659 3751 804 3788 Magnum
822 3750 992 3789 Magistrum
1008 3752 1142 3792 Domfis,
1152 3755 1237 3786 Con—

181 3787 359 3825 sanguineum
374 3789 408 3821 δε
424 3789 622 3821 consiliarium
631 3812 640 3827 ,
657 3789 717 3824 &c.
733 3797 766 3819 ut
770 3789 856 3829 st'aepra
865 3813 873 3826 ,
891 3788 1087 3821 destinandum
1096 3814 1106 3830 ,
1120 3793 1159 3828 ό·
1172 3801 1238 3824 tunc

183 3824 218 3864 [ic
227 3846 238 3862 ,
252 3835 322 3857 cum
343 3826 471 3859 Centum
495 3829 529 3859 δε
543 3827 734 3868 Qadraginta
746 3828 884 3866 Personis,
897 3826 959 3862 &c.
974 3835 1005 3857 ut
1014 3829 1114 3868 ficpra,
1123 3837 1237 3863 mutatis

188 3863 325 3906 mtana'is
337 3864 415 3907 (affine
432 3865 469 3895 ibi
477 3888 486 3903 ,
504 3867 532 3897 in
547 3867 598 3897 suo
612 3867 716 3898 robore
749 3865 787 3901 ό
799 3873 864 3896 tunc
869 3866 919 3907 fic,
932 3866 1017 3905 usque
1028 3868 1062 3898 ad
1075 3867 1237 3909 Septimum

187 3901 278 3932 Diem
286 3901 352 3939 Juhi
368 3904 501 3939 proximo
515 3913 666 3936 venturum
676 3928 686 3943 ,
740 3914 760 3934 c.
778 3912 809 3934 ut
818 3904 914 3944 fhpra.

179 3974 183 3977 ,
224 3939 290 3974 Dat.
307 3940 336 3973 in
356 3939 463 3972 Palatio
477 3942 564 3982 nostro
578 3943 799 3985 Wstmonasterii
814 3944 889 3974 iexto
903 3941 950 3973 die
958 3943 1046 3982 Junii.

861 4020 916 4053 Per
927 4019 1010 4059 ipficm
1025 4023 1129 4059 Regini.>
1177 4024 1181 4029 ’
1199 4007 1201 4009 ¹

2260 222 2334 250 111

1281 319 1449 350 Consimiles
1472 319 1577 351 Literas
1600 320 1689 359 Regis
1709 323 1744 354 de
1769 325 1842 355 salvo
1866 324 2022 357 Conduetu
2046 326 2150 357 babent
2177 329 2336 369 subscripti,

1319 368 1385 426 Dm
1403 358 1528 427 Pergus-is
1544 359 1714 399 subscriptis,
1732 373 1780 401 per
1796 364 1873 394 idern
1888 373 1996 404 tempus
2010 367 2224 405 duraturas,sub
2239 369 2336 399 eadem

1353 408 1412 434 ita,
1431 408 1456 427 vr
1479 407 1559 427 elect
1569 421 1577 434 ,

1316 471 1480 502 Guillielmus
1502 472 1718 516 Archippisc'opur
1737 477 1884 506 Bituriren.
1900 478 2097 518 Coniiliarius,
2116 479 2175 516 &a
2192 489 2224 511 ut
2231 482 2336 521 ficpra‚

1278 520 1347 540 cum
1363 512 1508 550 Sexaginta
1528 512 1673 549 Perionis,
1689 515 1747 544 &c.

1278 585 1295 615 s
1317 551 1348 592 P.
1364 552 1501 617 Egciftopus
1516 553 1666 580 Lexovren.
1680 551 1943 591 Conliliarius,&c.
1958 565 2026 584 cum
2043 557 2253 598 Quinquaginta
2269 558 2337 589 Per-

1289 596 1367 624 onis,
1418 598 1443 617 c.

1316 625 1425 654 Carolus
1440 629 1572 655 Dominus
1586 627 1617 655 de
1632 630 1739 656 ruriaco
1754 626 1854 666 Miles,
1874 629 2075 662 Cambellarius
2092 633 2124 663 &
2141 633 2338 674 Confiliarius,

1279 662 1340 692 &c⁴
1355 673 1421 693 cum
1439 664 1585 703 Sexaginta
1600 665 1744 703 Perlonis,
1763 668 1822 696 δίε.

1304 703 1466 744 -Βνᾳᾳιιεῐιις
1483 705 1616 732 Dominus
1636 704 1668 732 de
1691 706 1874 745 Braquemont
1897 704 2004 743 Miles,
2021 706 2082 741 &a
2101 716 2132 737 ut
2145 708 2247 750 ffipm,
2265 722 2334 742 curn

1280 737 1411 777 Triginta
1426 739 1571 778 Personis,
1591 744 1651 772 &c.

1317 777 1452 813 Magister
1465 778 1610 815 Johannes
1627 780 1750 808 Andreae
1768 780 1947 811 Consiliarius
1960 783 1993 813 ὃς
2008 782 2174 814 secretarius
2186 787 2331 827 Adversi-

1276 818 1310 843 νὴ
1323 818 1397 852 Regis
1414 818 1551 854 Franciae,
1568 818 1627 847 &o
1642 827 1710 847 cum
1727 818 1841 848 Decem
1858 818 1994 857 Per-ionis,
2013 822 2073 851 &o

1280 852 1449 921 &Magister
1466 857 1596 884 Gouterus
1618 855 1701 893 Colli,
1720 856 1780 890 &cy
1801 864 1833 886 ut
1846 856 1948 896 stepra,
1968 869 2035 888 cum
2059 859 2173 890 Decem
2197 861 2335 901 Personis,

1314 902 1341 921 c.

1324 1027 1374 1058 De
1398 1026 1566 1060 Trabiando
1577 1054 1588 1070 ,
1606 1028 1696 1074 fhper
1715 1031 1922 1075 Prorogasione
1939 1031 2126 1077 Trmgarnm
2145 1036 2285 1068 Franciae.

1275 1109 1354 1178 LEl
1380 1111 1447 1151 Roy
1468 1122 1483 1141 a
1504 1121 1587 1143 toutz
1607 1113 1705 1151 ceulx,
1725 1115 1774 1151 qui
1795 1123 1841 1144 ces
1862 1115 1996 1153 presentes
2014 1116 2121 1148 Lettres
2135 1128 2265 1157 verront,
2284 1119 2332 1151 Sa-

1357 1158 1396 1179 ut.

1313 1185 1444 1216 Comme
1466 1189 1596 1217 certaines
1617 1187 1725 1218 Treues
1744 1190 1881 1227 generales
1900 1200 1935 1220 en
1959 1191 2027 1222 Mer
2039 1192 2071 1222 ὃ(
2084 1203 2119 1223 en
2135 1194 2242 1233 Terre,
2259 1198 2334 1228 aient

1275 1221 1331 1252 este
1352 1225 1485 1261 n'agaires
1505 1225 1695 1264 Pr-oroguees,
1714 1237 1790 1257 entre
1813 1230 1926 1259 certains
1950 1231 2176 1270 Ambaxadeurs,
2197 1232 2332 1266 Commis

1274 1260 1308 1290 &
1330 1262 1463 1299 Deputez
1487 1263 1571 1300 depar
1591 1264 1685 1293 nostre
1701 1265 1875 1305 Advershire
1886 1269 1916 1296 de
1927 1271 2064 1307 Fraunce,
2084 1280 2153 1307 pour
2168 1275 2230 1311 luy,
2248 1275 2332 1304 d'une

1275 1308 1349 1338 part,
1369 1303 1401 1332 &
1417 1300 1491 1331 Noz
1509 1302 1641 1332 Commis
1659 1301 1810 1341 Deputez,
1830 1314 1898 1342 pour
1915 1306 2019 1344 Nous,
2034 1308 2148 1340 d'aultre
2162 1319 2240 1349 part,

1316 1338 1370 1368 Les
1395 1340 1497 1377 quelles
1519 1350 1570 1370 ont
1591 1351 1605 1370 a
1625 1340 1707 1369 dures
1729 1341 1878 1372 seulement
1897 1344 2007 1382 jusque,=
2027 1355 2060 1376 au
2083 1348 2186 1383 primer
2209 1351 2272 1387 jour
2294 1351 2333 1383 du

1276 1374 1357 1407 Mois
1370 1378 1404 1407 de
1421 1377 1492 1417 May
1506 1379 1759 1418 prouchainement
1774 1389 1889 1417 venant,

1311 1414 1349 1445 Et
1364 1417 1382 1445 il
1399 1417 1450 1446 soit
1464 1417 1528 1447 ainfi
1544 1427 1597 1456 que
1611 1417 1722 1456 pluliers
1735 1416 1843 1448 Choses
1857 1420 1889 1448 ὃς
1906 1418 2061 1459 Besongnes
2076 1422 2135 1454 sont
2154 1436 2168 1454 a
2182 1426 2324 1459 Traifrier

1274 1461 1346 1489 pour
1369 1455 1395 1485 le
1417 1454 1486 1487 Bien
1507 1456 1542 1485 de
1564 1456 1633 1486 Paix
1653 1454 1734 1492 final,
1752 1465 1830 1486 entre
1851 1458 1927 1486 Nous
1947 1459 1979 1488 ὃς
1994 1460 2079 1498 nostre
2091 1462 2130 1490 dit
2144 1453 2334 1506 Adverfhire'

1275 1491 1312 1521 les
1334 1493 1436 1530 quelles
1450 1518 1459 1532 ,
1482 1504 1553 1533 pour
1571 1495 1596 1524 la
1615 1494 1753 1532 grandeur
1770 1493 1805 1524 de
1827 1494 1851 1524 la
1875 1495 1998 1533 Nlatere,
2026 1507 2059 1526 ne
2081 1504 2242 1536 pourroienr
2263 1491 2334 1536 esttg

1275 1529 1427 1573 Expediees
1440 1543 1475 1562 ne
1492 1533 1689 1563 Determinees
1702 1531 1807 1562 dedens
1822 1533 1846 1562 le
1861 1542 1953 1572 temps
1966 1535 2097 1567 dessusdit
2106 1560 2116 1575 ,
2135 1539 2240 1572 ficome
2257 1544 2276 1573 il
2292 1544 2332 1574 est

1273 1570 1501 1606 vrayssemblable
1517 1570 1612 1602 Chose
1627 1582 1642 1601 a
1655 1571 1763 1608 croire,

1312 1607 1365 1638 Par
1379 1619 1455 1648 quoy
1471 1610 1490 1639 il
1505 1609 1545 1639 est
1558 1609 1733 1640 convenable
1747 1611 1781 1640 &
1796 1610 1936 1642 neceffere
1949 1611 2050 1649 ycelles
2066 1612 2174 1645 Treues
2187 1620 2326 1656 generales

1274 1656 1309 1675 en
1336 1647 1404 1676 Mer
1424 1650 1457 1679 ὃς
1477 1658 1513 1678 en
1525 1648 1633 1686 Terre,
1647 1647 1713 1677 ainsi
1728 1647 1918 1687 Proroguees,
1936 1651 1968 1679 ὃς
1985 1660 2031 1687 par
2046 1654 2122 1681 Nous
2143 1654 2176 1684 &
2191 1656 2276 1694 nostre
2294 1644 2336 1689 ds}

1274 1685 1448 1726 Adverfizire
1467 1686 1672 1724 ConfermeeS,
1689 1696 1826 1724 avecques
1844 1696 1934 1718 toutes
1946 1689 2018 1718 leurs
2033 1689 2165 1731 Clauses,
2185 1694 2256 1726 estre
2274 1696 2335 1727 Re-

1273 1725 1355 1763 priles
1370 1727 1401 1755 &
1416 1725 1540 1764 Alonges
1552 1736 1566 1755 a
1580 1725 1640 1764 plus
1653 1725 1722 1763 long
1735 1725 1844 1756 Terme
1853 1749 1862 1763 ,

1311 1761 1437 1792 Pendant
1458 1764 1483 1792 le
1509 1765 1573 1802 quel
1594 1765 1672 1792 Nom
1686 1763 1807 1802 puiffons
1823 1766 1939 1794 envoier
1954 1775 2014 1796 noz
2025 1766 2202 1807 Sollempnes
2214 1770 2333 1804 Meffai-

1275 1809 1324 1837 ges
1349 1801 1381 1830 &
1405 1802 1630 1839 Ambaxadeurs,
1649 1813 1663 1832 a
1682 1810 1745 1832 tout
1763 1801 1882 1832 suffiunt
1907 1804 2010 1843 Pouir,
2029 1807 2174 1842 {tardevers
2187 1810 2273 1848 nostre
2292 1813 2335 1842 dit'

1273 1838 1461 1878 Adveiszire,
1480 1851 1550 1878 pour
1571 1840 1772 1878 Comuniquer
1794 1842 1827 1871 Sc
1849 1842 1991 1873 Traictier
2015 1844 2050 1873 de
2064 1845 2088 1874 la
2106 1845 2171 1876 Paix
2187 1848 2277 1879 dessus
2289 1851 2332 1881 di-

1274 1885 1318 1914 te,
1337 1887 1414 1908 entre
1436 1879 1523 1909 Nous
1537 1881 1570 1910 &
1588 1879 1683 1908 nostre
1698 1879 1738 1908 dit
1756 1879 1936 1918 Adversaire,
1953 1881 2091 1913 sicomme
2107 1884 2153 1915 ila
2168 1885 2225 1916 este
2241 1888 2283 1918 dir
2298 1891 2332 1920 &

1273 1917 1435 1955 pourparle,
1449 1928 1486 1948 en
1508 1918 1533 1949 la
1556 1917 1692 1948 presence
1711 1917 1759 1947 des
1777 1917 1819 1948 dis
1833 1919 2043 1950 Ambaxadeurs
2057 1921 2091 1951 de
2107 1921 2201 1954 nostre
2215 1925 2255 1956 dit
2271 1927 2334 1959 Ad-

1273 1955 1389 1985 vei-faire
1404 1979 1414 1993 ,
1435 1966 1473 1986 en
1494 1955 1519 1987 la
1537 1955 1612 1987 Ville
1630 1956 1666 1987 de
1686 1955 1762 1987 Paris
1774 1979 1784 1994 ,
1809 1956 1900 1995 quand
1920 1959 1958 1987 ilz
1977 1968 1994 1998 y
2011 1967 2062 1990 ont
2084 1960 2143 1992 este
2162 1961 2331 1995 derreinere-

1273 2002 1370 2031 ment,

1310 2031 1408 2061 Savoir
1424 2032 1521 2063 saisons
1536 2043 1591 2070 que
1606 2033 1709 2070 Nous,

1309 2068 1447 2101 Confians
1468 2072 1501 2101 ad
1526 2072 1599 2109 plain
1622 2072 1657 2102 de
1682 2072 1706 2101 la
1728 2071 1836 2109 loialte,
1853 2071 1911 2102 sens
1922 2096 1931 2109 ,
1948 2074 1981 2104 &
1997 2073 2147 2106 discretiori
2162 2077 2215 2115 de,
2233 2079 2330 2111 nostre

1272 2118 1336 2138 ame
1351 2110 1384 2141 ὅσ
1398 2110 1448 2141 feal
1464 2109 1629 2148 Consillier,
1649 2109 1769 2140 Meistre
1782 2109 1872 2149 Philip
1887 2113 2004 2148 Morgan
2020 2112 2154 2145 Dostour
2167 2126 2195 2145 es
2212 2117 2314 2156 Loies,

1310 2147 1424 2178 Ycellui
1444 2159 1531 2179 avons
1551 2148 1634 2186 Essu,
1651 2147 1804 2186 Commis,
1824 2149 1856 2179 &
1874 2149 2031 2188 Ordonne,
2050 2153 2098 2189 &,
2116 2155 2200 2191 paria
2214 2156 2331 2187 Teneur

1273 2185 1309 2216 de
1331 2196 1377 2216 ces
1399 2185 1557 2225 Presentes,
1579 2187 1730 2225 Essissons,
1749 2187 1967 2227 CommettonS,
1993 2190 2025 2219 &
2049 2190 2240 2232 Ordonnons,
2257 2196 2331 2233 pour

1272 2225 1305 2255 &
1320 2235 1359 2254 ou
1373 2224 1459 2255 Nom
1474 2226 1508 2256 dc
1525 2226 1627 2263 Nous,
1644 2236 1659 2255 a
1671 2225 1830 2264 Proroguer
1845 2226 1880 2256 les
1895 2227 1965 2257 dites
1977 2227 2098 2268 Tmes,
2324 2260 2327 2263 ,

1309 2262 1396 2293 Selon
1418 2265 1442 2294 la
1456 2264 1562 2295 Forme
1577 2265 1609 2294 ὃς
1625 2264 1758 2302 Teneur,
1777 2261 1810 2293 δὲ
1825 2272 1914 2294 toutes
1929 2265 1967 2295 les
1983 2266 2096 2297 Clauses
2110 2269 2143 2299 δε
2157 2268 2330 2302 Particulari-

1272 2308 1329 2331 tees
1345 2303 1493 2332 continues
1515 2313 1550 2332 en
1573 2302 1691 2341 ycelles,
1710 2302 1813 2339 quelles
1833 2311 1885 2332 ont
1902 2303 1958 2333 este
1972 2304 2207 2338 derreineremcnt
2224 2309 2329 2341 Proro⁴

1272 2348 1371 2378 guees,
1390 2339 1498 2378 Prisez,
1517 2343 1551 2372 &
1568 2341 1695 2370 Fermecs
1707 2350 1826 2370 comme
1841 2340 1899 2371 dite
1913 2341 1972 2379 est,

1312 2380 1460 2415 Avecques
1479 2379 1550 2409 celui
1565 2389 1603 2409 ou
1616 2378 1696 2408 ceulx
1708 2401 1717 2415 ,
1735 2380 1783 2417 qui
1798 2379 1852 2409 sera
1863 2390 1901 2410 ou
1917 2380 2010 2411 seronr
2024 2381 2165 2413 Commiz
2180 2385 2213 2415 &
2230 2385 2330 2424 Depu-

1272 2425 1318 2446 tez
1332 2427 1346 2446 a
1360 2417 1384 2447 la
1397 2417 1590 2456 Prorogacion
1607 2417 1729 2447 d'icelles
1744 2417 1827 2454 depar
1842 2417 1937 2448 nostre
1950 2419 1990 2450 dit
2007 2420 2186 2461 Adversaire,
2205 2425 2278 2454 aiant
2292 2436 2332 2456 ou

1271 2457 1344 2485 aians
1359 2465 1373 2484 a
1387 2466 1421 2486 ce
1436 2456 1542 2486 Pouoir
1556 2455 1710 2493 souffisant,
1726 2456 1763 2485 du
1779 2457 1820 2486 dit
1833 2455 1959 2486 Premier
1972 2460 2035 2494 jour
2049 2459 2084 2489 de
2102 2459 2333 2501 May,prochain

1274 2502 1375 2525 venant
1385 2517 1393 2531 ,
1409 2504 1510 2533 rarique
1528 2504 1614 2524 come
1630 2495 1715 2532 plerra
1729 2505 1744 2524 a
1760 2494 1855 2524 nostre
1868 2495 1909 2525 dit
1924 2495 2098 2536 Consellier,

1274 2571 1292 2600 s
1309 2532 1346 2563 Et
1366 2532 1487 2565 d'icelles
1510 2532 1618 2562 Tieues
1640 2533 1706 2563 faire
1727 2532 1808 2563 Crier
1822 2534 1855 2564 <Sc
1872 2532 1988 2564 Pubher
2005 2545 2054 2572 par
2071 2544 2150 2575 tout,
2169 2548 2207 2568 ou
2223 2539 2333 2570 mestier

1287 2581 1329 2601 era

1312 2594 1348 2639 E}
1364 2609 1399 2640 dc
1414 2609 1574 2640 Promettre
1583 2632 1592 2648 ,
1607 2619 1679 2648 pour
1692 2609 1781 2639 Nous
1795 2609 1827 2639 &
1842 2618 1878 2639 en
1896 2610 1990 2642 nostre
2005 2611 2110 2651 Nom,
2129 2613 2152 2644 la
2168 2613 2332 2648 Confirma÷

1276 2649 1341 2678 cion
1355 2648 1476 2678 d’icenes
1489 2648 1561 2678 estre
1576 2658 1622 2687 par
1638 2649 1725 2678 Nous
1740 2649 1821 2685 faite,

1312 2686 1349 2717 Et
1364 2687 1557 2723 generalment
1573 2687 1609 2717 de
1624 2687 1706 2725 faire,
1725 2695 1873 2724 excercet,
1892 2687 1925 2716 &
1937 2687 2085 2726 expedier,
2102 2699 2130 2720 es
2146 2689 2253 2722 Choses
2275 2693 2334 2723 des-

1275 2725 1412 2763 suisdites,
1430 2726 1463 2755 &
1489 2735 1523 2755 en
1538 2725 1556 2745 ἢ*
1567 2725 1689 2756 chascun
1710 2725 1829 2756 d'icelles
1839 2747 1847 2762 ,
1863 2726 1934 2755 leurs
1959 2727 2166 2759 circonstances
2182 2730 2215 2760 δε
2231 2730 2336 2769 depen-

1276 2774 1337 2801 ces,
1354 2774 1400 2801 par
1413 2763 1508 2794 nostre
1522 2763 1578 2794 dite
1593 2764 1774 2801 Conseillier,
1792 2774 1807 2793 a
1822 2772 1882 2794 tant
1898 2773 1984 2795 come
1999 2765 2086 2796 Nous
2100 2767 2204 2798 ferions
2220 2770 2253 2800 δι’.
2271 2771 2336 2801 faire

1276 2804 1424 2841 pourrions
1440 2803 1465 2833 se
1482 2802 1588 2841 presens
1601 2811 1618 2841 y
1631 2802 1735 2833 estions
1744 2825 1754 2840 ,

1314 2841 1379 2881 Luy
1392 2851 1479 2871 avons
1494 2841 1603 2871 Donne
1618 2843 1651 2873 &
1666 2841 1829 2877 Donnons,
1846 2846 1894 2878 par
1906 2850 1952 2870 ces
1965 2840 2125 2882 Presentes,
2132 2844 2205 2882 plain
2220 2845 2337 2887 Povoir,

1276 2879 1440 2910 Atiffitoritee
1450 2903 1458 2916 ,
1477 2880 1510 2911 &
1525 2879 1716 2910 Mandement
1729 2879 1860 2918 especial,

1314 2917 1506 2957 Promettans,
1525 2928 1560 2948 en
1582 2919 1678 2949 bonne
1699 2919 1747 2957 foy
1769 2918 1802 2948 ὃς
1822 2927 1856 2947 en
1875 2917 1968 2954 parole
1982 2917 2120 2958 de-Roy,
2137 2922 2216 2952 avoir
2232 2923 2335 2955 Ferme

1277 2957 1308 2987 ὃ(
1323 2957 1349 2986 Α
1371 2957 1478 2993 reable,
1495 2968 1512 2987 a
1526 2958 1678 2995 tousjours‚
1697 2964 1760 2987 tout
1774 2966 1809 2986 ce
1822 2956 1870 2993 qui
1885 2965 1932 2992 par
1946 2956 2041 2987 nostre
2053 2957 2095 2989 dit
2108 2958 2274 2991 Conseillier
2285 2972 2334 2992 au-

1276 3005 1305 3025 ra
1330 3006 1345 3026 e
1370 3006 1386 3026 e
1408 2995 1483 3032 Fait,
1508 2995 1637 3032 Promis,
1663 2996 1696 3026 δί
1718 2994 1850 3026 Accorde
1868 3004 1896 3023 es
1919 2993 2025 3026 Choses
2043 2997 2229 3038 deffuisdites,
2252 3001 2285 3030 &
2307 3009 2336 3031 es

1278 3032 1496 3064 Circonstances
1508 3034 1541 3064 δε
1557 3033 1712 3070 Adjacentz
1727 3032 1862 3070 d’icelles‚

1314 3072 1352 3102 Er
1374 3072 1473 3112 ycelles
1485 3073 1610 3110 Treues,
1629 3081 1678 3109 par
1690 3071 1784 3102 nostre
1796 3072 1835 3101 dit
1852 3070 2015 3102 Conseillier
2032 3071 2226 3114 Proroguees,
2244 3085 2293 3115 par
2308 3077 2333 3107 Ia

1278 3112 1400 3141 maniere
1424 3121 1479 3148 que
1498 3110 1537 3140 dit
1551 3109 1609 3146 est,
1627 3110 1716 3140 Nous
1732 3110 1956 3141 Conferrnerons
1972 3121 2019 3148 par
2033 3120 2092 3142 noz
2106 3112 2214 3144 Lettres
2228 3114 2331 3146 Paten-

1275 3156 1332 3188 tes,
1351 3150 1384 3180 &
1410 3150 1508 3189 ycelles
1529 3147 1696 3179 Garderons
1715 3149 1748 3179 &
1770 3148 1863 3179 ferons
1884 3147 1994 3179 Garder
2016 3158 2078 3180 tout
2096 3151 2161 3180 ainfi
2175 3162 2292 3184 comme
2306 3153 2332 3184 se

1276 3187 1364 3218 Nous
1379 3188 1416 3217 les
1428 3187 1556 3223 eusseons
1571 3186 1744 3225 Proroguees
1759 3197 1794 3217 en
1807 3186 1900 3217 nostre
1916 3197 2019 3225 propre
2032 3188 2188 3227 Paffonne,

1314 3226 1366 3263 Et,
1381 3230 1516 3265 avecque's
1533 3235 1584 3263 ce,
1602 3224 1788 3264 d'abondant‚
1812 3235 1899 3256 avons
1920 3225 2027 3256 Donne
2049 3227 2083 3257 &
2104 3227 2266 3268 Donnons,
2283 3239 2333 3268 par

1276 3263 1300 3293 la
1321 3264 1438 3294 Teneur
1460 3265 1496 3295 de
1516 3273 1561 3294 ces
1583 3263 1761 3302 Presentes,a
1775 3264 1868 3295 nostre
1887 3264 1944 3295 dite
1958 3264 2107 3295 Coniillier
2121 3266 2192 3303 plain
2208 3267 2335 3306 Povoir,·

1278 3302 1443 3341 Audiorite,
1461 3304 1493 3333 &
1518 3301 1703 3333 Mandement
1722 3303 1838 3342 especial
1859 3302 1894 3333 de
1913 3303 2023 3333 donner
2043 3303 2088 3333 sez
2105 3304 2225 3344 Lettres,
2243 3307 2334 3337 soubz

1276 3340 1326 3371 son
1344 3341 1422 3379 Seel,
1440 3351 1475 3371 en
1491 3341 1615 3376 Fourme
1630 3342 1719 3379 deue,
1737 3343 1773 3371 de
1788 3342 1847 3372 bon
1864 3342 1896 3372 &
1911 3341 1961 3371 leal
1975 3341 2175 3380 Saufconduit,
2191 3354 2240 3382 par
2255 3344 2333 3384 Mer,

1278 3380 1310 3410 &
1334 3389 1381 3419 par
1400 3380 1507 3417 Terre,
1525 3390 1539 3409 a
1559 3388 1650 3410 toutes
1671 3379 1840 3417 Personnes,
1856 3380 1893 3410 de
1908 3379 2026 3418 quelque
2040 3379 2134 3419 Estat,
2152 3382 2334 3421 Condicion,

1277 3428 1315 3448 ou
1338 3418 1488 3449 Auerorite
1509 3417 1568 3456 q'ils
1591 3417 1679 3449 soient
1714 3428 1770 3455 que
1788 3418 1875 3458 nostre
1888 3418 1944 3447 dite
1961 3418 2137 3457 Adverfizire
2152 3421 2268 3452 vouldra
2283 3430 2335 3452 en-'

1277 3457 1355 3486 voier
1371 3467 1418 3496 par
1433 3457 1502 3487 deca
1518 3466 1553 3486 en
1567 3456 1662 3487 nostre
1707 3457 1826 3495 oialme,

1315 3494 1369 3524 Les
1388 3495 1490 3533 quelles
1512 3495 1622 3525 Lettres
1639 3496 1672 3526 δε
1684 3495 1868 3527 Saufconduit
1881 3494 1970 3525 Nous
1983 3495 2104 3526 voulons
2116 3499 2194 3527 avoir
2208 3497 2287 3528 force
2297 3498 2331 3528 δε

1275 3542 1372 3563 vertue
1391 3533 1491 3564 auteles
1512 3542 1632 3563 comme
1646 3533 1673 3563 se
1686 3533 1769 3563 Nous
1785 3534 1821 3564 les
1834 3533 1955 3564 euffions
1970 3543 2017 3573 par
2032 3543 2092 3565 noz
2107 3535 2214 3567 Lettres
2228 3535 2329 3566 Paten-

1274 3580 1314 3603 tes
1323 3595 1331 3608 ,
1351 3571 1451 3602 Seelles
1463 3572 1500 3602 de
1513 3571 1609 3600 nostre
1623 3570 1717 3602 Grant
1731 3570 1803 3602 Seel.
1869 3604 1871 3607 ,

1311 3609 1363 3677 Ep
1374 3609 1601 3648 Tesmoignance
1621 3609 1657 3640 de
1677 3620 1711 3641 ce
1729 3609 1818 3641 Nous
1836 3619 1925 3640 avons
1942 3608 1991 3643 fait
2015 3618 2116 3642 mettre
2129 3611 2223 3641 nostre
2234 3611 2295 3642 Seel
2311 3613 2327 3643 i

1277 3658 1323 3679 ces
1366 3658 1455 3678 cttres.

1313 3686 1393 3717 Don.
1413 3697 1431 3715 a
1445 3685 1530 3725 nistre
1547 3683 1647 3724 Palays
1664 3685 1697 3715 de
1714 3685 1819 3725 Wstm.
1843 3685 1870 3716 le
1888 3686 1946 3717 xiii.
1959 3685 2031 3726 Jour
2050 3686 2194 3717 d’Averill.

2023 3763 2080 3792 Par
2098 3761 2123 3791 le
2140 3765 2197 3792 Roi.

2291 4074 2339 4109 ,δέ

2360 293 2424 330 Ann
2449 307 2455 323 ;
2476 303 2477 306 ¹

2380 340 2453 369 1415

2359 374 2421 398 Hen.
2442 380 2469 406 5.

2357 1110 2488 1146 AnnD.

2377 1159 2462 1189 1415.

2355 1192 2395 1214 Aa
2424 1200 2452 1225 3.

2370 1248 2436 1293 rosas
2449 1275 2485 1293 m.

2351 1313 2395 1339 23.

2354 2733 2373 2753 ²*
2392 2736 2444 2763 lx,

2356 2782 2420 2801 222.
