2562 4274
163 91 215 140 56

5 173 83 208 Ann.
97 171 136 204 D.
159 171 434 208 Consuetudinibus,
452 169 553 209 quibus
567 169 634 206 ipsi,
653 168 706 198 suis
725 167 759 198 ὅ(
774 167 996 207 Progenitorum
1018 166 1133 197 suorum
1157 172 1231 196 tem-

28 221 113 252 1413.
160 212 294 250 poribus,
312 211 351 241 usi
368 211 471 240 fuerint
493 210 525 238 &
553 208 655 245 gaviii,
676 206 802 245 ipsosque
823 214 898 236 extra
917 205 1077 245 hujusmodi
1102 204 1230 235 Liberta-

7 256 72 282 Heii.
92 260 119 287 5.
162 259 201 280 tes
217 252 248 281 &
265 250 361 317 liberas
377 245 601 278 Consuetudines
615 255 675 275 non
689 245 808 275 traheret
823 254 878 275 nec
890 244 962 276 trahi
975 245 1146 282 permitteret
1156 252 1229 281 quo-

186 298 223 318 ¹th
240 297 290 318 mo
302 298 329 317 iO

163 299 183 327 q
200 327 263 364 Ac,
284 310 370 356 bon’ae
385 323 551 360 memoriae,
570 321 717 352 Dominus
730 320 765 351 E.
785 322 919 362 quondam
938 323 999 350 Rex
1015 319 1148 358 Angliae,
1167 316 1230 349 Ge-

165 367 242 396 nitor
258 364 369 401 noster,
386 362 523 400 praedietis
546 361 757 391 Mercatoribus
779 361 908 391 Gratiam
931 360 1007 389 illam
1032 358 1231 396 continuans,

165 403 296 435 voluisset
313 401 382 439 iplos
399 400 577 430 Mercatores
594 400 611 415 ⁷*
630 400 803 429 manuteneri
820 400 853 430 ὅ(
870 398 970 428 servari
984 399 1014 426 in
1030 398 1165 427 omnibus
1181 396 1230 426 eis-

165 442 233 472 dem
251 439 439 470 Libertatibus
460 439 492 468 &
509 439 600 468 liberis
622 436 900 474 Consuetudinibus,
919 436 1022 474 quibus
1043 436 1110 475 ipsi,
1127 435 1178 464 suis
1195 436 1229 465 &

165 479 388 518 Progenitorum
411 477 525 507 suorum
548 477 738 515 temporibus,
754 477 793 506 usi
817 475 920 505 fuerint
941 476 974 505 δε
990 474 1094 511 gavisi,
1113 473 1231 503 Conce-

166 519 261 549 dendo
277 518 315 546 eis
332 516 412 554 quod
428 515 517 554 ipsos,
535 525 611 546 exrra
628 514 785 553 hujusmodi
803 514 959 544 Liber-tates
979 513 1012 543 &
1030 512 1126 542 liberas
1147 510 1231 542 Con-

164 556 338 593 suetudines,
356 564 418 585 non
433 553 570 592 traheret,
587 563 660 592 nec,
679 562 817 591 quantum
831 553 861 582 in
876 551 935 589 ipso
949 551 1016 588 fuit,
1033 551 1102 581 trahi
1115 551 1233 588 permit-

167 604 236 627 teiet
252 594 311 625 ullo
329 594 436 632 modo,

203 633 327 670 Nosque
361 631 550 669 ostmodum,
566 640 620 671 pro
642 641 677 661 eo
699 629 780 669 quod
796 628 883 659 dietae
907 628 1012 658 Literae
1031 627 1113 667 ipfius
1135 626 1227 658 Patris

165 671 255 704 nostri
270 672 304 701 de
354 671 489 701 aeredibus
503 670 553 701 suis
576 679 636 699 non
658 669 800 699 faciebant
817 668 1012 705 mentionem,
1031 677 1078 705 per
1100 666 1176 704 quod
1196 665 1231 696 ad

166 709 305 750 praemissa
320 709 402 740 dietis
418 708 628 739 Mercatoribus
647 706 817 738 observanda
835 715 895 736 non
914 706 1100 743 tenebamur,
1118 704 1153 734 de
1173 704 1189 734 s
1221 722 1233 728 -

166 750 229 780 ciali
244 748 344 779 Gratia
359 747 472 786 nostra,
489 746 731 777 Conceffiffemus
746 745 850 776 eisdem
860 743 1087 782 Mercatoribus,
1104 752 1157 782 pro
1200 753 1234 773 0-

166 789 211 819 bis
223 788 256 819 &
271 786 443 818 Haeredibus
457 785 574 823 nostris,
594 785 672 823 quod
686 784 735 824 ipsi
753 783 931 814 Mercatores
949 782 1069 813 universi
1088 782 1122 813 Sc
1137 782 1233 819 singu-

165 826 202 866 li,
222 827 255 858 &
269 836 371 858 eorum
385 825 583 862 Succeflores,
604 823 740 854 Domum
756 822 922 860 praedieram
944 822 974 850 in
991 820 1118 851 Civitate
1130 821 1232 859 praedi-

167 866 215 897 &a
228 865 348 896 habituri
357 887 366 902 ,
384 865 415 894 in
430 864 565 893 omnibus
580 863 693 899 eisdem¹
705 861 893 892 Libertatibus
914 860 947 890 &
967 859 1061 902 liberis
1074 857 1233 889 Consuetu-

165 904 293 942 dinibus,
313 904 413 942 quibus
426 902 475 941 ipsi
492 901 686 938 Mercatores,
706 899 822 930 Nostris
838 899 871 929 δε
885 897 1015 936 ρῑεεάιέῒί
1030 897 1120 927 Patris
1134 896 1233 935 nostri,

165 952 200 974 ac
214 943 332 973 aliorum
347 941 571 978 Progenitorum
594 939 754 969 nostrorum
769 938 959 976 temporibus,
977 936 1016 966 usi
1030 935 1094 965 sunt
1109 936 1141 966 &
1158 936 1234 974 gavi-

167 982 206 1020 fi,
225 988 457 1012 manuteneantur
472 980 681 1017 imperpetuum
695 978 729 1008 &
745 975 900 1012 serventur,
918 975 952 1004 &
969 973 1050 1011 quod
1065 973 1137 1011 ipsos
1152 974 1233 1004 Mer·

167 1029 294 1057 catores,
310 1027 384 1049 eXtra
398 1017 559 1055 hujusmodi
577 1017 732 1047 Libertates
748 1015 782 1045 &
797 1013 896 1043 liberas
918 1011 1158 1050 Consuetudines,
1174 1022 1235 1042 non

162 1059 330 1097 *trahemuffi
349 1066 422 1094 nec,
463 1064 578 1085 uantum
602 1056 630 1084 in
652 1053 735 1083 nobis
752 1051 809 1089 est,
829 1052 897 1082 trahi
920 1051 1071 1089 aliqualiter
1093 1051 1236 1090 permitte-

169 1107 233 1127 mus
247 1119 256 1134 ,
281 1104 364 1134 prout
388 1096 416 1124 in
472 1095 543 1124 iteris
564 1093 665 1123 nostris
692 1091 853 1122 Parentibus
867 1113 877 1129 ,
901 1090 1004 1120 eisdem
1028 1089 1237 1121 Mercatoribus

168 1135 235 1166 inde
251 1133 409 1171 confectis,
426 1132 534 1171 plenius
550 1133 728 1167 continetur,

207 1173 291 1210 Nos,
309 1172 435 1202 volentes
450 1171 569 1209 praeiatis
585 1168 796 1200 Mercatoribus
805 1167 935 1199 Gratiam
949 1168 1041 1199 facere
1056 1166 1236 1207 ampliorem,

193 1223 222 1242 er
238 1212 336 1242 Finem
351 1220 436 1250 quem
451 1210 580 1241 fecerunt
596 1208 783 1246 Nobiscum,
801 1206 1002 1238 Conceffimus
1025 1207 1078 1243 eis,
1095 1216 1148 1242 pro
1168 1205 1238 1235 No-

172 1222 216 1282 Eis
236 1252 269 1282 &
292 1249 460 1280 Haeredibus
480 1247 599 1286 nostris,
617 1248 650 1279 δε
676 1246 731 1277 hac
757 1245 844 1276 Carta
871 1245 966 1276 nostra
991 1244 1238 1276 Confirmavimus

173 1289 251 1329 quod
276 1289 339 1326 iiiii,
362 1288 395 1317 Sc
412 1296 512 1318 eorum
539 1285 736 1323 Successores,
755 1285 924 1322 praeditilam
946 1284 1080 1314 Domum
1102 1283 1240 1320 habituri,

173 1331 382 1365 imperpetuum
399 1325 468 1356 infra
490 1325 626 1365 Regnum
649 1325 683 1356 &
700 1323 875 1354 Potestatem
902 1323 1028 1354 nostram
1051 1322 1099 1352 has
1119 1322 1239 1352 habeant

174 1367 332 1397 Libertates
352 1365 505 1401 (videlicet)

213 1405 306 1444 Qiod
323 1404 392 1442 spii,
413 1413 460 1434 aut
482 1412 585 1434 eorum
605 1403 681 1432 bona
699 1401 745 1432 seu
767 1399 977 1438 Mercimonia,
992 1399 1064 1430 infra
1084 1399 1162 1429 idem
1176 1397 1238 1429 Re-

195 1454 264 1474 num
282 1444 315 1474 &
330 1442 517 1480 I’otestatem,
536 1451 588 1479 pro
601 1441 698 1479 aliquo
715 1439 843 1477 Debito,
863 1439 898 1469 de
919 1449 977 1476 quo
995 1437 1176 1476 Fidejuffores
1190 1445 1238 1468 aut

174 1453 346 1522 f'rincipales
364 1480 517 1511 Debitores
533 1490 592 1510 non
608 1480 765 1515 extiterint,
783 1488 836 1508 nec
858 1487 911 1516 pro
926 1478 1016 1516 aliqua
1029 1475 1239 1515 Transgreffio-

176 1533 230 1558 ne,
249 1521 322 1552 faeta
338 1520 384 1550 seu
401 1519 530 1550 facienda
544 1529 592 1559 per
607 1519 691 1556 alios,
708 1518 795 1557 quam
820 1526 866 1553 per
885 1515 971 1555 ipsos,
992 1525 1051 1546 non
1074 1514 1241 1546 Arestentur

177 1571 232 1592 nec
248 1560 430 1597 Graventur,

216 1599 252 1630 Et
268 1597 347 1636 quod
362 1596 430 1627 Nos
444 1596 488 1627 vel
506 1594 640 1625 Haeredes
656 1593 761 1632 nostri,
780 1593 860 1631 super
881 1592 953 1631 ipsos
973 1601 1019 1624 aut
1041 1603 1142 1624 eorum
1159 1591 1238 1624 Bona

179 1637 224 1668 vel
250 1636 460 1672 Mercimonia‚
487 1634 658 1665 Custumam
682 1633 805 1663 Novam
827 1632 980 1661 indebitam
1004 1642 1062 1662 non
1085 1642 1242 1670 ponemus,

178 1676 267 1707 Salvis
282 1675 378 1705 Nobis
396 1676 430 1706 &
445 1673 615 1704 H-eredibus
628 1672 729 1702 nostris
741 1672 861 1708 ‘antiquis
877 1670 954 1700 Prisis
973 1670 1093 1709 nostris,

217 1714 362 1754 Qiodque
377 1713 442 1750 ipfi,
462 1722 510 1750 per
526 1720 620 1741 totum
636 1711 772 1749 Regnum
788 1710 935 1746 nostruin,
954 1709 989 1738 de
1007 1709 1092 1739 Bonis
1112 1709 1145 1740 &
1163 1708 1244 1739 Mer·

178 1753 311 1784 cimoniis
333 1752 398 1789 suis,
425 1753 460 1780 de
485 1750 640 1789 PontagiO,
659 1749 799 1788 Pavagio,
819 1748 850 1777 δε
876 1747 1010 1785 Muragio
1033 1749 1242 1786 imperpetuum

178 1794 231 1824 sint
245 1791 351 1828 quieti,
371 1791 407 1820 ira
425 1799 520 1821 tamen
537 1788 616 1827 quod
630 1788 770 1826 aliquem,
785 1789 833 1824 qui
855 1788 891 1816 de
904 1786 989 1816 Gilua
1014 1787 1137 1824 ipsorum
1161 1786 1242 1816 Aul-e

180 1830 327 1869 praedictat
351 1838 409 1859 non
430 1828 543 1866 existat,
562 1836 616 1857 uec
637 1829 695 1865 ejus
709 1826 787 1858 Bona
802 1827 846 1856 seu
870 1824 1086 1864 Mercimonia,
1106 1825 1141 1854 de
1156 1823 1243 1855 Gilda

179 1871 224 1901 sua
240 1868 295 1899 eise
310 1867 454 1898 advocent
470 1867 529 1896 ullo
545 1866 653 1902 modo,
944 1870 965 1873 ‘⁷

220 1908 318 1946 Qiare
338 1906 469 1936 volumus
492 1907 524 1937 &
546 1903 662 1935 firmiter
685 1902 886 1941 Praecipimus,
905 1913 956 1939 pro
982 1902 1080 1933 Nobis
1095 1903 1127 1933 ὅτ.
1144 1901 1248 1933 Ι-Ιιετε-

179 1947 260 1978 dibus
276 1944 392 1980 nostris,
410 1943 490 1982 quod
514 1943 562 1980 ipli
584 1942 778 1979 lxsiercatorec,
796 1944 828 1972 &
841 1951 942 1972 eorum
966 1941 1158 1979 Successores,
1178 1941 1248 1972 infra

180 1985 319 2023 Regnum
333 1984 366 2014 &
382 1981 553 2013 Potestatem
570 1981 712 2018 nostram,
733 1980 885 2010 Libertates
899 1980 1044 2017 prceditstas
1060 1981 1178 2010 babeant
1193 1981 1248 2009 irn—

181 2034 230 2062 per
251 2032 367 2058 ettiumz,
386 2020 427 2051 Ita
444 2030 538 2052 tamen
562 2019 643 2058 quod
667 2019 807 2057 aliquem,
845 2020 873 2049 ui
888 2020 923 2049 de
943 2017 1029 2049 Gilda
1050 2019 1173 2057 ipsorum
1189 2028 1249 2049 non

181 2064 238 2094 exii
253 2071 288 2098 sir,
308 2070 360 2103 nec
375 2061 432 2094 eius
450 2059 527 2091 Bona
542 2059 588 2090 seu
600 2057 812 2096 Mercimonia,
825 2029 864 2089 de
871 2056 958 2089 Gilda
971 2057 1181 2096 suaadvocent,
1197 2058 1249 2089 fic-

184 2111 215 2133 ut
230 2098 399 2141 praedictum
413 2097 463 2130 est.

9 402 78 433 *ix
94 405 140 440 76.

590 2175 656 2209 Hiis
673 2175 828 2216 Testibus,

220 2258 439 2291 Venerabilibus
457 2255 586 2288 Patribus
594 2278 603 2294 ,

222 2301 266 2330 W.
286 2295 473 2335 Cantuarienfi
490 2292 704 2333 Archiepiftopo,
722 2293 808 2324 totius
821 2291 932 2330 Angliae
946 2291 1087 2331 Primate,'

223 2337 259 2376 J.
281 2335 383 2375 Elienfi
399 2337 452 2373 Epi
467 2334 523 2372 iopo
542 2332 731 2363 Thelhurario
748 2330 864 2369 n0str0,

224 2374 414 2406 Bartholomeo
484 2371 669 2411 Badelesmere
677 2394 687 2409 ,

222 2417 335 2451 Hugone
355 2411 506 2442 d'Audelee
521 2411 656 2450 juniore,

223 2451 370 2483 Willielmo
383 2452 415 2481 de
431 2453 528 2479 filant?
541 2452 634 2479 Acuta
650 2447 807 2479 senescallo
821 2445 945 2487 Hospitii
960 2444 1048 2476 nostri
1056 2468 1066 2484 ,

228 2490 371 2528 Radulplm
389 2489 421 2519 de
439 2491 554 2526 Gorges,

225 2528 358 2596 Johalnne
374 2528 407 2557 de
425 2526 529 2566 Wston
544 2526 685 2565 Juniore‚

228 2566 268 2597 Et
284 2577 300 2597 a
311 2567 350 2596 iis.

229 2642 301 2673 Dat.
316 2652 364 2680 per
380 2650 496 2671 manum
513 2638 639 2670 nostram
652 2638 725 2677 apud
742 2637 901 2679 Wyndefiire
915 2637 1045 2675 Septimo
1059 2636 1105 2668 die
1124 2636 1254 2668 Decem-

190 2683 264 2720 bris,
283 2682 372 2711 Anno
385 2680 482 2719 Regni
500 2677 589 2709 nostri
604 2678 782 2709 Undecimo.

227 2757 298 2790 Nos
316 2766 425 2794 autem,
444 2754 648 2786 Conceffiones
665 2753 810 2792 praedic‘tas
830 2753 916 2783 Ratas
930 2752 1064 2783 habentes
1082 2754 1115 2783 &
1137 2751 1255 2790 Gratas,

192 2807 252 2834 eas,
269 2807 321 2837 pro
337 2796 434 2826 Nobis
449 2797 480 2826 ὃς
490 2793 660 2824 Hoeredibus
675 2792 792 2830 nostris,
809 2801 945 2829 quantum
961 2793 989 2821 in
1003 2792 1086 2820 nobis
1101 2790 1151 2827 est,
1170 2790 1254 2820 Cori-

191 2835 320 2904 ffdimus
334 2836 368 2867 δε
384 2834 614 2870 Confirmamus,
633 2840 718 2871 prout
736 2829 821 2861 Carta
843 2830 977 2868 praediCta
998 2830 1194 2860 rationabiliter
1213 2838 1254 2861 te-

222 2884 290 2907 atur.

587 2947 653 2979 Hiis
671 2945 806 2978 Testibus
813 2968 823 2984 ‚

231 3027 445 3062 Venerabilibus
463 3024 608 3063 Patribus,

233 3071 277 3100 W
297 3063 498 3104 Archiepistopo
518 3061 707 3102 Cantuarienfi
725 3061 811 3092 totius
830 3059 942 3098 Angliae
957 3057 1100 3098 Primam,

232 3108 269 3147 J.
289 3103 388 3144 Eliensi
409 3106 434 3132 E
453 3102 496 3142 isc'.
513 3102 691 3132 Cancellario
709 3099 824 3136 nostro,

233 3149 277 3176 A.
299 3142 416 3184 Herefor
434 3140 496 3180 ienfi
514 3139 638 3179 Episcopo
653 3138 838 3170 Thesaurario
853 3136 969 3175 nostro,

235 3187 274 3214 H.
296 3180 490 3219 Lincolniensi',

237 3224 283 3253 W
301 3217 485 3259 Norwicenst,

235 3260 275 3330 {t
294 3259 330 3298 J.
350 3254 545 3302 Wyntonienfi,

285 3304 341 3327 ilco
361 3307 396 3326 is·

237 3306 459 3368 Tiomapcd’mite
478 3330 633 3370 Norffiilciae
652 3329 686 3362 δε
705 3327 870 3360 Marescallo
888 3327 1012 3367 Angliae,

237 3374 384 3406 Edmundo
401 3375 503 3401 Comite
517 3373 650 3406 Kantiae,

241 3415 359 3443 Henrico
379 3413 479 3440 Comite
496 3408 684 3448 Lancastriae,

240 3451 349 3482 Thomu
369 3449 473 3485 Wake,

243 3489 378 3529 Johanne
394 3486 426 3516 de
445 3484 523 3515 Bello
540 3488 638 3523 Campo
656 3482 692 3513 de
707 3480 898 3518 Sommerset,

242 3527 377 3600 {Wafffm’
394 3525 427 3555 de
444 3527 510 3554 Roas
526 3521 682 3555 Senescano
697 3519 823 3559 Hospitii
838 3520 944 3556 nostri,

272 3576 283 3598 t
300 3577 315 3597 a
326 3575 365 3596 iis.

245 3643 314 3675 Dat.
333 3651 382 3681 per
395 3648 513 3671 manum
528 3636 654 3668 nostram
664 3635 737 3675 apud
752 3633 833 3674 West.
851 3632 1082 3672 Qartodecimo
1093 3632 1139 3664 die
1154 3631 1269 3670 Marcii,

209 3682 296 3715 Anno
312 3680 408 3721 Regni
423 3677 513 3710 nostri
528 3676 635 3707 Primo.

246 3761 262 3776 ¹*
273 3758 340 3788 Nos
353 3765 445 3787 autem
467 3750 688 3788 Cmceffiones,
704 3747 941 3784 Promiffionem,
960 3746 1271 3786 Ordinationem,8ta-

182 3792 189 3800 ⁰
209 3805 303 3827 tutum
318 3797 350 3826 ὃς
367 3778 629 3825 Confirmationem
643 3788 795 3832 praediola,
812 3786 888 3816 Rata
902 3786 1034 3830 babentes
1047 3786 1080 3816 &
1099 3785 1206 3823 Grata,
1221 3795 1267 3823 ea,

210 3844 263 3874 pro
276 3834 372 3863 Nobis
383 3835 416 3864 δε
432 3831 601 3862 Haeredibus
614 3826 736 3864 nostris,
753 3833 890 3863 quantum
903 3833 932 3854 in
948 3824 1031 3853 nobis
1052 3823 1110 3861 est,
1127 3824 1268 3861 Accepta-

211 3882 290 3909 mus,
316 3871 533 3908 Approbamus,
560 3867 761 3902 Ratificamus,
786 3863 838 3900 &‚
861 3863 980 3906 Tenore
1002 3860 1203 3899 Praesentium,
1220 3860 1270 3892 eis-

211 3911 279 3941 dem
306 3908 513 3938 Mercatoribus
543 3905 720 3937 Alemanniae
750 3900 946 3932 concedimus
978 3900 1012 3931 &
1037 3899 1269 3942 ConfirmamuS,

211 3955 296 3986 prout
312 3945 406 3976 Cartae
420 3946 562 3984 praedietae
575 3941 771 3974 rationabiliter
787 3939 922 3970 testantur
931 3961 940 3975 ,
949 3939 991 3981 ’δε
1003 3946 1088 3980 prout
1100 3939 1150 3975 ipli
1170 3938 1271 3968 Liber-

210 3986 329 4022 tatibus,
344 3984 585 4021 ImmunitatibuS‚
601 3979 814 4019 &Qietantiis
826 3976 986 4018 praedietis,
1006 3978 1112 4014 icmpex
1127 3976 1272 4015 haetenus,

59 3768 132 3804 PIX·
143 3778 175 3805 77

574 77 1375 126 CONVENTIONES,

1461 75 1860 130 LITERAE,

1268 164 1289 209 a.
1300 173 1432 210 tempore
1448 164 1647 210 Conceffionis
1661 164 1694 196 &
1709 162 1912 197 Confeffionis
1924 163 2075 198 Cartarum
2091 163 2274 206 earumdem,
2293 175 2335 198 ra·
2352 163 2428 195 Ann.
2442 163 2485 202 D.

1270 204 1439 248 tionabiliter
1452 205 1542 249 uti'&
1578 204 1679 249 audere
1691 203 1906 249 consueverunt.
2375 212 2462 245 1413.

1271 289 1300 312 te
1302 241 1349 310 gg:
1350 252 1444 311 sculus
1463 253 1504 273 rei
1525 251 1554 274 te
1581 251 1723 284 imonium
1743 242 1792 273 has
1814 243 1922 274 Literas
1942 243 2048 275 nostras
2065 243 2125 275 fieri
2146 243 2268 275 fecimus
2282 242 2337 276 Pa—
2355 246 2418 271 Hert·
2439 249 2466 280 5⁴

1308 319 1398 350 Teste
1421 318 1530 357 meipso
1555 318 1629 359 apud
1652 317 1912 363 Wstmonqsterium
1944 320 2032 352 Sexto
2057 320 2106 352 die
2137 320 2335 360 Novembris,

1272 357 1363 388 Anno
1379 358 1550 397 Regnorum
1564 357 1727 389 nostrorum
1741 357 1851 389 Primo.

1310 434 1380 464 Nos
1391 442 1502 473 autem,
1521 432 1743 479 Conceffimes,
1761 436 2004 474 promissionem,
2020 432 2258 475 Ordinationern,
2271 436 2336 468 Sta-

1273 481 1384 509 tutum,
1405 474 1439 516 &
1454 471 1696 517 Confirmationes
1709 475 1862 515 praedicsta,
1881 475 1956 506 Rata
1970 474 2101 505 habentes
2116 475 2149 505 δε
2165 475 2273 512 Grata,
2290 486 2339 514 ea,

1272 521 1326 549 pro
1342 510 1441 541 Nobis
1455 512 1489 542 &
1504 510 1676 542 Haeredibus
1691 513 1811 554 nostris,
1828 523 1963 554 quantum
1979 514 2008 543 in
2023 513 2107 544 nobis
2120 513 2179 551 est,
2196 514 2338 551 Accepta-

1273 559 1351 588 mus,
1379 550 1597 593 Approbamus,
1620 549 1826 592 Ratificamus,
1850 553 1901 591 &,
1924 552 2043 583 Tenore
2066 551 2268 590 Praesenrffim,
2284 552 2337 582 eis-

1271 587 1338 618 dem
1363 587 1575 632 Mercatoribus
1602 588 1779 620 Alemanniae
1813 589 2010 622 Concedimus
2040 591 2074 622 &
2101 589 2336 629 Confirmamus,

1273 636 1356 672 prout
1370 626 1473 656 Literae
1489 626 1635 670 praedictae
1649 628 1847 660 rationabiliter
1860 629 2013 667 testantur,
2030 629 2064 660 &
2077 637 2162 667 prout
2176 629 2223 669 ipsi
2234 628 2338 659 Liber-

1272 666 1391 703 tatibus‚
1410 664 1656 703 Immumtatibus,
1674 666 1884 703 &Quietantiis
1899 667 2053 706 praediffis,
2071 668 2179 706 semper
2193 667 2341 705 haetenus,

1278 715 1294 735 a
1309 713 1438 748 tempore
1459 702 1661 747 Con-cessionis
1681 704 1715 734 &
1738 703 1938 736 Confec'tionis
1956 704 2105 737 Cartarum
2125 706 2342 744 praedietarum,

1275 743 1475 774 rationabiliter
1491 750 1531 773 uti
1546 742 1579 773 &
1592 741 1712 781 gaudere
1728 743 1945 776 consueverunt.

1312 781 1346 811 In
1362 782 1439 819 cujus
1456 781 1495 811 rei
1511 779 1731 812 Testimonium
1747 782 1798 813 has
1816 781 1923 814 Literas
1940 781 2048 814 nostras
2066 780 2126 813 fieri
2148 783 2270 814 fecimus
2284 782 2340 814 Pa-

1275 828 1373 851 tentes.
1667 836 1670 838 ·

1313 858 1402 903 Teste
1418 857 1526 896 meipso
1547 857 1621 898 apud
1642 857 1917 898 Westmonkzsterium,
1935 857 2082 890 vicesimo
2099 858 2213 899 Quarto
2227 860 2274 891 die
2292 861 2340 893 0-

1276 896 1402 935 ξὶοῖοηε,
1422 897 1511 927 Anno
1526 897 1622 937 Regni
1637 898 1724 928 nostri
1741 897 1850 929 Primo.

1313 972 1383 1004 Nos
1396 981 1508 1011 autem,
1526 973 1749 1014 Conceffiones,
1766 974 2006 1012 Promiffioriem,
2022 973 2261 1015 Ordinationern,
2279 975 2343 1008 Sta-

1276 1020 1370 1044 tutum
1385 1012 1418 1042 &
1430 1011 1674 1056 'Confirmationes
1694 1013 1845 1053 praedicta,
1864 1013 1937 1045 Rata
1956 1013 2092 1044 habentes
2112 1014 2146 1045 &
2166 1013 2273 1053 Grata,
2291 1025 2341 1055 a,

1276 1061 1330 1091 pro
1350 1050 1449 1081 Nobis
1469 1052 1502 1082 ὃ(
1517 1050 1688 1082 Haeredibus
1707 1052 1827 1091 nostris,
1844 1052 1980 1092 quantum
2003 1053 2034 1082 in
2053 1052 2137 1082 nobis
2151 1052 2209 1090 est,
2227 1053 2343 1093 Accep-

1277 1099 1368 1121 tamus
1412 1089 1612 1133 Approbamus
1655 1089 1822 1121 ratificamus
1862 1092 1912 1128 &‚
1935 1091 2054 1122 Tenore
2076 1089 2275 1130 Praesentium,
2290 1092 2344 1123 eis-

1276 1129 1343 1159 dem
1368 1113 1577 1172 Mercatoribus
1606 1113 1783 1159 Alemanniae
1817 1113 2013 1160 Concedimus
2043 1129 2076 1159 &
2107 1127 2342 1170 Confirmamus,

1277 1176 1360 1207 prout
1374 1167 1475 1198 Literae
1490 1166 1633 1205 praediffle
1647 1167 1843 1198 rationabiliter
1857 1167 1990 1198 testantur
1999 1190 2009 1205 ,
2026 1168 2060 1198 ὃς
2074 1176 2156 1204 prout
2171 1168 2221 1209 ipsi
2237 1169 2340 1200 Liber-

1279 1207 1397 1244 tatibus,
1421 1204 1670 1244 Immunitatibus,
1695 1207 1729 1237 ὃ(
1752 1206 1922 1245 Qietantiis
1945 1204 2101 1244 praediffis,
2119 1206 2226 1246 semper
2246 1208 2344 1239 haste-

1279 1255 1347 1284 nus,
1365 1247 1382 1276 *a
1396 1243 1739 1289 temporeConceffionis
1753 1245 1786 1276 &
1803 1243 2005 1275 confectionis
2021 1242 2170 1275 Cartarum
2192 1246 2342 1285 praedicsta-

1277 1294 1358 1352 rurln,
1377 1283 1576 1352 rationagciliter
1590 1283 1630 1314 uti
1644 1284 1677 1315 &
1694 1283 1818 1322 gaudere
1831 1283 2046 1315 consueverunt.

1331 1333 1349 1352 n
1368 1332 1445 1356 cuius
1514 1331 1539 1352 c.

1351 1357 1441 1392 Teste
1452 1344 1538 1399 Rege
1550 1359 1624 1398 apud
1638 1359 1899 1401 Westmonasterium
1907 1383 1917 1400 ,
1934 1369 1999 1392 xxv.
2013 1360 2059 1392 die
2071 1359 2260 1392 Novembris.

1512 1439 1568 1468 Pro
1586 1438 1788 1479 Qadraginta
1805 1441 1913 1469 Marcis
1927 1437 2008 1478 [blut.
2027 1443 2057 1469 in
2072 1440 2240 1478 Hanaperio.

1442 1571 1492 1604 De
1513 1573 1653 1605 Licentia
1675 1569 1782 1605 Eundi
1802 1569 1847 1604 ad
1865 1571 1995 1604 Terram
2017 1571 2173 1606 Sannum.

1289 1655 1412 1711 REX
1426 1655 1595 1700 Omnibus,
1611 1656 1647 1687 ad
1663 1666 1753 1694 quos,
1771 1656 1831 1687 δερ.
1851 1655 1987 1687 Salutem.
2370 1666 2438 1697 Am,
2457 1664 2490 1697 D

1352 1734 1357 1739 α
1384 1695 1483 1725 Sciatis
1490 1695 1595 1738 quod,
1612 1695 1647 1725 de
1662 1694 1763 1725 Gratia
1777 1693 1872 1725 nostra
1889 1694 2011 1732 speciali,
2031 1693 2234 1726 Conceffimus
2247 1695 2280 1727 &
2297 1694 2347 1726 Li'-
2388 1691 2447 1744 141'
2492 1688 2500 1695 ’

1284 1740 1406 1763 centiam
1419 1733 1578 1771 Dedimus,
1593 1733 1698 1763 dileeto
1712 1734 1745 1764 &
1761 1732 1836 1763 fideli
1849 1733 1965 1771 nostro,
1984 1732 2132 1763 Willielmo
2152 1734 2185 1763 de
2205 1736 2347 1763 Botreaux
2365 1749 2406 1772 An
2437 1714 2474 1772 ιζ’

1309 1772 1439 1816 uod-ipse
1460 1773 1551 1803 versus
1571 1772 1695 1802 Terram
1713 1771 1865 1810 Sanctam,
1883 1780 1917 1802 ac
1935 1772 1998 1802 alias
2020 1781 2108 1809 partes
2127 1771 2257 1809 Exreras,
2278 1781 2348 1802 cum
2366 1789 2399 1811 H.
2411 1768 2433 1819 '5
2452 1765 2462 1774 ⁸

1320 1811 1464 1841 ominibus
1479 1811 1512 1841 &
1527 1810 1719 1841 Servientibus
1732 1809 1802 1847 suis,
1821 1819 1854 1840 ac
1876 1819 1975 1840 eorum
1990 1809 2077 1848 Equis
2096 1810 2130 1841 &
2150 1809 2300 1841 Herneliiis
2318 1811 2348 1841 in
2368 1804 2445 1850 fram:

1288 1846 1440 1890 Comitiva
1455 1849 1516 1886 sua,
1533 1849 1558 1879 se
1573 1849 1729 1886 divertere,
1747 1847 1904 1879 &ibidem
1927 1849 2046 1885 morari,
2065 1847 2100 1878 &
2114 1857 2189 1878 extra
2212 1847 2348 1886 Regnum
2371 1869 2380 1887 ,
2427 1843 2455 1887 H‘

1287 1890 1416 1934 nostrum
1433 1888 1545 1927 Angliae
1560 1898 1610 1926 per
1622 1887 1774 1918 Biennium
1788 1886 1815 1918 se
1835 1886 1975 1919 absentare
1996 1885 2080 1925 poffit
2102 1886 2179 1917 licite
2200 1886 2235 1918 &
2256 1888 2352 1925 impu-
2366 1908 2403 1927 m
2419 1869 2498 1934 ,525⁸

1290 1936 1345 1964 ne,

1330 1965 1478 2004 Aliquibus
1491 1964 1726 1996 ordinationibus
1743 1964 1800 1996 five
1822 1963 2117 2002 Proclamationibus,
2133 1964 2164 1994 in
2179 1964 2355 1995 contrarium

1291 2004 1386 2041 faxitis,
1402 2014 1462 2034 non
1478 2003 1668 2043 obstantibus,-

1330 2042 1473 2074 Nolentes
1489 2043 1568 2082 quod
1589 2043 1665 2073 idem
1691 2042 1873 2081 Willielmus,
1891 2043 2001 2072 ratione
2021 2039 2162 2072 Abstntiae
2182 2040 2237 2072 suae
2253 2040 2358 2079 praedi-

1294 2081 1368 2120 &ae‚
1386 2092 1433 2119 per
1451 2081 1536 2120 Nos,
1555 2082 1598 2112 vel
1619 2081 1758 2112 Haeredes
1773 2081 1901 2119 nostros,
1918 2089 1964 2111 aut
1981 2079 2131 2110 Ministros
2147 2080 2256 2111 nostros
2292 2080 2357 2110 uos-

1293 2130 1435 2165 cumque,
1462 2119 1560 2150 futuris
1579 2120 1769 2160 temporibus,
1791 2121 1959 2160 impetatur,
1984 2119 2173 2158 inquietetur,
2191 2090 2359 2151 molestetur

1293 2168 1322 2189 in
1336 2159 1446 2196 aliquo,
1465 2159 1510 2189 seu
1525 2168 1661 2197 gravetur.

1331 2197 1365 2229 In
1384 2197 1478 2235 cujus,
1495 2198 1555 2228 &c.

1366 2235 1457 2268 Teste
1468 2235 1555 2275 Rege
1565 2236 1642 2275 apud
1659 2234 1917 2278 Wstmonasterium
1930 2243 1984 2266 xxx
1997 2234 2044 2265 die
2055 2233 2246 2267 Novembris.

1964 2314 2019 2343 Per
2032 2311 2114 2352 i'pfiaem
2126 2314 2232 2350 Regem.

1415 2444 1465 2476 De
1487 2454 1543 2489 nan
1565 2439 1741 2476 divertendo
1763 2441 1869 2487 verfias
1895 2441 2023 2473 Curiam
2051 2439 2235 2471 Romanam.

1297 2528 1378 2582 RE
1389 2527 1419 2559 X
1439 2527 1569 2574 Johanni
1584 2531 1710 2558 Bremore
1726 2525 1857 2572 ὈῙρι-ἰρο,1
1873 2524 2008 2572 Salutem.
2224 2560 2231 2566 0
2378 2517 2454 2550 Ann.
2465 2519 2509 2551 D.

1391 2568 1470 2606 Qua
1483 2567 1581 2597 datum
1598 2567 1638 2596 est
1654 2566 1753 2596 Nobis
1765 2565 1880 2603 intelligi
1893 2562 1973 2602 quod
1987 2561 2038 2594 Tu
2052 2561 2145 2596 versus
2160 2559 2278 2592 Curiam
2292 2557 2359 2590 Ro-
2398 2567 2485 2599 1413.

1298 2615 1429 2644 manam,
1447 2605 1481 2636 ad
1504 2605 1668 2674 quamplura
1689 2603 1788 2634 Nobis
1811 2603 1844 2634 &
1868 2602 1962 2641 Ligeis
1986 2601 2086 2632 nostris
2111 2598 2308 2638 praejudiciaua
2323 2598 2358 2629 &
2376 2601 2429 2625 An·
2448 2607 2472 2625 1-

1297 2644 1451 2720 daffizzosa
1463 2644 1503 2673 ibi
1524 2652 1571 2673 em
1584 2641 1830 2681 attemptandum,
1845 2640 1982 2671 divertere
1993 2639 2148 2679 proponis,
2375 2640 2465 2710 ginis

1336 2722 1356 2739 ¹³
1372 2719 1574 2760 Indempnitati
1590 2716 1711 2749 Nostrae
1734 2718 1768 2749 &
1787 2715 1932 2748 distorum
1948 2716 2112 2754 Ligeorum
2131 2714 2316 2753 nostrorum,
2332 2713 2363 2743 in
2380 2721 2404 2739 i.
2419 2716 2454 2739 Η.
2463 2720 2494 2747 5.

1298 2760 1352 2791 hac
1368 2769 1461 2797 parte,
1478 2757 1636 2796 prospicere
1651 2756 1795 2795 volentes,
1813 2765 1844 2786 ut
1859 2764 2007 2794 tenemur,
2378 2759 2414 2778 m·
2428 2748 2455 2775 8-

1334 2797 1406 2827 Tibi
1428 2797 1613 2834 Praecipimus
1626 2818 1636 2833 ,
1658 2794 1775 2824 firmiter
1802 2793 1998 2832 injungentes,
2023 2792 2105 2832 quod
2129 2792 2221 2824 versus
2246 2789 2365 2821 Curiam
2381 2786 2511 2823 ⁸1x.78.

1299 2836 1483 2875 praedietam,
1509 2835 1566 2865 sine
1588 2833 1716 2864 Licentia
1738 2831 1833 2863 nostra
1852 2831 1976 2870 speciali,
1999 2831 2047 2863 Te
2073 2840 2133 2862 non
2156 2830 2292 2867 divertas,
2308 2837 2364 2859 nee

1300 2876 1454 2914 quicquam
1475 2873 1580 2903 ibidem
1602 2872 1790 2910 prosequaris,
1808 2879 1855 2902 aut
1878 2870 1957 2909 prose
1979 2871 2006 2900 ui
2023 2869 2068 2899 vel
2083 2868 2240 2906 attemptari
2281 2866 2364 2897 raesu-

1301 2924 1378 2951 mas,
1395 2912 1470 2951 quod
1489 2913 1515 2942 in
1531 2911 1632 2941 Nostri
1655 2909 1867 2947 Contemptum
1890 2909 1935 2939 vel
1956 2881 2173 2945 ssraejudicium,
2191 2913 2238 2936 aut
2288 2906 2366 2943 igeo-

1300 2962 1365 2982 rum
1382 2950 1544 2981 nostrorum
1561 2948 1732 2989 Datnpnum
1747 2949 1847 2979 cedere
1859 2947 1964 2984 valeat,
1982 2955 2036 2976 nec
2047 2945 2169 2984 aliquem
2184 2943 2230 2975 vel
2241 2943 2364 2984 aliquos,

1302 2990 1359 3021 illic
1375 2991 1486 3026 mittas,
1503 2998 1536 3019 ex
1555 2988 1608 3018 hac
1624 2987 1722 3025 causa,
1742 2987 1843 3024 quovis
1858 2985 1966 3023 modo,

1337 3028 1374 3059 Et
1388 3028 1446 3058 hoc
1461 3027 1510 3057 sub
1525 3027 1616 3057 Poena
1632 3025 1760 3056 Centum
1778 3025 1927 3054 Librarum
1941 3021 2097 3053 nullatenus
2109 3021 2231 3052 omittas.

1337 3066 1428 3098 Teste
1443 3066 1525 3105 Rege
1537 3064 1612 3105 apud
1627 3061 1885 3102 Wstmonasterium
1902 3061 1938 3090 xi.
1957 3061 2005 3092 die
2025 3059 2206 3091 Decembris.

1303 3200 1362 3231 Pro
1385 3189 1507 3226 Abbate
1528 3187 1846 3283 lststmonasteritfsin
1869 3199 1926 3235 quo
1950 3190 2018 3221 Rex
2038 3186 2219 3235 Regalitati's
2238 3186 2372 3233 Infigniae

1781 3249 1801 3270 u
1816 3248 1902 3284 cepit.

1308 3325 1435 3384 REX
1453 3324 1616 3362 Omnibus,
1634 3323 1669 3355 ad
1704 3333 1771 3361 uos,
1788 3322 1849 3354 &c.

1407 3365 1503 3395 Sciatis
1518 3362 1597 3401 quod
1607 3385 1614 3399 ,
1630 3363 1667 3393 de
1716 3361 1783 3393 ratia
1796 3360 1892 3392 nostra
1907 3359 2033 3401 speciali,
2379 3327 2456 3359 Ann'
2472 3328 2516 3361 D'

1343 3402 1398 3440 Et,
1417 3412 1469 3440 pro
1483 3401 1566 3432 ialute
1582 3401 1698 3431 Animae
1712 3400 1836 3436 nostrae,
1854 3400 1888 3429 δε
1901 3402 1942 3429 ob
1955 3397 2155 3429 Reverentiam
2174 3393 2233 3425 Dei
2248 3392 2365 3424 &Beati
2383 3377 2490 3436 ΑῙᾸΫῙΞ

1308 3442 1400 3478 Petri,
1417 3443 1446 3470 in
1461 3441 1541 3477 cujus
1554 3439 1667 3470 'nonore
1682 3440 1803 3469 Abbatia
1823 3435 2132 3468 Westmonasterienfis
2146 3432 2298 3463 dinoscitur
2318 3432 2366 3463 de-
2384 3449 2418 3471 H.
2436 3453 2464 3479 5,

1308 3481 1413 3516 dicari,
1431 3488 1465 3509 ac
1478 3479 1562 3508 etiam
1579 3478 1691 3514 gloriosi
1705 3476 1863 3518 Confeffliris
1876 3478 1953 3514 Regis
1972 3471 2111 3503 Edwardi
2145 3472 2179 3502 &
2194 3470 2368 3500 diversorum
2384 3486 2443 3509 Pat.
2460 3492 2484 3511 ι.

1309 3519 1478 3549 inclitorum
1500 3515 1723 3552 Progenitorum
1745 3517 1925 3553 nostrorum,
1948 3511 2094 3552 quondam
2115 3495 2231 3549 Regum
2252 3508 2368 3546 Angliae
2384 3525 2419 3548 H.
2434 3529 2462 3555 5·

1311 3558 1341 3587 in
1358 3556 1476 3586 Abbatia
1491 3555 1623 3594 praedieta
1637 3554 1853 3592 quiescentium,
1980 3587 1986 3593 ¹
2228 3585 2234 3591 .
2383 3565 2409 3596 Ρ,
2417 3569 2446 3594 4,
2460 3568 2497 3588 m,

1348 3594 1479 3624 Necnon
1496 3603 1547 3630 pro
1560 3602 1597 3622 eo
1617 3592 1697 3630 quod
1717 3593 1745 3622 in
1759 3592 1857 3622 eadem
1881 3589 2020 3625 Abbatia,
2039 3593 2121 3625 prout
2144 3585 2247 3624 placuit
2261 3583 2367 3616 Altiffi-
2384 3605 2412 3634 5·

1311 3642 1362 3663 mo
1371 3656 1381 3669 ,
1399 3631 1518 3671 Infigm'a
1531 3631 1694 3668 Regalitatis
1708 3629 1804 3670 nostrae
1818 3637 1906 3667 nuper
1922 3625 2091 3662 suscepimus

1350 3670 1486 3701 Volentes
1506 3679 1559 3706 pro
1572 3668 1798 3700 Construetione
1817 3667 1851 3698 &
1867 3664 2056 3708 Reparatione
2076 3646 2168 3693 blavis
2189 3661 2322 3693 Abbatiae
2337 3661 2371 3692 il-

1310 3710 1362 3740 lius
1382 3711 1456 3747 (quae
1471 3709 1488 3737 a
1501 3708 1550 3737 diu
1563 3706 1690 3738 Ruinam
1705 3707 1780 3745 passa
1793 3705 1846 3735 fuit
1859 3704 1893 3734 &
1907 3700 2162 3744 mfedkaremanet)
2182 3709 2252 3730 curn
2267 3699 2372 3739 Bonis,

1311 3748 1396 3777 nobis
1409 3747 1426 3775 a
1441 3745 1509 3789 Deo
1522 3745 1628 3777 collatis
1641 3746 1675 3777 &
1688 3742 1883 3780 conferendis,
1901 3740 1987 3778 quam
2000 3739 2083 3769 ciuus
2099 3738 2255 3769 commode
2267 3740 2375 3779 poteri-

1308 3784 1568 3866 mugapaeffitrigtrg,
1583 3821 1691 3852 dileetis
1711 3820 1796 3864 nobis
1816 3820 1846 3849 in
1866 3815 1999 3859 Christe,
2019 3813 2126 3859 Abbati
2148 3815 2182 3846 &
2206 3814 2377 3860 Conventui

1312 3861 1444 3892 Abbatiae
1470 3859 1632 3899 praedrdkae,
1659 3861 1689 3889 in
1713 3859 1845 3889 auxilium
1869 3853 2059 3885 Perfectionis
2084 3854 2116 3884 &
2146 3852 2378 3884 construetionis

1311 3899 1406 3930 Navis
1420 3898 1582 3936 praediecae,
1603 3897 1687 3928 Mille
1707 3896 1837 3933 Marcas,
1854 3891 2048 3932 percipiendas
2071 3892 2214 3922 annuatim
2238 3891 2378 3931 quamdiu

1312 3938 1396 3970 nobis
1410 3936 1541 3974 placuerit
1558 3935 1714 3973 (videlicet)
2008 3969 2013 3973 ,
2104 3952 2107 3953 ν
2297 3935 2301 3938 ’

1348 3975 1527 4014 Qingentas
1541 3973 1656 4007 Mamas
1670 3973 1707 4005 de
1723 3972 1852 4005 Exitibus
1871 3969 2026 4009 Hanaperii
2048 3966 2235 4003 Cancellariae
2254 3968 2378 4007 nostran

2326 4015 2378 4047 per
