2562 4274
45 183 120 216 Ann.
138 180 179 211 D.

67 230 152 260 1414.

47 264 109 289 Hen.
124 270 153 295 5.

49 809 65 828 ⁹
88 810 138 838 ix.

51 857 112 883 ¹9¹·

76 1075 140 1106 ibid.

44 2018 121 2051 Ama.
137 2020 180 2054 D:

65 2069 152 2100 1414.

44 2101 104 2127 Aa.
121 2111 147 2129 2.

42 2144 79 2170 Η.
98 2148 124 2172 5.

72 2178 139 2207 bid.

43 2226 80 2246 m.
94 2226 138 2255 23.

61 3174 140 3207 Αῃῃ,
154 3172 201 3207 D·
213 3157 362 3218 SUpplic
377 3154 474 3188 vostre
486 3153 613 3184 ‘humble
635 3152 723 3191 Liege

86 3222 173 3252 ¹414.

66 3257 119 3282 An.
137 3262 163 3279 2.

66 3297 101 3321 H.
122 3299 149 3325 5.

68 3335 140 3359 Penes

69 3369 159 3396 Cieric.

72 3407 131 3436 Pell.

77 3512 97 3533 ¹⁵
118 3514 172 3544 ix.

80 3560 145 3588 192.

199 110 274 137 100

191 184 275 214 stram
288 180 468 220 praedietam,
485 184 539 223 pro
552 178 657 209 viribus
671 178 836 221 impugnare
843 173 1184 214 machinantes,quasdam
1191 172 1263 204 Pro-

194 222 373 259 vocationes,
394 219 617 257 Appellationes,
636 215 838 254 Inhibitiones,
859 215 1045 253 intrusiones,
1069 213 1266 250 inductiones,
1293 240 1295 242 .

193 260 433 295 Notificationes,
452 255 646 293 Praefixiones,
664 253 841 292 Citationes,
858 252 1023 291 Process‘us,
1039 254 1073 284 &
1096 252 1147 282 alia
1169 250 1267 290 Impe-

194 300 320 330 dianenta
333 298 436 328 divers-a
449 295 576 326 fecerunt
590 293 624 324 &
637 293 697 323 fieri
711 292 899 333 procurarunt
916 315 926 332 ,
949 301 982 323 ac
1006 292 1095 321 indies
1115 290 1208 321 facere
1231 290 1266 321 δε

194 338 253 370 fieri
271 345 417 375 procurare
429 343 489 364 non
501 331 653 370 desistunt,
691 342 720 363 er
733 341 799 371 quae
813 333 909 370 utique
925 354 935 369 ,
953 331 973 360 si
998 328 1183 369 procederent
1198 351 1207 365 ,
1225 328 1266 362 ius

193 376 322 407 nostrum
336 373 462 412 Regium
475 381 508 402 ac
524 369 640 402 effeetus
686 369 826 400 ollationis
837 369 940 400 nostrae
952 368 1096 408 praedidlae
1119 368 1265 403 enervari,

192 414 330 451 nobisque
344 412 377 442 &
399 411 529 442 Coronae
553 408 658 440 nostrae
675 409 874 448 praejudicium
891 410 926 440 δε
944 407 1130 438 exhaeredatio
1153 404 1265 443 possent

193 451 384 520 mtffiipliciter
401 449 543 489 generari,

267 500 298 520 os

226 513 364 559 Voleiites
380 525 541 564 hujusmodi
564 525 729 564 praeiudIcio
751 525 784 556 &
805 522 1023 554 exbaeredationi
1044 519 1190 551 Remedio
1207 529 1266 558 quo

191 568 346 606 poterimus
358 566 489 604 obviare,
497 564 761 603 omniumqueJura
773 562 901 594 Coronae
914 560 1018 591 nostrae
1031 559 1266 599 Impugnantium

196 606 325 637 Conatus
341 604 449 635 illicitos
463 603 623 641 refraenare,

232 645 343 682 Vobis,
359 643 392 674 &
407 643 523 674 cuilibet
538 641 685 679 vestrum,
702 641 904 680 praecipimus,
929 637 1045 668 firmiter
1068 636 1264 675 Iniungentes,

195 683 277 720 quod
291 682 454 721 hujusmodi
471 681 603 712 Rebelles
618 690 650 711 ac
665 681 732 710 alios
742 704 751 717 ,
766 679 785 709 si
803 688 873 717 quos
894 678 1076 714 inveneritis,
1103 675 1264 713 hujusmodi

194 722 434 760 Provocationes‚
454 720 679 759 Appellationes,
695 718 901 754 Inhibitiones,
920 715 1100 752 Intrusiones,
1119 713 1266 744 Inductio-

194 771 260 800 nes,
277 760 517 798 Notificationes,
535 758 733 796 Praefixiories,
761 756 918 787 Citaiiones
935 777 944 792 ‚
965 753 1116 784 Proceffus
1129 775 1139 791 ,
1164 754 1197 783 &
1216 751 1267 782 alia

196 802 213 818 ²*
233 800 440 838 impedimenta
458 798 580 829 indebita
594 797 639 828 seu
662 797 761 835 injusta
782 796 915 826 facientes
934 792 969 823 ad
993 791 1207 832 impediendum
1224 790 1265 821 ef-

196 839 305 870 fectum
321 837 489 869 Collationis
502 836 608 867 nostrae
623 835 804 873 supradictae,
824 843 893 864 tunc
909 842 956 862 eos
971 832 1026 862 sine
1041 831 1175 861 dilatione
1193 830 1266 866 capi,

196 879 229 910 &
244 879 273 909 in
288 876 401 908 Prisona
413 875 508 907 nostra
522 875 599 906 salvo
615 874 751 905 custodiri
772 873 893 910 faciatis,
917 871 1011 901 donec
1033 869 1107 900 aliud
1129 870 1145 899 a
1165 867 1267 898 Nobis

194 916 263 947 inde
276 915 425 947 habueritis
435 917 465 945 in
481 913 634 946 Mandatis.

230 955 265 986 In
282 956 377 993 cujus,
393 956 454 986 &c.
867 986 872 991 ,
1115 984 1120 989 .

248 994 338 1026 Teste
354 994 435 1033 Rege
449 990 523 1031 apud
543 988 821 1030 W’stmonasterium,
837 987 883 1016 xii.
898 985 943 1016 die
960 983 1142 1016 Decembris.

199 1070 285 1127 RE
295 1071 326 1102 X
337 1094 346 1109 ,
364 1068 514 1100 Universis
528 1070 562 1101 &
576 1066 687 1105 singulis
701 1063 944 1103 Archiepiscopis,
968 1062 1075 1111 Episco
1097 1063 1118 1092 is
1134 1083 1144 1099 ‚
1168 1060 1268 1091 Abba-

277 1111 367 1146 tibus,
384 1109 546 1144 Prioribus,
565 1105 706 1141 Decanis,
724 1103 958 1141 Archidiaconis,
978 1102 1079 1132 Lance
1091 1101 1171 1139 lariis,
1189 1100 1267 1130 Prae-

193 1149 373 1186 centoribus,
391 1147 569 1186 Praepofitis,
591 1142 730 1181 Sacristis,
750 1141 954 1173 Praebendariis
970 1140 1000 1170 in
1016 1139 1147 1171 Ecclesiis
1159 1139 1265 1170 Carhe

192 1186 330 1226 dralibus,
349 1187 394 1217 seu
408 1185 596 1222 Collegiatis,
614 1184 647 1214 &
662 1182 797 1212 omnibus
819 1181 878 1211 aliis
901 1179 1030 1210 Personis
1052 1178 1266 1216 Eccleiiasticis,

192 1225 222 1254 in
239 1233 418 1264 quacumque
434 1224 587 1261 Dignitate
603 1221 649 1252 vel
662 1220 776 1251 Officio
792 1219 970 1256 constitutis,
995 1227 1112 1248 necnon
1136 1216 1267 1248 Notariis

192 1262 337 1334 gublibcgj,
356 1266 388 1296 δε
405 1264 462 1294 aliis
475 1261 701 1304 quibuscumque
718 1260 746 1289 in
759 1258 850 1289 Terra
863 1257 957 1288 nostra
974 1256 1177 1294 Hiberniae,ad
1185 1266 1268 1295 quos,

218 1310 255 1334 ἐ.
322 1311 408 1333 utem.

234 1341 313 1372 Cum
323 1366 332 1380 ,
347 1340 407 1377 &c.
426 1348 458 1371 ut
466 1340 553 1380 stapra
568 1337 648 1378 uspue
659 1338 707 1376 ibi,
722 1338 752 1367 in
766 1335 875 1374 eadem,

227 1379 351 1419 Jamque
365 1381 579 1412 intellexerimus
593 1377 673 1416 quod
691 1375 808 1415 quidam
820 1375 871 1413 jus
882 1373 1013 1404 nostrum
1041 1371 1180 1413 Regium,
1204 1372 1268 1408 &c-

196 1426 226 1449 ut
233 1419 319 1489 θρα
335 1418 415 1460 usque
433 1419 488 1457 ibi,
502 1418 670 1454 rest-amare,
688 1423 750 1445 tunc
761 1413 807 1455 fic,

264 1460 325 1489 obis
337 1460 370 1489 ὃς
385 1458 499 1490 cuilibet
513 1454 638 1488 vestrum
648 1478 657 1491 ,
675 1454 725 1485 sub
741 1453 819 1492 gravi
837 1450 1037 1490 Indignatione
1057 1449 1151 1481 nostra
1164 1472 1174 1488 ,
1194 1449 1267 1481 Pro-

196 1497 343 1535 hibemus,
361 1497 478 1527 firmiter
495 1495 695 1532 Iniungentes,
716 1494 753 1522 ne
775 1491 949 1529 quicquam,
968 1489 1050 1527 quiid
1078 1489 1108 1518 in
1135 1489 1267 1528 Dcroga-

193 1537 302 1566 tionem
313 1536 389 1574 Juris
407 1535 498 1566 nostri
516 1533 618 1572 Regii,
636 1532 680 1562 seu
693 1529 862 1561 Collarionis
883 1527 989 1558 nostrae
1014 1527 1159 1565 praedietae
1186 1538 1270 1558 ener-

193 1577 340 1606 vationem
355 1575 452 1606 cedere
467 1574 572 1610 valeat,
592 1571 689 1601 Nobis
701 1569 876 1604 inconsultis,
902 1576 1081 1606 quacumque
1103 1566 1270 1597 Auctorita-

193 1620 239 1651 te,
254 1614 300 1644 vseu
314 1615 414 1652 quovis
429 1612 545 1651 quaelito
560 1610 671 1646 colore,
689 1608 874 1646 attempreris,
892 1614 939 1636 aut
954 1615 1005 1644 per
1022 1606 1091 1636 alios
1106 1605 1212 1636 faciatis
1227 1614 1269 1636 at·

193 1654 326 1692 temptari
343 1661 461 1691 quoquo
476 1650 585 1687 modo,
603 1648 728 1678 Scientes
744 1656 798 1684 pro
814 1655 894 1676 certo
908 1644 1008 1682 quod,
1029 1643 1047 1674 si
1073 1644 1150 1674 secus
1172 1644 1272 1675 feceri-

195 1693 246 1729 tis,
260 1691 295 1721 ad
311 1701 363 1723 vos
373 1713 383 1729 ,
402 1698 537 1729 tanquam
551 1688 586 1718 ad
602 1686 762 1717 violatores
775 1685 849 1725 Juris
862 1683 951 1715 nostri
967 1683 1069 1722 Regii,
1085 1684 1205 1722 graviter
1222 1694 1271 1715 ca-

186 1732 311 1768 piemus.

231 1767 522 1845 lpI'ecsiueURegeZpud
533 1801 802 1844 lffistmonasterium,
819 1809 847 1831 x.
863 1800 909 1831 die
926 1799 1108 1831 Decembris.

375 1934 433 1965 Pro
452 1930 590 1978 Epifiopo
605 1927 800 1973 Dunolmenfi
818 1925 854 1960 de
870 1924 1090 1973 Herbergagio.

199 2018 318 2079 REX
333 2017 501 2065 .0.ffl⁰'¹b}¹⁵>
518 2016 554 2047 ad
569 2024 659 2059 quos,
674 2014 736 2046 &c.
756 2012 891 2056 Salutem³
906 2052 910 2056 ῃ
996 2051 1001 2056 ·
1213 2053 1217 2058 .

291 2057 391 2088 Sciatis
407 2057 487 2095 quod
506 2054 734 2094 Affignavmius,
752 2050 912 2082 Venerabili
928 2049 1002 2082 Patri
1012 2074 1022 2088 ,
1039 2049 1148 2080 Thomae
1163 2049 1272 2089 Episto-

192 2105 227 2135 po
245 2094 418 2135 Dunelmenfi
432 2094 596 2126 Manerium
620 2093 653 2124 ὅ(
673 2092 778 2123 Villam
798 2089 835 2120 de
861 2090 999 2121 l-iarlowe
1055 2088 1221 2119 Manerium
1238 2090 1272 2121 &

199 2136 302 2167 vniam
318 2135 354 2166 de
369 2133 554 2171 Netteswcii,
572 2130 676 2163 vinam
691 2130 727 2161 de
749 2129 932 2169 mtchyng,
957 2129 991 2160 &
1014 2112 1122 2159 viliam
1145 2128 1180 2159 de
1204 2129 1273 2161 Lat-

194 2182 375 2258 torl-labenda
392 2210 484 2256 eidem
502 2209 662 2253 Episcopo,
680 2206 817 2247 quamdiu
832 2207 917 2237 nobis
931 2206 1066 2244 placuerit
1081 2228 1091 2244 ,
1120 2213 1174 2245 pro
1195 2204 1274 2236 Her-

196 2254 332 2293 bergagio
346 2250 516 2281 Hominum
534 2249 567 2280 &
583 2247 781 2284 Serwentum,
798 2256 832 2276 ac
848 2245 873 2276 E
897 2254 1000 2276 uorum
1015 2244 1147 2282 suorum,

228 2291 275 2331 *Ita
289 2289 370 2331 quod
385 2288 596 2327 Herbergeator
622 2286 748 2324 Hospitii
773 2283 863 2314 nostri
900 2284 956 2315 icta
972 2282 1104 2314 Maneria
1125 2283 1158 2314 &
1174 2282 1272 2322 Villas,

195 2331 242 2364 vel
256 2330 345 2369 aliqua
357 2327 525 2359 eorumdem
536 2349 546 2365 ,
563 2326 641 2356 alteri
654 2334 715 2355 non
730 2323 855 2363 affignet,

232 2369 304 2400 Nec
321 2368 416 2406 aliquis
433 2365 613 2396 provisorum
628 2363 754 2401 Hospitii
787 2360 914 2398 ωεάἰᾶὶί,
929 2359 975 2391 seu
988 2359 1056 2391 alius
1071 2359 1205 2391 Minister
1219 2370 1273 2391 no-

197 2409 271 2446 ster,
289 2407 442 2445 quicquam
456 2404 492 2435 de
509 2403 618 2441 Bladis,
637 2402 750 2445 Foenis,
814 2401 866 2443 uis,
879 2399 1006 2430 Carceris
1019 2422 1028 2436 ‚
1048 2398 1206 2439 Cariagiis,
1224 2400 1271 2430 seu

195 2449 252 2479 aliis
270 2445 440 2483 necessariis,
458 2443 530 2473 infra
541 2442 617 2473 dieta
634 2441 765 2472 Manena
780 2440 813 2471 &
828 2438 915 2470 Villas
928 2437 974 2469 vel
989 2437 1082 2477 aliqua
1090 2438 1272 2477 eorumdem,

197 2496 231 2517 ca
253 2486 289 2515 iat
301 2484 402 2528 quovis
417 2482 523 2520 modo,
587 2520 592 2526 ⁸
726 2518 731 2523 1
959 2515 963 2521 Ι
1073 2516 1077 2521 ·
1183 2517 1188 2521 ·

265 2522 356 2552 roviso
370 2522 476 2559 semper
490 2519 569 2563 quod
585 2518 661 2549 idem
678 2516 833 2555 Episcopus
847 2526 900 2553 pro
916 2514 1079 2553 hujusmodi
1103 2515 1214 2553 Foems,
1232 2516 1273 2547 E-

198 2565 276 2603 quis,
294 2559 437 2596 Carceris,
455 2558 606 2597 Cariagiis,
624 2558 656 2588 &
673 2557 731 2586 aliis
748 2555 936 2592 Necessariis,
955 2563 1003 2591 per
1016 2553 1041 2583 sc
1059 2554 1104 2583 vel
1118 2553 1271 2592 Homines,

198 2600 247 2633 au‘t
260 2600 417 2630 servientes
428 2597 491 2626 suos
504 2597 672 2634 praedictos,
690 2594 796 2625 ibidem
811 2593 953 2632 capiendis
964 2615 974 2631 ,
991 2591 1110 2624 fideliter
1129 2592 1217 2625 solvat
1235 2595 1269 2625 &

201 2638 345 2671 satisfaciat
354 2660 363 2676 ,
382 2644 413 2666 ut
426 2634 466 2665 est
476 2634 593 2673 justum.

238 2678 272 2709 In
291 2676 388 2713 cujus,
403 2675 464 2705 δίε.

257 2714 350 2747 Teste
363 2713 444 2753 Rege
458 2710 533 2751 apud
548 2709 803 2751 Wistmonasterium
817 2709 865 2739 xii.
879 2706 924 2739 die
942 2707 1123 2738 Decembris.

862 2787 916 2815 Per
933 2783 1016 2824 t'pſsaem
1034 2787 1140 2821 Regem.

312 2920 371 2952 Pro
390 2913 534 2964 Jolmnne
553 2913 590 2946 de
611 2911 747 2962 Clyfford
756 2911 848 2957 staper
863 2910 964 2943 Pariis
989 2910 1171 2943 Armorum.

457 3004 509 3031 Au
526 3001 581 3040 Ray
599 2997 684 3039 nostre
702 3000 865 3034 Soveraigne
882 2999 1017 3035 seigneur.

593 3078 637 3106 Le
653 3078 709 3114 Roy
727 3074 757 3105 la
775 3077 890 3105 Grante.

307 3195 404 3227 Come
419 3195 438 3224 il
450 3193 484 3224 ad
500 3193 574 3236 plieu
589 3201 604 3222 a
620 3190 716 3234 vostre
736 3148 1136 3233 Ξέῖῗέίῖἔεόσεῦῄζᾶἀῖἳὲἆεῐ
1158 3186 1285 3231 Licence

237 3244 268 3265 ur
286 3233 472 3271 Accomplier
487 3233 521 3263 δί
537 3231 603 3261 faire
619 3238 752 3260 certames
765 3228 849 3259 faitez
863 3227 995 3258 d'Armes
1008 3249 1017 3266 ,
1043 3238 1058 3258 a
1081 3227 1127 3265 luy
1150 3224 1217 3255 faitz
1235 3235 1283 3264 par

216 3245 363 3304 Raonfieur
382 3271 506 3301 William
522 3268 658 3310 Douglays
675 3268 711 3298 de
729 3266 953 3306 Dunlangryng,
1248 3302 1252 3306 ⁸

257 3310 338 3342 Vous
356 3310 427 3348 plese
440 3308 558 3340 adresser
574 3315 634 3338 voz
655 3305 836 3337 Honorables
862 3305 971 3335 Lettres
996 3313 1011 3334 a
1029 3326 1038 3341 ,
1062 3302 1113 3333 son
1133 3301 1286 3332 Treschier

218 3350 333 3390 Cosyn,
349 3348 447 3387 Johan
465 3345 588 3391 Nefvyll,
605 3345 741 3384 Gardeyn
755 3345 804 3374 des
817 3352 876 3374 voz
895 3341 1110 3373 Westmarchoe
1134 3350 1195 3385 vers
1220 3339 1287 3384 ΓΕ(-

201 3397 204 3403 ’
218 3398 309 3427 coce,
322 3397 366 3432 'ou
381 3396 397 3417 a
411 3386 462 3416 son
480 3386 650 3430 Lieutenant
660 3406 670 3422 ,
686 3383 733 3423 luy
747 3381 968 3413 Comandauntz
983 3380 1018 3410 de
1038 3380 1066 3411 lu
1107 3388 1213 3423 teigner
1232 3379 1289 3409 lieu

196 3460 200 3462 s
219 3438 235 3459 a
252 3426 365 3465 Carlill,
382 3434 399 3456 a
414 3432 520 3456 certem
534 3433 597 3462 jour
612 3431 659 3460 par
674 3421 722 3462 luy
738 3431 754 3452 a
767 3421 903 3460 lymyter,
918 3421 951 3451 &
969 3427 1049 3450 entre
1074 3427 1102 3450 es
1118 3417 1229 3448 Partiez.
1243 3426 1290 3448 ac-

219 3467 351 3542 cogdeg„
369 3510 452 3533 outre
466 3511 520 3531 ceo
530 3523 540 3539 ,
555 3499 575 3530 fi
589 3498 684 3530 ascuns
700 3497 847 3543 Chivalers
860 3507 899 3528 ou
915 3495 1077 3535 Esquiers‚a
1083 3493 1190 3539 rnesme
1199 3502 1291 3532 temps

223 3545 414 3585 veinnauntz,
428 3549 463 3570 en
477 3540 541 3583 lour
556 3537 754 3577 Compagnie,
779 3537 804 3567 al
824 3535 985 3566 Noumbre
1007 3533 1042 3564 de
1061 3544 1099 3563 vl.
1124 3533 1203 3563 Vous
1221 3533 1293 3570 plese

226 3584 262 3614 de
270 3569 338 3613 Tour
353 3580 471 3618 doigner
488 3578 613 3607 Licence
628 3587 643 3606 a
663 3586 718 3607 ceo
730 3575 912 3605 Parfourmer
923 3597 932 3612 ,
954 3574 987 3604 δε
1003 3572 1039 3603 de
1063 3570 1250 3615 Comaunder
1269 3571 1294 3602 le

227 3624 269 3652 dit
285 3619 434 3651 Monsieur
450 3615 529 3656 John
542 3614 664 3653 Nevyll,
682 3624 722 3644 ou
737 3624 752 3643 a
767 3613 818 3643 son
835 3613 1020 3648 Lieutenant,
1042 3611 1078 3641 de
1100 3610 1163 3641 lour
1188 3619 1295 3649 teigner

232 3661 325 3692 Lieux
339 3669 355 3690 a
369 3656 482 3694 Carlill,
500 3663 588 3686 come
600 3652 724 3690 desuiiz,
739 3652 773 3684 &
788 3661 803 3681 a
818 3651 925 3681 mesme
938 3651 964 3680 le
979 3658 1080 3690 temps.

692 3734 731 3762 H.
751 3729 929 3761 chambellan
947 3728 1142 3766 d'Engleterre.

276 3815 356 3845 Don.
373 3827 392 3845 a
406 3813 512 3854 Wstm.
530 3812 556 3844 le
572 3812 628 3843 xiii.
641 3810 714 3850 Jour
729 3808 765 3839 de
782 3807 946 3839 Decembre
957 3805 1024 3837 l’An
1037 3806 1096 3837 δίε.
1116 3804 1151 3835 ΙΙ.

664 85 1476 158 ΟἳΟΝνΕΝΤῙΟΝΕδ,
1536 83 1939 133 LITERAE,

2309 158 2313 162 ⁴
2375 159 2379 162 ⁴
2399 167 2478 201 Ann.
2492 157 2537 203 D}

2421 217 2436 238 r
2463 218 2480 239 r
2503 233 2509 240 .
2529 239 2533 242 .

1359 279 1418 311 Pro
1434 275 1598 311 Willielmo
1618 276 1754 323 Douglas
1770 275 1806 308 a'e
1837 276 2053 325 Dunlangryg,
2072 276 2164 322 fhper
2187 273 2336 323 praediHis
2398 217 2462 276 Ηυξ
2478 218 2536 285 ἓ

1689 330 1862 359 Armorum
1884 325 1998 358 fariis.

2395 400 2447 426 An.
2468 409 2494 428 2.

2397 440 2431 464 H.
2450 447 2479 472 5.

2395 479 2461 503 Scot.
2482 487 2508 507 2,

2393 517 2427 541 H.
2444 524 2471 549 5.

2395 561 2431 583 m.
2453 554 2493 582 16.

1312 417 1398 473 RE
1409 416 1441 448 X
1450 441 1460 456 ,
1477 427 1528 456 per
1544 419 1654 450 Literas
1666 418 1724 449 suas
1737 417 1877 456 Patentes,
1884 417 1970 456 usque
1980 415 2126 455 Quintum
2133 417 2281 448 decimum
2289 416 2380 450 Diem

1390 456 1534 487 Februarii
1548 458 1682 497 proximo
1696 457 1824 488 futurum
1837 456 1979 487 duraturas
1998 479 2008 494 ,
2034 454 2149 495 suscepit
2173 457 2201 486 in
2222 456 2329 488 salvum
2347 457 2381 492 ,ὃς

1308 491 1438 525 securum
1459 494 1651 526 Conductum
1667 495 1748 526 suum
1758 517 1768 534 ,
1784 505 1819 526 ac
1837 495 1866 525 in
1881 493 2122 533 Proteetionom,
2140 494 2310 525 Tuitionem
2321 518 2331 533 ,
2347 496 2381 526 &

1311 530 1516 577 Defensionem
1531 534 1588 565 suas
1603 534 1747 572 speciales,
1765 532 1945 564 Willielmum
1962 533 2083 571 Doughts
2095 534 2131 563 de
2146 532 2331 573 Dunlangryg
2349 535 2377 564 in

1310 569 1408 614 Scotia
1422 571 1578 616 Cbivaler,
1596 573 1679 612 usque
1697 571 1851 603 Civitatem
1869 571 2094 610 Karliolensem,
2112 582 2180 602 cum
2198 572 2253 603 Sex
2278 572 2379 603 Perso-

1309 619 1351 638 ms
1367 611 1404 654 de
1418 610 1514 642 Scotia
1527 613 1556 642 in
1571 610 1720 642 Comitiva
1743 610 1802 648 sua,
1827 620 1877 648 pei·
1896 611 1987 650 ipsum
2007 610 2201 648 nominandis,
2222 621 2277 648 pro
2295 613 2380 642 certis

1310 647 1333 676 F
1335 649 1402 680 actis
1418 649 1597 688 Armorum,
1615 650 1686 680 infra
1701 648 1857 680 Civitatem
1873 649 2039 687 praedi&am
2058 672 2068 688 ,
2093 659 2162 680 cum
2185 649 2318 688 Johanne
2346 651 2380 680 de

1309 686 1425 733 Cltffiirq'
1437 687 1588 733 Chivaler,
1607 689 1645 732 &t¹
1654 688 1713 720 aliis
1730 687 1785 732 Sex
1802 686 1929 731 Personis
1951 688 1987 719 de
2010 688 2118 732 Regno
2138 688 2227 728 Regis
2250 689 2382 728 Angliae,

1309 730 1464 809 sigilii-2¹³
1468 725 1932 805 sssssssssl?&zafffissssssissracsssi‘l‘
1937 725 2384 798 AE2³z³1²aass³¹2¹33u¹c¹zzn²³⁶oess¹33

1308 803 1508 848 aliisOPersonis
1523 807 1609 844 usque
1623 806 1657 836 ad
1672 804 1842 848 Numerum
1866 802 2079 842 Qiaterviginti
2098 788 2239 843 Equitum
2265 806 2293 835 in
2318 804 2381 835 Co-

1310 852 1411 874 mitiva
1426 843 1488 883 sua,
1506 845 1665 883 veniendo,
1681 842 1787 874 ibidem
1804 841 1961 880 morando,
1979 842 2012 872 δε
2034 842 2134 872 exinde
2148 843 2183 872 ad
2201 845 2315 882 propria
2336 854 2380 874 re-

1309 881 1443 921 deundo,
1459 893 1492 914 ac
1507 882 1658 922 Personas,
1675 882 1786 921 Equos,
1803 880 2018 918 Armatura82&
2029 879 2167 911 Hernefia
2179 881 2224 911 sua
2231 892 2379 920 quaecum-

1309 929 1530 990 quD’umtamen
1552 959 1685 1004 Personae
1713 958 1856 1004 praedidiae
1876 958 2033 1002 proditores
2052 957 2141 997 Regis
2165 965 2214 989 aut
2242 965 2318 989 extra
2339 958 2384 989 di-

1310 996 1392 1041 cium
1415 997 1552 1038 Regnum
1567 999 1654 1038 Regis
1670 998 1795 1029 Bannitae
1818 997 1863 1028 seu
1887 997 2063 1035 Abludicatae
2085 1007 2145 1028 non
2169 996 2303 1035 existant,
2326 1007 2382 1028 nec

1309 1045 1482 1082 quicquam,
1498 1037 1576 1076 quod
1589 1039 1618 1067 iri
1633 1037 1722 1076 Regis
1739 1036 1951 1076 Contemptum
1968 1036 2013 1067 vel
2028 1035 2241 1074 Praejudicium,
2256 1045 2303 1066 aut
2322 1035 2382 1066 Po-

1310 1075 1368 1111 puli
1382 1075 1472 1115 Regis
1486 1075 1658 1114 Dampnum
1669 1075 1824 1114 aliqualiter
1835 1075 1936 1106 cedere
1955 1075 2060 1113 valeat,
2086 1082 2253 1115 attemptent
2271 1075 2319 1106 seu
2339 1084 2383 1106 at·

1310 1116 1441 1152 temptari
1455 1115 1624 1153 praesumant
1639 1117 1740 1153 quovis
1756 1113 1863 1150 modo,

1346 1152 1488 1184 Volumus
1500 1162 1596 1185 tamen
1612 1154 1710 1192 quod,
1729 1152 1748 1183 si
1763 1151 1915 1192 praedistus
1928 1151 2103 1189 Willielmur,
2119 1152 2166 1184 vel
2181 1152 2267 1183 dictae
2279 1151 2382 1183 Perso-

1309 1200 1354 1221 nae
1370 1191 1405 1222 de
1419 1192 1531 1231 Scotia,
1550 1202 1599 1232 per
1611 1192 1704 1233 ipsum
1719 1190 1919 1227 nominandae,
1942 1199 1988 1220 aut
2007 1200 2108 1221 eorum
2120 1191 2220 1229 aliquis
2233 1215 2243 1229 ,
2266 1191 2383 1230 aliquod

1309 1229 1482 1275 Dampnum
1494 1232 1614 1272 praefato
1626 1230 1756 1270 Johanni
1766 1253 1775 1268 ,
1792 1229 1837 1260 seu
1853 1229 1935 1260 alicui
1950 1229 2092 1260 dictarum
2109 1229 2163 1260 Sex
2186 1229 2384 1268 Personarum,

1309 1279 1358 1312 per
1371 1270 1460 1309 ipsum
1475 1269 1642 1310 Johannem
1658 1270 1696 1301 fic
1709 1268 1947 1300 nominandarum
1963 1291 1973 1306 ,
1997 1268 2130 1298 faciendo
2142 1267 2233 1298 Arma
2244 1269 2289 1299 sua
2311 1279 2383 1307 prae—

1309 1307 1403 1346 dieta,
1420 1309 1538 1347 faciant,
1558 1318 1627 1340 tunc
1642 1331 1652 1346 ,
1676 1318 1714 1338 co
1737 1317 1797 1338 non
1819 1306 1950 1338 obstante
1965 1329 1975 1344 ,
2002 1307 2147 1344 praesentes
2169 1307 2274 1338 literae
2298 1307 2386 1346 Regis

1308 1346 1345 1378 de
1366 1348 1444 1378 salvo
1463 1346 1622 1379 Conductu
1644 1348 1673 1377 in
1693 1347 1744 1377 suo
1759 1347 1863 1376 robore
1879 1354 2060 1384 permaneant
2072 1347 2228 1378 &virture

1384 1384 1474 1418 Teste
1487 1386 1571 1427 Rege
1586 1386 1660 1425 apud
1675 1384 1950 1426 westmonasterium,
1968 1385 2024 1415 xvi.
2039 1385 2085 1416 die
2099 1383 2280 1418 Decembris.

1988 1471 2042 1500 Per
2060 1469 2144 1509 t‘pftm
2161 1473 2266 1509 Regem,

1647 1616 1743 1661 Super
1765 1613 1864 1647 Fastis
1883 1611 2040 1659 praediflis.

1367 1710 1451 1755 EX,
1469 1720 1519 1749 per
1542 1710 1651 1741 Literas
1669 1711 1728 1741 suas
1747 1708 1894 1747 Parentes,
1922 1709 2008 1748 usque
2029 1708 2064 1740 ad
2091 1709 2383 1748 Quintumdecimum
2403 1704 2479 1736 Αΰΰ-
2491 1703 2532 1735 D·

1386 1749 1476 1780 Diem
1492 1749 1634 1780 Februarii
1647 1750 1779 1789 proximo
1793 1749 1921 1780 futurum
1935 1748 2089 1785 duraturas,
2102 1749 2218 1787 suscepit
2233 1752 2262 1781 in
2280 1751 2386 1782 salvum
2426 1751 2515 1782 1414·

1310 1787 1345 1817 &
1358 1787 1487 1819 securum
1501 1786 1691 1818 CondutStum
1706 1787 1805 1825 suum,
1822 1797 1857 1817 ac
1871 1787 1902 1816 in
1913 1785 2146 1826 Protec‘tionem,
2164 1788 2334 1821 Tuitionem
2351 1792 2384 1822 &
2397 1786 2451 1811 An.
2469 1792 2496 1811 2·

1311 1826 1517 1857 Defensionem
1532 1826 1589 1857 suas
1601 1827 1746 1864 speciales,
1766 1828 1807 1856 W
1809 1824 1944 1854 illielmum
1960 1824 2082 1862 Douglar
2095 1824 2131 1855 de
2149 1825 2314 1867 Dunlangry
2336 1813 2384 1859 'in
2401 1826 2436 1849 H.
2454 1830 2470 1855 5
2473 1843 2480 1848 ·

1309 1865 1408 1897 Scotia
1421 1865 1570 1903 Chivaler,
1588 1866 1672 1903 usque
1687 1865 1722 1896 ad
1737 1863 1892 1894 Civitatem
1910 1862 2132 1901 Karliolensem,
2150 1874 2220 1896 cum
2243 1866 2298 1897 Sex
2343 1877 2384 1897 er·
2438 1857 2505 1887 ibid.

1312 1904 1388 1934 sonis
1399 1905 1435 1936 de
1447 1905 1545 1935 Scotia
1556 1905 1585 1934 in
1600 1904 1750 1935 Comitiva
1765 1903 1809 1934 sua
1823 1912 1873 1943 per
1895 1902 1985 1940 ipsum
2007 1903 2186 1934 nominandis
2201 1928 2211 1943 ,
2234 1914 2288 1943 pro
2307 1906 2389 1937 certis
2403 1908 2438 1927 ²⁷¹·
2459 1906 2502 1932 ¹7·

1313 1942 1406 1974 Faciis
1425 1943 1600 1981 Armorum,
1618 1943 1690 1974 infra
1706 1942 1863 1973 Civitatem
1876 1941 2058 1980 praedictam,
2076 1941 2121 1971 vel
2135 1942 2202 1973 alibi
2236 1954 2306 1989 rope
2319 1954 2388 1975 ean-

1312 1981 1381 2012 dem
1396 1981 1572 2019 Civitatem,
1590 1982 1639 2013 ubi
1654 1991 1720 2020 per,
1737 1980 1910 2012 carissimum
1934 1979 2188 2018 Consanguineum
2240 1992 2296 2021 egis
2330 1982 2388 2022 Jo-

1312 2019 1432 2050 hannem
1444 2022 1476 2051 de
1487 2019 1612 2064 Noevyll,
1631 2019 1794 2051 Custodem
1812 2018 2006 2050 Marchiarum
2021 2017 2110 2058 Regis
2123 2021 2158 2052 de
2177 2021 2203 2052 la
2224 2006 2388 2053 Welimar-

1312 2059 1368 2103 che
1383 2060 1475 2091 versus
1487 2059 1616 2091 Scotiam
1625 2060 1677 2098 ‚&
1692 2058 1807 2098 Judices
1820 2058 1849 2088 in
1862 2058 1916 2088 hac
1928 2065 2004 2096 parte
2021 2066 2070 2096 per
2083 2056 2199 2099 Regem
2211 2059 2389 2100 assignatum,

1309 2107 1388 2136 Juirta
1402 2099 1494 2129 sanam
1508 2098 1709 2129 discretionem
1731 2097 1806 2128 suam
1829 2095 1973 2134 provisum
1994 2095 2077 2127 fuerit
2089 2119 2099 2136 ,
2117 2108 2187 2130 cum
2203 2098 2337 2137 Johanne
2355 2100 2393 2130 aa

1314 2136 1437 2176 clyfford
1447 2136 1599 2176 Chivaler,
1617 2138 1651 2169 &
1669 2137 1727 2168 aliis
1742 2136 1796 2166 Sex
1817 2135 1945 2166 Personis
1965 2134 2001 2166 de
2020 2134 2128 2173 Regno
2148 2135 2238 2177 Regis
2258 2138 2389 2178 Angliae,

1313 2186 1362 2218 per
1382 2177 1391 2206 i
1412 2175 1474 2207 sum
1487 2175 1679 2213 nominandis,
1696 2174 1853 2212 Faciendis‚
1872 2172 1933 2209 &aa
1952 2182 1983 2204 ut
1993 2172 2091 2214 ficpra,
2105 2180 2221 2205 mutatis
2237 2178 2388 2208 mutandis.

1413 2214 1472 2247 este
1486 2215 1568 2256 Rege
1582 2214 1657 2254 apud
1672 2212 1948 2255 Wstmrmasterium,
1965 2214 2021 2245 xvi.
2031 2213 2090 2245 Die
2103 2213 2284 2246 Decembris.

1977 2293 2032 2321 Per
2051 2292 2134 2332 ipsum
2153 2293 2257 2330 Regem.

1654 2431 1682 2458 ’¹¹‘
1707 2435 1756 2467 De
1778 2432 2060 2468 Pardonationibns.
2406 2429 2428 2450 ⁸
2448 2432 2499 2462 IX.

1316 2525 1460 2585 REX,
1478 2524 1624 2556 Omnibus
1637 2523 1745 2555 Ballivis
1757 2523 1791 2555 &
1805 2523 1948 2555 Fidelibus
1961 2523 2031 2561 suis,
2053 2522 2089 2553 ad
2109 2531 2199 2560 quos,
2220 2522 2282 2554 &c-
2307 2522 2386 2555 Salu-
2404 2480 2533 2565 Ᾰίἷιῐ),

1395 2575 1465 2596 tem.

1351 2604 1451 2635 Sciatis
1467 2602 1549 2642 quod
1559 2626 1570 2641 ,
2425 2582 2515 2640 2434'

1351 2643 1451 2680 Cum,
1470 2650 1502 2672 ut
1519 2643 1700 2681 accepimus,
1717 2638 1862 2679 Johannes
1875 2641 2019 2676 Languere
2035 2637 2071 2668 de
2086 2637 2267 2678 Wycombe,
2287 2647 2382 2678 quon·
2401 2655 2430 2679 H
2451 2634 2458 2640 ”
2491 2634 2499 2641 ”

1313 2680 1379 2711 dam
1394 2682 1430 2712 de
1443 2678 1580 2710 London.
1618 2680 1752 2716 Mercer,
1772 2687 1877 2717 nuper,
1896 2687 1994 2708 coram
2010 2675 2161 2707 Willielmo
2175 2680 2243 2706 Roos
2266 2676 2302 2708 de
2320 2677 2383 2709 Ha·
2402 2659 2496 2718 1595}

1316 2720 1424 2757 melak,
1442 2720 1476 2750 ὃς
1488 2718 1581 2749 Sociis
1595 2718 1664 2756 suis,
1685 2717 1849 2756 justiciariis
1868 2716 1989 2754 nostris,
2013 2715 2048 2745 ad
2071 2715 2189 2746 diversas
2209 2716 2390 2747 Proditiones
2405 2731 2433 2755 H
2457 2711 2462 2717 ⁴
2502 2709 2511 2720 ‘

1315 2760 1350 2790 &
1366 2758 1513 2795 Felonias,
1526 2757 1595 2787 infra
1609 2756 1764 2787 Civitatem
1780 2755 1943 2785 Londoniae
1954 2755 1986 2786 &
1995 2754 2177 2786 Comitatum
2185 2754 2390 2793 Middlesexiae,
2405 2774 2418 2804 P
2434 2750 2439 2756 ⁸
2451 2736 2485 2803 35‘

1317 2805 1504 2835 perpetratas,
1530 2795 1716 2827 Audiendum
1738 2795 1772 2826 &
1794 2793 2025 2824 Terminandum
2052 2793 2210 2833 assignatis,
2237 2792 2392 2825 Indictatus
2407 2815 2433 2834 m
2470 2812 2517 2830 2..

1316 2836 1425 2874 fuiffet,
1443 2835 1479 2865 de
1491 2843 1526 2864 eo
1541 2834 1618 2872 quod
1635 2834 1712 2875 Ipse,
1729 2834 1763 2864 &
1778 2833 1840 2870 alii,
1857 2832 1987 2863 Lollardi
1999 2831 2149 2870 vulgariter
2165 2833 2337 2870 nuncupati,
2437 2826 2443 2833 ’
2492 2823 2503 2841 ²

1357 2875 1438 2913 Qii,
1456 2882 1557 2904 contra
1570 2873 1660 2912 legem
1674 2872 1846 2904 catholicam
1857 2895 1867 2910 ,
1884 2871 2001 2901 diversas
2014 2870 2173 2910 Opiniones
2191 2869 2337 2901 haerericas
2356 2870 2391 2901 &

1319 2914 1387 2945 alios
1400 2913 1517 2956 Errores
1531 2911 1711 2950 manifestos,
1731 2911 1804 2950 Legi
1819 2909 1981 2942 Catholicae
1996 2917 2199 2949 repugnanteS,
2218 2919 2234 2939 a
2258 2908 2308 2939 diu
2330 2908 2396 2948 est,

1319 2953 1466 2984 temerarie
1478 2959 1640 2989 tenuerunt,

1360 2990 1523 3029 Opiniones
1537 2990 1570 3021 &
1586 2989 1702 3020 Errores
1716 2987 1871 3027 praedietos
1893 2993 2076 3017 manutenere
2097 2993 2144 3016 aut
2161 2986 2190 3015 in
2211 2985 2290 3016 fa&o
2310 2986 2396 3016 mini-

1322 3026 1956 3105 }‘1'51{3¹3¹}Xssssffnsffit'ussugcm‘dffiffiiss
1962 3024 2149 3093 Ριῗξξὲἓὲἒὲ
2155 3024 2328 3094 ὃῗῃῗὲἑῗὲὃ
2342 3034 2398 3094 ¹33·

1324 3108 1365 3176 {ra
1382 3090 1525 3143 Reg‘imm'
1536 3104 1670 3136 nostrum
1681 3102 1791 3144 Angliae
1800 3125 1810 3141 ,
1826 3103 1856 3133 in
1869 3102 2048 3140 prosperitate
2061 3103 2095 3134 ὃ(
2112 3073 2309 3140 παυςὲἰὶῑίῑαῑε
2322 3086 2394 3140 ²per—

1337 3153 1481 3176 everarent

1365 3184 1447 3215 Falso
1462 3168 1495 3214 δῖ
1511 3182 1667 3220 proditorie
1682 3179 1889 3217 machinando,
1908 3187 1968 3210 tam
1985 3179 2096 3210 Statum
2111 3179 2226 3217 Regni,
2243 3179 2328 3217 quam
2335 3177 2397 3210 Sta-

1327 3232 1388 3254 tum
1404 3224 1438 3255 &
1452 3220 1595 3252 Officium
1610 3218 1814 3257 Praelatorum,
1831 3228 1949 3249 necnon
1966 3218 2090 3249 Ordines
2103 3217 2335 3256 Religiosorutn,
2353 3218 2397 3247 iii-

1326 3262 1369 3292 fra
1382 3261 1491 3291 dffitum
1504 3259 1642 3298 Regnum
1659 3258 1787 3297 Angliae,
1805 3258 1916 3294 penitus
1926 3257 2077 3296 adnullare,

1366 3300 1410 3330 Ac
1421 3298 1509 3342 NOS,
1528 3298 1634 3328 Fratres
1647 3296 1776 3333 nostros,
1797 3296 1946 3333 Praelatos,
1965 3296 1998 3326 &
2018 3296 2087 3326 alios
2106 3295 2256 3334 Magnates
2273 3293 2396 3332 ejusdem

1331 3338 1427 3377 Regm
1443 3336 1617 3374 interficere,
1634 3345 1749 3367 necnon
1765 3334 1853 3365 Viros
1866 3334 2041 3373 Religiosos,
2055 3334 2158 3365 relictis
2172 3332 2305 3364 Cultibus
2324 3332 2398 3362 divi-

1330 3378 1373 3407 nis
1388 3377 1422 3407 &
1442 3375 1572 3415 religiosis
1585 3374 1793 3413 observantiis,
1812 3374 1846 3404 ad
1863 3374 2066 3411 occupationes
2085 3371 2238 3403 mundanas
2257 3379 2402 3408 revocare,

1331 3417 1365 3447 &
1378 3424 1436 3446 tam
1450 3414 1588 3445 Ecclefias
1602 3413 1796 3451 Cathedrales,
1814 3414 1902 3451 quam
1915 3413 1977 3442 alias
1988 3411 2123 3442 Ecclesias
2131 3432 2142 3448 ,
2158 3410 2192 3440 &
2206 3408 2323 3439 Domos
2338 3407 2400 3438 Rc-

1332 3454 1455 3494 ligiosas,
1474 3453 1511 3483 de
1526 3452 1663 3491 Reliquiis
1677 3453 1710 3483 ὃς
1725 3452 1782 3482 aliis
1801 3450 1887 3482 Bonis
1909 3448 2106 3481 Ecclesiasticis
2128 3447 2248 3478 totaliter
2268 3446 2400 3486 spoliare,

1332 3502 1366 3523 ac
1379 3492 1501 3523 funditus
1516 3491 1550 3522 ad
1565 3491 1686 3522 Terram
1702 3489 1895 3528 prosternere,

1372 3530 1411 3561 Et
1423 3529 1584 3569 Johannem
1601 3528 1790 3567 Oldecastell,
1807 3528 1844 3559 de
1856 3527 1991 3566 Coulyng
2004 3527 2033 3556 in
2047 3523 2197 3556 Comitatu
2208 3521 2320 3554 Kantiae
2328 3521 2399 3554 Chi-

1335 3569 1425 3608 valer,
1444 3569 1605 3609 Regentem
1617 3568 1739 3607 ejusdem
1754 3566 1851 3609 Regni
1859 3565 2049 3602 constituere,

1373 3607 1411 3639 Et
1425 3608 1588 3647 quamplura
1600 3606 1752 3647 Regimina
1767 3629 1776 3644 ,
1800 3604 1953 3635 secundum
1974 3610 2076 3644 eorum
2098 3599 2285 3631 Voluntatem
2304 3623 2314 3637 ,
2332 3600 2404 3632 infra

1338 3646 1474 3686 Regnum
1487 3645 1672 3686 praedidiutn,
1689 3645 1763 3683 quasi
1776 3643 1858 3675 Gens
1870 3643 1927 3686 sine
1940 3642 2032 3678 capite
2041 3662 2051 3678 ,
2065 3648 2095 3685 in
2107 3638 2220 3668 finalem
2229 3638 2403 3682 destrucstio—

1340 3695 1408 3716 nem
1427 3693 1486 3716 tam
1500 3682 1570 3716 fidei
1581 3684 1742 3716 Catholicae
1758 3683 1792 3714 &
1807 3681 1897 3719 Cleri,
1915 3680 2001 3718 quam
2016 3678 2110 3708 Status
2122 3678 2156 3708 &
2172 3676 2326 3714 Massstatis
2343 3677 2402 3708 Di—

1341 3725 1453 3763 gnitatis
1467 3723 1586 3762 nostrae,
1603 3723 1672 3753 infra
1685 3722 1763 3752 idem
1786 3720 1922 3758 Regnum
1943 3716 2072 3748 nostrum
2089 3739 2100 3755 ,
2124 3715 2255 3747 ordinare
2276 3715 2347 3747 falso
2367 3717 2402 3749 &

1343 3763 1497 3800 proditorie
1508 3762 1709 3793 ordinaverunt
1723 3762 1756 3792 &
1772 3757 1986 3798 proposuerunt,

1382 3800 1420 3831 Et
1439 3800 1518 3840 quod
1532 3800 1598 3840 ipsi,
1618 3800 1699 3831 simul
1712 3807 1782 3830 cum
1800 3795 2008 3835 quampluribus
2021 3792 2185 3823 Rebellibus
2195 3792 2297 3823 nostris
2320 3794 2407 3831 igno-

1344 3839 1394 3876 tis,
1413 3839 1447 3869 ad
1461 3848 1611 3870 numerum
1628 3838 1737 3877 Viginti
1752 3835 1877 3866 Millium
1892 3833 2057 3863 Hominum
2071 3853 2081 3869 ,
2095 3832 2131 3863 de
2153 3831 2265 3863 diversis
2285 3833 2417 3871 partibus.

1346 3876 1444 3914 Regni
1456 3877 1584 3915 Angliae‚
1604 3877 1694 3907 modo
1706 3875 1839 3915 guerrino
1853 3872 2050 3907 armiatorurn,
2075 3871 2205 3907 privatim
2228 3870 2416 3910 insurgerent,

1384 3915 1441 3953 Et,
1459 3914 1519 3946 Die
1532 3915 1671 3946 Mercurii
1682 3914 1812 3955 proximo
1826 3910 1889 3950 post
1904 3909 2017 3940 Festum
2032 3908 2196 3948 Epiphaniae
2205 3907 2339 3946 Domini,
2348 3909 2410 3938 An-

1347 3964 1388 3984 no
1404 3953 1499 3991 Regni
1513 3953 1602 3983 nostri
1619 3952 1734 3989 Primo,
1751 3949 1824 3988 apud
1838 3948 1942 3979 Villam
1956 3948 1990 3978 &
2007 3948 2172 3979 Parochiam
2188 3947 2284 3979 Sancti
2306 3946 2411 3986 Eg21ii‚

1349 4001 1425 4023 extra
1438 3991 1549 4023 Barram
1564 3992 1674 4023 Veteris
1698 3988 1818 4027 Templi
1839 3986 2053 4018 Londoniarum
2067 4009 2077 4024 ,
2102 3988 2133 4017 iri
2153 3986 2278 4026 quodam
2305 3993 2412 4053 mggno

2359 4032 2417 4054 arr-
