2562 4274
63 281 139 313 Anu.
151 278 195 309 D.

91 326 176 358 ¹423·

87 370 124 386 aa.
139 360 167 384 6·

58 468 111 493 An.
131 472 156 490 ι.

59 502 168 569 ξίῆξᾈ,
210 529 331 562 ducrum
344 532 446 570 suum,
465 532 543 563 acin
561 531 795 570 protectionem,
815 533 1002 574 Tuitionem,
1022 536 1274 567 &Defenfionem

58 581 174 609 H.6.m.
203 569 261 600 suas
281 570 429 609 speciales,
441 573 593 601 Patricium
614 571 727 601 Crumbe
746 570 933 610 Capellanum
945 597 955 612 ,
973 575 1003 604 in
1026 575 1164 614 Regnum
1186 575 1273 614 Regis

61 1254 138 1286 Ann.
148 1253 189 1285 D.

82 1303 167 1333 1423.

58 1338 112 1361 An.
135 1343 156 1360 1.

60 1377 94 1399 H.
115 1372 143 1397 6.

60 1408 195 1437 Pemcler.

61 1448 121 1477 Pell.

76 1608 155 1639 *X.

68 3156 145 3188 Ann.
159 3154 203 3185 D.

90 3204 177 3234 1423.

67 3239 120 3264 Aa.
145 3245 168 3262 l.

67 3279 104 3303 H.
120 3274 149 3302 6.

67 3316 139 3341 Penes

69 3351 135 3380 Cher.
142 3350 200 3379 Pell.

779 197 890 239 ET
976 197 1234 241 ACTA

467 371 527 402 Pro
544 368 670 402 Davide
686 367 818 403 Dunbur
832 371 1015 417 PrisbnariO.

214 451 350 511 REX,
365 463 416 492 per
429 453 536 484 Literas
548 454 605 485 suas
617 449 760 493 Parentes,
776 455 864 501 usque
879 456 992 489 Festum
1007 458 1191 490 Pentecostes
1229 468 1276 489 ro·

291 495 373 524 ximo
387 493 514 524 futurum
527 493 686 530 duraturas,
704 494 819 532 suscepit
836 506 864 525 in
879 496 985 528 salvum
999 499 1033 530 &
1047 497 1176 528 securum
1221 508 1275 528 on-

204 608 335 648 Angliae,
351 620 435 648 penes
447 609 551 639 David
560 609 680 640 Dunbar
695 609 886 642 Prisonarium
901 613 929 642 in
947 612 1067 652 Anglia,
1083 623 1151 644 cum
1165 613 1274 644 Tribus

206 647 335 679 Personis
354 650 385 679 in
408 646 560 679 Comitivz'i
579 647 640 686 sua,
659 649 718 679 tam
742 659 790 687 per
815 649 956 689 Terram,
973 652 1060 689 quam
1078 662 1128 689 per
1142 652 1274 691 Aquam,

207 687 352 718 veniendo
365 710 375 726 ,
400 686 509 718 ibidem
530 687 672 717 morando
689 710 699 725 ,
723 688 812 718 noete
834 689 936 728 dieque
957 689 1189 727 perhendinando
1204 716 1214 728 ,
1239 692 1275 722 &

206 725 308 756 exinde
328 725 420 756 versus
436 730 526 763 partes
539 725 597 755 suas
612 726 737 765 proprias
778 726 882 765 absque
903 729 1114 766 perturbatione
1135 739 1275 767 quacum-

208 774 282 803 que,
299 763 466 802 redeundo,
483 772 599 794 necnon
611 763 729 803 Equos,
747 748 902 804 i-Iernefia,
919 767 953 797 ὃς
970 766 1049 797 Bona
1064 766 1112 798 sua
1125 778 1275 807 quaecum—

230 813 277 833 ue‘

207 813 228 842 q
246 826 368 872 P'roviso
383 839 492 879 semper
508 841 607 880 quod,
624 840 685 876 &a
698 848 781 880 prout
805 844 835 872 in
861 842 988 882 ejusmodi
1009 843 1041 873 de
1061 844 1199 874 c’onduelu
1222 847 1274 875 Li-

209 881 284 909 teris.

244 916 334 949 Teste
351 916 436 956 Rege
452 917 526 958 apud
541 917 820 959 Wstmonasterium,
837 919 951 958 Qarto
967 919 1026 950 Die
1041 918 1149 951 Martii.

947 999 1001 1027 Per
1017 997 1170 1028 Concilium.

253 1121 304 1154 De
324 1116 402 1152 Loco
427 1121 459 1151 in
481 1118 610 1152 Concilio
629 1120 789 1162 Generali,
812 1123 926 1154 ratione
942 1123 1056 1154 Coronae
1074 1123 1223 1166 Francia,

667 1167 802 1214 petendo.

210 1254 420 1316 HEnricus,
439 1251 497 1284 Dei
519 1253 624 1292 gratia,
641 1257 702 1284 Rex
725 1253 837 1292 Angliae
860 1254 900 1290 (ἐν
921 1258 1043 1286 Franciae
1056 1279 1067 1295 ,
1083 1254 1121 1291 ὠ
1143 1260 1275 1287 Dominus

303 1292 444 1322 Hiberniae
455 1315 465 1330 ,
483 1291 632 1323 Univerfis
647 1293 681 1324 ὃς
697 1292 839 1333 Singulis,
854 1294 890 1325 ad
907 1305 980 1333 quos
995 1296 1143 1333 praesentes
1158 1296 1277 1326 Litterae

210 1332 405 1371 pervenerint,
428 1330 564 1361 Salutem.

248 1369 399 1400 Noveritis
411 1369 492 1407 quod
507 1369 593 1408 Nos,

249 1408 299 1438 De
320 1407 494 1438 fidelitatibus
514 1409 548 1439 ὃς
571 1409 875 1449 εἰῑευωῑρεᾶἰοῃίδιις
889 1434 898 1448 ,
921 1409 1086 1442 Reverendi
1109 1413 1139 1442 in
1161 1410 1279 1443 Christo

211 1446 313 1485 Patris,
331 1446 496 1487 cicestrenfis
514 1447 652 1486 Episcopi,
668 1458 721 1485 ac,
735 1448 833 1479 dileffl
853 1448 956 1487 nostri,
976 1451 1115 1480 Bernardi
1135 1451 1169 1481 de
1190 1450 1277 1480 Plan—-

209 1486 262 1516 hea
276 1485 471 1517 Decretorum
486 1484 642 1523 Deciens,
659 1496 693 1516 ac
708 1486 813 1517 Prioris
828 1487 964 1519 Eccleliae
989 1487 1198 1520 conventualis
1212 1488 1280 1519 Bea-

210 1535 246 1557 tae
261 1524 364 1556 Mariae
379 1523 416 1555 de
437 1523 559 1563 Solaco,
578 1524 713 1556 Ducatfis
734 1525 824 1556 nostri
845 1527 1041 1565 Aequitaniae,
1059 1528 1166 1565 plenius
1187 1527 1281 1558 confi-

211 1565 311 1595 dentes

250 1602 270 1621 ²¹²
289 1586 381 1640 Ip⁷sos,
398 1600 435 1632 de
451 1600 636 1632 Avisamento
649 1601 778 1633 Concilii
794 1603 900 1641 nostri,
920 1603 1054 1634 Fecimus
1069 1604 1103 1635 &
1119 1603 1279 1636 Constitui·

211 1650 276 1672 mus
290 1640 493 1671 Procuratores
510 1640 639 1678 nostros,
657 1641 857 1679 conjunfflm,
875 1643 909 1672 &
926 1642 1055 1680 divifim,

249 1679 296 1710 Ad
313 1679 475 1710 Petendum
491 1679 524 1710 &
540 1678 742 1709 obtinendum
756 1689 789 1718 a,
806 1679 977 1711 saneiiffimo
990 1681 1020 1710 in
1037 1681 1155 1713 Christo
1180 1682 1282 1720 Patre,

211 1718 348 1749 Domino
364 1720 508 1755 Martino,
526 1717 707 1747 sacrosan&ae
726 1717 872 1748 Romanae
892 1728 925 1749 ac
948 1719 1120 1751 Universalis
1143 1720 1280 1751 Eccleliae

211 1761 318 1787 Summo
335 1755 485 1795 Pontfice,
506 1755 657 1785 humilima
679 1765 712 1786 ac
728 1756 825 1787 debita
839 1767 907 1787 cum
924 1757 1053 1789 instantia
1064 1781 1073 1797 ‚
1092 1758 1185 1790 aliove
1201 1759 1280 1790 Sacri

212 1796 338 1835 proximi
350 1794 437 1825 futuri
452 1793 598 1824 Generalis
611 1793 741 1824 Concilii
756 1794 941 1834 Praefidente‚
956 1796 1142 1836 quoscunque
1161 1798 1280 1830 Locum

212 1835 271 1865 five
285 1833 445 1864 Seffionem
457 1833 490 1861 in
505 1831 608 1862 eodem
624 1831 777 1871 Concilio,
797 1833 914 1873 Nobis,
932 1836 1038 1866 ratione
1051 1840 1161 1867 Coronae
1183 1837 1281 1878 nostrae

213 1875 355 1909 Franciae,
372 1871 501 1901 debitum
523 1871 557 1902 &
579 1870 721 1908 debitam,
738 1881 825 1909 quem
847 1873 882 1904 ὅτ
904 1883 990 1911 quam
1002 1874 1203 1914 Progenitores
1226 1886 1282 1907 no-

212 1911 280 1948 stri,
296 1910 395 1946 Reges
405 1909 531 1939 Franciae
541 1931 550 1946 ,
568 1917 618 1946 per
625 1909 663 1940 Se
672 1932 683 1948 ,
702 1910 736 1940 &
746 1911 808 1941 suos
817 1910 1034 1943 Ambassiarores
1046 1937 1055 1951 ,
1072 1923 1169 1944 tenere
1186 1915 1220 1945 &
1230 1925 1283 1946 oc-

212 1958 318 1987 cupare
337 1947 565 1986 consueverunt,
583 1949 758 1988 temporibus
774 1950 938 1989 reminis,
955 1953 989 1982 δε
1007 1952 1094 1990 usque
1114 1953 1282 1985 Adventum

211 1986 453 2020 Ambaffiatorum
477 1986 658 2025 nostrorum,
677 1997 748 2026 quos
766 1988 800 2018 ad
825 1987 992 2020 Concilium
1017 1991 1106 2028 ipsum
1122 1991 1283 2031 Generale,

211 2027 249 2058 de
261 2026 433 2057 avis-amento
448 2025 577 2056 Conc'iiii
592 2026 681 2056 nostri
693 2026 841 2064 praedicti,
858 2029 994 2064 proximo
1008 2029 1123 2060 mittere
1145 2030 1282 2061 delibera-

212 2067 322 2103 vimus,
342 2063 595 2095 Ambaffiatoribus
613 2065 675 2103 ipsis
693 2065 794 2096 nostro
812 2065 945 2097 Nomine
960 2070 1138 2100 vacuum&
1160 2078 1282 2102 vacuam

211 2104 283 2136 refer
288 2104 344 2135 vari
358 2104 399 2135 &·
407 2102 554 2133 Custodiri
564 2113 581 2140 ,·

251 2141 306 2181 Et,
324 2142 354 2172 in
368 2149 475 2172 eventuv
490 2150 550 2179 quo
563 2140 665 2172 Nobis
680 2141 740 2172 hoc
753 2141 907 2182 denegetur
921 2143 1014 2182 (quod
1029 2144 1165 2184 nolimus)
1184 2146 1221 2177 de
1231 2147 1286 2185 Ju—

212 2192 245 2212 re
264 2180 364 2212 nostro
383 2179 604 2222 Protestandurn
615 2202 625 2218 ‚
644 2181 679 2211 δί
698 2181 736 2223 in
752 2181 784 2212 ea
806 2191 885 2221 parte
908 2182 1134 2223 Appellandum‚
1160 2185 1284 2224 ipsasque

211 2219 452 2251 Protestationem
473 2219 507 2249 &
529 2219 758 2258 Appeuationem
776 2220 874 2252 debite
893 2221 1143 2261 Prosequendurn,
1165 2233 1282 2255 necnon

213 2259 314 2290 omnia
336 2258 387 2288 alia
409 2258 442 2288 ὅ(
460 2257 567 2294 fingula
591 2257 765 2298 Faciendum
789 2260 823 2291 δε
842 2259 1060 2300 Exercendum,
1089 2272 1155 2301 quae
1177 2263 1209 2293 in
1229 2263 1284 2294 hac

214 2305 292 2337 parte
306 2296 457 2328 neceffiria
470 2296 590 2335 fuerint,
607 2297 654 2328 seu
670 2297 892 2336 quomodolibet
905 2299 1056 2340 oportuna

253 2372 323 2405 Dat.
341 2373 370 2404 in
387 2373 499 2404 Palatio
511 2373 598 2415 nostro
613 2374 855 2416 Wslmonafterii,
872 2376 988 2416 Qarto
1003 2375 1062 2409 Die
1077 2376 1194 2418 Martii,
1219 2378 1284 2411 An·

214 2422 257 2445 no
270 2412 445 2451 Regnorum
457 2412 625 2445 nostrorum
640 2413 749 2445 Primo.

255 2491 365 2531 Quinto
385 2493 442 2522 Die
468 2493 598 2529 Martii,
621 2479 710 2523 Anna
723 2495 834 2532 primo,
858 2505 877 2523 a
893 2493 933 2522 ud
953 2497 1066 2524 Fratres
1092 2496 1285 2526 Praedicatores

218 2530 387 2569 Londoniae,
402 2528 549 2570 Conceffimz
567 2529 603 2569 est
624 2531 701 2572 quod
711 2531 772 2572 fiat
791 2500 939 2573 hujufifoodi
959 2535 1177 2565 Procuratorium
1193 2540 1223 2565 ut
1242 2540 1286 2566 in-

210 2566 275 2608 fra.

654 2645 855 2686 Praesentibus,

216 2724 342 2752 Dominis
353 2721 490 2762 Ducibus,
770 2722 893 2754 Comite
904 2723 1063 2757 Warwicae
1070 2749 1080 2765 ,

215 2759 424 2800 Gloucestriae,
770 2762 905 2800 Tiptoft,

216 2800 259 2827 Et
272 2797 394 2828 Exoniae
771 2800 952 2832 Cancellario
959 2825 970 2841 ,

216 2836 349 2875 Episcopis
358 2859 367 2874 ,
397 2821 409 2844 ἃ
770 2839 958 2870 Thesaurario
967 2865 977 2879 ,

215 2873 452 2912 Wyntonienfis,
770 2879 813 2908 Et
829 2878 959 2910 Custode
974 2879 1078 2911 Privati
1096 2880 1194 2920 Sigilli.

216 2915 259 2944 Et
275 2913 456 2951 Londouiae,

382 3055 430 3087 De
445 3051 645 3086 solutionibus
655 3054 746 3100 super
764 3056 905 3102 Expensts
922 3055 1123 3103 diversorum.

272 3147 337 3177 lunt
354 3146 470 3178 Litterae
485 3147 589 3187 Regis,
607 3148 643 3179 de
656 3149 773 3180 Privato
788 3150 903 3190 Sigillo,
921 3152 1109 3185 Theiaurario
1124 3155 1158 3186 &
1179 3154 1284 3187 Carne-

289 3186 382 3224 rariis,
399 3195 453 3224 pro
467 3186 615 3217 Solutione
627 3188 754 3219 facienda
767 3189 897 3229 diversis,
916 3191 1047 3222 videlicet
1058 3215 1068 3231 ,

258 3262 364 3302 Jacobo
379 3265 444 3299 Regi
458 3264 607 3292 Scottorum
622 3274 675 3301 pro
688 3264 823 3301 Expenfis
834 3266 894 3298 suis.
914 3277 948 3297 xx
957 3267 978 3297 l.

259 3301 329 3332 Dat.
349 3301 487 3332 vicesimo
499 3301 623 3332 secundo
641 3302 687 3332 die
704 3303 803 3334 Martii
816 3305 905 3336 Anno
921 3308 1024 3344 primo.

254 3377 419 3423 Rothomago
433 3377 550 3426 Myndo?⁸
563 3377 669 3417 Militi,
685 3379 722 3423 de
735 3379 842 3420 Regno
865 3381 1052 3423 Portugaliae,
1071 3385 1129 3415 tam
1155 3395 1207 3423 pro
1228 3386 1287 3417 Ex—

217 3416 307 3455 pensis
329 3416 398 3455 suis,
424 3425 510 3454 quam
532 3426 561 3446 in
584 3427 644 3448 uno
669 3417 767 3456 Cipho
790 3420 936 3458 Argenteo
956 3422 1108 3462 deaurato,
1133 3434 1201 3455 cum
1224 3436 1284 3456 uno

219 3455 426 3494 Cooperculo,
444 3455 480 3484 de
496 3454 589 3485 Dono
605 3455 710 3495 Regis,
729 3467 778 3495 per
793 3457 1062 3491 Confiderationem
1079 3461 1184 3501 Magni
1201 3462 1285 3496 Con-

219 3494 278 3526 cilii
293 3494 340 3524 sui.
358 3493 422 3523 lvil.
442 3495 517 3523 xiiis¹
536 3494 608 3524 iv.d.

226 3550 230 3553 >
255 3532 327 3564 Dat.
346 3532 482 3563 vicesimo
493 3532 620 3562 secundo
632 3531 680 3563 die
693 3533 792 3566 Martii
809 3535 897 3567 Anno
912 3537 1018 3575 primo.

253 3608 385 3649 Johanni
399 3610 431 3639 de
446 3609 538 3639 Falces
555 3609 642 3640 Militi
659 3609 694 3640 de
709 3610 815 3650 Regno
833 3612 1004 3654 Aragoniae,
1021 3614 1058 3645 de
1072 3614 1166 3647 Dono
1185 3616 1284 3657 Regis,

215 3657 264 3685 per
279 3647 543 3679 Coniiderationem
561 3647 665 3685 Magni
681 3648 808 3680 Concilii
822 3650 877 3690 sui,
894 3653 922 3682 xl
932 3652 951 3683 l.

254 3685 324 3718 Dat.
342 3688 479 3719 vicelimo
492 3686 617 3717 secundo
632 3685 678 3717 die
694 3686 793 3719 Martii
809 3689 897 3720 Anno
913 3692 1019 3729 primo.

257 3763 300 3791 W
299 3761 406 3794 illielmo
426 3765 583 3804 Raymuna'o
605 3764 637 3794 de
653 3765 751 3794 Sanffio
764 3764 914 3805 Johanne,
933 3765 972 3802 ὠ·
987 3770 1141 3808 Reymundo
1156 3771 1284 3802 Arnaldi

218 3799 251 3829 de
265 3800 370 3839 Lobie,
388 3803 641 3833 Ambaffiatoribus
656 3806 767 3833 Domini
782 3808 894 3834 Comitis
911 3810 998 3845 Fuxi,
1016 3809 1052 3838 de
1068 3807 1163 3839 Dono
1177 3810 1283 3850 Regis,

217 3846 252 3869 ex
268 3837 501 3876 Confideratione
517 3842 621 3879 Magni
638 3841 765 3872 Concilii
781 3842 840 3880 sui,
857 3844 950 3875 xxvil.
967 3846 1044 3875 xiiis.
1062 3847 1090 3876 iv
1099 3847 1127 3878 d.

254 3875 325 3908 Dat.
344 3877 480 3910 vicefimo
495 3880 619 3912 secundo
634 3880 680 3910 die
698 3880 798 3912 Martii
810 3881 918 3921 Anno,
936 3885 997 3915 &c.
1016 3886 1122 3922 primo.

251 3955 335 3983 Petro
349 3955 501 3994 Guirandi,
520 3957 676 3990 Secretario
692 3958 834 3996 Franciae,
852 3959 888 3990 de
904 3959 998 3991 Dono
1014 3961 1121 4002 Regis,
1138 3973 1189 4002 per
1200 3963 1284 3996 Con-

214 3990 411 4023 siderationem
431 3993 535 4031 Magni
549 3995 676 4027 Concilii
691 3997 738 4028 sui.
758 3998 785 4026 xl
806 3997 918 4028 Marcz.

248 4029 318 4061 Dat.
336 4031 476 4063 vicesimo
490 4032 615 4065 secundo
627 4035 673 4066 die
688 4035 786 4066 Martii
803 4037 906 4076 Anno,
927 4038 987 4069 &c.
1007 4040 1112 4077 primo.

249 4106 395 4147 Magistro
413 4107 562 4141 Willielmo
575 4113 683 4152 Barry,
702 4113 861 4146 Secretario
877 4113 983 4155 Regis,
1004 4117 1051 4155 qui
1065 4118 1143 4150 venit
1158 4117 1194 4149 de
1209 4117 1283 4149 Arn-

1315 198 1793 246 PUBLICA.
2343 212 2395 266 87

1317 284 1542 355 ἶίίῖἲῐὲξιῃῖῐὲιίε
1566 297 1582 318 a
1604 290 1703 318 Comite
1722 293 1810 330 Fuxi,
1835 290 1934 323 habeat
1958 300 2011 331 pro
2028 292 2196 332 Sumptibus
2215 294 2267 327 suis
2283 294 2331 327 hic
2351 296 2382 327 in
2399 296 2478 376 Aa?
2486 298 2531 358 P.

1354 362 1422 393 Dat.
1441 364 1577 395 vicefimo
1594 364 1717 396 secundo
1732 367 1776 398 die
1792 366 1891 399 Martii
1905 367 2011 408 Anno,
2028 370 2089 401 &c.
2107 371 2212 409 primo.
2399 380 2464 403 Heu.
2483 380 2511 404 6.

1353 438 1484 478 Johanni
1509 444 1627 472 Domino
1657 443 1690 472 de
1711 444 1860 474 Tutteville
1874 468 1884 483 ,
1914 455 1964 483 per
1987 446 2253 480 Confiderationem
2276 447 2379 489 Magni

1316 475 1443 508 Concilii
1453 479 1558 518 Regis,
1573 490 1627 518 pro
1640 480 1749 513 secretis
1764 482 1898 520 Expenfis
1912 485 1980 523 suis,
1999 486 2028 518 vi
2035 485 2053 515 l.
2070 487 2136 516 xiiis
2165 487 2229 519 ivd.

1354 515 1422 547 Dat.
1443 518 1582 548 vicesimo
1596 519 1722 550 secundo
1736 520 1782 550 die
1797 521 1895 552 Martii
1910 522 1998 553 Anno
2012 525 2116 562 primo.

1315 594 1342 621 L
1353 554 1461 623 §grinio
1485 559 1540 586 Die
1560 559 1690 597 Martii,
1718 561 1805 590 Anno
1822 563 1909 598 primo
1924 584 1935 601 ,
1958 563 2033 601 apud
2050 567 2163 594 Fratres
2184 564 2375 596 Praedicatores

1344 604 1376 622 on
1396 603 1464 623 omae
1474 616 1484 632 ,

1725 674 1746 694 ⁸*
1764 674 1943 714 Praefi’ntibus
1949 701 1960 715 ,
2413 681 2430 699 ⁴*
2446 681 2484 710 X.

1313 751 1436 778 Dominis
1449 749 1566 780 Ducibus
1574 773 1586 788 ‚
1864 752 1998 791 Epifiopis
2003 775 2014 791 ‚
2398 728 2429 755 27
2439 729 2448 746 Ι
2455 738 2464 747 .

1312 787 1502 817 Gloucestiiae
1510 812 1520 826 ‚
1862 790 1981 828 Tiptoft
1990 815 2000 829 ‚

1312 827 1355 854 Et
1367 824 1488 855 Exoniae
1499 850 1510 862 ,
1865 827 2062 868 cancellario,

1313 863 1507 894 Londonienfi
1516 886 1526 902 ‚

1863 865 2051 898 Thesaurario
2061 891 2071 906 ‚

1313 904 1355 931 Et
1372 901 1574 942 Wyntonienfi
1581 925 1593 942 ,

1863 905 1906 934 Et
1922 903 2052 937 Custode
2066 906 2173 938 Privati
2189 907 2293 948 sigini,

1354 979 1548 1009 concordatum
1571 978 1608 1019 est
1628 979 1703 1019 quod
1721 982 1852 1010 Dominus
1873 980 2069 1022 Thefizurarius
2085 982 2181 1024 solvet
2196 984 2320 1024 Personis
2340 987 2386 1016 in:

1311 1017 1463 1056 fralcriptis
1483 1022 1604 1048 Summas
1620 1018 1835 1058 infrarontentas
1851 1027 1901 1058 pro
1919 1021 2010 1062 Caufis
2029 1022 2067 1053 ibi
2089 1026 2238 1063 contentis,
2255 1023 2293 1060 &
2315 1025 2387 1064 quod

1311 1056 1375 1087 ind?
1383 1056 1463 1098 fiant
1480 1059 1619 1087 Waranta
1635 1065 1666 1087 ut
1680 1061 1710 1088 in
1722 1060 1828 1087 Forma.

1505 1185 1565 1216 Pro
1584 1183 1767 1226 Trunfituris
1782 1183 1827 1217 ad
1842 1185 1986 1218 Generule
2004 1186 2180 1222 Concilium,

1316 1269 1433 1332 SExto
1460 1267 1519 1298 Die
1540 1268 1657 1306 Martii,
1684 1267 1772 1299 Anno
1797 1270 1892 1306 primo
1909 1294 1919 1308 ,
1944 1270 2017 1309 apud
2044 1271 2152 1303 Fratres
2179 1273 2383 1306 Praedicatores
2404 1261 2480 1292 Am·
2490 1261 2532 1294 D·

1376 1306 1557 1345 Londoniae,
1574 1306 1751 1338 Concessum
1775 1307 1816 1338 est
1842 1309 1922 1346 quod
1944 1309 1990 1340 fiat
2007 1309 2179 1342 Warantum
2196 1312 2383 1345 Thefiaurario
2423 1310 2508 1340 ¹423·

1315 1345 1349 1375 δε
1366 1345 1532 1376 Camerariis
1547 1345 1583 1375 de
1597 1346 1763 1383 Scaccario,
1781 1345 1816 1376 de
1830 1345 1985 1386 solvendo,
2003 1358 2053 1386 per
2068 1350 2143 1380 viam
2161 1351 2382 1390 praestiti,Hen-
2400 1344 2451 1368 An.
2475 1351 2500 1368 ¹·

1315 1387 1368 1414 rico
1391 1387 1492 1423 Percy,
1510 1387 1607 1414 Comiti
1627 1382 1849 1422 Northumbriae,
1875 1387 1923 1423 qui
1947 1388 2040 1417 versus
2060 1388 2204 1418 Concilium
2226 1390 2361 1421 Generale
2373 1414 2384 1430 ,
2401 1384 2436 1408 H·
2456 1380 2484 1408 ⁶·

1315 1423 1389 1458 apud
1403 1423 1487 1462 Parys
1501 1423 1724 1460 celebraturum,
1742 1422 2023 1465 iii-Ambasfiatorem
2039 1425 2125 1465 Regis
2140 1428 2317 1465 profeehirus
2331 1429 2384 1468 est,

1316 1470 1369 1498 pro
1392 1461 1488 1492 Vadiis
1508 1461 1577 1500 suis,
1596 1472 1649 1500 pro
1671 1460 1806 1492 Dimidio
1829 1461 1934 1501 Anno,
1952 1464 2090 1502 capiendo
2113 1475 2162 1504 per
2187 1465 2277 1498 Diem
2292 1468 2352 1501 lxvi
2361 1478 2384 1499 s.

1317 1501 1365 1530 viii
1373 1500 1399 1530 d.
1415 1500 1567 1531 Summam
1586 1499 1742 1538 (videlicet)
1760 1499 1796 1530 de
1814 1499 1922 1532 Dcvil.
1938 1502 2013 1531 xiiis.
2027 1503 2090 1534 ivd.
2104 1504 2135 1533 in
2147 1504 2247 1544 Toto,

1759 1575 1961 1615 Praesentibus,

1317 1650 1457 1682 Dominis
1473 1652 1602 1685 Ducibus
1611 1676 1622 1692 2

1316 1690 1486 1730 Glaucestriae
1493 1715 1504 1730 ‚

1319 1729 1357 1760 Et
1371 1732 1504 1769 Exoniae,

1320 1768 1469 1798 Londoniae
1479 1791 1489 1806 ,

1320 1806 1357 1836 Et
1373 1809 1523 1846 Wyntoniae
1533 1829 1544 1845 ‚

1319 1844 1464 1884 Episcopis
1470 1868 1480 1884 ‚

1358 1920 1445 1952 Dors.

1358 1964 1456 2000 Depar
1469 1960 1495 1992 le
1513 1963 1578 2002 Roy.

1871 1657 1973 1683 Comite
1989 1658 2152 1695 Warwicae‚

1871 1691 1982 1731 Tiptoft
1988 1715 1997 1730 ‚

1875 1731 2043 1761 cancellario
2049 1755 2059 1770 ,

1874 1769 2052 1809 Thes-sturmio
2061 1793 2072 1808 ,

1874 1808 1918 1836 Et
1935 1808 2044 1846 Custode
2060 1810 2174 1840 Privati
2186 1810 2282 1850 Sigilli.

1358 2048 1441 2076 Sexto
1455 2048 1510 2075 Die
1527 2047 1646 2084 Martii,
1661 2047 1750 2077 Anno
1756 2048 1845 2085 primo
1856 2069 1865 2084 ,
1884 2046 1959 2084 apud
1970 2049 2081 2077 Fratres
2095 2050 2289 2082 Praeaffcatores
2312 2055 2389 2084 Lon-

1320 2083 1426 2122 doniae·,
1443 2084 1639 2115 Concordatum
1654 2083 1692 2119 ὠ
1708 2084 1858 2124 Conceffimz
1871 2085 1907 2125 est
1924 2086 1999 2126 quod
2002 2086 2082 2126 fiant
2097 2091 2215 2119 Litterae
2240 2091 2390 2131 neceffizriae

1320 2122 1457 2160 omnibus,
1477 2126 1522 2162 qui
1537 2123 1693 2164 tranfibunt
1707 2124 1747 2153 ad
1758 2122 1927 2168 Concilium
1946 2124 2087 2156 Generale
2097 2150 2107 2165 ,
2126 2127 2158 2157 de
2172 2140 2282 2170 quorum
2300 2142 2393 2170 nume'-⁸

1321 2170 1352 2192 ro
1365 2160 1401 2199 est
1413 2164 1442 2190 in
1474 2161 1605 2201 astriptus
1620 2162 1718 2192 Abbas
1731 2161 1892 2193 Glastoniae
1902 2186 1911 2201 ‚

1359 2201 1400 2229 Et
1416 2202 1426 2229 i
1446 2199 1476 2230 eo
1494 2201 1663 2232 inundatum
1670 2199 1733 2241 fuit
1748 2200 1890 2242 quodfiat
1903 2201 1953 2241 fibi
1970 2203 2104 2235 Protec‘iio
2118 2212 2150 2236 ut
2166 2204 2253 2246 infra.

1762 2287 1944 2329 Praefintibus
1951 2310 1962 2328 ,

1320 2365 1447 2393 Dominis
1463 2363 1584 2394 Ducibus
1590 2386 1601 2403 ,
1878 2367 2054 2397 Warrewicae
2062 2390 2072 2406 ,

1322 2402 1530 2442 Gloucestriae,
1877 2403 1916 2435 Et
1933 2405 2159 2448 Northumbriae,

1321 2443 1364 2471 Et
1377 2440 1499 2472 Exoniae
1512 2466 1521 2480 ,
1877 2444 2040 2474 cromewell
2046 2468 2055 2483 ,

1321 2479 1526 2519 Archiepr'soopo
1542 2482 1700 2511 Cantuariae
1708 2502 1718 2518 ,
1878 2481 1985 2521 Tiptoft
1992 2506 2000 2521 ‚

1322 2518 1489 2557 Londoniae,
1877 2519 1914 2550 Et
1928 2519 2120 2561 Hungerford,

1322 2557 1361 2588 Et
1381 2559 1534 2598 Wjsntoniae
1542 2580 1552 2596 ,
1878 2561 1920 2588 Et
1937 2561 2103 2590 Cancellario
2109 2584 2120 2599 ‚

1324 2596 1471 2634 Episcopis
1479 2619 1489 2635 ‚
1879 2597 1916 2629 Et
1928 2598 2120 2637 Tlnfiurario,

1325 2633 1511 2673 Comitibus,
1879 2635 1917 2666 Et
1932 2638 2040 2677 Custode
2057 2640 2171 2669 Privati
2187 2639 2281 2678 sigilli.

1438 2797 1498 2828 Pro
1519 2797 1633 2829 Comite
1650 2794 1686 2828 de
1704 2798 1782 2829 Fm‘x
1794 2823 1804 2839 ,
1832 2799 2067 2831 Conventionum
2085 2801 2287 2845 Confirmatio.

2411 2848 2488 2880 Ann.
2504 2848 2549 2882 D:

1324 2886 1498 2957 LFiugloy
1520 2899 1535 2921 a
1553 2898 1635 2921 toutz
1651 2889 1751 2929 cmlx,
1767 2891 1817 2929 qui
1837 2901 1884 2921 ces
1908 2891 2036 2929 presentz
2055 2892 2165 2925 Lettres
2187 2905 2322 2936 verront,
2342 2897 2392 2929 Sa-
2413 2898 2520 2955 A1n4213.

1360 2966 1461 2995 Savoir
1476 2966 1575 2996 faisons
1592 2966 1681 2996 Nous
1694 2967 1773 2997 avoir
1790 2978 1845 2997 veu
1860 2967 1947 2998 Deux
1963 2967 2043 2999 Paire
2055 2969 2092 3000 de
2108 2971 2220 3003 Lettres
2236 2973 2367 3006 Patttntz
2379 3000 2389 3016 ,
2408 2970 2442 2993 H.
2464 2968 2492 2995 ⁶·

1322 3004 1359 3034 de
1379 3003 1425 3033 feu
1447 3004 1546 3034 nostre
1574 3005 1724 3036 Treschier
1744 3005 1865 3044 Seignur
1881 3007 1913 3036 δε
1931 3007 2019 3043 Ayeul
2037 3008 2149 3039 Charles
2164 3014 2219 3052 Roy
2243 3013 2275 3041 de
2299 3017 2388 3045 Fran·
2411 3005 2475 3041 msc·
2496 3014 2521 3031 ¹·

1322 3053 1367 3081 ce,
1384 3042 1580 3074 derrenement
1593 3043 1739 3080 Trespasse
1758 3045 1819 3082 (qui
1844 3044 1922 3075 Dieu
1941 3044 2088 3078 Pardoinri
2115 3047 2251 3080 Ostroiez
2270 3062 2302 3089 a,
2321 3063 2390 3084 nos·
2408 3045 2526 3083 H·⁶·m.!

1321 3090 1363 3111 tre
1383 3081 1533 3112 Treschicr
1560 3082 1592 3112 &
1615 3081 1694 3112 Foial
1717 3081 1854 3121 'Cousyn,
1873 3083 1972 3121 Johan
1994 3088 2077 3114 conte
2096 3086 2127 3116 de
2147 3091 2231 3126 Faix,
2251 3090 2387 3122 Gouver-
2408 3088 2454 3119 ²5·

1321 3129 1373 3149 ner
1388 3119 1471 3157 depar
1488 3120 1576 3150 Nous
1589 3119 1625 3151 de
1637 3129 1698 3150 noz
1713 3119 1785 3151 Paiis
1803 3121 1839 3151 de
1861 3121 2036 3160 Languedoc
2060 3126 2093 3156 &
2115 3124 2212 3157 Conte
2233 3127 2270 3157 de
2288 3129 2387 3160 Binar-

1320 3168 1366 3196 re,
1385 3157 1427 3188 sur
1441 3158 1466 3188 la
1481 3157 1612 3189 Retenue
1624 3158 1660 3189 de
1675 3158 1767 3198 Mylle
1783 3158 1928 3190 Homines
1944 3160 2066 3192 Darmes
2087 3164 2119 3193 ὃς
2143 3164 2178 3193 de
2199 3165 2263 3204 Myl
2285 3162 2388 3200 l-loin-

1321 3205 1382 3226 mes
1401 3195 1437 3226 de
1457 3196 1539 3227 Trait
1565 3207 1601 3227 en
1625 3207 1716 3235 temps
1736 3197 1772 3228 de
1797 3197 1910 3228 Guerre
1925 3222 1934 3236 ,
1957 3201 1991 3231 &
2017 3200 2053 3231 de
2075 3201 2123 3232 Six
2148 3202 2219 3233 Vms
2241 3205 2391 3240 Homrnes

1320 3234 1452 3265 d‘Armes
1465 3236 1498 3265 ὃ(
1516 3234 1664 3273 Cinquant
1679 3237 1715 3265 de
1729 3236 1812 3266 Trait
1827 3246 1861 3266 en
1883 3237 1995 3276 Temps
2015 3239 2051 3269 de
2072 3239 2156 3279 Paix,
2176 3243 2318 3274 veriffieez
2341 3257 2390 3284 par

1320 3273 1359 3342 {es
1381 3272 1549 3304 Tresourers
1570 3275 1603 3306 ὃς
1623 3273 1767 3305 Generalx
1790 3274 1976 3307 Governeurs
2001 3276 2036 3308 de
2060 3286 2142 3309 toutz
2164 3279 2202 3311 ses
2216 3281 2353 3316 Finances
2373 3295 2391 3317 a

1349 3322 1378 3342 ar
1397 3321 1409 3341 s

1359 3320 1428 3381 Dyes’
1441 3350 1545 3390 quelles
1569 3351 1679 3383 Lettres
1701 3352 1735 3383 &
1756 3351 1949 3383 Verifications
1969 3353 2008 3384 les
2029 3353 2158 3386 Teneurs
2174 3379 2184 3395 ‚
2209 3358 2286 3390 l'une
2311 3370 2392 3399 apres

1322 3388 1437 3428 l'amre,
1455 3390 1622 3429 s'ensuyent,
2291 3415 2293 3417 -

1356 3465 1483 3506 charles,
1521 3477 1549 3497 ar
1568 3466 1592 3496 la
1611 3467 1708 3498 Grace
1731 3467 1768 3498 de
1790 3467 1884 3507 Dieu,
1905 3471 1959 3509 Roy
1983 3468 2015 3498 de
2030 3472 2150 3510 France,
2167 3482 2200 3511 a,
2217 3482 2276 3504 noz
2290 3484 2389 3507 ameez

1319 3506 1352 3537 &
1376 3506 1459 3536 foialx
1509 3506 1669 3545 onseillers,
1686 3506 1725 3537 les
1743 3507 1932 3538 Trefoureurs
1953 3508 1987 3538 &
2002 3510 2134 3545 generali:
2149 3510 2336 3545 Governeurs
2351 3514 2388 3546 de

1320 3552 1390 3575 touz
1403 3554 1464 3575 noz
1477 3545 1611 3575 Finances
1621 3569 1630 3583 ,
1649 3553 1708 3576 tant
1721 3545 1759 3575 du
1777 3545 1943 3584 Demayne,
1961 3556 2049 3577 come
2063 3548 2110 3579 des
2124 3548 2218 3589 Aydes
2238 3551 2391 3585 ordonnez

1321 3592 1394 3622 pour
1408 3584 1432 3614 la
1449 3583 1581 3621 Guerre,
1597 3583 1675 3616 Salut
1688 3585 1720 3613 ὃ(
1739 3583 1900 3615 ΒίΙΕᾶἰοη.

1355 3621 1458 3652 Savoir
1474 3632 1546 3652 vous
1561 3622 1660 3652 faisons
1676 3633 1748 3660 que,

1355 3659 1413 3690 Pur
1429 3659 1592 3698 Renduire‚
1612 3661 1703 3691 Tenir
1713 3685 1722 3697 ,
1739 3662 1773 3692 &
1787 3661 1940 3693 Governer
1954 3662 2050 3694 nostre
2063 3662 2087 3694 P
2114 3675 2134 3695 *s
2146 3665 2182 3696 de
2208 3666 2386 3706 Languedoc

1317 3707 1352 3728 en
1366 3697 1464 3728 nostre
1479 3698 1642 3730 obeissance
1652 3722 1661 3737 ,
1680 3700 1714 3730 ὃς
1727 3710 1800 3738 pour
1817 3700 1923 3732 rcfister
1936 3711 1951 3732 a
1963 3675 2233 3740 pluseursafzebenes
2256 3707 2289 3736 &
2313 3706 2383 3738 Dis-

1319 3737 1460 3767 obeissans
1475 3746 1491 3767 a
1510 3747 1581 3768 nous
1592 3762 1602 3776 ‚

1357 3774 1568 3852 *Nfflrsr’l'advys
1582 3813 1634 3853 de,
1652 3815 1749 3846 nostre
1762 3816 1893 3848 treschier
1914 3818 1947 3848 ὃ(
1968 3819 2083 3849 tresame
2102 3819 2165 3849 Firz
2181 3819 2205 3850 le
2219 3824 2275 3862 Roy
2296 3822 2387 3854 d'En-
2423 3814 2444 3835 ²*
2464 3816 2503 3853 Xe

1317 3851 1435 3896 gloterre
1445 3875 1454 3891 ‚
1473 3855 1595 3883 Heritier
1610 3854 1648 3890 ὠ·
1666 3857 1769 3893 Regent
1785 3856 1817 3885 a'e
1832 3859 1950 3894 Franco,
1968 3857 2001 3897 ὃς
2026 3857 2061 3887 de
2076 3857 2172 3888 nostre
2186 3868 2286 3898 graunt
2301 3861 2388 3894 Con-
2408 3864 2472 3891 272·

1320 3891 1512 3961 ¹⁰¹¹qunfiantz
1529 3930 1728 3968 fingulerment
1741 3942 1777 3962 en
1792 3932 1815 3962 la
1831 3933 1908 3963 bone
1930 3932 2045 3965 volente
2068 3935 2102 3965 &
2123 3934 2276 3977 affection,
2295 3949 2351 3978 que
2372 3952 2388 3972 a

1320 3978 1354 3998 au
1377 3968 1441 3998 bien
1463 3969 1499 3999 de
1521 3980 1591 4000 nous
1614 3972 1646 4002 &
1663 3972 1699 4002 de
1712 3971 1808 4001 nostre
1824 3971 1989 4010 Seignurie,
2008 3972 2105 4003 nostre
2122 3974 2255 4007 treschier
2274 3979 2308 4010 δε
2334 3979 2386 4010 {eal

1321 4006 1438 4047 Cousyn
1447 4030 1457 4045 ,
1476 4008 1501 4038 le
1519 4012 1602 4039 Conte
1613 4011 1645 4040 de
1659 4014 1726 4040 Foix
1736 4033 1745 4048 ,
2043 4030 2049 4032 s

1357 4045 1463 4085 lcelluy
1476 4056 1564 4078 avons
1578 4047 1709 4088 Retenu,
1724 4048 1784 4085 &c.
1796 4055 1878 4085 prout
1881 4048 1967 4088 fhpra
1986 4049 2019 4080 de
2040 4053 2127 4083 Anno
2146 4062 2176 4093 9.
2198 4055 2238 4085 H.
2260 4063 2288 4094 ς.
2313 4059 2385 4086 Dat.

1321 4084 1347 4117 8.
1365 4087 1457 4117 Mart.
1476 4093 1540 4117 tunc
1550 4085 1607 4126 stc,

2303 4168 2394 4207 Charg
