2562 4274
769 190 883 242 'ET‘
968 198 1240 241 ACTA

62 283 189 320 AnnD.
207 278 310 319 Mariae
323 289 352 320 iri
367 287 446 328 Pago
461 287 635 327 Vilcaffirio,
653 287 682 317 in
696 286 769 318 Vllla
781 296 845 325 quae
862 282 966 316 dicitur
986 283 1165 325 Gangegias,
1183 286 1262 323 super

83 335 165 364 1422.

59 370 122 393 Heu.
138 374 165 400 5.

80 869 97 886 ⁸
117 870 153 898 X.

60 908 124 943 238.

205 328 338 358 Fluvium
351 326 471 364 Isaram,
492 327 624 364 Qiatuor
645 325 775 356 Hosticia
791 327 824 357 &
842 325 979 363 Quinque
1001 324 1140 362 Arpe-nnis
1157 326 1192 356 de
1214 324 1265 356 Vi-

205 367 264 396 neis
279 376 348 397 curn
362 366 532 403 appendiciis
541 388 551 404 ,

242 404 301 434 Has
323 412 390 442 ergo
408 403 509 441 villas,
528 413 595 434 cum
612 403 746 434 omnibus
763 401 949 440 AdjacentIiS,
967 400 1001 432 &
1019 400 1204 439 Redditibus,
1218 401 1264 432 vel

209 441 375 482 MancipiiS‚
394 441 533 472 omnibus
547 452 581 472 ue
595 441 629 472 ad
643 441 672 471 se
688 441 809 478 legaliter
825 439 954 478 justeque
971 439 1174 478 pertinentibus
1186 463 1195 478 ,
1215 439 1263 469 sae-

207 491 244 520 pe
266 481 431 511 memoratis
455 481 543 512 Fratri
565 490 595 511 us
617 480 664 510 Re
684 479 719 508 ali
738 478 914 509 Auctoritate
939 479 972 508 &
996 478 1171 516 Indulgentii
1187 501 1196 515 ‚
1214 487 1264 515 per

208 520 267 549 hoc
278 518 459 557 Praeceptum
470 519 573 550 nostrae
586 517 653 548 Con
675 518 836 554 rmationis,
845 517 932 547 stabili
943 518 1006 555 jure
1020 518 1058 546 eis
1071 519 1264 555 inperpetuum

208 555 493 589 CONCEDIMUS
508 565 593 595 atque
612 554 958 593 CdNFIRMAMus,

246 595 445 634 Praecipientes
458 618 467 634 ,
492 597 565 634 regia
590 593 746 632 Potestate,
772 603 804 625 ut
824 604 912 624 nemo
930 592 1131 624 Successorum
1153 592 1265 624 nostro-

207 641 293 672 rum,
312 635 446 673 Regum,
465 634 521 665 sive
538 633 726 671 Principum,
743 633 787 663 vel
802 632 941 670 Ducum,
960 641 1052 669 neque
1072 631 1187 669 aliquis,
1206 631 1264 660 Po-

207 671 335 703 testatem
349 673 452 704 habens
463 672 507 702 vel
525 680 540 702 a
555 670 654 709 Rege,
673 671 717 702 seu
732 681 746 701 a
757 672 858 709 quovis
868 670 953 701 Duce
963 669 1027 708 ,vel
1043 666 1193 707 Principe,
1218 669 1263 699 sed

210 721 303 750 neque
320 712 388 743 ullus
403 709 524 748 Praesui,
543 712 587 741 vel
605 710 655 740 Tu
682 711 730 747 qui
745 719 822 740 nunc
841 709 898 739 esse
919 708 1037 745 videris,
1061 718 1152 745 neque
1169 709 1266 745 aliquis

209 749 411 781 Succefforum
425 757 556 786 tuoium,
575 749 624 787 qui
640 749 669 778 in
689 748 791 778 Sanfta
809 747 969 784 Metropoli
981 746 1207 783 Rothoinagenli
1216 755 1266 783 per

209 788 399 818 subvenientia
424 786 571 825 Tempora
587 787 774 818 Succeilerint
788 809 798 824 ,
823 786 901 824 quod
918 784 1017 815 nostro
1041 785 1203 815 roboratum
1225 783 1266 814 est

211 825 364 856 inviolabili
382 825 487 856 Edicto
505 850 514 864 ,
539 826 699 856 subtrahere
721 825 767 855 vel
792 825 918 854 minuere
935 823 1052 861 audeat,
1081 830 1127 853 aut
1151 824 1180 852 in
1207 823 1267 853 usus

212 864 276 894 suos
293 872 467 902 retorqueat,
487 865 505 883 *²
526 864 572 896 vel
595 864 677 894 alicui
695 862 828 901 quiddam
851 864 881 893 in
896 861 1069 892 Beneficium
1085 861 1204 899 tribuat,
1221 860 1267 891 sed

212 911 306 944 neque
322 912 356 933 ex
372 904 409 933 eis
423 902 542 933 Servitia
559 903 681 939 exactet,
697 911 788 939 neque
808 900 998 938 paraveresos,
1013 908 1060 930 aut
1074 898 1213 937 Expensas
1231 898 1267 928 ad

212 939 378 978 Holpitium
400 941 576 978 susceptionis
597 941 730 977 recipiat,
747 947 793 969 aut
812 939 875 969 ullas
895 940 924 968 in
945 936 1037 976 aliqua
1053 947 1081 967 te
1098 936 1267 967 Exactiones

210 980 267 1010 sive
281 979 498 1011 Mansionatices
517 978 618 1009 exinde
633 980 740 1017 exigat,
758 986 857 1015 praeter
884 976 1135 1008 consuetudinarias
1155 974 1268 1014 Opera-

212 1020 321 1056 tiones,
340 1019 439 1057 quibus
452 1016 538 1048 nichil
553 1016 653 1047 addere
666 1017 823 1054 praesumat.

246 1057 434 1094 suprascripta
447 1064 559 1093 autem,
578 1056 612 1086 ad
628 1054 853 1094 Quadragenum
867 1052 1082 1084 Canonicorum
1100 1052 1267 1084 Numerum

211 1094 356 1134 ordinata,
371 1104 405 1125 ex
424 1104 483 1133 quo
504 1094 544 1124 nil
566 1095 698 1133 cuiquam
717 1092 815 1123 licebit
833 1092 1009 1130 subtrahere,
1025 1100 1129 1129 augere
1151 1092 1221 1123 vero
1249 1091 1268 1121 fi

210 1134 345 1171 voluerit,
364 1132 553 1171 multiplicatis
573 1134 607 1164 &
627 1133 809 1172 augmentatis
832 1131 866 1161 ad
890 1131 950 1162 usus
972 1140 1074 1161 eorum
1089 1131 1172 1161 rebus
1184 1139 1270 1160 accu-

210 1172 353 1203 mulentur
369 1171 469 1202 Divini
485 1171 598 1203 Servitii
618 1170 770 1209 Cultores,
790 1170 908 1209 qualiter
921 1193 930 1208 ,
948 1169 1047 1200 futuris
1073 1169 1268 1207 temporibus,

209 1211 313 1249 absque
328 1209 487 1249 Indigentia
500 1209 545 1241 vel
559 1209 653 1248 aliqua
669 1209 901 1247 Perturbatione,
920 1208 1008 1238 libere
1026 1207 1094 1237 Deo
1107 1208 1224 1244 servire,
1235 1208 1268 1238 &

209 1260 263 1287 pro
277 1249 373 1280 Nobis
386 1251 419 1280 &
434 1249 518 1279 totius
533 1247 647 1287 Regni,
664 1248 747 1279 nobis
763 1258 778 1278 a
796 1247 866 1278 Deo
881 1247 990 1284 collati,
1007 1246 1222 1277 conservatione
1234 1244 1270 1275 fi-

209 1287 308 1318 deliter
325 1297 438 1318 exorare
455 1295 567 1325 queant.

247 1325 286 1355 Et
308 1334 340 1357 ut
364 1326 426 1356 haec
444 1326 626 1363 Auctoritas,
644 1334 730 1364 quarn
752 1326 793 1355 ob
809 1324 867 1354 Dei
883 1323 1024 1355 Amorem
1043 1323 1076 1353 &
1091 1322 1268 1352 Remedium

176 1359 179 1362 ¹
211 1363 328 1394 Animae
343 1364 447 1394 nostrae
462 1364 691 1402 Roboravimus‚
709 1363 864 1394 firmiorem
881 1362 1009 1393 obtineat
1025 1360 1184 1400 Vigorem,
1203 1360 1271 1391 Ma-

209 1412 262 1433 nus
274 1402 380 1433 nostrae
394 1401 605 1440 conscriptione
621 1412 683 1432 eam
697 1402 789 1433 subter
806 1401 1013 1438 Firmavimus,
1031 1400 1064 1431 &
1080 1399 1167 1430 Anuli
1181 1398 1270 1429 nostrl

209 1442 250 1471 im
274 1440 393 1472 reffione
407 1441 513 1479 sigillari
522 1440 670 1483 jussimus.

243 1450 365 1519 §ignum
383 1483 425 1510 W
427 1479 530 1509 illielmi
547 1478 588 1518 »Ρ
604 1479 715 1509 Roherti
732 1481 842 1509 Comitis
862 1477 944 1516 Filii,

244 1518 364 1562 Factum
377 1519 407 1548 in
423 1517 582 1550 Festivitate
596 1518 764 1548 Sandtarum
783 1517 936 1557 Virginiim
953 1514 1101 1553 Perpetua:
1117 1515 1150 1546 δε
1171 1514 1193 1545 F
1195 1513 1270 1544 elici-

211 1564 283 1587 tatis.

250 1595 331 1626 Cum
348 1595 509 1634 praescriptis
522 1595 617 1626 Donis
632 1605 648 1625 e
662 1594 687 1625 'o
702 1593 832 1624 Robertus
855 1596 924 1622 Dux
944 1593 1164 1621 Normannorum
1179 1590 1272 1621 Dono

211 1633 245 1663 &
256 1632 400 1664 Concedo
415 1634 526 1665 Sanctae
538 1633 639 1664 Mariae
649 1604 810 1664 {Decimam
823 1631 1014 1661 Denariorum
1025 1639 1159 1660 meorum
1169 1652 1177 1666 ,
1185 1639 1270 1666 quam

210 1671 376 1710 Achardus‚
394 1672 554 1703 Nuitricius
575 1682 655 1702 meus
677 1671 791 1701 tenebat
806 1669 839 1700 ad
855 1668 1075 1700 Canonicorum
1097 1666 1273 1698 Vestimenta

211 1711 284 1740 inibi
301 1709 490 1742 servientium
511 1710 640 1741 emenda.

245 1786 365 1827 Signum
383 1787 426 1824 (F.
446 1789 481 1816 R.
500 1786 540 1823 S.)
563 1785 664 1817 Karoli
673 1783 877 1815 Gloriosiffirni
886 1783 984 1823 Regis.

247 1860 292 1893 IN
303 1872 315 1893 s
324 1871 342 1892 Ρ
354 1868 373 1893 Ἐ
383 1872 400 1892 x
409 1872 421 1893 1
430 1871 456 1893 M
465 1870 486 1892 u
496 1871 508 1892 s
537 1863 621 1893 etiam
646 1861 787 1899 quandam
811 1860 894 1891 aliam
921 1859 1038 1891 cartam
1053 1884 1062 1898 ,
1090 1860 1164 1890 bene
1189 1858 1274 1889 Anti-

209 1910 297 1938 quam
308 1923 317 1939 ,
337 1901 526 1938 quorumdam
537 1923 546 1939 ,
565 1901 676 1930 Roberti
692 1899 792 1929 dudicm
808 1898 1022 1939 Rothomagenfis
1040 1898 1253 1938 Archiepiscopi
1264 1919 1273 1935 ,

211 1939 323 2008 aaliz&
340 1941 452 2008 Nepgis
459 1938 505 1978 fiai
514 1960 525 1977 ,
543 1947 612 1969 tunc
628 1941 760 1976 Principis
776 1937 987 1968 Northmanniae
1000 1960 1010 1976 ,
1028 1937 1150 1968 similiter
1166 1936 1272 1967 factam

337 1988 387 2009 ver
431 1999 452 2016 „

248 2053 283 2084 U
295 2064 318 2085 N
330 2064 342 2085 1
354 2065 374 2086 v
386 2063 405 2085 E
417 2063 440 2085 R
452 2063 464 2086 s
476 2064 488 2087 1
499 2063 512 2085 s
538 2050 673 2086 Ecclesia:
695 2054 786 2093 Finis,
802 2054 910 2092 ubique
935 2052 1068 2084 locorum
1087 2053 1118 2082 in
1141 2051 1197 2083 fide
1214 2051 1273 2082 Ca-

212 2092 318 2124 tliolica
332 2094 450 2123 firmiter
466 2092 542 2131 fixis,
559 2093 707 2123 Rodbertus
717 2116 727 2131 ,
744 2092 803 2123 Dei
842 2092 921 2129 tatia,
942 2091 1158 2130 Archiepiscopus
1168 2090 1272 2121 Rotho-

211 2132 339 2172 magensis
354 2131 494 2172 Ecclefiae,
512 2132 624 2170 ejusque
647 2131 754 2170 Nepos
769 2135 810 2161 Ro
830 2131 938 2168 bertus,
957 2139 1026 2161 nutu
1052 2130 1169 2166 divino,
1190 2132 1271 2158 Prin-

210 2178 268 2208 ceps
280 2174 362 2200 totius
379 2169 606 2208 Northmanniae,
625 2169 767 2208 Salutem,
786 2171 820 2201 &
837 2169 954 2207 Vitam,
971 2168 1133 2207 Mentisque
1151 2168 1184 2199 &
1195 2167 1272 2198 Cor-

211 2209 291 2247 poris
310 2209 520 2247 prosperitatem
533 2217 708 2247 perpetuam.

248 2246 370 2277 Volumus
384 2246 536 2288 Notzfirare
553 2248 703 2284 omnibus,
722 2247 916 2286 quoscumque
934 2253 1033 2277 movet
1048 2245 1127 2276 causa
1142 2244 1186 2274 vel
1201 2244 1270 2274 ratio

211 2282 336 2316 Cartulae
354 2286 454 2324 hujus,
470 2285 628 2323 Principale
649 2286 734 2316 totius
751 2285 976 2316 Northrnanniae
992 2283 1202 2315 Monasterium
1215 2306 1224 2319 ,
1243 2284 1272 2312 in

212 2322 338 2356 Honore
354 2323 465 2354 Sanetae
481 2323 601 2363 Mariae,
621 2323 679 2354 Dei
696 2325 729 2355 &
742 2323 880 2354 Hominis
895 2323 1011 2360 Matris,
1034 2323 1156 2361 Virginis
1179 2320 1273 2351 Dedi-

210 2366 325 2400 caium,
345 2364 428 2393 nimis
443 2364 561 2393 terrenis
573 2369 724 2393 vacuatum
740 2362 888 2400 Stipendiis
909 2362 978 2392 Nos
995 2360 1149 2398 inveniffe,
1167 2359 1274 2398 ipsum·

210 2406 329 2469 quzper
345 2401 403 2432 hoc
417 2400 531 2432 Officiis
544 2400 708 2432 coelestibus
723 2411 823 2439 parum
840 2401 1000 2440 indulgere,

286 2441 344 2478 ujus
359 2439 483 2470 Miseriae
497 2439 738 2478 condolentes,&
752 2449 814 2470 eam
826 2439 926 2470 intimfi⁴
940 2438 1134 2476 compassione
1148 2437 1277 2473 ferentes,

214 2478 304 2508 dueta
327 2478 519 2509 Euvanoelico
541 2488 591 2516 per
612 2478 737 2510 divinam
760 2478 891 2508 sensimus
911 2478 1122 2516 inspirationem
1155 2476 1244 2513 ipsum
1268 2497 1278 2512 ,

216 2517 287 2547 sicut
311 2517 391 2554 ipsius
413 2503 594 2555 ffiominum,
609 2516 734 2555 positum
754 2516 811 2547 effe
831 2518 860 2546 in
877 2516 1003 2547 Ruinam
1019 2515 1175 2546 multorum
1196 2514 1229 2545 δε
1249 2514 1279 2543 in

215 2553 467 2586 Resurrectionem
474 2578 484 2593 ,

252 2593 324 2624 Hoc
345 2602 438 2624 autem
459 2595 531 2632 saepe
551 2594 683 2624 revoluto
705 2595 739 2625 ὃς
767 2593 911 2632 diligenter
927 2592 1064 2629 discusso,
1084 2591 1276 2622 Conscientiae

213 2631 318 2662 nostrae
334 2632 492 2670 hujusmodi
505 2642 620 2669 gravem
643 2633 807 2672 pertulimus
830 2631 977 2670 Morsum,
992 2633 1030 2661 ne
1052 2633 1276 2669 improperanter

212 2670 313 2701 Nobis
327 2672 490 2701 obiceretur
503 2671 573 2701 illud
589 2671 812 2710 Propheticum‚
832 2681 886 2700 non
905 2669 1073 2710 Afiendt'stis
1093 2679 1128 2698 ex
1146 2667 1276 2707 adversi),

214 2720 261 2777 abet
276 2709 421 2777 ossff‘ssis
438 2720 488 2739 vos
506 2712 618 2739 Murum
631 2717 681 2747 pro
694 2712 780 2739 Domo
796 2709 900 2748 Ifrael,
920 2717 949 2739 ut
964 2709 1066 2739 staretis
1080 2709 1109 2737 in
1122 2707 1227 2737 Praelio
1249 2707 1278 2735 iri

249 2757 276 2777 ie
324 2758 415 2777 omini

211 2797 224 2812 r
249 2785 331 2829 Cum
353 2771 479 2824 insuper,
499 2787 532 2817 &
554 2786 573 2817 si
595 2796 654 2816 non
676 2785 778 2816 nostris
799 2785 927 2822 Meritis,
943 2786 1079 2822 largiente
1101 2793 1195 2815 tamen
1211 2783 1278 2813 Do-

214 2832 313 2861 mino,
332 2824 365 2854 ὃς
378 2825 519 2862 pejorandi
531 2825 564 2856 δε
580 2824 744 2856 meliorandi
762 2825 835 2855 hanc
850 2824 1046 2856 conditionem
1062 2825 1091 2853 in
1108 2823 1207 2853 Nobis
1222 2832 1276 2860 po—

217 2862 265 2893 sita
283 2862 351 2892 effet
367 2862 466 2901 Ditio,

254 2900 345 2939 Quod
359 2901 450 2931 adhuc
463 2901 578 2938 qualiter
601 2902 669 2931 effet
681 2912 748 2932 cum
765 2902 876 2932 clariori
889 2901 1030 2940 vigilantia
1044 2900 1225 2939 requisitum,
1243 2900 1277 2930 &

213 2938 375 2976 exprelliori
397 2939 473 2969 fieret
494 2939 672 2977 indagatione
696 2941 854 2970 viventium
865 2962 874 2977 ,
891 2941 1015 2970 videndo
1028 2939 1127 2978 quod,
1147 2939 1278 2968 facientes

212 2978 247 3009 &
259 2976 462 3008 consentientes
476 2988 523 3014 par
539 2977 631 3008 Poena
646 2977 812 3016 constringit
822 3000 831 3014 ‚
850 2978 1034 3016 unusquisque
1054 2975 1187 3008 nostrsim
1213 2976 1277 3006 alie-

213 3018 244 3044 ni
260 3016 404 3046 Facinoris
417 3017 581 3046 sententiam
596 3017 624 3045 in
641 3025 724 3055 caput
738 3016 818 3046 suum
834 3016 987 3046 redundare
1003 3017 1158 3054 praesenlit,
1179 3015 1197 3044 si
1209 3038 1218 3052 ,
1234 3016 1276 3044 vi-

213 3053 311 3083 dentes
323 3054 440 3084 aliorum
457 3054 621 3085 miserabiles
638 3054 757 3093 LapsuS,
772 3055 804 3084 in
821 3054 952 3091 Laqueos
968 3064 1038 3092 quos
1057 3054 1276 3091 absconderant,

213 3092 248 3122 ὃς
275 3093 304 3121 in
329 3093 429 3130 quibus
451 3093 646 3129 comprehensi
669 3101 759 3131 erant,
786 3093 992 3129 comprehendi
1014 3103 1073 3122 non
1095 3094 1277 3129 timeremus,

213 3131 339 3173 maxime
361 3130 431 3160 etim
449 3131 483 3160 ad
507 3131 742 3171 Dupplicantium
762 3130 817 3162 five
842 3131 1087 3167 Daniqtiationein
1112 3131 1165 3161 lire
1196 3130 1277 3160 Prae-

213 3178 307 3198 mium
321 3169 402 3198 nobis
416 3170 478 3199 haec
492 3168 562 3199 Duo
575 3171 766 3207 suppeterent,
785 3180 817 3200 ac
833 3177 892 3199 tota
909 3170 1036 3200 t'acilirzite
1052 3170 1193 3204 faverent,
1214 3169 1245 3198 Sc
1259 3178 1273 3197 a

215 3206 376 3274 Pragcipitio
399 3206 454 3237 isto
473 3217 587 3245 cavere,
607 3208 640 3238 &
660 3207 843 3246 Praecipitatis
864 3208 987 3239 Manum
1010 3207 1207 3245 Reparationis
1228 3216 1276 3236 ex-

210 3253 257 3275 ten
277 3255 339 3283 ere,
1275 3267 1278 3269 >

250 3283 305 3313 His
329 3284 450 3313 omnini)
473 3283 698 3314 accommodatis
718 3285 750 3314 ὃς
774 3295 790 3315 a
813 3286 936 3316 minutiis
957 3285 1106 3316 Statuimus
1136 3283 1274 3314 Beneficia

214 3321 350 3352 Ecclesiae
371 3322 499 3358 Dispersa
514 3322 690 3361 recolligere,
708 3322 875 3354 Recolleeta
888 3326 916 3353 iii
933 3334 1022 3354 unum
1036 3325 1192 3360 remittere,
1212 3322 1272 3352 Re-

215 3360 295 3390 miila
313 3360 455 3399 aequaliter
476 3360 604 3390 ordinare
626 3360 794 3398 (videlicet)
819 3363 848 3391 in
868 3362 1014 3400 supradicti
1039 3362 1113 3392 Loci
1137 3360 1275 3391 Ecclesia-

214 3397 300 3467 i'blicos
310 3399 370 3429 usus
383 3399 571 3437 nominatim,
589 3399 623 3429 ad
638 3397 820 3429 Communes
841 3400 971 3430 Fratrum
993 3401 1063 3430 inibi
1082 3401 1272 3431 Servientinm

239 3446 365 3475 iiinptus,

250 3475 360 3514 de,
379 3474 518 3506 Fidelium
541 3474 703 3506 nostrorum
726 3475 872 3514 consultu,
890 3476 1062 3507 Amicorum
1082 3486 1180 3515 oratu,
1200 3476 1271 3507 diirn

214 3522 249 3544 ex
270 3515 414 3545 voluntate
437 3513 585 3552 potuisset,
603 3515 632 3543 in
653 3515 716 3545 ac‘tu
735 3515 938 3553 Firmavimus,
957 3514 1092 3545 Manibus
1107 3516 1270 3546 nostrorum

215 3554 249 3583 ὃς
269 3553 368 3583 nostris
391 3553 568 3589 AnnuimuS,
584 3552 664 3582 diCtis
682 3553 949 3590 Austorizavimus,
968 3554 1001 3582 ὃς
1025 3553 1116 3583 adhuc
1134 3553 1270 3584 Audieri-

212 3596 311 3621 zamus
323 3592 374 3621 hiis
389 3591 522 3628 Scriptis,
540 3599 570 3620 ut
587 3590 624 3620 sic
634 3613 643 3628 ,
660 3600 708 3628 per
724 3591 792 3620 Nos
805 3591 930 3629 facturn,
942 3602 957 3621 a
972 3591 1041 3622 Deo
1054 3591 1268 3630 confirmatum,

211 3629 247 3658 ab
267 3630 429 3660 hominibus
451 3638 561 3659 maneat
582 3629 783 3660 inconcussum
806 3629 912 3660 amodo
925 3631 957 3661 ὃς
975 3631 1104 3668 usquein
1124 3630 1267 3668 sempiter-

214 3676 293 3698 num.

224 3727 227 3731 .
252 3704 361 3737 Verum
375 3709 412 3738 ne
425 3707 582 3737 Terrarum
599 3705 750 3744 Nomina,
767 3706 806 3736 ibi
822 3707 1037 3744 pertinentium,
1054 3707 1207 3745 legentibus
1221 3706 1266 3736 vel

210 3742 381 3786 audientibus
392 3746 428 3784 ,fi
444 3747 563 3776 mixtum
579 3754 733 3782 ponantur,
749 3745 863 3783 gignant
874 3745 1033 3783 fastidium,
1046 3748 1177 3775 volumus
1192 3746 1267 3784 prius

210 3783 334 3824 scorium
355 3792 460 3820 ponere
483 3795 546 3822 quae
566 3784 620 3823 illic
642 3782 820 3821 congregata
842 3785 1013 3822 reperimus,
1031 3784 1064 3814 &
1085 3783 1181 3824 postea
1203 3793 1267 3822 quae

212 3820 341 3856 Dispersa
357 3821 419 3851 illuc
434 3823 545 3853 aliunde
558 3823 822 3861 Congregavimm,

246 3858 343 3896 Haec,
367 3868 431 3896 quae
451 3861 618 3899 sequuntur,
643 3861 683 3890 ibi
703 3860 883 3899 pertinentia,
906 3859 957 3890 illis
977 3861 1138 3891 invenimus
1163 3859 1266 3890 Reser-

213 3905 292 3935 vata,
428 3907 430 3911 ’
624 3920 628 3925 .

248 3934 282 3965 [η
302 3933 452 3978 Comitatu
468 3935 713 3975 Rothomagensi,
731 3937 844 3968 Partem
867 3935 968 3974 Villae,
986 3937 1064 3974 cnjus
1079 3936 1204 3968 Nomen
1225 3935 1267 3968 est

240 3974 389 4011 etreuallis,

250 4011 285 4041 In
300 4010 383 4048 Pago
398 4011 445 4054 qui
458 4011 559 4054 dicitur
571 4013 684 4052 Talon,
701 4015 814 4045 Partem
829 4012 913 4043 Villae
926 4014 1023 4051 unius,
1037 4023 1101 4052 quae
1115 4013 1267 4044 Grunvilla

211 4057 347 4086 vocatur,
366 4051 399 4079 ὅ(
415 4049 570 4080 hecleliam
585 4051 800 4083 Brochetrontis
813 4061 940 4090 vocatae,

249 4089 269 4106 *
289 4087 326 4117 Et
349 4088 384 4123 Vi·
400 4087 512 4126 Ospites
533 4089 607 4127 apud
628 4090 826 4129 LundmariaS,
846 4091 881 4133 βε
900 4090 1021 4123 totidem
1041 4089 1115 4129 apud
1129 4089 1244 4122 Clerdas
1256 4108 1267 4122 a
1298 4098 1361 4128 tur,
1379 4088 1476 4128 sigillo
1492 4097 1560 4121 meo
1574 4086 1684 4125 figulari
1699 4084 1772 4121 feci,
1778 4080 1995 4151 1{irinati‘imque
2008 4081 2035 4115 in
2047 4081 2146 4113 eadem
2160 4079 2288 4112 Ecclesia

248 4129 321 4159 Tom.
340 4129 388 4156 IV.
407 4128 440 4156 P.
460 4128 507 4156 1V.

1322 188 1808 244 PUBLICA.
2326 213 2379 256 75

1941 265 1950 276 1

1301 286 1420 326 aliisque
1434 297 1468 318 ex
1483 288 1593 328 integro
1608 287 1712 327 Villas,
1727 289 1764 319 sic
1780 288 1931 357 viixllgaiiter
1947 282 2120 326 nominatas,
2139 277 2362 328 Ausgcrivillam,
2380 286 2453 315 Arm.
2471 285 2511 317 ’3.

1301 324 1467 364 Spinetum,
1487 326 1626 365 Bupetum
1637 350 1646 364 ,
1664 328 1792 357 Durandi
1840 327 1912 357 illam
1922 351 1931 365 ,
1946 327 2122 358 Bailluletum
2132 349 2141 365 ,
2155 327 2292 358 sanetum
2304 328 2360 358 Ve-

1302 409 1367 440 quae
1382 405 1523 440 pertinent
1536 405 1569 433 ad
1583 413 1644 441 eas,
1663 404 1723 433 tam
1737 404 1766 433 in
1783 405 1889 441 Aquis,
1907 413 1993 442 quam
2010 405 2039 434 in
2057 404 2170 442 Terris,

1339 441 1374 471 In
1393 441 1547 472 Vilcaffino
1572 441 1722 479 Frantico,
1740 451 1827 471 unam
1844 441 1948 472 Villam
1964 441 2003 471 Vi
2019 444 2188 480 vocitatam,
2207 452 2275 473 curn
2296 452 2364 472 om-

1302 479 1383 509 nibus
1394 489 1458 517 quae
1471 481 1608 517 pertinere
1624 479 1755 510 videntur
1773 479 1807 510 ad
1821 479 1924 518 ipsam,
1943 480 2006 511 haec
2017 504 2025 518 ‚
2045 490 2075 511 ut
2094 480 2135 511 est
2152 481 2273 519 superius
2292 491 2365 519 prae-

1301 518 1436 556 libatum,
1455 519 1636 556 reperuimus.

1338 592 1393 623 Ista
1411 595 1482 624 vero
1497 617 1507 631 ,
1533 603 1598 632 quae
1619 594 1800 625 subnotantur
1815 616 1826 632 ,
1851 594 1910 631 ibi,
1935 594 2004 625 Deo
2023 595 2169 626 auxiliante
2182 615 2194 634 ,
2224 594 2363 626 Restitui-

1305 641 1540 714 milissVilcailino
1558 670 1764 715 Northmanno
1778 669 1856 699 Duas
1870 669 1972 713 Villas,
1991 681 2075 700 unam
2092 672 2209 702 nomine
2228 671 2362 709 Melfain,

1299 708 1413 739 alteram
1428 708 1597 739 Hilbotcurt
1609 709 1732 746 diffiiam,
1750 717 1818 738 cum
1838 707 1968 738 Eccleliis
1984 710 2016 739 &
2038 709 2228 747 Moleniiiiiis‚
2243 712 2276 741 ὅ(
2301 710 2362 740 An-

1302 746 1480 791 fridivillarnh,
1497 757 1564 777 cum
1587 747 1717 785 cunCtis,
1737 748 1797 777 tam
1818 747 1848 775 in
1872 745 1974 786 Aqua,
1992 748 2078 784 quain
2098 749 2128 778 in
2143 748 2248 787 Terra,
2267 758 2361 778 earum

1305 785 1624 860 Aligiesgslgieb’demque
1637 822 1715 862 Pago
1732 821 1918 852 Medietatem
1933 821 2017 852 Villae
2042 824 2140 860 unius,
2159 833 2244 862 quam
2266 823 2363 855 Tenet

1305 862 1472 907 nominant,
1491 870 1558 909 cuin
1572 861 1697 891 Ecclesia
1711 869 1769 905 tota
1784 861 1817 891 ὃς
1832 859 1954 891 Ecclesia
1972 860 2096 898 Destor,

1339 899 1379 968 {i
1392 898 1500 968 XZPS?
1497 909 1622 975 0135sz
1634 898 1991 976 ffissceissffiffiffiiissiffir’,

1339 976 1470 1006 Necnon
1484 972 1607 1013 Villam,
1626 986 1691 1014 quae
1706 975 1891 1006 Travalliarus
1908 984 2044 1013 vocatur,

1341 1014 1502 1045 Dimidiam
1517 1014 1630 1044 Partem
1647 1016 1674 1044 iri
1690 1013 1794 1044 Basthit
1808 1013 1897 1051 Villa,

1341 1052 1381 1083 Et
1394 1054 1420 1091 iij
1437 1052 1575 1091 Capitaies
1587 1052 1721 1091 Hospites
1734 1053 1763 1082 in
1776 1051 1993 1090 Marculsivilla,
2011 1053 2043 1083 ἃ
2058 1053 2085 1091 ij.
2103 1051 2215 1083 Dimid.

1344 1091 1471 1122 Centum
1485 1092 1518 1122 &
1532 1103 1549 1120 v
1566 1091 1653 1121 Acras
1670 1092 1699 1120 in
1714 1089 1839 1120 Hulvilla
1849 1113 1858 1128 ,

1342 1129 1380 1160 Et
1393 1131 1423 1160 in
1439 1129 1499 1161 Cut
1516 1129 1663 1161 Vertivilla
1677 1130 1713 1168 xij
1727 1128 1877 1167 Hospite-s,
1895 1137 1963 1159 curn
1980 1137 2036 1159 tora
2052 1127 2197 1167 Ecclesia,

1343 1205 1447 1237 Adhuc
1461 1215 1572 1244 autem,
1591 1207 1620 1235 in
1635 1205 1694 1243 ipso
1709 1205 1813 1236 eodem
1836 1214 1870 1235 ue
1884 1204 1979 1244 Pago,
1997 1204 2076 1242 super
2092 1205 2225 1236 Fluvium
2241 1206 2289 1244 qui
2312 1216 2366 1238 vo-

1306 1250 1385 1274 catur
1405 1242 1539 1283 Andella,
1557 1245 1689 1283 Quatuor
1710 1243 1804 1274 Partes
1815 1215 1909 1274 qVillae
1931 1253 1995 1280 quae
2016 1252 2134 1273 vocatur
2147 1243 2207 1274 Dat
2224 1244 2315 1283 Villa,
2332 1244 2367 1276 <St

1306 1283 1384 1320 super
1395 1284 1512 1313 eandem
1528 1284 1641 1320 Aquam
1655 1282 1780 1313 Bodeleti
1795 1282 1907 1313 Partem
1925 1281 2073 1319 Mediam,
2089 1283 2123 1313 δε
2147 1284 2282 1321 quicquid
2304 1293 2368 1323 per-

1308 1322 1394 1351 tinere
1407 1322 1490 1351 debet
1506 1321 1540 1351 ad
1555 1322 1658 1358 ipsam,

1342 1359 1426 1390 Extra
1442 1360 1521 1397 haec,
1539 1361 1567 1389 iri
1584 1359 1656 1388 Villa
1672 1369 1736 1396 quae
1750 1359 1853 1389 dicitur
1868 1358 2014 1396 Colvella,
2034 1357 2149 1388 Partem
2167 1368 2253 1398 quam
2267 1360 2306 1390 ibi
2319 1359 2368 1390 hae-

1308 1398 1369 1428 buit
1386 1398 1514 1437 quaedam
1534 1398 1656 1436 Mulier,
1675 1406 1740 1435 quae
1757 1407 1859 1428 vocata
1874 1397 1926 1427 fuit
1941 1396 2108 1435 Malburga,

1345 1436 1383 1467 Et
1405 1437 1496 1467 adhuc
1519 1436 1635 1468 Locum
1657 1435 1753 1472 dedit,
1774 1435 1891 1465 volente
1914 1435 1993 1465 simul
2015 1437 2047 1466 &
2062 1444 2164 1466 unante
2177 1435 2283 1467 Sorore
2304 1436 2367 1475 sua,

1306 1477 1336 1505 in
1358 1474 1506 1505 Comitatu
1528 1473 1767 1514 Rorhomagensi,
1789 1472 1976 1503 Medietatem
1999 1473 2080 1503 Villae
2099 1473 2200 1504 Ernolt
2221 1474 2299 1505 Muit
2323 1476 2366 1506 di-

1306 1515 1380 1552 ctae,
1400 1516 1432 1545 &
1453 1513 1533 1544 Duas
1554 1513 1665 1551 Partes,
1687 1522 1756 1543 cum
1776 1511 1902 1543 Ecclesia
1918 1511 2027 1542 alterius
2043 1510 2126 1541 Villae
2143 1511 2366 1545 Francliivi'llulae

1308 1561 1418 1584 vocatae

1343 1590 1380 1621 Et
1397 1577 1478 1621 alsam
1496 1590 1600 1620 Villam
1615 1588 1759 1620 dimidiam
1774 1588 1891 1619 Putbon
1907 1595 2096 1625 nunmpatam
2106 1611 2116 1626 ,

1345 1629 1377 1659 In
1401 1628 1552 1659 Coniitatu
1575 1629 1690 1666 Talori,
1707 1628 1786 1665 super
1810 1627 1942 1658 Fluvium
1957 1628 2005 1665 qui
2022 1631 2140 1657 vocatur
2152 1626 2222 1665 Era,
2240 1627 2370 1660 Culverti

1309 1667 1412 1698 Villam
1448 1677 1514 1697 cum
1528 1667 1660 1697 universis
1673 1677 1736 1703 quae
1749 1665 1917 1703 pertinendo
1936 1665 2059 1703 pendent
2074 1665 2106 1694 ad
2124 1666 2210 1703 ipsam
2220 1689 2230 1703 ,
2377 1672 2379 1674 ’

1348 1705 1381 1735 Iii
1403 1690 1552 1736 Comitatu
1576 1705 1679 1735 eodem
1702 1704 1815 1735 alteram
1834 1704 1939 1734 Villam
1956 1703 2147 1734 Brachemunt
2159 1704 2281 1743 dictam,
2300 1715 2368 1736 cum

1309 1744 1418 1775 cunestis
1430 1754 1494 1782 quae
1508 1743 1618 1775 constat
1633 1744 1772 1781 pertinere
1787 1742 1822 1772 ad
1837 1742 1911 1772 illam
1921 1765 1931 1780 ,
2153 1753 2157 1768 :

1348 1781 1451 1813 Adhuc
1473 1793 1584 1821 autem,
1601 1783 1632 1813 St
1657 1783 1685 1811 in
1703 1780 1762 1819 ipso
1778 1779 1939 1818 eodemque
1952 1779 2046 1818 Pago,
2065 1789 2119 1810 tres
2136 1778 2222 1810 Villas
2241 1782 2368 1819 (scilicet)

1308 1821 1433 1851 Serberti
1457 1822 1578 1859 Villam,
1607 1819 1742 1856 Clerdas,
1770 1819 1967 1856 Lundmarias,
1991 1829 2058 1849 cum
2084 1818 2215 1848 Ecclcsiis
2236 1822 2269 1849 δε
2295 1820 2369 1850 Mo-

1308 1859 1442 1898 lendinis,
1457 1860 1663 1897 omnibusque,
1681 1860 1740 1888 tam
1754 1859 1782 1888 in
1797 1858 1898 1896 Aqua,
1921 1860 2007 1896 quam
2023 1858 2053 1886 in
2071 1857 2179 1894 Terra,
2197 1867 2293 1888 earum
2309 1859 2370 1898 Ap-

1308 1898 1460 1937 pendiciis,

1345 1936 1377 1966 In
1402 1935 1549 1967 Comitatu
1570 1935 1756 1973 Eusmatensi,
1780 1934 1884 1965 Villam
1904 1943 1969 1972 quae
1990 1933 2091 1964 dicitur
2113 1933 2274 1973 Niceacus,
2300 1942 2370 1966 cum

1308 1974 1434 2006 Ecclesia
1449 1977 1481 2007 &
1501 1975 1697 2011 Molendinis,
1715 1975 1748 2005 ὃς
1763 1974 1896 2003 omnibus
1911 1973 1946 2003 ad
1962 1983 2026 2002 eam
2043 1973 2260 2011 pertinentibus,

1344 2013 1378 2044 In
1392 2014 1450 2051 ipso
1464 2013 1624 2051 eodemque
1639 2012 1735 2051 Pago,
1755 2011 1834 2042 Duas
1854 2010 1957 2049 Villas,
1976 2011 2094 2048 Leysam
2109 2010 2143 2042 &
2158 2011 2299 2042 Bolonem
2316 2023 2370 2043 vo-

1306 2061 1379 2083 catas
1386 2062 1481 2121 ,Acutri
1494 2051 1655 2120 dEccleliis,
1670 2053 1703 2082 ὅ(
1726 2049 1922 2088 Molendinis,
1941 2051 1974 2080 &
1999 2049 2106 2087 Pratis,
2123 2059 2156 2080 ac
2179 2051 2310 2081 universis
2326 2061 2371 2082 ea-

1308 2101 1321 2121 r
1343 2101 1372 2121 m
1474 2101 1492 2120 n
1514 2101 1522 2120 i
1543 2101 1573 2120 iis

1323 2101 1591 2167 uAdthpeaugm’,
1607 2129 1640 2159 ὃς
1662 2128 1691 2157 in
1711 2126 1769 2164 ipso
1794 2125 1899 2157 eodem
1916 2125 2013 2164 Pago,
2033 2127 2062 2156 in
2081 2125 2174 2164 Villa,
2192 2137 2256 2164 quae
2272 2127 2372 2159 Oillia-

1306 2179 1356 2199 cus
1373 2176 1508 2206 vocatur,
1527 2167 1661 2205 Triginta
1677 2174 1730 2197 tres
1744 2165 1855 2203 Partes,
1873 2175 1938 2203 quae
1955 2165 2042 2204 vulgo
2059 2164 2145 2196 Mans
2169 2165 2248 2196 Loth
2271 2166 2372 2198 dicun-

1307 2215 1377 2275 turlh
1392 2244 1527 2276 Calciaco
1543 2244 1621 2288 Pago
1639 2243 1757 2287 Brittam
1773 2241 1896 2280 Villam,
1906 2252 1981 2286 ¹curri
1996 2241 2139 2287 Ecclesia,
2158 2250 2241 2280 quam
2249 2245 2373 2273 Bernar-

1307 2284 1355 2313 duc
1372 2283 1466 2322 dedit,
1485 2284 1517 2314 &
1535 2282 1691 2312 Dimidiam
1705 2280 1827 2324 Partem
1837 2281 1944 2310 alterius
1959 2280 2129 2316 Britteville,
2148 2281 2182 2311 δε
2203 2280 2275 2311 1)υο
2298 2281 2371 2313 Mo-

1308 2323 1418 2352 lendina
1429 2322 1508 2360 quta
1526 2320 1666 2357 Murum,
1708 2330 1752 2350 uae
1764 2319 1840 2348 dedit
1855 2319 1986 2348 Ricardus
2000 2319 2144 2356 Secundus,

1345 2359 1380 2390 In
1396 2360 1475 2397 Pago
1488 2359 1663 2398 Belvacensi,
1713 2357 1865 2389 raunfiacus
1880 2358 1914 2388 ὃς
1928 2357 2042 2388 Partem
2057 2358 2158 2388 Tei-rae
2170 2357 2200 2386 in
2213 2356 2286 2388 Villa
2306 2365 2373 2397 quae

1310 2399 1412 2430 dicitur
1428 2399 1606 2436 Muntatera',
1628 2423 1635 2426 .
1812 2422 1819 2428 ,

1347 2437 1385 2468 Et
1409 2439 1438 2468 in
1459 2436 1625 2467 Ebroicensi
1648 2435 1747 2473 Pago,
1772 2433 1969 2465 Northmanni
1993 2433 2114 2472 Villam,
2142 2434 2175 2465 ὃς
2199 2433 2292 2465 Cader
2308 2458 2318 2474 ,
2338 2436 2373 2467 &

1312 2476 1448 2507 sanetum
1463 2475 1658 2511 Germanum,
1675 2484 1742 2511 quas
1760 2472 1836 2503 dedit
1853 2473 1984 2502 Ricardus
2003 2475 2125 2510 Primus,

1350 2514 1398 2544 De
1410 2514 1545 2545 Dourent
1558 2515 1718 2544 citeriorem
1734 2511 1865 2549 Partem,
1884 2521 1952 2542 cum
1972 2511 2088 2550 Ausgeri
2109 2510 2198 2550 Villa,
2214 2512 2247 2543 &
2269 2511 2377 2550 Eccleff

1312 2553 1378 2584 siam
1389 2576 1398 2592 ,
1417 2563 1481 2591 quae
1496 2554 1525 2583 in
1541 2552 1666 2584 ulteriori
1680 2551 1772 2589 Aquae
1785 2549 1863 2588 Ripa
1877 2550 1926 2581 fiia
1939 2549 1990 2580 est.

1351 2631 1470 2670 Signum
1485 2632 1653 2667 Hu-i-gonis.

1350 2669 1472 2706 Signum
1489 2673 1665 2702 G11a÷tcern.

1351 2707 1471 2744 Signum
1494 2712 1530 2740 ÷
1547 2706 1692 2743 Radberti,
1711 2703 1937 2744 Archspraefidir,

1350 2746 1470 2785 Signum
1484 2749 1520 2778 -l-
1536 2748 1664 2783 Principis
1681 2744 1808 2773 Radberti
1818 2767 1828 2780 ,

1351 2784 1470 2824 Signum
1489 2788 1525 2817 -l-
1538 2787 1650 2814 Henrici
1667 2781 1807 2819 Abbatis,

1353 2823 1473 2862 Signum
1488 2825 1525 2856 ἦ·
1539 2821 1680 2859 Gifleberti
1699 2824 1808 2850 Comitis
1819 2843 1827 2858 ,

1350 2861 1467 2900 Signum
1486 2860 1617 2891 Vuillelmi
1632 2865 1668 2894 4-
1683 2859 1813 2889 Rodberti
1830 2860 1938 2887 Comitis
1943 2852 2012 2897 filli.

1348 2899 1428 2930 Cum
1453 2900 1615 2938 praescriptis
1638 2900 1731 2929 Donis
1753 2906 1807 2935 ego
1843 2896 1990 2925 Rodbertus
2011 2897 2080 2924 Dux
2103 2893 2374 2934 Northmannorum,

1312 2938 1405 2968 Dono
1430 2940 1463 2970 ὃς
1483 2937 1627 2968 Concedo
1650 2936 1762 2967 Sandisae
1782 2919 1884 2964 M'ariae
1908 2934 2058 2963 Decimam
2080 2932 2272 2964 Denariorum
2294 2944 2375 2964 meo⁶

1312 2986 1390 3014 rum,
1417 2986 1502 3014 quam
1526 2975 1654 3006 Acardus
1675 2976 1815 3003 Num-icius
1839 2982 1916 3003 meus
1940 2975 2076 3008 tenebat,
2098 2971 2132 3001 ad
2155 2971 2374 3003 Cat-ionicorum

1311 3014 1496 3052 vestimenta,
1515 3015 1584 3043 inibi
1600 3013 1804 3047 Servientiiim,
1826 3009 1961 3040 Emenda.

1348 3056 1384 3087 -l-
1401 3052 1478 3083 Haec
1493 3052 1534 3083 est
1550 3051 1719 3082 Adfirmatio
1736 3049 1856 3080 Vuilelmi
1875 3051 1984 3078 Caralitis
1995 3048 2026 3078 de
2042 3047 2191 3078 Sotavilla.

1348 3130 1545 3160 INsPEYIIviUS
1561 3129 1669 3167 insuper
1683 3126 1822 3165 quandam
1837 3126 1917 3155 aliam
1932 3124 2048 3155 Carram
2058 3148 2066 3156 ,
2080 3124 2199 3154 celebris
2215 3126 2373 3164 memoriae,

1311 3169 1455 3206 Rodberti,
1475 3168 1619 3206 q‘iondssm
1635 3170 1717 3197 Ducis
1730 3167 1949 3194 Normannorum
1958 3187 1967 3201 ,
1985 3162 2100 3193 Nobilis
2112 3162 2303 3202 progenitoris
2317 3173 2372 3194 no-

1311 3207 1376 3245 stri,
1395 3207 1517 3237 similiter
1537 3206 1640 3236 fabiani
1658 3207 1688 3235 iii
1702 3205 1765 3234 liaec
1785 3204 1886 3240 verba,

1346 3284 1410 3323 Ego
1426 3283 1593 3320 Radbertus,
1613 3284 1680 3311 Dux
1697 3280 1935 3316 Normannorum,
1955 3279 2037 3308 Filius
2057 3280 2099 3307 W
2099 3276 2202 3307 illielmz·
2213 3281 2289 3315 Regis
2302 3282 2370 3309 An—

1306 3321 1429 3360 glorum,
1447 3322 1561 3352 Concedo
1581 3322 1613 3352 ὃς
1631 3320 1762 3360 ίξ’ζιιὶεῐιιηι
1795 3318 1900 3356 erpetui)
1916 3319 2036 3347 Dimitte
2050 3317 2161 3346 Sanctae
2176 3316 2279 3347 Mariae
2303 3316 2369 3348 Ro-

1311 3360 1484 3398 thomagensi
1503 3360 1745 3390 Consuetudinem
1767 3325 1916 3394 gernagii,
1944 3357 2037 3385 immo
2061 3355 2151 3398 ipsum
2177 3355 2368 3394 Bernagium,

1310 3400 1388 3438 quod
1408 3400 1547 3430 habebam
1571 3399 1598 3427 in
1621 3396 1713 3427 Terra
1737 3394 1858 3432 ejusdem
1880 3394 1992 3424 Sandte
2019 3392 2123 3422 Mariae
2141 3392 2176 3422 de
2196 3393 2367 3432 Petrevalle,

1310 3449 1363 3477 pro
1378 3438 1472 3468 Salute
1489 3438 1657 3468 Animarum
1673 3433 1760 3463 Patris
1776 3433 1875 3463 mei&
1892 3432 1991 3462 Matris
2004 3433 2291 3469 iiieae,ornniumque
2305 3432 2367 3461 An-

1308 3477 1481 3508 tecefforum
1501 3484 1650 3512 meorum,
1668 3482 1720 3510 pro
1741 3470 1834 3501 Salute
1854 3472 1937 3501 etiam
1961 3471 1980 3489 *²
2005 3479 2084 3507 mea,
2111 3469 2367 3508 Succefforumque

1308 3525 1439 3546 meorum

1344 3554 1381 3584 Et
1399 3538 1462 3583 haec
1476 3552 1608 3583 Donatio
1621 3549 1714 3581 nostra
1728 3547 1800 3578 fasta
1812 3547 1853 3578 est
1863 3570 1873 3586 ,
1891 3556 1966 3576 anno
1981 3547 2017 3576 ab
2035 3546 2230 3576 incarnatione
2256 3545 2364 3576 Domi-

1306 3593 1335 3622 ni
1355 3592 1398 3621 M.
1426 3591 1496 3622 XC.
1517 3590 1553 3621 V.
1573 3592 1601 3620 in
1618 3589 1662 3620 die
1682 3586 1888 3624 Affumptionis
1905 3586 2017 3616 Sanctae
2031 3584 2134 3614 Mariae
2153 3586 2180 3613 in
2196 3584 2294 3615 eadem
2304 3583 2362 3615 Ec-

1305 3630 1386 3662 clesirl

1343 3655 1491 3705 Ipszsmque
1517 3647 1733 3702 Donationersi,
1752 3662 1865 3701 propria⁴
1881 3661 1974 3693 Manu
1993 3660 2075 3700 mea,
2093 3659 2160 3691 Mifi
2177 3660 2255 3698 super
2270 3669 2359 3690 unum

1306 3706 1400 3738 Altare
1419 3716 1468 3744 per
1488 3715 1576 3736 unum
1597 3703 1764 3733 Cultellum.
1871 3704 1878 3711 ·

1342 3783 1483 3813 Praesente
1496 3780 1610 3811 Roberto
1625 3781 1727 3808 comite
1740 3777 1773 3808 de
1793 3777 1928 3816 Mellent,

1343 3821 1378 3852 Et
1397 3821 1525 3850 Alberico
1542 3819 1574 3848 de
1591 3821 1690 3848 Arce-io
1701 3840 1710 3854 ,

1342 3859 1380 3889 Et
1395 3859 1508 3889 Roberto
1525 3856 1591 3886 Filio
1608 3859 1727 3893 Hugonis
1738 3855 1770 3884 de
1789 3857 1886 3884 Monte
1900 3854 1992 3889 Forti,
2011 3890 2015 3894 ⁵

1343 3897 1526 3928 Praeientibus
1545 3897 1628 3926 etiam
1650 3894 1772 3932 pluribus
1790 3892 1943 3923 Bai-onibus
1959 3898 2046 3927 meis,

1341 3935 1379 3966 Et
1392 3934 1486 3964 Rada!
1499 3945 1512 3963 o
1530 3933 1707 3963 Cancellario
1723 3941 1790 3970 meo
1802 3954 1811 3966 ,

1340 3973 1378 4004 Et
1393 3977 1470 4003 Ornu
1479 3972 1531 4010 pho
1548 3973 1580 4002 de
1595 3970 1704 4001 Croches
1717 3969 1870 4007 Capellano
1889 3976 1957 3997 meo
1966 3987 1976 4004 2

1337 4050 1391 4088 Er,
1409 4057 1440 4080 ut
1461 4049 1534 4080 istud
1555 4048 1680 4078 Dorium
1698 4047 1906 4083 imperpetuum
1925 4043 2034 4072 Rarum
2056 4040 2242 4080 Firmi‘imque
2253 4041 2356 4072 habea-

2302 4090 2354 4114 pro

2297 4117 2359 4153 Te7

2400 334 2422 354 12
2438 332 2484 354 22,

1300 364 1429 402 dastiim,
1455 375 1522 395 cum
1546 364 1671 395 Ecclclia
1692 367 1726 396 ὃς
1747 365 1941 403 Molendinis,
1967 366 2014 395 has
2036 375 2108 395 totas
2129 375 2197 395 cum
2225 367 2359 397 omnibus
2378 334 2438 391 Heai.
2457 374 2482 398 s>

2401 3471 2421 3490 *
2435 3474 2473 3506 X,

2385 3519 2450 3546 240.
