2562 4274
683 174 791 216 ET
873 176 1131 218 ACTA
1213 145 1684 226 PUBLICA.

191 257 254 290 IST
266 267 284 290 E
306 257 332 287 A
341 260 363 288 R'
372 264 393 286 Τ
402 265 498 288 IcUL
509 266 532 288 U
543 265 556 288 s
568 256 657 296 placet
680 259 814 291 Domino
837 260 935 292 nostro
952 261 1026 298 Regi
1043 274 1053 299 ς
1077 261 1115 296 ὠ·
1138 258 1201 290 vult

34 318 116 348 1419,
157 299 225 328 idem
239 300 297 326 Rex
309 295 382 335 qubd
411 304 462 326 ant
472 300 500 326 in
514 296 584 326 hond
591 295 702 335 formast
723 299 785 327 dum
799 307 891 328 tamen
909 311 963 329 non
984 299 1156 329 includantur
1172 303 1202 327 iu

16 354 75 377 Hm,
99 357 127 383 5.
158 335 302 375 hujufinodi
315 338 369 363 Con
384 334 587 365 oederationibus
599 334 636 369 (ἔγ
651 335 812 374 Alligantiis
827 341 896 367 Scoti
909 337 945 372 όν
961 338 1009 368 alii
1022 337 1136 368 Rebelles
1144 339 1204 376 ,qui

16 386 121 424 fflspms,
152 373 252 415 fiaebeffe
264 371 395 402 deberent.

14 271 90 304 Ann.
99 269 141 300 D.

18 464 106 491 pain-0
118 471 146 497 7·
198 449 328 485 ITEM,
354 448 435 479 dieto
455 451 519 487 Regi
534 457 656 487 petantur
675 448 811 481 Sexcenta
831 450 910 483 Milia
929 452 1083 483 Scutorum
1100 452 1128 482 in
1148 450 1208 482 Au-

163 486 214 525 ro,¹
232 497 295 524 quae
311 487 405 516 tradita
424 488 529 518 fuerant
546 491 609 525 Regi
624 489 736 517 Ricardo
750 511 759 526 ,
778 490 807 519 in
828 490 1040 521 Dedufflonem
1060 490 1144 520 Dotis
1163 490 1209 519 O-

164 527 375 563 &ingeniorum
398 525 523 555 Millium
539 525 691 555 Scutorum
710 527 778 557 Auri
794 552 802 565 ‚
830 528 878 559 sibi
897 529 1098 567 promissorum
1118 527 1211 559 Causa

165 563 347 595 Matrimonii
363 561 483 601 Ifizbellae
501 567 621 592 Franciae
640 564 689 593 sibi
707 565 872 602 desponsatae
887 578 893 596 ε
920 576 1033 597 necnon
1053 566 1159 605 Jocalia
1177 567 1209 596 &

165 601 243 632 Bona
263 601 384 631 Mobilia
399 601 519 639 ejusdem
539 604 660 632 Dominae
679 603 801 641 Ifizbellae
819 627 827 642 ,
846 605 878 635 ad
898 605 1047 635 Summam
1068 604 1212 643 Quadrin-

165 648 315 679 gentorum
334 638 448 670 Milium
466 640 637 670 exrendentia
649 664 658 677 ,
682 652 745 678 quae
763 643 852 672 dic-”tus
870 646 927 672 Rex
944 644 1072 673 Ricardus
1092 653 1142 679 pro
1161 643 1212 680 Se,

166 680 216 709 suis
239 677 429 715 Haeredibus,
457 678 489 708 ὃς
514 678 548 707 ab
571 688 606 708 eo
624 678 742 710 Causam
768 681 934 711 habentibus
952 707 960 718 ‚
986 681 1117 711 Promiiit
1135 680 1213 710 dieto

168 719 283 747 Domino
299 715 383 754 nostro
402 718 464 751 Regi
482 715 613 747 Reddere
628 719 661 748 ὃς
679 718 836 748 Restituere
854 729 889 749 eo
908 719 980 750 Casu
991 743 1000 756 ,
1019 730 1076 757 quo
1095 728 1157 749 ante
1171 720 1214 747 di-

168 755 244 785 &am
263 757 410 783 Dominam
428 752 571 791 Isabellam
587 756 622 785 ab
641 756 692 786 liac
709 756 764 788 vita
782 758 946 795 decederetz,
964 768 1015 794 pro
1034 757 1131 794 quibus
1154 756 1216 786 red-

167 792 263 822 dendis
282 792 393 822 fuerunt
412 791 592 828 Fidejussores
604 817 611 829 ,
631 794 774 824 Dominus
792 795 934 832 Jahimnes
948 799 1015 824 Dux
1029 794 1216 832 Lancaffri'ae,

168 830 324 860 Edmuna'us
340 833 408 860 Dux
423 830 559 869 Eborum,
577 831 689 861 Thomas
709 836 775 862 Dux
790 833 974 871 GloicceslrIae,
993 835 1026 864 &
1043 834 1134 870 plures
1156 833 1217 869 alii,

169 869 203 900 &
222 869 338 907 quilibet
357 879 456 899 eorum
475 870 502 899 in
521 869 645 899 solidum.

209 908 440 946 QUANTUM
466 916 514 936 AD
544 916 673 938 ISTUM
703 908 970 939 ARTicULUM
992 908 1135 938 Dominus
1153 908 1218 937 Rex

170 945 234 976 vult
245 944 318 985 quad
330 946 362 974 de
375 944 491 974 omnibus
505 944 569 982 hiis,
588 946 619 974 de
633 945 724 986 quibus
739 945 937 976 rationabiliter
950 950 1090 976 exonerari
1104 957 1156 975 non
1169 954 1219 983 po-

170 988 252 1059 teritf
267 983 322 1052 {iat
334 982 531 1027 Compensatio,
551 994 607 1013 cum
620 984 729 1014 Summd
747 985 862 1025 aequali,
881 986 916 1017 de
931 986 1141 1023 Redemptione
1158 984 1219 1014 Re-

195 1033 214 1053 is
249 1031 383 1051 oiannis:

172 1032 192 1060 g
210 1060 315 1101 Qoad
323 1063 454 1089 Summam
475 1059 740 1098 Qadringentorum
765 1060 903 1099 nullium,
918 1065 1031 1099 petitam
1047 1069 1094 1099 pro
1114 1059 1222 1098 Jocali-

173 1099 236 1136 bus,
255 1097 315 1132 &tn
339 1098 398 1127 Rex
419 1097 529 1125 multum
553 1102 670 1128 miratur
692 1100 723 1128 de
746 1101 853 1129 Szmtma'
874 1100 957 1129 tants}
976 1099 1082 1137 petita‘,
1100 1110 1172 1134 cum,
1190 1102 1219 1127 in

175 1141 223 1167 Rei
235 1140 355 1166 veritate
365 1159 373 1173 ,
388 1135 580 1174 notoriumfit,
600 1136 673 1177 quad
686 1136 766 1166 valor
780 1148 833 1166 non
851 1138 1013 1168 extendebat
1021 1137 1053 1176 se
1067 1137 1105 1165 ad
1122 1137 1221 1176 §guar-

174 1183 232 1205 tam
246 1177 373 1210 Partem,-
395 1181 485 1214 tamen
498 1174 529 1202 de
546 1174 614 1211 illis,
634 1175 665 1204 de
680 1175 770 1215 quibus
787 1187 840 1206 non
852 1181 952 1215 poterit
963 1175 1001 1216 fic
1024 1174 1222 1205 rationabiliter

173 1216 330 1249 exonerari,
347 1213 543 1250 Respondeat-‘ur
561 1221 591 1242 ut
598 1212 692 1253 fitpra.

200 1251 249 1281 ·Et
261 1252 418 1287 redigentur
434 1250 595 1289 Praemiffa,
614 1253 649 1282 sic
664 1251 826 1291 generaliter
841 1253 873 1283 &
896 1253 922 1282 in
943 1251 1038 1289 grosso
1057 1249 1224 1288 expressam,

174 1299 223 1327 per
243 1289 384 1319 extensum
396 1311 405 1326 ,
421 1290 448 1318 in
466 1290 658 1328 Script'lmmg
684 1292 716 1321 &
735 1290 824 1319 dietus
842 1293 970 1320 Dominus
987 1290 1071 1329 noster
1090 1293 1149 1319 Rex
1164 1311 1172 1324 ,
1192 1289 1224 1318 ὃς

175 1328 214 1358 sui
231 1327 368 1358 Haeredes
384 1327 447 1357 inde
465 1328 590 1358 Securari
608 1329 643 1358 sic
664 1339 710 1365 per
730 1329 820 1358 bonos
837 1351 846 1365 ,
864 1330 952 1358 claros
963 1351 971 1365 ,
986 1327 1131 1364 speciales,
1149 1328 1227 1356 secu-

176 1376 237 1404 rOS,
257 1366 290 1396 ὃ(
307 1375 418 1403 opertos
439 1365 564 1403 Modos,
584 1367 714 1402 Formas,
732 1375 815 1403 atque
834 1368 936 1404 verba,
957 1368 1023 1396 sicut
1042 1366 1101 1404 Ipse
1120 1365 1227 1395 Domi-

178 1415 229 1435 nus
247 1404 343 1434 noster
362 1405 394 1435 &
411 1404 466 1442 ejus
485 1403 649 1434 Concilium
668 1405 797 1435 sciverim
815 1404 941 1435 advisare.

26 901 132 940 nespons.

26 1259 113 1286 Petitio
128 1257 155 1284 8.

29 1435 135 1473 R‘sffls·
217 1443 278 1480 Qu
290 1452 310 1472 0
321 1452 340 1472 A
353 1452 372 1472 n
392 1452 403 1472 t
414 1451 456 1472 ,ςτ-
466 1451 485 1472 u
497 1451 523 1472 M
544 1443 566 1471 Α
580 1452 601 1472 R
614 1452 635 1472 T
647 1452 658 1472 1
669 1452 715 1483 cu
726 1452 745 1472 L
755 1452 777 1473 υ
787 1451 829 1479 M,
849 1447 945 1473 veniat
961 1446 1005 1483 qui
1022 1442 1052 1471 a'e
1064 1442 1137 1481 Jure
1155 1447 1229 1479 pete-

178 1492 206 1510 re
214 1480 306 1520 possit,
325 1480 362 1516 όν
372 1481 425 1520 fibi
439 1480 636 1511 rationabiliter
655 1480 849 1520 respondeatur.

49 1629 63 1645 ⁸
85 1628 139 1656 IX·
451 1603 478 1630 ἦέ
503 1608 559 1638 Pro
586 1604 794 1650 Commiffiiriis
819 1607 958 1639 Fra-acie.

28 1668 106 1735 anm
122 1703 165 1734 D·
187 1688 304 1748 REX
325 1688 456 1719 universis
474 1690 507 1720 δε
523 1689 633 1733 singulis
652 1688 826 1734 Capitaneis,
843 1688 986 1734 ¹Gentibus
1005 1687 1179 1731 Armorum,
1196 1687 1230 1716 &

200 1743 205 1747 -
263 1729 298 1758 de
315 1727 442 1765 Tracta,
459 1738 491 1758 ac
516 1728 572 1758 aliis
592 1728 685 1766 Ligeis
738 1728 879 1764 Subditis,
906 1728 938 1758 ὃ(
959 1726 1080 1756 Vassallis
1099 1726 1151 1755 suis
1172 1735 1235 1762 qui-

30 1752 88 1809 21¹1?
93 1752 137 1815 ¹79,'
183 1766 369 1834 bugcumque,
388 1767 422 1834 agl
442 1776 511 1804 quos
530 1766 674 1805 praesentes
696 1750 798 1797 [iterae
817 1766 1009 1803 pervenerint,
1028 1764 1160 1794 Salutem.

243 1813 319 1834 Ciatis
359 1814 394 1834 uo
666 1810 669 1813 '

31 1825 111 1886 ἴως’
220 1843 301 1884 Cum
320 1814 551 1878 Olonsaii’guineus
569 1841 662 1872 noster
680 1842 804 1872 Franciae
820 1865 829 1879 ,
858 1851 890 1872 ac
909 1840 1122 1879 Confinguinea
1140 1838 1234 1883 nostra

31 1901 122 1924 Nom,-
136 1905 150 1929 7
185 1879 310 1910 Conlors
327 1880 370 1911 sua
382 1903 392 1918 ,
417 1882 450 1912 &
467 1880 612 1918 Johannes
635 1884 703 1909 Dux
723 1880 883 1919 Burgundiae
905 1879 1052 1909 intendant
1065 1902 1075 1915 ,
1101 1887 1181 1907 certis
1199 1877 1235 1906 de

36 1939 64 1962 H
160 1916 162 1920 ’
184 1918 278 1950 Cauiis
297 1919 367 1956 ipsos
385 1919 566 1948 moventibus
580 1941 589 1957 ,
617 1917 652 1948 de
673 1917 833 1956 Militibus,
858 1918 1019 1955 Scutiferis,
1039 1918 1071 1948 ὃς
1091 1916 1234 1946 Gentibus

37 1943 113 2000 177}-
121 1940 165 2009 3p7',
182 1957 251 1994 suis,
274 1957 355 1987 semel
366 1980 376 1995 ,
399 1966 445 1988 aut
462 1957 558 1996 saepius
571 1979 580 1994 ,
605 1956 690 1994 usque
707 1957 884 1988 Praesentiam
900 1955 1024 1986 nostram
1044 1955 1154 1985 mittere
1170 1977 1179 1993 ,
1205 1961 1235 1984 ut

183 1997 359 2063 acffipimus,

257 2044 287 2063 os

221 2072 280 2102 Pro
298 2056 456 2102 ’Securitate
477 2071 607 2110 illorum,
626 2073 674 2110 qui
693 2071 730 2102 sic
749 2073 914 2109 mittentur,
932 2070 1091 2109 prospicere
1109 2069 1237 2101 volentes

185 2113 215 2142 in
230 2111 282 2140 hac
297 2119 389 2148 parte,

221 2148 397 2186 Suscepimus
417 2147 477 2177 illos
499 2158 601 2178 omnes
626 2149 660 2179 &
680 2148 803 2185 singulos
826 2148 1045 2186 (cujuscumque
1072 2145 1165 2177 Status
1190 2146 1240 2176 scu

185 2187 369 2217 Conditionis
383 2186 496 2223 suerint)
511 2186 560 2216 sub
571 2185 707 2216 Numero
723 2187 937 2225 Quinquaginta
951 2186 1134 2216 Personarum
1146 2208 1155 2222 ,
1166 2193 1238 2221 quos

184 2225 314 2263 praedicti
330 2223 537 2263 Consanguinei
552 2222 640 2253 nostri
657 2225 691 2255 &
714 2228 781 2254 Dux
799 2226 978 2262 Burgundiae,
997 2233 1043 2254 aut
1067 2232 1168 2253 eorum
1190 2223 1238 2252 ali-

184 2264 265 2301 quis,
282 2263 362 2293 nobis
378 2262 662 2299 mitterevoluerint,
679 2263 726 2293 vel
742 2263 882 2301 voluerit,
899 2263 983 2301 usque
1000 2261 1237 2292 Praesentiamno-

187 2302 274 2333 stram
291 2301 471 2339 praedidtam,
487 2300 614 2338 insimul,
630 2300 674 2330 vel
694 2311 742 2338 per
765 2301 874 2338 Partes,
894 2302 1023 2331 Armatos
1044 2300 1088 2331 vel
1104 2310 1162 2330 non
1184 2299 1239 2328 Ar-

186 2349 296 2378 matOS,
314 2340 471 2376 veniendo,
488 2339 594 2368 ibidem
612 2340 770 2377 morando,
797 2342 829 2369 &
852 2340 950 2369 exinde
972 2339 1046 2369 salvo
1070 2339 1102 2369 &
1123 2338 1240 2374 secure,

188 2379 321 2415 quotiens
339 2378 385 2408 sibi
403 2378 551 2415 placuerit,
569 2377 731 2416 redeundo,
748 2388 780 2409 ac
789 2378 902 2416 Equos,
921 2377 997 2415 Res,
1016 2376 1109 2415 Bona,
1123 2375 1239 2415 Jocaliii‚

190 2418 224 2448 &
240 2416 376 2446 Hernelia
390 2416 432 2445 sua
450 2425 657 2459 quaecumque,

229 2453 347 2484 Proviso
361 2454 470 2491 semper
484 2453 562 2491 quod
576 2453 625 2491 ipsi
639 2455 789 2491 quicquam
799 2477 808 2493 ,
827 2455 887 2485 ἃς.

226 2492 259 2522 Iri
279 2493 374 2530 cujus,
390 2493 450 2522 &c-
467 2493 551 2530 usque
566 2492 679 2522 Festum
694 2492 789 2523 Sancti
804 2492 940 2531 Johannis
959 2491 1087 2529 Baptistae
1108 2491 1241 2530 proximo

189 2532 314 2562 futurum
327 2530 474 2560 duraturas.

228 2567 319 2600 Teste
335 2568 417 2608 Rege
432 2567 505 2606 apud
520 2567 625 2598 Villam
634 2568 716 2607 fitam
732 2569 764 2599 de
778 2571 896 2599 Maunte
909 2568 1026 2606 septimo
1040 2568 1084 2598 die
1097 2567 1182 2607 Junii.

878 2647 931 2674 Per
945 2644 1026 2684 ipsu'm
1039 2648 1141 2683 Regem.

282 2773 331 2805 De
347 2775 383 2804 V
382 2769 539 2804 finalibus
554 2782 643 2804 extra
663 2774 868 2804 Normaniam
885 2783 941 2802 non
958 2768 1158 2804 traducendis.

46 2866 122 2897 Αῃῃ,
133 2863 175 2899 D·
199 2856 313 2913 REX
333 2855 439 2886 Ballivo
457 2855 554 2886 nostro
569 2856 604 2886 de
620 2856 807 2887 Constantine
822 2855 957 2886 Salutem.

67 2913 153 2942 1419,
294 2895 372 2932 Quia
391 2895 617 2925 certitudinaliter
634 2895 821 2924 informamur
842 2894 919 2931 quod
956 2892 1140 2931 pendentibus
1162 2896 1244 2925 certis

45 2947 97 2971 An·
117 2952 144 2977 7⁴
196 2931 333 2971 Treugis,
351 2933 396 2963 seu
412 2932 585 2963 Guerrarum
602 2932 803 2969 Abstinentiis,
817 2932 887 2961 inter
909 2917 977 2961 leos
995 2933 1028 2962 ὃς
1048 2932 1244 2963 Adversariuin

46 2986 80 3009 Η,
101 2990 127 3014 ς,
198 2970 327 3000 nostrum
346 2971 488 3009 Franciae,
505 2971 618 3009 quidam
636 2970 801 3001 Habitantes
826 2969 940 2999 Parisius
955 2970 988 2999 &
1008 2970 1127 2999 aliorum
1147 2970 1246 3001 Loco-

45 3020 109 3046 ibid.
197 3017 261 3040 rum
275 3009 447 3039 diversorum
458 3032 466 3046 ,
484 3010 520 3040 de
530 3009 699 3039 Obedieiitia
712 3007 804 3038 nostra
818 3017 876 3037 non
893 3007 1066 3037 existentium
1077 3030 1086 3045 ,
1106 3008 1140 3038 ad
1154 3009 1247 3040 diver-

47 3067 84 3086 Μ.
99 3057 176 3094 vj,
197 3047 234 3075 sas
248 3045 338 3077 Partes
350 3046 479 3077 Ducarfis
493 3047 580 3078 nostri
596 3047 804 3083 Normanniae,
822 3046 871 3076 sub
886 3046 986 3075 umbra
1000 3046 1032 3075 ὃς
1047 3047 1146 3076 colore
1153 3047 1246 3079 Treu-

197 3094 295 3123 garum
315 3084 529 3124 praedietarum,
547 3088 601 3119 iam
616 3087 728 3116 noviter
748 3084 773 3115 se
791 3085 977 3121 diverterunt,
995 3093 1027 3113 ac
1052 3084 1128 3121 plura
1149 3086 1182 3116 &
1203 3086 1246 3115 di-

196 3122 274 3152 versa
292 3122 446 3160 vietualia,
465 3131 522 3153 tam
538 3120 645 3162 Boves,
665 3124 761 3161 Oves,
780 3121 904 3159 Vaccas,
924 3121 1048 3151 Bacones
1069 3123 1155 3159 quam
1172 3123 1245 3154 Vina

197 3162 230 3191 &
244 3159 339 3190 Grana
352 3170 557 3199 quaecumque,
575 3171 650 3192 extra
663 3162 773 3192 dictum
785 3160 930 3190 Ducatum
946 3159 1073 3190 nostrum
1090 3161 1184 3192 secum
1193 3171 1246 3192 tra—

198 3199 269 3229 hunt
282 3200 315 3230 &3
329 3199 471 3228 abducunt
481 3221 491 3236 ,
506 3209 588 3237 quae,
605 3200 625 3229 si
637 3200 754 3237 amplius
771 3199 827 3228 fieri
844 3199 1087 3238 permitterentur,
1104 3200 1134 3228 in
1159 3199 1247 3230 nostri

199 3246 285 3275 grave
301 3236 470 3276 Dampnum
486 3238 519 3267 &
532 3236 730 3274 Praejudicium
748 3237 879 3268 cederent
895 3236 1058 3274 manifeste,

238 3274 363 3312 Nos,de
379 3274 523 3305 Remedio
534 3298 542 3313 ,
561 3284 620 3312 quo
636 3276 782 3314 congruit,
796 3276 825 3304 in
839 3275 891 3305 hac
906 3274 1141 3313 parte,Ordinare
1149 3276 1248 3306 volen-

198 3321 239 3344 tes
254 3314 286 3343 &
309 3313 474 3350 providere,
496 3323 527 3343 ut
546 3322 694 3352 tenemur,
712 3313 794 3344 vobis
814 3312 1002 3349 Mandarnus,
1021 3313 1135 3343 firmiter
1158 3315 1248 3352 injun-

198 3360 310 3391 gentes,
329 3351 406 3390 quod
429 3350 539 3388 statim,
562 3351 624 3381 visis
646 3351 824 3389 praesentibus
838 3373 848 3388 ,
870 3351 900 3379 in
923 3351 1008 3381 Locis
1029 3352 1098 3381 infra
1117 3351 1249 3383 Ballivarn

199 3389 337 3428 vestram,
357 3390 403 3420 ubi
420 3390 515 3420 melius
533 3389 663 3426 expedire
677 3389 814 3426 videritis,
831 3389 944 3425 publice
960 3390 1124 3426 proclamari
1132 3390 1250 3430 faciatis,

202 3430 240 3459 ne
260 3429 321 3465 quis
341 3425 526 3458 Subditorum
551 3436 598 3458 aut
616 3427 773 3464 Ligeorum
788 3426 950 3456 nostrorum
971 3427 1180 3465 (cujuscumque
1199 3430 1251 3459 sta-

201 3467 247 3499 tiis
259 3467 353 3503 fuerit)
373 3467 460 3504 aliqua
475 3465 628 3502 victualia,
646 3466 858 3504 qualiacumque
871 3464 990 3503 fuerint,
1006 3465 1101 3503 alicui,
1119 3467 1154 3496 de
1170 3467 1251 3498 Obe-

201 3507 304 3537 dientia
316 3505 410 3534 nostra
423 3515 481 3534 non
498 3504 642 3542 existenti,
659 3504 710 3534 sub
725 3503 908 3534 Forisfaetura
928 3505 1062 3533 omnium
1084 3514 1149 3541 quae
1168 3506 1252 3536 nobis

201 3544 361 3574 forisfacere
375 3544 494 3581 poterit,
512 3542 639 3580 Vendat,
654 3552 708 3573 nec
725 3551 756 3572 ea
772 3541 820 3571 sibi
833 3542 862 3571 in
878 3540 1042 3578 Escambio,
1061 3543 1105 3572 seu
1113 3542 1168 3572 alio
1178 3554 1252 3582 quo-

201 3583 244 3614 vis
256 3581 373 3619 quaesito
387 3582 503 3618 colore,
519 3580 626 3611 Tradat
640 3583 685 3610 seu
699 3579 845 3610 Deliberet
863 3580 963 3616 quovis
979 3580 1077 3610 modo.

240 3619 330 3651 Teste
342 3619 421 3659 Rege
432 3620 505 3659 apud
522 3619 628 3649 Villam
632 3618 713 3659 sicam
727 3618 758 3647 de
777 3620 896 3647 Maunte
912 3617 1030 3648 decimo
1045 3619 1090 3648 die
1101 3617 1189 3657 Junii.

206 3696 370 3727 Consimilia
384 3695 483 3728 Brevia
495 3694 647 3736 diriguntur
662 3695 815 3732 subscriptis
826 3692 891 3732 ,sub
904 3693 1002 3723 eadem
1013 3693 1087 3724 Data
1096 3717 1106 3733 ,
1115 3694 1255 3735 videlicet,

207 3770 319 3800 Ballivo
332 3770 365 3800 de
381 3774 493 3803 Maunt.

208 3806 319 3838 Balliva
336 3808 485 3839 d'Eureux.

211 3844 324 3875 Ballivo
336 3847 367 3874 de
379 3850 467 3877 Caux.

213 3882 325 3913 Ballivo
338 3883 370 3912 de
382 3886 417 3912 Gi
430 3894 479 3914 ort.

752 3769 863 3799 Ballivo
880 3768 912 3798 a'e
928 3772 1027 3799 Rauen.

752 3807 866 3838 Ballivo
881 3807 913 3836 a'e
931 3811 1003 3836 Caen

752 3845 866 3876 Ballivo
881 3844 1041 3876 atalenum.

263 4078 333 4105 Tim).
348 4077 395 4106 IV.
414 4077 448 4106 P.
467 4078 524 4106 ΙΙΙΒ

2224 207 2297 234 121

2310 307 2384 336 Ann.
2400 305 2446 338 D,

2331 354 2421 384 ¹419>

1309 352 1365 381 Pro
1390 351 1519 396 Capituli
1539 351 1576 384 de
1602 355 1687 400 Rogio
1704 381 1713 396 ,
1750 359 1780 386 in
1803 359 1944 390 Comitem
1975 357 2012 391 de
2033 361 2224 407 Lwigueville
2309 389 2371 411 Heu.
2390 394 2421 419 5·

1702 404 1844 447 praefht'lO.

1256 480 1372 534 REX
1393 483 1522 514 universis
1547 484 1580 514 δε
1602 483 1712 521 fingulis
1736 486 1981 528 Archiepiscopis,
2000 491 2145 530 Episcopis
2182 493 2298 525 Abbati·
2317 489 2368 512 An.
2382 494 2411 520 7»

1269 554 1283 559 ..
1332 520 1400 565 bus,
1419 521 1576 565 Prioribus,
1596 521 1746 559 Ducibus,
1773 524 1951 564 Cominius,
1978 529 2130 560 Batonibus
2151 517 2298 569 'Justicm-
2317 528 2347 550 H.
2370 533 2398 558 5¹*

1253 564 1315 599 ms,
1333 557 1456 601 Balliws,
1477 560 1719 598 vicecomitibus,
1736 562 1907 601 Praepolitis,
1925 567 1957 596 ὃς
1971 569 2103 598 omnibus
2120 555 2296 603 Nliniltris&
2313 562 2377 590 thid.

1255 592 1394 626 Fidelibus
1407 597 1475 640 suis,
1496 599 1627 628 Salutem.
2316 610 2349 627 m.
2372 603 2418 637 352

1293 634 1442 679 *uRegaIis
1465 636 1614 674 Dignitatis
1634 636 1742 667 Solium
1764 638 1797 668 &
1816 638 1967 678 Fastigium
1988 643 2091 674 nedum
2114 645 2243 676 insienire
2263 648 2300 678 set
2342 638 2360 656 ἧς
2382 638 2437 667 lx.

1256 680 1350 708 potius
1362 682 1460 711 augere
1475 675 1658 711 confidimus,
1675 675 1744 705 dum
1758 677 1827 706 inter
1846 677 1975 708 Personas
1999 680 2138 720 Nobiles,
2157 676 2285 716 disci-etas
2322 678 2387 712 7⁶⁶·

1327 719 1435 740 otentes
1450 711 1606 742 Honorum
1623 712 1756 742 Culmina
1771 713 1966 751 dispensamus:
2293 708 2302 724 ³

1279 719 1446 794 ‘Credimus
1463 760 1584 788 namque
1601 750 1725 780 nostram
1742 750 1867 788 Regiam
1884 753 2123 791 Magnificentiam
2138 767 2215 789 tanto
2233 761 2303 791 luci-

1257 784 1319 816 dius
1338 796 1433 830 prnai‘i
1453 787 1485 817 &
1511 789 1620 825 sulciri,
1640 798 1744 826 quanto
1767 788 1842 820 Viris
1863 792 1987 822 virtuosis
2005 795 2038 824 ὃς
2061 795 2190 832 strenuis,
2207 809 2240 828 ac
2255 799 2305 828 sal-

1258 833 1317 854 tem
1337 834 1364 853 in
1381 833 1485 861 partem
1511 826 1689 856 solicitudinis
1714 827 1815 866 Regite
1841 827 1969 860 Consilio
1994 834 2220 869 praepollentibus
2239 859 2249 872 ,
2273 837 2308 866 ad

1259 861 1416 893 Honorum
1435 862 1546 895 Gradus
1563 866 1683 895 evocatis
1694 889 1703 902 ,
1721 866 1754 895 ad
1773 866 1958 898 direeiionem
1979 868 2049 900 Boni
2070 872 2177 909 publici
2195 874 2312 904 robora-

1260 909 1320 931 tur:

1298 938 1373 980 Haec
1393 938 1506 976 quidem
1528 941 1555 970 in
1582 939 1628 970 Re
1648 939 1693 970 alis
1716 940 1886 972 discuffionis
1906 942 2041 976 Examine
2062 947 2257 986 revolventes,
2276 948 2311 980 ad

1262 976 1413 1007 Personam
1435 977 1554 1009 Nobilis
1575 979 1607 1008 ὃς
1655 981 1814 1016 rtepotentis
1839 980 1918 1020 Viri,
1935 982 2029 1013 dilecti
2046 985 2078 1014 &
2099 985 2184 1016 fidelis
2206 987 2312 1025 nostri,

1262 1014 1450 1058 Guqstenisde
1464 1016 1560 1056 Foistc,
1577 1016 1707 1054 Capitalis
1721 1018 1756 1048 de
1772 1019 1795 1048 la
1809 1018 1909 1058 Bugh,
1926 1022 2056 1052 intuitum
2072 1023 2176 1054 nostrae
2186 1026 2314 1056 conlide-

1262 1063 1376 1082 rationis
1387 1053 1537 1084 direximus
1547 1078 1556 1093 ,

1302 1091 1401 1127 Quem
1417 1093 1484 1135 ³.⁰b
1507 1092 1705 1135 Reverentiarn
1728 1095 1761 1125 ἅτ
1785 1094 1937 1126 Honorem
1959 1097 2081 1129 instantis
2102 1099 2314 1138 Solempiiitatis

1263 1127 1364 1158 sanitae
1379 1131 1411 1160 &
1429 1130 1790 1169 indiViduae'I'rinitatiS,ac
1799 1143 1912 1171 propter
1921 1135 2065 1166 Virtutum
2081 1137 2314 1178 Praecellentiarn,

1266 1168 1299 1197 &
1319 1167 1474 1210 Armorum
1492 1168 1705 1207 Strenuitatem,
1723 1172 1827 1213 aliaque
1846 1173 1949 1203 diversa
1972 1175 2115 1211 probitatis
2137 1176 2260 1215 Merita,
2279 1178 2314 1208 ad

1266 1205 1394 1234 Honoris
1410 1205 1534 1235 Culinen
1553 1207 1707 1243 producere
1722 1209 1837 1246 dignum
1852 1210 1996 1249 ducimus,

1270 1281 1275 1286 .
1304 1242 1340 1272 Et
1360 1242 1455 1273 eidem
1476 1243 1603 1282 Guastoiii
1623 1244 1744 1275 Nomen
1769 1247 1802 1276 &
1822 1247 1977 1279 Honorem
1995 1254 2103 1281 Comitis
2121 1251 2265 1291 dedimus,
2280 1263 2315 1284 ac

1268 1280 1356 1317 ipsum
1378 1284 1406 1309 in
1431 1285 1557 1310 Comitem
1573 1283 1604 1311 de
1620 1283 1797 1319 Longaeville
1816 1287 2001 1325 praeficimus,
2020 1299 2136 1320 necnon
2155 1291 2191 1321 de
2214 1291 2317 1322 eisdem

1269 1318 1402 1385 Nat-nine
1416 1320 1448 1350 ὅ(
1464 1320 1585 1350 Honore
1599 1330 1647 1358 per
1661 1323 1815 1351 cineluram
1829 1324 1924 1354 Gladii
1936 1327 2057 1357 eundem
2077 1328 2257 1360 Guastonem
2270 1331 2316 1360 in-

1269 1367 1303 1387 ve
1330 1367 1410 1387 itnus.

1292 1394 1363 1438 'Et,
1379 1396 1458 1433 quia,
1476 1396 1617 1426 crescente
1641 1396 1734 1427 Status
1759 1397 1948 1438 Celsitudine,
1966 1403 2167 1441 consequenter
2189 1405 2319 1438 crescunt

1269 1432 1374 1463 diversa
1390 1433 1524 1470 Sumptus
1541 1435 1573 1465 ὃς
1592 1434 1706 1473 Onera,
1726 1446 1778 1472 pro
1790 1436 1868 1467 Statu
1884 1438 1932 1469 suo
1947 1438 2068 1471 Comitis
2081 1443 2108 1471 in
2125 1443 2175 1473 hac
2191 1444 2318 1480 partede-

1272 1469 1381 1501 centius
1396 1472 1572 1516 sustinendo,
1590 1481 1684 1504 totum
1702 1473 1879 1504 Comitatum
1900 1476 1935 1506 de
1961 1477 2162 1517 Longueviile,
2182 1483 2209 1510 in
2232 1491 2321 1520 quan-

1271 1517 1332 1539 tum
1358 1510 1384 1539 se
1406 1511 1528 1540 extendit
1552 1521 1619 1541 curn
1641 1513 1776 1542 omnibus
1797 1514 1969 1550 pertinentiis
1993 1516 2025 1546 &
2049 1518 2237 1554 dependentiis
2252 1520 2320 1557 suiS,

1273 1548 1365 1578 eidem
1380 1549 1526 1588 Guastoni,
1543 1549 1660 1579 Tenore
1672 1551 1853 1582 Ptaesentium
1864 1574 1873 1588 ‚
1892 1552 2001 1583 Damus
2016 1554 2048 1584 ὃ(
2062 1554 2270 1594 Concedimus,

1310 1585 1369 1616 HA
1381 1595 1426 1616 ΒΕ
1438 1595 1460 1616 Ν
1472 1595 1493 1616 D
1503 1597 1521 1616 A
1545 1588 1578 1618 &
1602 1586 1632 1617 T
1643 1598 1660 1617 E
1674 1598 1696 1618 N
1708 1598 1725 1618 Ε
1735 1598 1756 1618 N
1767 1598 1787 1617 D
1797 1600 1815 1619 Α
1837 1590 1886 1619 sibi
1905 1592 1937 1621 &
1956 1590 2122 1624 Haeredibus
2138 1595 2189 1624 suis
2209 1595 2322 1626 Mascu-

1274 1624 1305 1654 lis
1317 1647 1330 1668 ι,
1358 1625 1393 1655 de
1411 1623 1544 1663 Corpore
1562 1625 1612 1669 suo
1629 1627 1791 1657 exeuntibus
1809 1650 1818 1665 ,
1844 1628 1880 1658 de
1905 1628 2002 1659 Nobis
2026 1631 2059 1661 &
2086 1632 2252 1662 Haeredibus
2270 1643 2325 1663 no-

1276 1662 1352 1707 st.¹‘¹s’
1376 1672 1427 1699 per
1443 1662 1639 1702 Homagium,
1661 1665 1738 1702 quod
1764 1665 1839 1695 idem
1860 1667 1959 1706 Guasto
1976 1669 2150 1704 personaliter
2166 1671 2264 1701 Nobis
2284 1672 2325 1701 fe-

1276 1709 1314 1731 cit
1330 1723 1339 1738 ‚
1358 1701 1390 1731 &
1408 1699 1568 1732 Reddendo
1584 1702 1683 1733 Nobis
1700 1704 1733 1733 &
1752 1703 1855 1734 eisdem
1874 1705 2042 1737 Haeredibus
2057 1707 2158 1738 nostris
2177 1719 2266 1740 unum
2285 1709 2326 1740 E-

1277 1748 1366 1777 quum
1386 1738 1497 1776 singulis
1515 1740 1605 1770 Annis
1625 1743 1847 1779 imperpetuum,

1314 1775 1355 1807 Ita
1370 1777 1478 1814 semper
1493 1778 1571 1816 quod
1588 1779 1664 1809 idem
1682 1780 1780 1819 Guasto
1794 1804 1803 1816 ,
1829 1782 1863 1811 &
1881 1781 1950 1812 dieti
1969 1782 2100 1815 Haeredes
2118 1784 2155 1815 sui
2171 1808 2181 1823 ,
2204 1785 2238 1815 ad
2256 1795 2327 1825 por-

1276 1815 1392 1845 tandum
1410 1815 1537 1846 Trenam
1559 1816 1681 1848 nostram
1697 1842 1706 1854 ,
1732 1820 1764 1849 &
1789 1818 1945 1849 Haeredum
1970 1821 2147 1861 nostrorum,
2164 1826 2327 1861 annuatim,

1276 1854 1323 1883 die
1338 1853 1527 1885 Solemnitatis
1539 1855 1652 1886 Sanctae
1668 1857 1832 1893 Trinitatis,
1853 1857 1870 1886 fi
1887 1859 2030 1894 praesentes
2043 1862 2070 1890 in
2091 1861 2206 1893 Ducatu
2223 1862 2324 1893 nostro

1278 1892 1452 1930 personaliter
1468 1893 1690 1934 interfuerimus,
1709 1896 1835 1934 prompti
1851 1896 1903 1926 sint
1917 1897 1949 1927 ὃ(
1964 1900 2056 1935 parati.

1689 1969 1754 2001 Hiis
1771 1971 1919 2010 Testibus,

1318 2046 1525 2078 Praecarisfimis
1544 2046 1682 2078 Fratribus
1700 2047 1815 2086 nostris,

1318 2085 1420 2115 Thomd
1440 2085 1604 2122 Clarentiae,

1319 2123 1356 2154 Et
1375 2123 1522 2162 Humfrido
1539 2123 1719 2162 Gloucestriae,

1318 2161 1544 2229 ssc'ff‘iffimo
1561 2162 1715 2193 Avunculo
1735 2160 1852 2201 nostro,
1870 2162 1969 2192 Thomd
1986 2165 2117 2203 Exom'ae,

1353 2210 1397 2230 uci
1421 2210 1470 2230 us:

1319 2238 1460 2268 Edmundo
1475 2237 1624 2274 Marchiae,

1316 2275 1447 2315 Johanne
1464 2277 1674 2313 Huntingdoniae
1681 2299 1692 2315 ,

1320 2314 1434 2343 Ricardo
1454 2316 1614 2343 Warrwicae
1626 2337 1634 2351 ,

1319 2352 1450 2390 Johanne
1468 2355 1569 2381 Comite
1586 2352 1769 2392 lilarefiallo‚

1319 2391 1357 2421 Et
1376 2393 1416 2420 W
1417 2389 1524 2419 illielmo
1542 2390 1670 2428 Suffblciae
1678 2413 1688 2428 ‚

1323 2429 1544 2466 Consanguineis
1562 2429 1663 2459 nostris
1681 2428 1840 2469 cariffimis,

1323 2466 1501 2497 Comitibus:

1321 2505 1451 2544 Johanne
1465 2504 1496 2533 de
1513 2506 1596 2540 Roas,

1326 2543 1452 2580 ‘Johanne
1468 2544 1500 2572 de
1517 2541 1644 2581 Clfflrd,

1322 2581 1453 2620 Johanne
1471 2581 1502 2610 de
1519 2580 1687 2618 Beaushamp
1705 2580 1740 2611 de
1756 2579 1953 2623 Bergevenny,

1325 2620 1438 2650 Roberto
1454 2619 1485 2648 de
1506 2618 1649 2658 Wylughby
1659 2641 1668 2656 ,

1325 2660 1439 2688 Henrico
1457 2661 1523 2687 Fitz
1538 2657 1619 2694 Hugh
1638 2657 1799 2687 Camerario
1814 2657 1927 2695 nostre,

1326 2696 1446 2727 Waltero
1458 2696 1634 2733 Hiaengerford
1646 2696 1801 2726 Senescallo
1820 2696 1941 2734 Hospitii
1954 2696 2056 2735 nostri,
2077 2697 2232 2737 Militibus,

1325 2735 1455 2773 Magssro
1472 2733 1589 2771 Philippo
1608 2737 1726 2771 Morgan
1745 2733 1919 2765 Cancellario
1936 2736 2034 2766 nostro
2052 2735 2251 2768 Normannix.

1325 2773 1456 2812 Magistro
1474 2772 1606 2810 Johanne
1623 2775 1721 2810 Kempe
1738 2772 1865 2803 Custode
1878 2773 1980 2803 Privati
1995 2774 2083 2813 Sigilli
2099 2775 2204 2814 nostri,

1325 2811 1473 2880 {Villielmo
1492 2810 1634 2849 Alyngton
1651 2810 1835 2841 Thesaurario
1852 2811 1951 2841 nostro
1970 2812 2182 2851 Normanniae3

1352 2859 1362 2879 t
1382 2860 1396 2879 a
1408 2860 1445 2880 iis.

1325 2887 1393 2918 Dat.
1420 2898 1468 2925 per
1494 2886 1615 2917 Manum
1641 2885 1767 2917 nostram
1789 2887 1862 2926 apud
1886 2886 1992 2917 Villam
2023 2887 2140 2926 nostram
2164 2889 2195 2918 de
2220 2892 2336 2920 Maunte

1288 2926 1442 2956 undecimo
1460 2926 1505 2956 die
1518 2926 1604 2964 Junii.

1963 2965 2016 2993 Per
2034 2961 2113 3002 ipsimi
2131 2967 2234 3002 Regem.

1289 3107 1382 3150 Super
1401 3101 1487 3146 Gesta
1499 3106 1535 3141 οἷ’·
1553 3101 1739 3146 Submiffione
1756 3102 1910 3148 Johannis
1931 3115 2022 3150 nuper
2049 3108 2132 3150 Papa
2155 3104 2337 3149 Notificatio.

1291 3198 1487 3259 MArtinus
1504 3196 1658 3236 Epfiopus,
1675 3197 1777 3227 Servus
1792 3197 1946 3228 Servorum
1963 3197 2037 3236 Dei,
2055 3197 2194 3227 carissimo
2211 3198 2241 3228 in
2250 3197 2337 3227 Chri-
2357 3197 2431 3227 Ann.
2443 3196 2483 3226 D.

1386 3236 1429 3266 sto
1446 3236 1534 3272 Filio,
1553 3239 1684 3273 Henrico,
1701 3239 1765 3273 Regi
1778 3235 1906 3274 Angliae,
1924 3235 2041 3273 Illustri,
2061 3235 2184 3266 Salutem
2200 3236 2232 3266 &
2256 3236 2338 3274 Apo·
2375 3244 2460 3275 1419.

1291 3274 1420 3305 stolicam
1438 3273 1676 3304 Benedit‘lionem.
2354 3278 2404 3302 An.
2426 3284 2452 3308 7.

1326 3313 1433 3343 Divina
1446 3312 1641 3349 Providentia,
1660 3312 1792 3341 humanas
1808 3312 1940 3343 Aetiones
1953 3313 1980 3341 in
1998 3311 2109 3347 melius,
2127 3321 2159 3342 ac
2175 3312 2203 3341 in
2226 3311 2336 3343 Verita-
2354 3317 2388 3339 H.
2408 3321 2435 3346 5.

1291 3352 1324 3381 tis
1347 3352 1379 3382 &
1395 3350 1514 3388 Justitiae
1534 3350 1603 3386 lter,
1623 3349 1758 3380 ineffabili
1777 3349 1822 3380 sua
1839 3351 1980 3388 bonitate,
2000 3350 2159 3388 disponens,
2178 3358 2254 3380 tanto
2279 3360 2337 3380 ma·
2354 3355 2393 3376 Ex
2401 3348 2465 3376 Bibl-

1291 3390 1355 3427 ioris
1373 3388 1540 3419 Dilec‘tionis
1555 3389 1654 3418 ardore
1666 3387 1720 3418 sure
1736 3387 1904 3418 Clementiae
1919 3388 2029 3418 Oculos
2042 3389 2072 3418 in
2089 3388 2243 3418 Ecclesiam
2260 3387 2335 3418 suam
2351 3391 2408 3415 Cot.
2424 3389 2470 3413 Ti-

1290 3429 1383 3466 dirigit
1394 3449 1403 3465 ,
1421 3436 1546 3464 quanto,
1564 3428 1635 3463 iuxta
1651 3425 1788 3456 successus
1802 3426 1914 3456 Rerum
1928 3426 2167 3463 &Temporum,
2188 3428 2273 3465 magis
2281 3427 2334 3456 suae
2352 3426 2433 3453 berius
2455 3427 2486 3450 13,

1291 3466 1469 3496 aedificationi
1486 3465 1583 3495 viderit
1601 3465 1748 3501 expedire,
1768 3465 1844 3501 quod
1858 3466 1891 3495 &
1907 3474 2001 3494 vetera
2022 3463 2159 3501 Exempla
2180 3464 2246 3494 Nos
2265 3464 2334 3494 edo·
2355 3465 2380 3491 6.
2392 3463 2442 3499 sol.

1292 3513 1373 3540 cent,
1391 3506 1424 3535 &
1442 3503 1550 3533 Diebus
1568 3502 1684 3539 nostris,
1703 3503 1731 3532 in
1747 3502 1822 3533 facto
1838 3502 1964 3533 Unionis
1986 3501 2136 3539 Ecclesiae,
2152 3501 2234 3539 poffit
2251 3503 2338 3531 mani·
2354 3503 2399 3537 63.
2419 3505 2448 3527 13-

1293 3542 1388 3573 festius
1405 3552 1420 3571 a
1460 3551 1543 3571 arere.

1330 3551 1530 3618 Nupeppenim
1548 3600 1558 3615 ‚
1583 3579 1650 3608 cum
1670 3575 1816 3615 Baldafflir
1834 3576 1910 3617 Coffiz
1924 3601 1933 3617 ‚
1959 3579 2032 3609 olim
2054 3577 2198 3617 Johannes
2224 3576 2340 3607 XXIII.

1294 3620 1322 3648 in
1338 3619 1382 3648 sua
1397 3627 1464 3648 tunc
1477 3616 1646 3646 Obedicntia
1661 3624 1835 3652 nuncupatus
1860 3620 1957 3654 (quem
1981 3616 2108 3654 affignari
2129 3616 2225 3645 Nobis
2240 3615 2342 3646 debere

1295 3656 1460 3686 Concilium
1477 3653 1651 3684 Constantiae
1667 3654 1803 3690 decrevit)
1824 3663 1873 3691 per
1888 3655 2040 3693 quosdam,
2058 3655 2073 3684 a
2099 3653 2195 3683 Nobis
2215 3652 2343 3690 Deputa-

1294 3705 1355 3732 tos,
1381 3694 1414 3724 ad
1438 3692 1506 3723 Nos
1526 3692 1721 3723 humanissime
1742 3691 1906 3732 duceretur,
1929 3693 2066 3730 applicans
2083 3692 2116 3721 ad
2138 3690 2271 3721 Castrum
2292 3691 2345 3722 Fe-

1295 3733 1344 3763 lini
1370 3731 1521 3762 Parmensis
1547 3731 1688 3762 Dioecesis
1702 3754 1712 3768 ,
1738 3730 1860 3760 Timore
1883 3740 2026 3768 concepto
2051 3729 2085 3760 ad
2108 3727 2240 3758 Carceres
2257 3729 2347 3760 duce-

1297 3781 1371 3801 retur
1397 3769 1495 3807 (quod
1518 3778 1613 3800 tamen
1637 3770 1753 3800 veritate
1779 3769 1908 3805 carebat)
1935 3768 2044 3798 Noc'tis
2069 3776 2197 3804 tempore
2215 3767 2348 3805 faviens,

1297 3809 1408 3877 siverffit
1426 3807 1460 3837 ad
1478 3807 1628 3839 Sarzavam
1642 3827 1658 3846 ,-
1679 3806 1810 3846 Opidurn
1824 3828 1835 3844 ,
1859 3805 2036 3837 Amiciffimo
2054 3805 2103 3835 sibi
2116 3828 2125 3842 ,
2151 3807 2221 3834 Daci

1311 3848 1373 3877 ub'e
1404 3855 1470 3875 uin·

1338 3856 1356 3903 *J*
1377 3884 1442 3914 Ubi
1460 3868 1591 3923 ’benigne
1611 3883 1763 3923 susceptus,
1783 3883 1816 3913 &
1840 3881 1875 3910 de
1896 3882 2010 3911 veritate
2032 3879 2214 3916 certificatus,
2231 3883 2349 3919 receptis

1299 3924 1383 3953 etiarn
1398 3923 1413 3952 a
1428 3921 1526 3951 Nobis
1539 3924 1571 3953 &
1586 3923 1602 3951 a
1613 3922 1826 3952 Communitate
1841 3918 2067 3948 Florentinorum
2084 3918 2160 3948 salvis
2185 3917 2349 3950 00ῃάυᾶὶί-

1300 3962 1367 3997 bus,
1386 3960 1526 3997 sponte&
1540 3960 1596 3990 fine
1614 3959 1692 3990 mora
1710 3958 1766 3988 Iter
1789 3957 1913 3994 arripuit,
1936 3956 1973 3986 ὅτ,
1986 3955 2092 3993 hodie,
2113 3956 2282 3988 Florentiam
2306 3959 2352 3988 in-

1299 4007 1390 4034 trans,
1407 3999 1534 4036 priusque
1555 3999 1610 4028 alio
1627 3998 1794 4032 diverteret,
1812 3995 1845 4025 ad
1868 3993 1953 4038 Nos,
1972 3995 1999 4023 in
2016 3995 2136 4033 generali
2153 3993 2350 4033 Confistorio,

1302 4036 1450 4067 astantibus
1465 4036 1674 4067 Venerabilibus
1689 4034 1829 4064 Fratribus
1841 4031 1940 4063 nostris
1953 4031 2068 4064 Sanciae
2084 4031 2228 4065 Romanae
2247 4034 2350 4065 Eccle-

1770 4071 1816 4109 Q

2271 3816 2349 3835 ΛΝΒ

2385 3889 2399 3903 *
2412 3887 2465 3914 ix.

2368 3927 2432 3961 767,

2303 4071 2350 4101 siae
