2562 4274
72 135 198 169 AnnD.

97 186 182 217 1420.

69 220 131 244 Han.
145 225 172 251 5.

66 486 83 504 *³
108 487 160 514 tx.

64 526 130 561 841.

78 3477 97 3496 *
107 3478 159 3506 ix.

79 3515 143 3552 842.

223 63 301 103 150

218 145 277 164 rum
292 137 370 171 Regis
384 132 498 170 Filiam,
517 132 652 162 Sororem
668 130 812 160 Michaelae
831 133 951 160 Franciae
971 128 1152 160 Conthoralis
1173 127 1278 158 nostrae

216 172 440 211 praecaritlimae,
459 181 571 200 necnon
593 179 641 207 per
667 169 797 198 Medium
820 168 1016 206 Matrimonii,
1034 169 1104 197 inter
1130 176 1219 196 unum
1240 174 1275 196 ex

216 211 423 242 I-'raecarisfimis
448 210 588 240 Fratribus
608 207 677 237 dieti
697 210 774 243 Regis
792 206 905 244 Angliae
929 205 1140 237 Consaneuinei
1164 204 1275 242 nostri,

216 249 373 317 &gt-,Uriam
384 256 433 314 dex
457 247 556 277 nostris
576 245 780 275 Praecariffimis
805 245 970 282 Sororibus,
990 244 1009 274 si
1032 243 1111 273 Deus
1127 244 1273 280 annuerit,

268 296 311 317 nti
348 296 381 316 en
404 296 412 314 l

251 325 336 361 Nos,
354 308 445 353 eldei’ri
461 325 526 359 Regi
542 320 655 358 Angliae
671 331 706 351 eo
723 321 786 351 casu
803 321 897 351 Frater
919 320 1035 357 effecti,
1053 319 1166 357 aliisque
1190 319 1272 348 variis

213 362 250 392 de
268 364 352 392 caulis
367 362 592 397 rationabiiibus,
609 361 642 390 &
654 360 745 398 justis,
764 359 833 389 Nos
845 360 877 389 ad
900 359 927 389 id
951 358 1149 393 moventibus,
1169 356 1273 387 deside-

213 402 258 469 giis
272 400 391 466 ejusdlem
408 401 485 442 Regis
501 398 614 436 Angliae
627 397 834 438 Conlanguinei
847 396 936 428 nostri
950 395 1080 427 benivola
1101 396 1272 432 promptitu-

234 449 279 468 ine
294 448 338 467 inc
352 446 434 474 inati,

250 479 268 492 ⁸
294 475 584 506 Conconnivrims
609 486 646 505 ac
672 475 927 509 Convenimus,
954 471 1211 502 CONCORDAMUS
1234 480 1269 502 ac

211 514 458 551 ΟοΝνΕΝῐΜυς,
477 523 510 543 ac
532 514 635 543 eodem
660 517 729 552 Rege
753 512 865 551 Angliae
889 511 1107 549 Consanguineo
1123 509 1220 539 nostro
1239 510 1269 539 in

211 563 278 584 eum
295 554 343 591 qui
360 553 480 590 sequitur
493 549 639 590 Modum,

250 629 287 659 In
309 637 442 668 plumis,
458 629 536 667 quod
551 628 620 658 Nos
637 628 747 659 dic'tum
764 630 857 666 Regem
880 625 994 664 Angliae
1017 623 1266 662 Consanguineum

210 669 358 706 nostrum,
377 668 453 698 velut
470 666 697 706 praecariffimum
712 666 838 696 Fratrem
863 664 1008 701 nostrum,
1026 662 1192 700 Diligemus
1214 661 1268 691 fin-

212 708 313 737 ceriter
326 707 358 737 &
371 706 541 743 affeffliose,
560 706 652 742 quoad
669 706 837 735 vixerimus:
1213 740 1218 744 Ι

209 745 290 813 ι’.ΑΕ
308 745 375 783 sibi,
393 754 424 776 ut
439 742 637 783 praecariffimo
653 744 740 774 Fratri
759 742 878 780 nostro,
897 742 1066 773 Favebimus
1091 741 1124 771 &
1151 739 1267 770 Amica-

231 793 323 814 imur:

244 822 290 852 Ac
303 821 410 859 ipsum,
427 822 461 852 ὃς
477 820 617 856 Regnum
628 843 637 858 ,
654 819 774 857 Tei-ras,
793 819 915 856 Patrias,
931 817 964 848 &
979 816 1118 847 Dominia
1131 815 1195 859 sua,
1212 825 1265 859 pro

208 859 294 891 Poffe
317 859 432 897 nostro,
450 859 706 896 Conservabimus,
724 858 902 894 Tuebimur,
917 856 951 887 &
972 854 1221 885 Manutenebimiis
1234 864 1263 884 in

206 898 259 967 {uis
282 899 314 929 Sc
338 907 435 928 eorum
454 897 587 936 juribus,
616 897 832 935 Pi-aerogativis,
852 895 885 925 δε
910 893 1130 923 Praeeminentiis
1152 893 1266 922 univer—

218 947 253 967 is:

244 974 342 1012 anue
370 974 587 1004 procurabimus
610 982 674 1011 quae
697 972 790 1003 eidem
815 973 880 1008 Regi
903 969 1014 1008 Angliae
1039 967 1264 1004 consanguineo

207 1014 306 1044 nostro
325 1013 381 1043 effe
395 1012 503 1043 valcant
520 1014 552 1042 &
570 1012 670 1041 cedere
684 1011 718 1040 ad
735 1008 937 1040 Commodum
956 1010 988 1040 &
1002 1007 1171 1043 Honorem,

243 1051 383 1081 Fidelitate
403 1060 513 1087 tamen,
539 1060 592 1087 qua
618 1058 749 1079 tenemur
766 1047 800 1078 ad
821 1048 970 1085 praefatum
997 1044 1263 1089 Metuendiffimum

204 1089 369 1120 Dominum
391 1090 424 1118 &
450 1088 559 1118 Patrem
583 1088 714 1117 nostrum
735 1086 866 1117 Kar-olum
894 1089 1014 1116 Franciae
1040 1087 1136 1122 Regem
1157 1084 1265 1114 antedi-

203 1129 286 1158 &um
312 1127 473 1158 Dominum
497 1126 627 1156 nostrum
648 1126 836 1163 Supremum,
864 1124 998 1163 quamdiu
1017 1125 1133 1161 vixerit,
1156 1122 1265 1160 semper

205 1167 286 1197 salva,

241 1204 372 1242 ΙΤΕΜ,
391 1203 467 1242 quod
489 1203 563 1233 idem
588 1206 648 1233 Rex
669 1202 782 1240 Angliae
805 1201 1040 1238 Consanguineus
1063 1199 1157 1230 noster
1184 1198 1264 1228 fimiii

206 1243 297 1274 modo
312 1243 395 1280 Nos,
414 1243 492 1272 velut
509 1241 738 1279 praecariffimum
761 1241 887 1271 Fratrem
908 1240 1004 1279 suum,
1022 1238 1130 1278 Diliget
1153 1238 1265 1268 sinceri-

206 1290 248 1313 ter
268 1283 300 1312 δε
315 1281 469 1312 affectuose
487 1280 579 1318 quoad
593 1281 709 1311 vixerit:
1243 1315 1248 1319 Ι

241 1321 284 1350 Ac
308 1319 407 1350 Nobis
423 1342 433 1358 ,
460 1328 490 1349 ut
513 1318 715 1357 praecariffimo
739 1318 826 1348 Fratri
847 1317 919 1355 suo,
946 1316 1052 1346 favebit
1074 1316 1108 1347 &
1129 1314 1265 1345 amicabi-

203 1367 263 1390 tur:

240 1397 277 1428 Et
302 1396 390 1435 Nos,
407 1406 440 1426 ac
462 1395 581 1431 Terras,
597 1394 716 1433 Patrias,
742 1395 775 1425 &
802 1394 942 1424 Dominia
967 1392 1082 1429 nostra,
1108 1402 1160 1430 pro
1185 1392 1264 1428 posse

203 1436 268 1474 suo,
294 1436 486 1472 conservabit,
513 1435 654 1471 tuebitur,
680 1436 713 1464 ὃς
737 1433 927 1462 manutenebit
950 1432 980 1461 in
1006 1430 1106 1462 nostris
1128 1430 1264 1469 Juribus,

204 1474 420 1510 prerogativis,
436 1475 469 1505 δε
486 1473 707 1503 Proeeminentiis
721 1470 886 1507 Universis3

242 1513 336 1549 anue
361 1512 527 1542 procurabit
554 1521 616 1549 quae
640 1510 738 1541 Nobis
757 1509 814 1540 effe
835 1509 990 1540 valeant&
1006 1508 1107 1540 cedere
1121 1507 1154 1539 ad
1169 1506 1264 1538 Corn-

206 1552 327 1582 modum
344 1552 376 1579 δέ
391 1550 562 1588 Honorem,

242 1590 318 1619 Statu
335 1588 461 1618 Coronae
477 1589 498 1618 F
501 1590 602 1619 ranciae
614 1611 622 1624 ,
640 1598 673 1619 ac
684 1587 871 1627 Juramentis,
889 1597 937 1627 per
950 1585 1071 1617 eundern
1085 1588 1180 1624 Regem
1196 1587 1261 1614 An-

199 1628 261 1667 gliae
286 1627 535 1664 Consanguiiieum
559 1627 688 1657 nostrum
713 1626 887 1664 praestandis,
905 1626 924 1656 si
949 1628 981 1656 ὃς
1005 1625 1135 1662 quando,
1154 1622 1262 1654 Divina

202 1667 309 1697 fiii-ente
329 1665 505 1703 Clementia,
523 1665 556 1695 ad
576 1666 739 1696 ReoiixissN
760 1664 935 1702 Reipublicae
953 1664 1045 1694 Reum
1064 1663 1210 1699 Franciae,
1228 1661 1261 1691 &

200 1705 234 1736 ad
249 1704 422 1734 Cortonam
441 1704 560 1741 ejusdem
571 1728 579 1740 ,
599 1704 719 1734 eundem
735 1706 830 1741 Regem
846 1702 959 1741 Angliae
981 1689 1090 1733 admitti
1108 1703 1141 1733 ὃ(
1161 1709 1261 1738 perve-

199 1746 256 1774 nire
273 1743 438 1780 contigerit,
458 1743 484 1772 in
502 1744 635 1772 omnibus
655 1743 758 1779 semper
773 1743 868 1771 Salvis.

237 1781 324 1812 ITEM
335 1804 344 1819 ‚
365 1782 440 1819 quod
458 1781 606 1811 efficaciter
621 1782 654 1812 ὃ(
668 1780 816 1817 diligenter
831 1780 905 1811 idem
925 1783 985 1810 Rex
1001 1777 1113 1816 Angliae
1132 1776 1262 1807 Consan-

200 1822 319 1856 guineus
336 1819 430 1850 noster
444 1819 581 1850 laborabit
597 1821 629 1851 δε
644 1819 769 1849 intendet
782 1819 916 1848 omnibus
933 1819 984 1848 viis
999 1820 1031 1848 &
1055 1816 1165 1854 modis,
1182 1814 1260 1852 quod

200 1858 318 1889 Punitio
334 1858 476 1896 condigna
491 1857 535 1889 fiat
549 1858 585 1888 de
600 1857 704 1888 Karolo
716 1856 852 1895 Delphina
865 1856 1034 1894 Viennensi,
1052 1857 1084 1886 ὃ(
1098 1855 1149 1885 suis
1163 1853 1261 1884 Corn-

220 1897 320 1927 licibus
345 1896 528 1934 culpabilibus
560 1897 674 1927 Atrocis
698 1895 888 1932 Homicidii,
922 1895 951 1925 in
978 1894 1124 1932 personam
1148 1891 1261 1923 Illustris

197 1907 355 1973 f'iincipis,
373 1935 561 1972 praecarissimi
577 1934 717 1972 Domini,
734 1935 768 1965 &
782 1933 928 1965 Genitoris
943 1933 1048 1972 nostri,
1063 1932 1187 1963 Domini
1203 1930 1262 1970 Jo-

199 1974 297 2004 hannis
314 1973 439 2004 ultimate
454 1976 539 2004 Ducis
555 1973 716 2012 Burgundiae
733 1973 888 2011 perpetrati.

236 2012 326 2044 ITEM
338 2036 348 2051 ,
367 2013 460 2051 quod,
480 2012 498 2042 si
514 2013 659 2050 contingat
671 2011 781 2042 dietum
798 2010 930 2041 Karolum
940 2009 1103 2049 Delphinum
1125 2011 1262 2040 Viennen-

211 2064 269 2090 em,
293 2060 339 2082 aut
361 2052 563 2090 quoscumque⁴
579 2051 646 2081 alios
690 2049 816 2088 praediffl
838 2049 1002 2079 Homicidii
1026 2048 1194 2086 culpabiles,
1225 2045 1260 2076 ad

237 2100 304 2121 anus
320 2090 401 2129 ipsius
414 2093 491 2127 Regis
505 2085 619 2127 Ang’liae
634 2073 844 2128 donsanguinei
872 2087 977 2126 nostri,
995 2097 1043 2118 aut
1065 2088 1198 2124 suorum,
1212 2094 1261 2129 per

197 2129 340 2161 Guerram
351 2151 361 2167 ,
379 2137 426 2160 aut
441 2129 496 2159 alio
512 2128 600 2158 modo
614 2136 799 2166 quocumque
813 2126 962 2164 devenire,
980 2126 1052 2156 nulla
1069 2125 1262 2162 Redemptio-

193 2178 233 2201 ne
245 2177 293 2200 aut
315 2166 493 2199 Remiffione
510 2166 697 2197 liberabuntur
716 2166 817 2204 absque
831 2165 964 2197 consensu
980 2163 1096 2201 nostro,
1115 2163 1160 2194 sed
1182 2162 1260 2194 salvo

196 2208 231 2240 δε
247 2207 342 2238 secure
352 2207 426 2243 juxta
441 2204 525 2236 Poffe
542 2205 739 2244 servabuntur,
758 2203 903 2243 quousque
915 2203 951 2235 de
966 2203 1028 2242 ipsis
1042 2202 1089 2233 fiet
1111 2202 1187 2241 quod
1208 2200 1261 2240 Ju-

197 2246 271 2277 stitia
286 2246 371 2284 exigit
385 2245 418 2276 &
435 2245 555 2283 requirit.

215 2290 218 2293 ’
233 2284 278 2315 Ιτ
289 2293 307 2315 e
318 2292 364 2322 Μ,
384 2283 626 2321 contemplatione
650 2282 781 2314 Personae
794 2282 879 2314 didiae
893 2280 1038 2313 Michaelae
1056 2280 1134 2313 Filiae
1154 2277 1261 2319 praefati

196 2322 321 2354 Domini
342 2323 430 2363 Regis
455 2323 600 2360 Franciae,
618 2321 802 2353 Conthoralis
824 2321 928 2352 nostrae
952 2319 1174 2360 praecariffimae,
1192 2327 1261 2349 nec-

199 2371 261 2392 non
275 2361 396 2392 affectus
413 2361 482 2392 illius
495 2371 581 2399 quem
596 2361 662 2392 Nos
677 2361 709 2392 ad
725 2361 838 2392 bonum
853 2360 975 2398 praefatae
1002 2360 1083 2391 Pacis
1103 2358 1190 2389 finalis
1211 2357 1261 2387 lia-

199 2400 315 2439 bemus,
334 2408 415 2438 prout
431 2401 505 2430 idem
520 2402 579 2429 Rex
595 2398 708 2438 Angliae
722 2409 772 2429 nos
787 2399 891 2429 habere
905 2398 1070 2438 perpendit,
1087 2407 1120 2429 ac
1135 2395 1263 2440 occasio-

202 2448 240 2469 ne
253 2439 424 2477 Sumptuum
438 2439 470 2470 &
488 2437 676 2476 expensarum
693 2437 846 2476 grandium
863 2447 934 2476 quos
949 2436 1017 2467 Nos
1038 2438 1097 2475 jam
1122 2434 1263 2473 impendi-

204 2485 286 2515 mus,
303 2477 335 2507 &
354 2477 486 2507 Domino
510 2477 687 2508 concedente
708 2476 920 2515 impendemus,
939 2485 971 2506 ac
995 2475 1202 2506 Discriminum
1229 2473 1262 2504 &

204 2514 350 2544 Laborum
367 2516 467 2552 quibus
480 2524 532 2544 nos
545 2516 578 2546 δε
592 2514 702 2545 nostros
722 2515 898 2552 exposuimus
919 2514 952 2545 &
976 2523 1152 2552 exponemus
1171 2513 1199 2542 in
1221 2511 1265 2540 di-

203 2553 259 2583 &ae
273 2552 352 2583 Pacis
366 2552 515 2590 Negotio,
533 2561 564 2584 ut
585 2553 673 2590 ipsum
694 2552 805 2583 felicem
827 2552 861 2583 &
880 2553 1013 2583 votivum
1033 2552 1159 2583 sortiatur
1183 2548 1264 2580 Effe-

204 2591 303 2629 ἂυῐη,
318 2590 427 2629 aliisque
442 2591 476 2620 de
491 2590 576 2621 causis
591 2591 797 2621 rationabilibus
819 2590 909 2627 ipsum
932 2593 1027 2628 Regem
1046 2588 1160 2626 Angliae
1181 2590 1208 2618 in
1229 2587 1263 2618 ea

205 2638 283 2669 parte
301 2628 498 2666 moventibus,
517 2629 598 2658 nobis
610 2628 755 2659 Conceffit
770 2629 803 2659 &
819 2627 949 2659 Promisit
966 2628 1044 2667 quod
1058 2628 1136 2659 dabit
1155 2628 1188 2658 &
1209 2627 1265 2657 im-

245 2668 311 2699 ndet
325 2667 451 2705 Operam
465 2667 643 2705 diligentem,
661 2667 806 2704 solertem,
824 2668 857 2697 &
871 2666 1019 2697 efficacem
1037 2675 1066 2697 ut
1083 2676 1131 2704 per
1153 2665 1265 2695 dietum

234 2705 473 2736 setuendissimum
490 2704 653 2735 Dominum
679 2705 805 2734 nostrum
830 2705 1005 2735 Francorum
1029 2704 1143 2741 Regem
1163 2703 1265 2734 Nobis

207 2744 405 2782 Affignentur,
424 2742 647 2781 Concedantur,
662 2744 695 2774 &
712 2742 873 2773 Tradantur
895 2742 1009 2780 (absque
1031 2742 1266 2773 Dismembratio-

207 2793 246 2814 ne
270 2784 314 2813 seu
340 2782 537 2812 Dimintitione
552 2781 692 2818 Coronae)
709 2781 825 2818 Terrae,
844 2780 1049 2818 Poffeffiones,
1066 2782 1099 2812 &
1125 2780 1266 2810 Dominia

208 2832 298 2861 prope
312 2821 432 2858 Terras,
451 2819 638 2850 Poffeffiones
674 2820 707 2850 &
722 2818 877 2857 Dominia,
897 2829 962 2856 quas
983 2820 1118 2850 habemus
1133 2819 1167 2849 &
1189 2827 1267 2849 tene-

209 2870 273 2891 mus
289 2861 316 2889 in
335 2859 438 2897 Regno
453 2858 593 2895 Franciae,
614 2843 698 2896 usque
719 2857 751 2886 ad
775 2867 875 2888 verum
897 2857 1032 2888 Valorem
1054 2859 1191 2889 Annuum
1216 2857 1267 2887 Vi-

205 2900 282 2936 ginti
307 2897 422 2927 Milium
446 2896 594 2927 Librarum
619 2895 830 2933 parisiensium,
861 2895 1018 2926 remansura
1045 2896 1131 2926 Nobis
1151 2905 1267 2926 necnon

209 2937 333 2975 praefarae
354 2935 513 2974 Michaelae,
531 2935 635 2965 nostrae
656 2933 828 2971 conthorali,
846 2933 879 2963 ad
905 2943 995 2965 totam
1017 2934 1113 2964 Vitam
1139 2933 1265 2964 nostram

212 2977 247 3007 &
267 2974 412 3012 cujussibet
435 2971 580 3011 nostrum,
599 2984 630 3004 ac
651 2971 754 3004 nostris
775 2972 946 3003 I-laeredibus
961 2972 1094 3003 Masculis
1107 2974 1179 3003 inter
1198 2972 1267 3003 Nos

213 3016 247 3046 δε
263 3013 347 3050 ipsam
363 3012 554 3052 procreandis,

248 3052 465 3082 Tamum
490 3051 505 3079 a
522 3054 590 3095 Rege
604 3050 635 3080 ὅ(
650 3049 830 3080 Conona
848 3049 973 3080 Franciae
987 3050 1014 3079 in
1030 3049 1159 3080 Feodum
1173 3050 1206 3081 &
1228 3050 1268 3081 se-

213 3090 340 3121 cundum
358 3089 474 3119 Morem
492 3090 524 3120 ὃς
542 3088 784 3118 Consuetudinem
800 3087 891 3126 Regni
910 3087 1034 3118 Franciae
1046 3088 1211 3126 supradicti,

254 3128 291 3158 Et
315 3128 414 3166 quod,
440 3127 517 3164 super
535 3125 653 3163 eisdem,
674 3126 772 3155 Nobis
794 3126 896 3156 dentur
917 3126 1031 3156 Litterae
1053 3126 1180 3157 efficaces
1200 3127 1268 3157 disti

217 3165 442 3197 Metuendiffimi
464 3165 585 3195 Domini
605 3163 693 3194 nostri
713 3164 886 3194 Francorum
907 3164 1009 3202 Regis,
1029 3174 1142 3194 necnon
1157 3164 1270 3195 Litterae

217 3205 435 3275 fippmbaiffdae
446 3201 690 3247 'Metuendiffimae
705 3201 843 3232 Dominae
858 3204 891 3233 &
909 3202 1009 3233 Matris
1023 3202 1129 3233 nostrae
1147 3202 1271 3242 Isabellae

287 3251 339 3271 lnae
379 3252 477 3271 ranClae

294 3289 337 3309 iias
355 3265 658 3318 ASSIGNZTIONEM,
674 3277 917 3315 Concessionem,
935 3279 968 3309 ὃς
983 3278 1182 3309 Traditionem
1195 3278 1272 3309 idem

221 3322 281 3350 Rex
300 3316 412 3354 Angliae
429 3317 657 3356 consanguineus
676 3315 772 3346 noster
789 3316 970 3347 confirmabit
987 3318 1019 3347 &
1034 3316 1273 3354 Ratificabit,sub

224 3357 339 3388 Litteris
354 3356 405 3386 suis
419 3355 598 3394 Patentibus,
618 3365 670 3394 pro
683 3354 741 3392 ipso
754 3355 787 3385 &
802 3354 969 3385 Haeredibus
984 3355 1035 3384 suis
1058 3354 1107 3385 ΙΜ
1118 3364 1135 3385 1>
1146 3365 1164 3386 Ε
1176 3365 1199 3386 R
1209 3363 1227 3384 Ρ
1240 3364 1275 3386 Ε-

225 3403 249 3426 Τ
258 3404 281 3425 υ
290 3403 312 3425 u
326 3403 353 3425 Μ

263 3433 318 3471 Et,
345 3418 371 3463 si‘
387 3433 534 3469 contingat
557 3431 633 3469 quod
657 3431 784 3469 praefiitus
805 3429 1050 3461 Metuendiffimus
1072 3430 1218 3461 Dominus
1240 3432 1274 3462 &

211 3499 213 3501 ,
226 3471 327 3509 Pater,
346 3472 365 3491 ²*
384 3470 529 3500 Dominus
545 3473 707 3500 Francorum
723 3473 783 3500 Rex
797 3469 882 3499 dietas
899 3470 922 3500 Α
932 3478 944 3499 s
954 3478 966 3499 s
977 3478 989 3499 1
997 3478 1020 3499 o
1031 3477 1053 3499 Ν
1064 3479 1084 3499 Α
1094 3477 1117 3498 τ
1127 3479 1138 3500 1
1147 3480 1167 3499 o
1177 3478 1199 3500 Ν
1212 3478 1228 3499 Ε
1238 3478 1276 3508 M,

228 3509 468 3545 Conceffionem,
486 3510 517 3538 &
536 3507 734 3538 Traditionem
750 3508 831 3537 nobis
853 3517 911 3537 non
935 3506 1016 3537 faciat
1049 3507 1101 3546 ipse
1125 3512 1185 3538 Rex
1211 3511 1276 3538 An-

225 3550 288 3588 gliae
309 3547 539 3585 consanguineus
563 3547 655 3576 noster
673 3569 682 3584 ‚
710 3546 923 3584 quamprimum
944 3546 977 3575 ad
1005 3530 1121 3577 dono
1133 3556 1186 3577 NA
1201 3555 1228 3577 M
1244 3548 1278 3577 &

215 3591 399 3625 ,Dignitatem
412 3585 537 3621 Regalem
550 3586 669 3613 Franciae
681 3586 853 3622 pervenerit,
872 3594 916 3613 eas
930 3584 1026 3614 Nobis
1042 3584 1124 3615 faciet
1147 3594 1195 3622 pet
1214 3595 1279 3615 mo-

216 3626 299 3656 >dum
312 3624 431 3662 superius
446 3622 643 3661 expressarum,
662 3631 693 3651 ac
711 3621 804 3652 Faciet
819 3623 851 3653 &
866 3621 1013 3652 Permittet
1029 3622 1110 3660 Nos,
1129 3623 1278 3653 &dietam

232 3663 397 3693 Michaelam
420 3660 628 3692 Conthoralem
652 3659 793 3696 nostram,
817 3670 849 3689 ac
870 3659 982 3690 nostros
1003 3659 1139 3690 Haeredes
1160 3662 1281 3699 supradi-

232 3702 311 3739 istos³
326 3702 427 3739 absque
442 3699 646 3737 impedimento
661 3698 704 3727 vel
725 3697 948 3727 contradictione
968 3697 1035 3727 dieti
1057 3702 1134 3735 Regis
1153 3699 1284 3738 Angliae,

232 3740 277 3785 vel
292 3739 448 3807 Higredum
463 3739 595 3775 suorum,
611 3736 730 3774 eisdem,
748 3735 838 3766 modo
853 3735 995 3772 praemiffo
1005 3760 1014 3773 ,
1028 3737 1145 3773 pacifice
1157 3740 1190 3769 &
1205 3740 1283 3777 quie-

234 3787 263 3808 te
281 3786 330 3812 gau
353 3787 405 3807 ere.

274 3814 380 3852 ITEM,
398 3814 664 3844 CoNcoRDATUM
677 3812 734 3850 est,
753 3811 926 3849 interipsum
946 3813 1039 3849 Regem
1062 3813 1174 3850 Angliae
1199 3813 1283 3844 Con-

228 3852 415 3890 -sanguineum
441 3852 568 3882 nostrum
592 3853 625 3883 &
651 3853 724 3888 Nos,
745 3850 822 3888 quod
844 3850 862 3879 ii
884 3849 978 3885 aliquis
995 3850 1076 3887 alius,
1094 3861 1126 3881 ea
1147 3852 1182 3882 de
1203 3852 1285 3882 causa

236 3891 314 3927 quod
330 3892 435 3920 duxerit
446 3890 540 3919 Filiam
553 3889 588 3919 de
600 3889 707 3919 Domo
723 3888 864 3925 Franciae,
883 3887 925 3916 vel
939 3887 988 3917 alia
1012 3890 1178 3927 occatione,
1194 3891 1286 3926 exigat

238 3936 284 3958 aut
300 3937 391 3966 petat,
408 3929 438 3958 in
453 3929 595 3966 futurum,
612 3927 689 3966 quod
702 3926 792 3965 aliqua
806 3926 1011 3957 Assiomrio
1031 3926 1201 3966 Terrarum,
1219 3928 1285 3959 Do-

1292 1952 1389 1991 Jurare
1405 1953 1566 1985 faciendum
1576 1978 1584 1993 ,

676 8 1920 95 e()NVENT10„NEs,L1TERAE‚

1317 129 1487 165 miniorum,
1503 128 1548 159 seu
1565 127 1774 159 Posseffionum
1788 125 1952 164 Regiorum
1968 123 2018 156 fibi
2031 124 2096 163 fiat,
2112 122 2181 156 Nos
2195 124 2288 157 eidem
2305 128 2371 165 Regu·
2384 125 2458 157 Anu.
2473 125 2517 159 D.

1312 167 1426 204 Angliae
1441 167 1659 204 Consangiiineo
1681 164 1796 203 nostr0‚
1815 174 1867 202 pro
1876 163 1962 194 Posse
1977 164 2090 202 nostro,
2108 164 2127 194 si
2140 164 2218 204 super
2239 165 2297 196 hoc
2318 175 2369 203 per
2411 173 2497 204 1420.

1311 214 1377 234 eum
1402 206 1536 235 fuerimus
1557 205 1675 243 requisiti
1708 204 1919 241 aux-iliibirnur,
1945 202 1978 233 ὃ(
2003 201 2174 241 assistemus,
2197 213 2230 233 ac
2246 202 2369 242 Juvabi-
2381 207 2446 234 Hm.
2458 212 2490 242 5.

1310 253 1373 272 mus
1393 243 1514 275 eundem
1535 242 1662 272 adversus
1682 227 1853 272 l³etiti0nem
1875 240 2048 279 huiusmodi,
2070 241 2105 272 ad
2127 251 2189 272 earn
2209 242 2366 280 impedien-

1308 280 1390 318 dam,
1408 291 1441 311 ac
1455 280 1642 310 Temeritates
1658 282 1690 311 ὃς
1713 280 1828 310 Malitias
1843 279 1880 309 sic
1904 278 2085 317 petentium,
2104 279 2125 309 si
2147 289 2234 319 quas,
2252 282 2305 311 hac
2329 280 2368 312 de

1308 320 1406 355 caiisa,
1429 327 1528 348 conti-a
1544 317 1692 357 prefatum
1713 322 1808 356 Regem
1831 316 1944 356 Angliae
1967 316 2219 357 Consanguineum
2234 319 2367 350 nostrum

1309 358 1462 387 machinari
1478 365 1617 387 conentur
1629 357 1676 386 seu
1689 357 1791 387 moliri.

1345 441 1422 479 Qiae
1437 442 1534 472 omnia
1548 442 1582 472 &
1599 441 1701 478 singula
1716 440 1911 480 suprascripta,
1928 441 1979 472 biis
1993 440 2174 480 praesentibus
2190 440 2290 474 Literis
2310 453 2365 475 no-

1307 478 1367 508 stri>-
1389 488 1546 518 contenta,
1571 489 1705 516 quatenus
1727 479 1795 510 Nos
1816 481 1849 510 &
1874 479 1986 511 Partem
2010 479 2136 512 nostram
2166 489 2365 521 concernunt,

1305 517 1373 547 Nos
1389 519 1555 555 impleturos
1571 518 1605 548 &
1619 517 1814 548 observaturos
1826 517 2022 549 Promittimus
2036 520 2064 549 in
2088 517 2187 549 Verbo
2209 517 2347 558 Principis

1304 556 1337 586 &
1353 555 1386 586 ad
1399 556 1499 587 Sanc'ta
1515 556 1571 586 Dei
1586 555 1756 594 Euvangelia
1769 565 1817 594 pei·
1832 556 1901 586 Nos
1922 557 2104 594 corporaliter
2125 556 2216 594 taCta,
2230 557 2263 588 δε
2284 567 2322 594 qu

1303 603 1363 623 non
1386 595 1530 625 veniemus
1553 596 1581 624 in
1608 594 1783 624 contrarium
1804 603 1922 631 eorum,
1941 595 1985 625 vel
2003 596 2160 635 aliquorum
2177 595 2364 635 eorumdem

1303 631 1466 702 dumffiogo
1480 632 1598 671 praesens
1614 632 1695 664 Pacis
1708 631 1860 663 Tradimus
1879 631 1992 664 finalem
2007 635 2041 666 &
2063 633 2247 666 desideratum
2267 635 2364 666 sortia-

1303 677 1348 701 tur
1360 681 1376 702 e
1449 680 1509 702 um.

1340 747 1373 777 ln
1397 757 1521 786 quorum
1541 748 1673 779 omnium
1692 748 1726 779 &
1746 747 1920 787 singulorum
1942 746 2028 777 fidem
2047 747 2081 779 δε
2101 747 2295 781 testimonium
2310 749 2360 781 lm

1303 785 1419 855 ssittltneirrais
1438 785 1544 818 nostras
1558 786 1607 817 sub
1621 785 1726 825 Magni
1742 786 1828 826 Sigilli
1841 785 1930 816 nostri
1949 785 2118 825 appensione
2136 787 2255 819 fecimus
2276 798 2362 820 com·

1348 900 1457 932 Datum
1482 902 1513 931 in
1533 900 1611 931 Villa
1632 900 1723 941 nostra
1741 900 1935 932 Attrebatenr
1951 923 1961 940 ,
1991 899 2102 940 Quinta
2123 899 2169 931 die
2189 899 2297 932 Mensis
2313 901 2363 940 Ja-

1300 940 1386 968 nuarii
1401 963 1412 977 ,
1437 939 1527 970 Anno
1548 939 1673 971 Domini
1695 940 1851 971 Millefimo
1866 962 1875 978 ‚
1937 938 2211 980 uadringentefimo,
2234 939 2362 972 Decimo

1301 986 1390 1008 nono.

1537 1053 1592 1085 Per
1611 1053 1835 1085 DOMINUM
1854 1053 2007 1086 DucEM
2023 1054 2115 1095 infim
2132 1052 2256 1086 Concilio.

1997 1137 2201 1172 Menam.

1412 1224 1466 1253 Sub
1481 1224 1572 1261 Sigillo
1592 1228 1695 1263 Magno
1703 1225 1818 1273 praefati
1829 1228 1912 1256 Ducis
1927 1227 2107 1266 Burgundiae‚
2120 1226 2182 1258 cera
2201 1225 2286 1258 rubrd
2308 1236 2358 1257 ex-

1434 1263 1536 1301 prtff),
1549 1264 1684 1302 pendente
1697 1276 1716 1294 a
1733 1265 1819 1294 cauda
1830 1273 2006 1303 pergamenae.

1485 1403 1535 1434 De
1559 1400 1699 1445 potestate
1721 1402 1764 1435 ad
1784 1405 1982 1437 Sacramenta
2005 1400 2157 1448 capienda.

1298 1490 1428 1547 REX,
1447 1491 1607 1525 Venerabili
1631 1495 1659 1524 in
1683 1494 1800 1525 Christo
1821 1494 1911 1532 Patri,
1929 1493 1966 1533 J.
1986 1494 2086 1526 eadem
2110 1494 2215 1535 gratia'i,

1370 1532 1502 1569 Exonv'ae,
1521 1542 1572 1571 ac,
1591 1531 1709 1563 Dilecto
1731 1533 1802 1572 sibi,
1825 1533 1968 1573 Magistro
1989 1533 2098 1565 Thomae
2123 1533 2220 1565 Poltim

1297 1564 1421 1599 Decano
1436 1569 1565 1601 Eboruin
1576 1593 1586 1608 ‚
1603 1570 1735 1602 Salutem.
2371 1583 2422 1608 An.
2439 1589 2469 1615 7.

1313 1645 1318 1650 ¹
1336 1605 1385 1637 De
1403 1608 1500 1638 vestris
1517 1608 1646 1639 fidelitate
1658 1611 1689 1640 &
1704 1608 1905 1646 circumspecta
1915 1609 2092 1648 providentia
2103 1611 2133 1641 in
2147 1609 2282 1641 Domino
2296 1609 2358 1648 plu·
2373 1623 2399 1646 H
2427 1626 2454 1652 ς,

1297 1654 1402 1688 rimum
1430 1646 1623 1685 confidentes,
1641 1648 1675 1678 ad
1702 1647 1879 1685 Petendum,
1898 1649 1930 1678 &
1948 1648 2145 1687 Exigendum,
2162 1648 2358 1686 Sacramenta,
2376 1661 2464 1685 Nom,
2480 1664 2508 1692 7,

1297 1682 1369 1714 vice
1388 1685 1420 1715 &
1443 1685 1575 1729 Nomine
1594 1685 1714 1721 nostris,
1734 1686 1750 1716 a
1770 1687 1995 1729 quibuscumque
2015 1686 2160 1724 Personis,
2184 1687 2302 1717 Gallicis
2322 1688 2355 1718 &
2375 1699 2446 1729 H·5·
2471 1703 2508 1725 .2,

1296 1721 1492 1761 Normannis,
1521 1723 1556 1754 de
1576 1725 1608 1754 ὅ(
1627 1724 1678 1754 sub
1698 1724 1842 1754 Dominio
1857 1725 1889 1755 ὃς
1909 1724 2050 1756 Potestate
2073 1724 2173 1756 nostris
2191 1725 2297 1762 Natis,
2323 1734 2358 1756 ac
2374 1700 2472 1770 ''v-43·

1295 1760 1406 1804 denaliis
1421 1762 1647 1804 quibuscumque
1666 1764 1695 1793 in
1711 1762 1793 1793 distis
1811 1761 1955 1792 Dominio
1971 1763 2005 1794 &
2023 1761 2166 1793 Potestate
2182 1762 2359 1794 Beneficiatis
2467 1766 2473 1768 ”

1298 1800 1395 1835 (etiam
1411 1803 1429 1830 li
1444 1800 1544 1831 fuerint
1558 1800 1672 1838 ltalicae)
1688 1802 1716 1831 in
1732 1799 1818 1832 Curia
1835 1800 1968 1831 Romana
1990 1800 2027 1831 de
2047 1800 2177 1839 praesenti
2197 1800 2361 1834 Refidenti-

1295 1837 1364 1875 bus,
1384 1838 1416 1868 ὃ(
1431 1839 1464 1868 ad
1481 1838 1684 1870 Obedientiam
1700 1839 1827 1869 nostram
1843 1839 1941 1869 venire
1954 1839 2134 1878 volentibus,

1332 1875 1458 1919 ipsasque
1481 1878 1514 1908 &
1537 1888 1630 1908 earum
1653 1878 1826 1916 quamlibet,
1851 1878 2004 1908 secundum
2025 1878 2148 1909 formam
2171 1878 2206 1909 &
2226 1886 2361 1910 tenorem

1295 1915 1437 1952 cujusdam
1455 1914 1574 1947 Cedulae
1583 1939 1596 1955 ,
1613 1927 1699 1955 quani
1711 1916 1793 1948 vobis
1807 1917 1946 1947 mittimus
1960 1915 2144 1949 Praesentibus
2166 1916 2364 1956 interclusam,

2232 1493 2358 1564 13ᾖοΡο
2376 1500 2508 1535 Ann.D.·

2279 1542 2356 1564 erico
2397 1548 2483 1580 1420.

1319 2029 1325 2036 .
1467 2033 1471 2037 ¹
1574 1993 1790 2025 Sacramentum
1801 2016 1811 2032 ,
1829 1971 1974 2031 assumptis
1987 2002 2037 2031 per
2052 2004 2105 2026 vos
2120 1993 2250 2026 Nomriis
2262 1992 2364 2024 Publi·

1296 2039 1356 2099 ἐξ,
1375 2030 1530 2101 ἓοὲιίπὼτὲῖῃ
1525 2032 1623 2063 nostro
1638 2031 1850 2071 Recipiendurn
1865 2033 1898 2064 &
1922 2032 2144 2072 acceptandum,
2164 2041 2194 2064 ut
2216 2032 2364 2071 praemitti-

1335 2090 1454 2151 Ipsisque
1477 2095 1605 2140 Personis
1622 2133 1632 2147 ,
1659 2109 1692 2140 &
1715 2119 1811 2140 earum
1835 2108 1944 2149 singulis
1959 2131 1971 2147 ,
1994 2108 2099 2139 Literas
2121 2107 2365 2148 Testimonialoe3

1296 2154 1471 2177 mentionem
1484 2146 1519 2178 de
1534 2148 1567 2179 &
1586 2147 1666 2186 super
1694 2146 1881 2179 Sacramentis
1903 2147 1968 2185 illis,
1986 2147 2022 2178 fic
2042 2146 2171 2186 praestitis
2180 2169 2192 2186 ,
2208 2147 2363 2185 facientes,

1296 2184 1346 2215 sub
1359 2184 1458 2224 Sigillis
1470 2185 1566 2217 vestris
1584 2185 1805 2218 confisciendum
1821 2186 1854 2217 δι
1870 2185 2043 2216 liberandum
2054 2209 2064 2224 ,

1333 2222 1502 2264 Caeteraque
1517 2226 1613 2255 omnia
1629 2224 1663 2256 δε
1687 2225 1725 2255 fin
1747 2225 1790 2255 ula
1812 2224 2004 2263 Faciendum,
2023 2223 2221 2256 Exercendum
2246 2225 2280 2256 &
2305 2222 2364 2255 Ex-

1296 2261 1466 2306 pediendum
1482 2273 1547 2303 quae
1558 2263 1718 2303 hujusmodi
1771 2264 1859 2302 egotii
1880 2263 1995 2303 qualitas
2014 2264 2048 2295 &
2073 2273 2170 2295 natura
2189 2264 2305 2303 exigunt
2325 2262 2362 2294 ὃς

1295 2311 1324 2332 re
1346 2310 1578 2385 ιῗὲ-ὶξιῐεπ,’Τιπιοτιτ
1595 2339 1777 2372 Praesentium
1787 2363 1796 2379 ,
1813 2339 2037 2372 Committimus
2050 2340 2240 2380 Potestatem,

1312 2416 1317 2422 ·
1333 2377 1524 2417 significantes
1538 2379 1654 2417 Nobis,
1672 2379 1722 2410 sub
1739 2380 1840 2419 Sigillis
1853 2379 1967 2419 vestris,
1985 2389 2017 2411 ac
2039 2379 2134 2418 Signis
2157 2380 2190 2410 &
2213 2378 2362 2417 Subscrips

1296 2418 1422 2449 tionibus
1442 2417 1635 2450 Notariorum
1653 2417 1859 2457 Publicorum,
1876 2428 1926 2457 per
1941 2428 1993 2449 vos
2008 2419 2039 2448 in
2063 2418 2116 2448 hac
2136 2427 2215 2456 parte
2237 2417 2360 2454 affump-

1297 2464 1411 2494 torum,
1428 2456 1464 2486 de
1479 2457 1659 2487 Nominibus
1674 2458 1708 2489 ὃς
1724 2455 1959 2493 cognominibus
1968 2456 2132 2495 Juratorum
2147 2455 2361 2494 praedi&orum,

1295 2495 1414 2562 ‘aiflssuid
1428 2495 1461 2526 &
1479 2495 1593 2534 qualiter
1611 2497 1639 2526 in
1654 2495 1801 2534 praemiffis
1814 2495 1860 2526 seu
1881 2505 1981 2527 eorum
1995 2494 2091 2533 aliquo
2105 2494 2237 2525 duxeritis
2256 2493 2362 2524 facien-

1297 2555 1465 2639 duffiisifflsus
1474 2594 1485 2610 ,
1501 2571 1562 2602 &c.
1582 2572 1667 2610 usque
1680 2570 1796 2602 Festum
1811 2570 1907 2602 Sancti
1922 2569 2072 2602 Michaelis
2084 2571 2220 2608 proximo
2232 2569 2362 2602 futurum

1335 2646 1425 2678 Teste
1440 2646 1526 2686 Rege
1539 2647 1613 2687 apud
1627 2646 1748 2688 Castrum
1754 2646 1837 2688 fiam
1853 2647 1885 2677 de
1900 2649 1992 2678 Rauen
2007 2648 2043 2677 xi.
2063 2646 2108 2678 die
2119 2646 2251 2687 Januarii.

1333 1991 1560 2032 Huiusmodique

1930 2733 1984 2762 Per
2002 2730 2084 2772 i'incm
2098 2733 2205 2770 Regem.

1619 2870 1646 2897 δὲ
1673 2873 1723 2905 De
1745 2869 1904 2905 Prehenda
1931 2872 2030 2905 Data·
2376 2893 2398 2916 ⁸
2420 2896 2475 2925 tx.

1303 2963 1424 3034 IRESX¹
1444 2967 1554 2995 Decano
1576 2962 1615 3000 (θ’
1635 2963 1758 3002 capitulo
1774 2962 1910 2995 Ecclesiae
1928 2960 2096 3002 Collegiatae
2114 2961 2151 2994 de
2173 2962 2333 3004 Gourneyo
2348 2985 2359 3003 ,
2374 2933 2453 3003 {an
2465 2969 2506 3002 D,

1403 3014 1417 3033 a
1427 3012 1515 3034 utem.

1340 3040 1452 3079 Vobis,
1477 3041 1596 3072 Tenore
1618 3038 1817 3077 Praesentium,
1845 3038 2029 3078 significamus
2048 3039 2125 3077 quod
2147 3038 2358 3072 canonicarum
2375 3018 2486 3084 Alnfio..

1302 3080 1336 3111 &
1352 3079 1538 3110 Praebendam
1557 3078 1653 3108 Sanffl
1668 3077 1827 3107 Hildenerti
1849 3078 1878 3107 in
1904 3077 2026 3108 Ecclesia
2048 3078 2196 3116 praedicta,
2214 3089 2265 3116 per
2284 3078 2360 3110 Obi-
2377 3092 2410 3115 H.
2431 3096 2459 3123 5,

1302 3127 1365 3150 tum
1384 3117 1513 3157 Magistri
1528 3114 1656 3146 Nicholai
1669 3114 1797 3158 ¹Talebart
1812 3125 1888 3146 nunc
1905 3115 2025 3146 Liberos
2046 3117 2079 3147 &
2103 3115 2256 3155 vacantes,
2273 3117 2307 3148 &
2329 3118 2358 3147 in
2376 3125 2438 3154 thid.
2454 3126 2494 3154 m,-

1306 3156 1442 3187 Manibus
1457 3154 1560 3184 nostris
1574 3154 1658 3189 pleno
1666 3163 1727 3190 jure
1740 3153 1904 3191 existentes,
1924 3162 1956 3184 ut
1965 3155 2067 3184 dicitur
2085 3155 2222 3193 (quorum
2243 3155 2358 3193 quidem
2377 3173 2425 3200 44,
2488 3159 2491 3160 ’

1306 3192 1498 3225 Canonicatsis
1513 3193 1545 3222 &
1562 3191 1728 3221 Praebendae
1742 3191 1866 3222 Collatio
1881 3193 1913 3223 &
1927 3193 2097 3222 omnimoda
2122 3193 2273 3230 Dispositio
2293 3193 2364 3224 No-

1306 3234 1349 3263 bis
1364 3232 1515 3262 noscuntur
1537 3230 1687 3267 pertinere)
1708 3229 1824 3260 Dilec‘so
1845 3230 1943 3261 Nobis
1963 3230 2097 3268 stephano
2117 3231 2149 3260 de
2168 3231 2318 3262 Rudemare
2334 3233 2366 3263 in

1307 3268 1509 3346 ifftrogueflure
1521 3267 1697 3338 Lignssam’
1716 3277 1782 3299 cum
1798 3269 1849 3299 suis
1859 3268 1972 3307 Juribus
1996 3270 2030 3300 &
2052 3268 2230 3301 Pertinentiis
2253 3271 2367 3301 univer-

1320 3319 1341 3339 lS
1397 3318 1429 3337 on
1445 3317 1540 3336 6717711ίῖ
1635 3317 1744 3336 ananius

1346 3330 1514 3376 Mandantes
1537 3346 1666 3382 quatinus
1687 3329 1776 3382 ipsuin
1800 3345 1961 3384 Stephanum
1976 3368 1986 3383 ‚
2010 3345 2055 3376 seu
2082 3346 2138 3383 eius
2161 3347 2190 3376 in
2213 3347 2265 3376 hac
2289 3352 2368 3383 parte

1308 3384 1528 3416 Procuratorem
1553 3385 1686 3420 recipiatis
1706 3384 1734 3413 in
1756 3383 1937 3414 Canonicum
1958 3385 1991 3416 &
2014 3384 2160 3422 Fratrem,
2175 3384 2322 3422 ipsumque
2334 3384 2365 3413 in

1309 3422 1499 3460 Corporalem
1514 3420 1716 3452 Posseffionem
1728 3420 1922 3453 Canonicatsis
1935 3423 1969 3453 &
1984 3421 2147 3452 Praebendae
2162 3420 2369 3459 prmdfflorum

1310 3462 1437 3499 ponatis,
1454 3461 1498 3490 seu
1514 3461 1581 3497 poni
1600 3461 1633 3490 &
1649 3460 1744 3490 induci
1757 3460 1876 3498 faciatis,
1895 3461 2014 3491 Stallum
2030 3461 2059 3490 in
2078 3459 2179 3490 Choro
2195 3459 2229 3490 &
2245 3459 2364 3490 Locum

1311 3502 1341 3530 in
1357 3498 1508 3536 Capitulo,
1527 3507 1611 3537 prout
1628 3500 1712 3528 moris
1725 3497 1784 3535 est,
1802 3499 1893 3529 eidem
1905 3499 2086 3537 aisignantes,

1347 3537 1534 3573 Eundemque
1548 3535 1710 3574 Stephanum
1725 3537 1871 3567 Frud‘tibus
1894 3537 2141 3572 obventionibus,
2156 3533 2293 3565 Proficuis
2303 3559 2313 3574 ,
2331 3537 2364 3569 ὃς

1313 3575 1521 3606 Emolumentis
1538 3575 1572 3603 ad
1588 3575 1700 3604 eosdem
1715 3574 1918 3612 spectantibus,
1937 3575 1976 3603 uti
1990 3575 2023 3604 &
2043 3573 2162 3610 gaudere
2181 3575 2364 3615 permitatis,

1312 3614 1442 3683 adbibitis
1456 3612 1702 3681 Solegcripnitatibus
1716 3614 1745 3643 in
1759 3614 1858 3644 talibus
1869 3612 1926 3643 fieri
1940 3612 2086 3642 consueris.

1365 3662 1382 3680 ΓΙ
1397 3662 1432 3681 CU
1444 3661 1474 3680 US
1545 3661 1569 3680 C.

1352 3661 1442 3723 Testel
1455 3674 1537 3729 R’ege
1550 3688 1624 3728 apud
1634 3688 1757 3730 castrum
1766 3687 1843 3730 [ium
1856 3689 1888 3719 de
1900 3689 1991 3718 Rauen
2008 3686 2055 3718 xii
2073 3685 2119 3718 die
2126 3685 2146 3725 J
2147 3688 2261 3721 anuarii.

2327 3970 2374 4001 De
