2546 4279
0 291 46 312 nn.
63 279 103 311 D.

0 329 75 360 1401.

0 381 5 387 .
19 370 49 394 4.

2 397 85 425 v111.

0 444 50 471 ‚03-

0 482 45 503 nn.
62 470 102 501 D.

0 519 76 549 [401.

20 572 25 577 .
44 559 72 577 Ζ.

1 609 6 614 .
21 597 49 622 4.

0 634 64 654 ‘anfi
74 634 99 651 2.

3 664 103 698 .4.m.6.

738 191 847 234 ET
925 190 1189 231 ACTA

273 364 302 391 ᾗ
326 369 384 399 Pro
405 362 634 399 Mercatorebus
652 367 683 396 in
703 361 846 397 Partibus
869 366 990 396 Prttciae.

119 450 261 508 REX,
286 450 394 482 Nobili
407 461 440 482 ac
456 451 567 490 potenti
582 450 674 487 Viro,
696 451 792 478 Fratri
807 449 944 478 Conrardo
960 447 1077 478 Ordinis
1090 446 1180 477 beatae

195 489 300 521 Mariae
312 489 565 521 Theutonicorum
588 486 728 528 Magistro
749 487 883 517 Generali
898 509 908 524 ,
944 487 1054 517 Amico
1075 486 1177 516 nostro

114 525 267 559 Cariffimo
276 552 286 566 ,
304 528 430 559 Salutem
440 552 449 567 ,
468 530 501 560 ὅ(
513 530 627 558 sincerae
639 526 799 557 dilectionis
812 525 1016 564 Augrnentum.

148 567 236 598 Zelus
255 567 394 604 fervidus,
413 577 469 604 quo
490 568 591 596 mutuo
613 565 814 596 connectimur
838 565 870 595 &
894 564 1023 601 unimur,
1040 563 1124 602 exigit
1145 564 1179 593 &

115 607 230 646 requirit
250 614 281 636 ut
295 615 356 636 non
370 605 459 635 solum
474 606 510 635 ab
525 603 677 634 inferendis
688 602 798 641 injuriis
810 601 997 632 abstineamus
1011 603 1079 632 hinc
1095 600 1180 637 inde,

116 645 218 675 verum
231 645 318 675 etiam
331 652 363 674 ut
376 653 507 674 curemus
520 643 606 673 illatas
620 652 673 682 pro
687 642 794 671 viribus
809 640 901 671 facere
914 641 1087 670 Reformari.

156 682 329 714 Insinuarunt
344 682 429 712 nobis
443 683 538 719 utique
554 681 638 717 Ligei
653 680 828 710 Mercatores
843 679 944 717 nostri,
965 688 1053 716 partes
1066 678 1179 707 Pruciae

117 721 259 759 Mirantes,
278 720 394 759 qualiter
416 720 486 750 certi
501 719 598 757 Scoti,
616 719 692 757 supra
710 717 792 748 Mare
807 717 971 755 existentes,
989 727 1076 753 nuper
1091 725 1180 753 quari-

117 759 181 790 dam
198 760 314 790 Navem
330 758 445 789 Pruciae
460 767 596 796 ceperunt
611 757 721 788 diversis
738 756 937 787 Mercimoniis
952 763 1110 791 oneratam,

161 797 307 839 Quodque
325 797 431 827 dietam
456 797 594 834 Navem,
612 797 667 827 una
691 806 758 826 cum
784 796 878 826 Scotis
902 792 989 830 ipsam
1008 792 1179 830 occupanti-

118 839 191 876 bus,
209 845 305 874 gentes
329 835 412 866 Villae
434 835 537 866 nostrae
560 835 595 865 de
613 835 726 872 Lenne,
743 835 773 864 in
789 831 957 871 quibusdam
973 831 1127 867 Navibus,
1145 829 1180 860 ad

118 877 228 907 dietam
251 875 356 906 Villam
378 875 597 912 pertinentibus,
613 874 663 903 alta
680 873 812 903 sulcantes
829 870 940 907 Maria,
957 869 1185 907 praecedentibus

120 917 188 946 hinc
212 913 279 944 inde
301 913 408 947 crebris
420 912 593 943 Guerrarum
607 911 770 948 Insultibus,
789 909 903 940 tandem
922 908 977 938 suas
993 907 1186 945 apprehende·

117 961 181 985 runt
198 952 232 982 ad
247 962 363 990 manuS,
939 986 944 990 .
1039 985 1042 990 ι
1068 985 1073 990 ⁸
1096 985 1101 990 ¹

159 991 249 1029 Cujus
271 998 406 1028 praetextu
429 989 576 1026 vestrates,
601 995 631 1017 ut
655 987 838 1018 insinuatione
860 984 991 1023 pne-dieta
1016 984 1187 1028 didicimus,

120 1029 299 1069 quamplures
320 1029 356 1059 de
380 1029 476 1065 Ligeis
498 1026 615 1063 nostris,
634 1026 664 1054 in
686 1025 809 1062 partibus
830 1024 943 1055 Prucife
960 1022 1189 1053 mercandizandi

119 1069 204 1100 causa
220 1068 440 1106 quiescentibus,
458 1068 511 1096 uria
525 1074 592 1096 curn
607 1063 691 1094 Bonis
707 1073 808 1093 eorum
819 1086 829 1101 ,
847 1061 1084 1101 Arrestarunt,&
1097 1061 1190 1092 adhuc

125 1107 253 1138 detinent
268 1106 318 1137 sub
331 1104 448 1136 Arestoz

162 1145 292 1183 Verum,

161 1182 245 1215 Cum
267 1181 409 1213 Arestatio
430 1178 614 1210 Personarum
630 1180 663 1210 δί
680 1178 839 1217 Bonorum,
859 1188 906 1216 per
920 1176 1050 1208 vestrates
1066 1174 1195 1220 (uttass'e-

125 1222 206 1259 titur)
226 1221 387 1258 illegittime
409 1218 499 1255 faeta,
518 1218 598 1247 nodo
624 1219 773 1248 Amicitiae
799 1227 857 1247 non
873 1216 1058 1254 respondens,
1075 1214 1194 1245 Dissen-

124 1261 210 1292 tionis
224 1260 329 1290 Facem
342 1268 348 1289 ¹.
355 1257 433 1296 quod
447 1258 527 1292 abiit)
549 1257 620 1286 inter
638 1256 706 1286 Nos
720 1256 875 1286 accendere
893 1255 1043 1292 moliatur,

164 1298 332 1328 Amicitiam
347 1296 466 1327 vestram
481 1303 582 1325 attente
598 1295 764 1332 requirimus
779 1295 813 1323 &
830 1303 982 1330 rogamus,
1012 1293 1140 1330 quatinus
1155 1290 1198 1321 Α-

124 1336 309 1368 testationem
340 1334 502 1373 hujusmodi
533 1333 655 1370 plenarie
682 1332 831 1362 relaxantes
845 1354 855 1369 ,
887 1330 1005 1368 justitiae
1034 1329 1197 1367 nostraeque

128 1374 370 1405 Considerationis
384 1373 502 1409 intuitu,
522 1371 630 1407 Ligeos
646 1369 774 1408 nostros,
793 1378 824 1400 ut
842 1369 1023 1407 praedicitur,
1044 1368 1201 1405 Arestatos,

128 1423 198 1445 cum
211 1423 313 1443 eorum
329 1411 430 1448 Bonis,
450 1409 609 1440 Restituere
624 1408 714 1439 velitis
730 1407 852 1446 pristinae
870 1408 1005 1438 Libertati
1022 1430 1032 1445 ,
1057 1408 1095 1437 ita
1117 1407 1198 1444 quod

128 1451 233 1482 eisdem
251 1449 353 1481 nostris
368 1449 499 1486 subditis,
517 1448 616 1485 quibus
631 1448 660 1476 in
671 1446 779 1485 Justitia
793 1446 884 1478 decise
897 1447 1064 1484 nequimuS,
1079 1446 1199 1475 rationa-

131 1490 193 1521 bilis
216 1488 295 1519 causa
314 1498 374 1518 non
395 1486 494 1524 subsit,
511 1486 555 1516 seu
569 1486 620 1516 alia
637 1487 744 1524 quaevis
759 1485 872 1516 occasio
892 1484 982 1523 (quod
998 1483 1146 1520 nollemoe)
1167 1482 1202 1514 ad

125 1529 178 1560 alia
192 1527 268 1567 Juris
287 1525 427 1558 Remedia
445 1524 630 1556 convolandi.

143 1618 146 1620 ’
167 1605 235 1635 Dat.
254 1604 286 1633 in
304 1602 416 1633 Palatio
438 1605 517 1640 Regis
539 1601 646 1641 Wstm.
667 1600 716 1631 sub
739 1599 844 1638 Magni
862 1599 951 1639 sigilli
966 1599 1006 1630 sui
1019 1598 1206 1637 testimonio,

132 1644 191 1683 viij.
208 1642 255 1673 die
266 1641 356 1680 Junii.

827 1719 880 1747 Per
898 1714 979 1755 ipficxz
996 1718 1102 1754 Regem.

205 1855 256 1887 De
273 1852 486 1900 Commzffizriis
504 1851 549 1885 ad
566 1849 786 1894 Restituendam
808 1852 955 1897 Reginam
972 1849 1130 1897 affignatis.

0 1945 118 1980 Ann.D.
200 1937 258 1970 EX
271 1939 481 1986 {Jniverfisfld
497 1937 650 1978 quos,&c.
668 1936 806 1968 Salutem.

0 1996 100 2055 6324021
181 1977 515 2054 IntePYmRrellgsgiidum
538 2014 667 2052 Patrem,
693 2012 849 2044 Walterum
870 2011 1026 2052 Episcopum
1048 2011 1213 2042 Dunolmen-

0 2070 28 2093 H.
59 2074 88 2100 4,
135 2053 214 2095 fem,
243 2055 295 2094 &,
319 2053 460 2085 dilectum
484 2053 739 2090 consanguineum
761 2051 908 2088 nostrum,
935 2049 1062 2081 rhomam
1084 2054 1212 2081 Comitem

0 2105 85 2131 pram,
142 2095 308 2133 begorniae‚
325 2093 376 2131 &,
392 2092 486 2124 fideles
510 2092 637 2130 nostros,
666 2089 846 2121 Willielmum
867 2092 962 2119 Heron
985 2088 1152 2120 Dominum
1176 2090 1211 2120 de

0 2150 24 2170 2,
43 2146 78 2169 H.
97 2150 126 2177 4,
142 2132 197 2171 Say
204 2133 266 2171 5&
288 2132 442 2162 Ricardum
457 2130 555 2161 Holme
579 2129 763 2161 Canonicum
778 2128 1005 2166 Eboracensem,
1024 2127 1213 2158 Ambaffiato-

0 2188 33 2208 m,
49 2188 79 2217 5,
142 2181 185 2202 res
200 2181 250 2209 per
265 2181 316 2201 nos
328 2170 362 2201 ad
376 2179 467 2209 partes
480 2168 619 2201 Picardiae
632 2168 798 2207 destinatos,
816 2168 850 2199 &
862 2165 1081 2199 Ambaffiatores
1093 2165 1214 2206 Consim-

1 3220 3 3230 ¹
23 3214 127 3243 *VIII

11 3262 75 3289 ²04·

133 2213 223 2247 ἕνέπεὶ
240 2209 322 2250 nostri
334 2213 474 2248 Franciae,

178 2248 264 2287 Apud
286 2248 482 2288 Lenlyngham
506 2247 589 2279 fuerit
611 2246 795 2279 concorditer
809 2247 1035 2287 appunetuatum
1072 2247 1149 2286 uod,
1167 2247 1215 2278 die

140 2296 235 2327 quarta
263 2287 414 2325 postquam
435 2286 585 2317 Cariffima
608 2285 827 2325 Consanguinea
849 2287 945 2317 nostra
968 2285 1087 2326 Isabela
1108 2289 1214 2324 Regina

143 2324 258 2362 Angliae
273 2325 357 2356 fuerit
370 2325 488 2363 praefato
504 2323 723 2364 consanguineo
738 2325 836 2356 nostro
850 2326 977 2356 Franciae
990 2325 1146 2364 Restituta,
1155 2335 1217 2355 cer-

143 2365 167 2394 ti
190 2363 426 2403 Ambassiatores,
441 2366 502 2395 tarn
521 2373 575 2401 pro
595 2363 708 2402 nostra,
727 2366 813 2402 quam
834 2374 888 2402 pro
911 2363 994 2394 Parte
1006 2363 1050 2394 sua
1067 2363 1149 2401 (quos
1166 2364 1215 2401 ipsi

144 2402 180 2432 &
195 2402 279 2432 nobis
295 2402 416 2440 placeret
429 2401 622 2438 transmittere)
633 2403 663 2432 in
675 2402 778 2433 eodem
792 2403 860 2433 loco
875 2403 911 2432 de
921 2402 1122 2443 Lenlyngham
1132 2401 1216 2432 Con-

142 2441 289 2477 venirent,
306 2440 341 2470 ad
365 2440 581 2477 Trat‘tandum,
599 2441 837 2480 examinandum,
854 2443 888 2473 δε
909 2440 1147 2471 concordandum
1172 2440 1216 2470 su-

143 2488 193 2517 per
213 2478 424 2516 quampluribus
445 2478 581 2517 Negotiis
596 2500 605 2514 ,
638 2479 711 2508 inter
733 2479 847 2509 eosdem
871 2478 1087 2509 Ambaffiatores
1109 2478 1217 2508 ibidem

143 2516 321 2555 praelocutis,
340 2525 425 2555 prout
439 2518 469 2545 in
483 2516 639 2546 indentur-is
657 2538 668 2554 ,
692 2517 765 2547 inter
780 2517 852 2555 ipsos
866 2517 1032 2554 conscriptis
1048 2518 1082 2548 <Sc
1098 2517 1216 2555 signatis,

145 2555 221 2586 clare
235 2555 339 2593 liquet,

183 2593 269 2631 Nos,
612 2602 616 2604 “

179 2630 447 2699 Apfundfflamenta
460 2628 636 2667 hujusmodi,
653 2635 788 2667 quantum
803 2628 838 2660 ad
854 2629 922 2660 Nos
937 2630 1052 2669 attinet,
1080 2630 1220 2668 adimple—

144 2680 174 2701 re
189 2680 228 2700 vo
237 2678 314 2700 entes

183 2692 337 2746 Praefatos',
364 2706 556 2745 Episcopum,
581 2704 730 2736 Comitem
747 2728 756 2743 ,
778 2705 970 2736 Willielmum
989 2708 1022 2738 <Sc
1045 2706 1220 2746 Ricardum,

146 2747 279 2786 Qatuor
304 2748 338 2778 &
362 2745 436 2775 Tres
457 2755 557 2775 eorum
584 2747 727 2782 (quorum.
743 2743 863 2774 alterum
887 2745 1009 2778 ipsorum
1026 2744 1163 2783 Episcopi
1183 2747 1216 2776 ὃ(

147 2785 275 2816 Comitis
295 2794 383 2815 unum
403 2782 459 2814 esse
482 2784 624 2819 volumus)
645 2781 756 2812 nostros
780 2779 1015 2821 Ambasiiatores,
1040 2783 1219 2814 Commiffi-

146 2825 203 2854 rios
218 2846 228 2861 ,
252 2823 455 2854 Procuratores
476 2822 510 2852 &
530 2821 667 2852 Nuncios
688 2820 819 2859 speciales
833 2845 842 2859 ,
868 2822 986 2852 Terrore
1013 2822 1218 2861 praesentium,

146 2861 325 2900 Affignamus
341 2884 351 2899 ,
383 2861 417 2891 δε
448 2859 624 2898 Deputamus
644 2859 679 2890 ad
704 2859 940 2897 Restituendum,
966 2862 1084 2891 nornine
1106 2860 1221 2899 nostro,

181 2902 295 2932 aefatam
318 2899 459 2930 isabellam
479 2899 623 2937 Reginam
645 2897 761 2935 Angliae
776 2920 786 2936 ,
811 2908 881 2928 cum
905 2899 1038 2928 omnibus
1056 2899 1221 2938 jocalibus,

190 2939 313 2970 obilibus
323 2961 332 2976 ,
351 2939 384 2969 ὃ(
397 2938 482 2968 Bonis
497 2935 796 2975 suis,Consanguineo
813 2936 910 2967 nostro
924 2936 1050 2968 Franciae
1066 2937 1141 2968 Patri
1154 2938 1222 2977 suo,

149 2977 195 3008 vel
212 2979 270 3008 aliis
289 2987 338 3015 per
355 2987 421 3007 eum
439 2979 473 3006 ad
492 2976 550 3006 hoc
570 2974 737 3012 Deputatis,
889 2995 893 2997 -

189 3015 321 3047 Necnon
341 3015 376 3046 ad
397 3014 595 3045 Tracstandum
616 3014 648 3044 δε
665 3012 911 3043 Concordandum
923 3023 992 3044 cum
1009 3014 1126 3052 praefato
1138 3013 1222 3044 Con-

152 3053 305 3091 sanguineo
319 3054 415 3083 nostro
429 3053 473 3083 seu
486 3054 495 3082 i
519 3053 568 3083 iius
582 3051 851 3089 AmbaffiatoribuS,
868 3050 1119 3090 Procuratoribus,
1128 3052 1221 3083 Nun-

152 3093 223 3131 ciis,
241 3091 287 3123 vel
303 3092 468 3129 Deputatis‚
508 3091 658 3121 otestatem
669 3089 706 3130 *ad
722 3089 897 3127 infrascripta
910 3090 1100 3121 sufficientem
1117 3091 1224 3121 haben-

153 3131 229 3161 tibus
247 3153 257 3169 ,
286 3130 366 3168 super
386 3129 614 3160 Confirmarione
628 3152 638 3167 ,
669 3127 869 3159 Ratificatione
887 3151 896 3166 ,
919 3130 952 3160 δε
976 3127 1222 3160 Corroboratione'

152 3169 334 3205 Treugarum
359 3169 450 3206 inter,
465 3169 582 3198 celebris
604 3168 770 3203 memoriae,
794 3167 939 3196 Ricardum
962 3167 1107 3205 quondam
1126 3170 1222 3205 Regem

133 3236 140 3242 ,
155 3206 270 3244 Angliae
289 3205 328 3241 &
348 3209 470 3237 Franciae
490 3208 523 3238 ὃ(
538 3207 556 3225 *
578 3206 728 3244 praefatum
752 3204 1004 3243 Consanguineum
1021 3206 1156 3243 ,nostrum
1169 3207 1222 3236 ini-

157 3254 245 3276 tarum
344 3272 347 3273 ⁷

195 3267 348 3320 Verbaque
367 3282 503 3320 obscura,
525 3284 559 3314 &
574 3281 714 3313 Clausulas
729 3282 898 3321 ambiguas,
924 3284 953 3313 in
968 3282 1074 3315 eisdem
1088 3292 1224 3321 compre-

156 3321 270 3359 hensas,
287 3319 496 3351 Declarandum
512 3321 544 3351 ὃς
562 3321 817 3359 interpretandum,

196 3358 390 3396 Clausulasque
408 3358 470 3388 alias
486 3367 639 3395 oportunas
656 3359 760 3389 eisdem
780 3359 971 3397 Addendum,

195 3398 323 3438 lpsasque
340 3395 568 3435 Treugasdebite
586 3395 758 3428 proclamari
778 3397 958 3435 faciendum,

196 3437 302 3467 Novas
317 3436 424 3473 insuper
440 3435 544 3472 Ligas,
570 3433 855 3476 Confoederationes,
879 3436 912 3466 &
931 3436 1097 3475 Amicitias,
1113 3445 1225 3476 tempo-

157 3475 225 3506 rales
239 3475 284 3506 vel
300 3474 544 3513 perpetuas,inter
560 3476 706 3515 praeratum
725 3472 852 3504 nostrum
869 3473 1140 3514 Consanguineum,
1150 3476 1225 3506 Sub-

158 3513 235 3544 ditos
249 3515 311 3544 suos
316 3536 327 3552 ,
344 3513 450 3550 Regna
461 3513 495 3543 &
509 3511 650 3541 Dominia
661 3509 706 3540 sua
720 3521 911 3550 quaecumque
921 3535 930 3550 ,
954 3521 988 3543 ex
1002 3522 1075 3552 una,
1095 3515 1129 3544 &
1141 3514 1224 3552 Nos,

159 3551 295 3583 Subditos
315 3551 445 3589 nostros,
462 3559 497 3580 ac
518 3548 624 3593 Regna
644 3549 677 3579 &
701 3548 843 3581 Dominia
862 3550 956 3581 nostra
975 3561 1166 3592 quaecunque,
1193 3562 1228 3583 ex

162 3599 241 3628 parte
256 3590 356 3629 altera,
374 3590 395 3620 fi
409 3588 577 3625 indiguerit,
593 3586 764 3626 ineundum,

203 3629 248 3660 Ac
270 3629 355 3660 etiarn
375 3628 411 3659 de
434 3626 542 3664 modo,
559 3627 669 3669 forma,
685 3626 721 3669 βε
743 3628 895 3664 quantitate
910 3629 944 3659 &
961 3629 1088 3666 qualitate
1104 3628 1229 3666 Auxilii,

159 3665 378 3705 Subventionis,
394 3666 441 3697 seu
460 3665 596 3703 Subsidii,
614 3663 767 3703 hincinde,
787 3674 917 3705 tempore
941 3666 1105 3697 necessitatis
1127 3670 1228 3698 mutuo

158 3705 360 3744 ministrandi,
395 3705 429 3736 &
450 3703 769 3735 Communicationibus
800 3704 872 3734 inter
894 3705 1027 3736 Subditos
1045 3705 1180 3736 hincinde
1200 3707 1230 3736 iri

161 3743 362 3775 Mercimoniis
375 3744 408 3775 δε
424 3743 483 3774 aliis
495 3743 580 3773 licitis
596 3742 691 3772 secure
705 3741 855 3780 faciendis,

200 3783 376 3822 Attemptata
397 3791 604 3820 quaecumque,
632 3779 703 3810 infra
726 3780 871 3810 Ducatum
892 3780 1022 3812 nostrum
1044 3782 1206 3821 Aquitaniae
1222 3805 1232 3822 ,

164 3820 210 3851 vel
223 3821 290 3852 alibi
307 3844 317 3860 ,
349 3822 380 3851 in
393 3821 484 3852 Terra
499 3843 509 3858 ,
536 3821 593 3850 five
609 3821 638 3849 in
655 3818 752 3858 Mari,
777 3827 877 3849 contra
906 3818 1029 3850 formam
1045 3821 1078 3851 δε
1097 3820 1234 3852 effeEtum

163 3858 342 3899 Treugarum
363 3859 563 3898 praediecarum
579 3882 589 3897 ,
615 3868 664 3896 per
687 3857 884 3896 quoscumque
902 3857 991 3888 Partis
1008 3858 1146 3898 adversae,
1171 3859 1234 3889 Re-

163 3896 282 3929 formari
299 3898 455 3930 Pereudum
473 3899 508 3930 &
528 3896 746 3936 optinendum,
773 3895 1021 3935 Confimilemque
1041 3896 1234 3929 Reformatio-

166 3944 236 3966 nem
252 3945 304 3974 pro
320 3937 406 3968 Parte
423 3935 517 3967 nostra
536 3935 711 3966 Faciendum
729 3937 763 3968 &
782 3933 1000 3974 ordinandum,

204 3972 295 4012 Super
324 3975 524 4006 Moderatione
547 3974 703 4006 Paci-orum
729 3974 775 4005 seu
802 3972 1011 4005 Paitititiorum
1038 3973 1109 4005 infra
1134 3974 1236 4005 Duca-

165 4021 229 4044 tum
256 4013 444 4053 praedictum,
464 4014 484 4044 fi
507 4024 573 4051 quae
600 4013 653 4044 sint
675 4013 835 4051 excessiva,
863 4022 898 4043 ex
925 4023 981 4043 una
1000 4012 1083 4044 Parte
1097 4013 1142 4043 vel
1162 4013 1213 4043 alia
1229 4038 1239 4050 ‚

168 4051 322 4083 fecundum
344 4050 470 4083 formam
494 4053 528 4084 &
550 4051 690 4083 effectum
709 4052 893 4091 Treugarum
915 4051 1056 4091 ipsarum,
1075 4051 1237 4091 Disponen-

172 4091 243 4122 dum
261 4089 295 4122 ὃς
312 4089 521 4129 ordinandum,
537 4090 698 4123 ordinative
716 4090 897 4128 faciendum,

1271 189 1748 233 PUBLICA.
2267 205 2291 244 7

1269 274 1457 305 Pecuniarum
1475 275 1604 305 Summas
1621 276 1826 314 quascumque,
1842 287 1894 314 pro
1913 276 2122 316 Redemptione
2134 299 2144 313 ,
2161 276 2288 309 recolen-
2306 277 2381 309 Ann.
2396 275 2446 311 D.v

1229 312 1274 342 dae
1295 314 1443 343 memoriae
1457 336 1466 350 ,
1497 314 1637 351 Joharmir
1656 318 1801 352 quondam
1821 319 1983 344 Francorum
2004 320 2081 351 Regis
2099 315 2188 345 adhuc
2207 317 2288 346 debi—
2329 325 2414 353 1401.

1228 359 1267 380 tas
1279 374 1288 389 ,
1316 351 1512 393 Exigendum,
1537 353 1569 382 δε
1593 352 1669 389 super
1688 354 1825 384 solutione
1840 362 2004 384 earumdem
2022 364 2175 392 oport-unas
2192 356 2224 382 ἃ
2244 356 2288 383 so-
2306 361 2339 385 Η.
2356 367 2383 391 4.

1228 389 1355 426 len-[pnes
1374 391 1576 427 Requiiitiones
1593 389 1754 419 faciendum
1771 414 1780 429 ,
1816 392 1910 431 easque
1931 392 2068 423 pecunias
2083 402 2152 422 cum
2174 393 2289 429 quibus-

1229 437 1353 465 cumque
1373 427 1483 458 Debitis
1499 428 1606 465 liquidis
1625 428 1747 467 legitime
1767 427 2037 469 Com-pensandum,

1264 465 1307 496 Ea
1326 465 1434 504 insuper
1451 476 1515 505 quae
1534 466 1571 496 iic
1592 465 1763 503 Contracta,
1782 467 1950 507 Conventa,
1969 470 2042 500 Aeta
2062 470 2094 499 δε
2114 467 2289 498 concorda-

1228 512 1255 534 ta
1272 504 1374 535 fuerint
1392 504 1471 541 super
1490 503 1707 542 Ratificatione,
1732 504 1974 544 Confirmatioue‚
1993 510 2026 539 &
2043 507 2289 538 Corroboratione

1227 542 1369 573 &istarum
1388 543 1587 579 Treugarum,
1605 551 1651 572 aut
1670 542 1747 580 super
1763 545 1842 572 novis
1864 545 2202 585 Ligis,Requiiitionibus
2228 543 2288 574 Rc-

1225 580 1462 618 formationibus,
1480 580 1946 618 Moderationibus,Pecuniarum
1965 584 2187 620 ExactionibuS,
2221 592 2289 612 orn*

1227 618 1451 656 pensationibus,
1471 619 1503 649 &
1524 619 1694 649 solutionum
1714 619 1856 658 Requestis
1873 621 2028 660 pneditlis,
2053 626 2133 653 omni
2152 622 2290 652 Securita-

1227 665 1255 687 te
1274 657 1391 687 honesta
1408 659 1442 689 &
1460 657 1555 687 debit-<⁸1
1572 657 1670 687 nostro
1689 659 1804 687 nomine
1824 658 2028 697 Firmandurn,

1266 694 1510 732 Consimilemque
1537 696 1722 726 Securitatem
1749 707 1802 733 pro
1827 698 1910 727 nobis
1932 699 1964 729 ὃς
1990 699 2106 728 nomine
2124 699 2220 731 nostro
2238 699 2292 730 Pc-

1227 733 1362 771 tendum,
1381 733 1594 772 Stipulandum,
1610 736 1642 766 ὅ(
1663 734 1875 771 Recipiendum
1885 758 1894 773 ,

1264 771 1413 810 Necnon,
1435 772 1470 802 de
1487 774 1520 804 &
1540 772 1616 809 super
1634 774 1767 803 omnibus
1785 774 1817 803 &c
1837 774 1962 812 lingulis,
1980 774 2010 803 in
2037 775 2186 805 indenturis
2202 777 2294 814 supra-

1228 811 1311 880 gicsiis
1333 810 1478 840 Proniiffis
1492 833 1502 849 ,
1522 810 1741 841 Procedendum
1754 835 1763 849 ,
1790 811 2018 842 Examinandum
2035 835 2046 851 ,
2069 813 2102 844 ὃς
2113 814 2295 845 Concluden-

1250 858 1317 886 urn,

1234 927 1253 957 d
1268 887 1306 917 Et
1339 887 1493 925 supradicta
1526 888 1624 918 omnia
1659 887 1867 919 Perficiendum
1901 889 1934 920 ὃς
1967 888 2137 920 Executioni
2164 890 2295 920 mandan-

1256 935 1304 956 um

1268 949 1482 1003 Jur⁷andumque
1498 964 1527 993 in
1544 964 1683 994 Animam
1697 964 1839 1003 nostram,
1858 965 1936 1003 quod
1953 965 2104 1002 Tractata,
2115 966 2205 1003 Αᾶε,
2220 965 2301 996 Con-

1235 1012 1336 1041 venta,
1355 1004 1388 1034 &
1413 1002 1594 1033 Concordata
1618 1003 1741 1042 ibidem,
1760 1003 1834 1034 Rata
1849 1004 2014 1034 habebimus
2029 1006 2062 1036 &
2081 1004 2186 1042 Grata,
2205 1015 2258 1034 nec
2274 1016 2303 1035 a-

1236 1042 1324 1081 liquid
1340 1042 1553 1082 procurabimus
1570 1042 1613 1072 vel
1630 1041 1764 1072 faciemus
1780 1052 1830 1079 per
1845 1043 1922 1082 quod
1935 1043 2070 1073 Trac‘tata
2086 1044 2118 1073 δί
2133 1042 2302 1073 Concor-da·

1236 1090 1264 1125 ta
1286 1079 1447 1148 ὴυέῃιζῑηοάἰ
1467 1079 1570 1110 effectu
1593 1080 1691 1111 debito
1714 1080 1837 1112 frustrari
1861 1090 1992 1119 poterunt
2015 1081 2061 1112 seu
2086 1081 2304 1120 quomodolibet

1240 1129 1319 1157 impe
1340 1129 1391 1157 iri,

1275 1159 1474 1195 juramentum
1497 1156 1586 1187 simile
1605 1167 1621 1187 a
1641 1157 1723 1188 Parte
1743 1157 1826 1189 altera
1849 1158 1930 1189 nobis
1955 1156 2080 1196 praestari
2094 1158 2254 1190 Petendum
2270 1160 2304 1190 δε

1243 1195 1426 1232 Exigendum
1436 1217 1445 1232 ,

1282 1233 1450 1270 Caeteraque
1468 1234 1565 1263 omnia
1584 1233 1617 1264 &
1636 1234 1742 1271 singula
1761 1234 1951 1274 Faciendum,
1969 1234 2184 1274 Exercendum,
2202 1237 2235 1267 &
2250 1235 2310 1265 Ex-

1245 1272 1416 1312 pediendum
1436 1293 1445 1308 ,
1483 1281 1547 1309 quae
1565 1273 1594 1301 iri
1614 1271 1765 1303 Praemiffis
1782 1274 1815 1303 &
1834 1274 1909 1304 circa
1927 1285 1958 1304 ea
1976 1273 2125 1304 necessaria
2143 1273 2249 1304 fuerint
2265 1278 2310 1304 ieu

1246 1309 1466 1353 quomodolibet
1483 1318 1619 1346 oportuna
1637 1333 1646 1348 ,
1676 1321 1709 1341 ac
1729 1321 1793 1348 quae
1812 1311 1924 1349 qualitas
1942 1314 1975 1343 &
1994 1321 2090 1342 natura
2109 1311 2307 1350 Negotiorum

1246 1348 1401 1386 hujusmodi
1422 1357 1538 1384 exigunt
1558 1350 1752 1390 &requirunt
1767 1372 1776 1386 ,
1811 1351 1845 1380 &
1862 1359 1924 1388 quae
1944 1350 2008 1380 Nos
2026 1351 2182 1383 faceremus
2201 1350 2246 1380 seu
2266 1350 2310 1380 fa-

1247 1399 1310 1419 cere
1334 1386 1476 1424 possemus
1503 1386 1520 1415 si
1544 1388 1716 1423 perioimliter
1745 1388 1852 1417 ibidem
1873 1388 2019 1425 praesentes
2038 1389 2172 1427 eilemus,
2190 1390 2274 1420 etiam
2291 1388 2312 1419 fi

1250 1427 1311 1457 talia
1328 1427 1378 1455 lint
1395 1434 1459 1462 quae
1475 1423 1645 1454 Mandatum
1662 1427 1772 1464 exigant
1789 1436 2054 1465 quantumcumque
2070 1427 2202 1466 siccia'le,

1286 1464 1506 1500 Promittentes,
1524 1464 1552 1492 in
1575 1464 1664 1494 verbo
1686 1464 1802 1503 Regio,
1819 1464 1887 1494 Nos
1903 1464 2012 1494 Rarum
2028 1466 2060 1496 ὃς
2093 1464 2199 1495 'ratuni
2217 1475 2313 1503 perpe-

1249 1506 1300 1533 tuo
1324 1503 1469 1532 habituros
1487 1502 1621 1541 quicquid
1642 1513 1692 1540 per
1715 1503 1910 1534 Procuratores
1936 1503 2045 1533 nostros
2069 1504 2216 1540 praedictos
2233 1504 2316 1541 Qua·

1250 1550 1332 1581 tuor,
1351 1542 1384 1571 &
1407 1540 1479 1569 Tres
1499 1550 1596 1581 eorum
1621 1542 1754 1578 (quorum
1778 1542 1892 1572 alterum
1917 1542 2120 1579 praedieiorum
2136 1541 2315 1579 Episcopi&

1252 1581 1379 1610 Comitis
1403 1588 1493 1608 unum
1517 1579 1572 1609 elle
1599 1580 1739 1616 volumus)
1761 1580 1888 1617 Αξὶυιῃ,
1908 1580 2052 1617 Gestum,
2068 1580 2112 1610 seu
2128 1579 2314 1610 Procuratum

1250 1619 1333 1648 fuerit
1348 1619 1378 1647 in
1392 1616 1541 1648 Praemiffis
1556 1618 1588 1648 ὃ(
1606 1618 1718 1655 singulis
1734 1619 1960 1649 Praemissoi‘um.

1293 1682 1362 1724 Dat.
1381 1693 1430 1723 sub
1448 1692 1548 1732 Magni
1565 1693 1653 1733 sigilli
1669 1694 1757 1725 nostri
1772 1694 1973 1732 Testimonio,
2000 1694 2072 1732 apud
2090 1693 2196 1731 nasim.
2214 1694 2258 1723 xxi
2273 1692 2320 1722 die

1250 1733 1347 1773 junii,
1367 1732 1452 1762 Anno
1473 1731 1599 1762 Domini
1621 1733 1768 1765 Milelimo
1785 1756 1795 1772 ,
1822 1733 2111 1772 Qadringentefiino
2132 1732 2233 1763 Primo
2251 1744 2261 1770 3
2285 1731 2322 1761 Et

1254 1772 1349 1811 Regni
1363 1769 1452 1800 nostri
1469 1770 1612 1802 Secundo.

1744 1851 1798 1879 Per
1813 1847 1898 1888 ipfiim
1913 1851 2009 1886 Regem
2023 1852 2051 1878 itz
2067 1848 2191 1878 coni-ilio.

1587 1975 1680 2019 Super
1698 1971 1850 2005 concinam
1869 1974 1991 2018 Reginae.

1258 2058 1394 2118 HEnri
1412 2058 1473 2089 &o
1491 2068 1526 2088 au
1543 2057 1715 2088 Conestable
1732 2056 1768 2087 de
1787 2057 1881 2101 nostre
1899 2056 2014 2088 Chastel
2034 2057 2069 2087 de
2087 2057 2224 2088 Dovorre
2237 2055 2270 2086 δε
2286 2053 2322 2083 de
2341 2044 2417 2076 Arm·
2433 2043 2476 2078 D·

1335 2097 1372 2128 les
1390 2096 1477 2137 Cynk
1495 2096 1602 2134 Portz,
1619 2107 1656 2126 ou
1675 2107 1690 2126 a
1704 2096 1752 2126 son
1774 2096 1959 2134 Lieutenant,
1974 2096 2057 2126 saluz.
2364 2093 2448 2122 1401·

1300 2136 1360 2166 Por
1377 2145 1411 2166 ce
1430 2145 1485 2173 que
1503 2135 1591 2165 Nous
1608 2145 1697 2165 avons
1713 2135 1837 2164 ordenez
1855 2145 1908 2173 que
1930 2157 1940 2172 ,
1965 2134 2059 2165 nostre
2075 2133 2228 2165 Tresamee
2246 2133 2328 2164 Cou-
2344 2127 2395 2150 ‘³⁷²'
2413 2133 2439 2149 2·

1262 2174 1336 2212 fine,
1355 2173 1384 2203 la
1400 2176 1489 2227 qune
1508 2174 1579 2205 serra
1598 2173 1758 2211 Restitute,
1775 2173 1860 2203 deinz
1879 2173 1972 2211 Bries,
1989 2184 2005 2204 a
2024 2173 2073 2203 sori
2092 2172 2174 2203 Piere
2190 2173 2226 2203 de
2242 2173 2327 2203 Fran-
2345 2166 2434 2226 ἓξὲξ·

1262 2213 1438 2289 ἓῗλίηῑὲοέἐ
1456 2211 1681 2289 ssssnffifflffs
1694 2211 1934 2282 tfflissffs'ssse‘iee}
1948 2210 2041 2281 {3355
2058 2211 2327 2288 aefissffiffffffiyffii
2345 2237 2436 2265 Clerfc·

1261 2290 1368 2328 Portz,
1387 2299 1439 2328 pur
1454 2289 1576 2320 ordener
1591 2300 1645 2328 que
1659 2289 1748 2319 Trois
1765 2288 1945 2328 Balyngeres,
1967 2289 2088 2326 ovesque
2102 2287 2252 2318 Mariniers
2264 2289 2328 2325 Ap-
2346 2274 2405 2303 ΗΜ·

1261 2329 1390 2367 paraillez
1412 2338 1463 2366 pur
1501 2338 1572 2358 ceux
1587 2332 1687 2358 Rower
1710 2328 1743 2358 ὃς
1764 2331 1879 2365 Vogger,
1896 2338 1931 2358 en
1950 2326 2059 2356 defaute
2071 2325 2105 2356 de
2120 2327 2217 2364 Vent,
2242 2326 2285 2356 sur
2302 2327 2328 2356 la

1264 2367 1369 2405 Meet,
1387 2338 1609 2397 enseiniilement
1622 2367 1744 2403 ovesque
1759 2365 1842 2395 Deux
1856 2368 1958 2402 Barges
1974 2365 2098 2401 ArmeZ,
2115 2365 2201 2395 soient
2217 2364 2330 2403 prestz,

1262 2416 1299 2436 en
1316 2405 1386 2436 Port
1403 2405 1440 2435 de
1460 2405 1592 2435 Dovorre
1607 2426 1617 2442 ,
1648 2405 1675 2434 le
1695 2405 1798 2440 primer
1813 2403 1884 2442 Jour
1898 2404 1934 2433 de
1948 2402 2030 2442 Juyl,
2046 2404 2183 2440 prochein
2202 2412 2305 2434 venant
2320 2426 2330 2441 ,

1262 2444 1346 2474 saunz
1365 2442 1441 2473 nulle
1458 2442 1586 2479 defaute,
1611 2452 1664 2479 pur
1681 2442 1830 2472 Conduire
1853 2442 1871 2460 ²¹¹²
1894 2441 1989 2471 nostre
2006 2441 2048 2470 dit
2067 2439 2192 2472 Cousine
2208 2465 2217 2480 ,
2241 2442 2274 2472 &
2292 2442 2330 2473 les
2363 2449 2478 2480 ³*an

1262 2491 1354 2512 autres
1371 2489 1492 2510 venantz
1509 2491 1544 2511 en
1563 2481 1589 2511 sa
1605 2481 1818 2518 Compaignie,
1837 2489 1899 2510 vers
1916 2478 2011 2510 nostre
2028 2479 2104 2510 Ville
2119 2480 2156 2510 de
2173 2479 2266 2510 Calais
2285 2480 2328 2511 sur
2381 2497 2443 2523 205·

1262 2521 1288 2551 la
1306 2519 1476 2549 Restitution
1495 2518 1612 2557 susdite3

1300 2557 1479 2588 Entendantz
1496 2557 1532 2587 de
1546 2558 1652 2587 certein
1673 2567 1726 2594 que
1744 2566 1815 2586 nous
1831 2557 1939 2587 ferrons
1947 2557 2026 2586 avoir
2045 2566 2074 2586 as
2089 2566 2178 2594 ceux,
2195 2567 2222 2586 as
2238 2566 2328 2590 queux

1263 2596 1282 2625 il
1301 2594 1509 2634 appartiendra,
1523 2596 1622 2632 regard
1640 2605 1676 2624 en
1695 2595 1764 2625 celle
1787 2595 1879 2625 Partie
1894 2617 1904 2633 ,
1929 2604 1964 2624 en
1985 2605 2098 2625 manere
2120 2593 2329 2634 Accustuinee,

1266 2634 1304 2664 Et
1323 2644 1358 2664 ce
1376 2644 1412 2664 en
1432 2633 1508 2664 nulle
1527 2644 1640 2664 manere
1657 2645 1692 2665 ne
1708 2632 1818 2664 Leffez.

1303 2672 1383 2704 Don.
1399 2673 1461 2703 &c.
1478 2673 1532 2711 xxij
1545 2673 1628 2711 June.

1265 2801 1314 2832 De
1336 2796 1480 2832 Exitibus
1504 2799 1728 2845 ‘T'emporalium
1755 2795 1942 2843 Fpis'copatds
1980 2797 2151 2846 ijgwniae,
2172 2807 2227 2843 pro
2251 2796 2331 2840 Hos:

1612 2850 1689 2895 pitib
1711 2850 1797 2892 Regis
1817 2844 2016 2891 reservandis.

1267 2933 1390 2987 REX
1409 2933 1574 2972 Omnibus,
1591 2932 1626 2963 ad
1643 2941 1731 2970 quos,
1747 2932 1808 2962 δίε.
1827 2931 1960 2961 Salutem.

1364 2973 1462 3003 Sciatis
1477 2971 1574 3010 quod,
1592 2981 1640 3009 per
1658 2970 1860 3001 avrsamentum
1877 2969 1978 3008 Magni
1995 2967 2123 2999 Concilii
2138 2967 2242 3006 nostri,
2266 2966 2329 2998 Vo-
2351 2971 2427 3002 Αῃῃ,
2440 2970 2484 3001 Ι),

1265 3010 1360 3041 lumus
1374 3012 1407 3041 &
1424 3010 1618 3047 Ordinamus,
1635 3019 1668 3039 ex
1683 3017 1757 3038 certa
1774 3007 1887 3038 scientia
1903 3007 2015 3045 nostra,
2043 3007 2122 3044 quud
2147 3006 2278 3037 Proficua
2297 3007 2330 3037 δε
2381 3019 2467 3050 140¹·

1267 3049 1462 3079 Reventiones
1479 3049 1698 3086 Temporalium
1716 3044 1896 3083 Episcopatus
1910 3045 2106 3086 Wygorniae‚
2129 3055 2179 3083 per
2201 3045 2330 3075 Mortem
2354 3053 2406 3077 An.
2425 3060 2451 3077 2.

1269 3088 1429 3117 Tidemanni
1452 3087 1544 3117 ultimi
1567 3086 1686 3125 Episc‘opi
1707 3084 1802 3115 ibidem
1826 3085 1947 3114 vacantis
1957 3087 1986 3114 in
2003 3083 2093 3114 Manu
2106 3083 2199 3113 nostra
2215 3082 2336 3113 existen·
2355 3093 2386 3115 H.
2403 3098 2431 3120 4.

1269 3127 1360 3163 tium,
1380 3127 1410 3155 in
1434 3135 1540 3163 partem
1557 3124 1780 3163 Supportationis
1794 3122 1938 3153 Custuum
1952 3124 1986 3153 &
2001 3122 2193 3160 Expensarum
2210 3121 2335 3159 Hospitii
2356 3131 2447 3154 Pane

1269 3164 1356 3195 nostri
1375 3174 1408 3194 ac
1430 3174 1482 3202 pro
1505 3163 1651 3194 Solutione
1676 3162 1852 3192 Debitorum
1869 3160 1993 3199 ejusdem
2009 3160 2136 3198 Hospitii
2150 3159 2238 3190 nostri
2251 3160 2335 3189 dum·
2355 3169 2390 3192 H.
2409 3174 2438 3198 4.

1266 3211 1357 3239 taxat,
1377 3212 1426 3240 per
1442 3201 1641 3240 Supervisum,
1659 3200 1898 3237 Ordinationem,
1917 3201 1949 3230 &
1967 3199 2198 3236 Discretionem,
2222 3196 2336 3228 Cariffi-
2354 3210 2381 3239 p.
2404 3211 2427 3238 3⁴
2448 3208 2486 3227 m„

1268 3242 1309 3271 mi
1324 3240 1538 3278 Confinguinei
1552 3240 1640 3270 nostri
1655 3239 1762 3268 Thomae
1781 3241 1891 3267 Comitis
1909 3240 2059 3278 lnygorniae
2075 3237 2336 3275 Senescalli,dilec-
2357 3250 2383 3277 7,

1268 3280 1290 3310 ti
1304 3279 1412 3310 Clerici
1430 3278 1516 3309 nostri
1530 3278 1637 3308 Thomae
1656 3281 1735 3307 More
1750 3276 1940 3314 Thesaurarii,
1965 3278 1998 3308 δε
2015 3276 2112 3306 dilecti
2127 3276 2160 3306 &
2174 3275 2260 3305 fidelis
2275 3274 2338 3304 nos-

1268 3319 1303 3349 tri
1319 3317 1424 3348 Thomae
1440 3317 1598 3356 Brounflete
1616 3315 1883 3347 Contrarotulatoris
1896 3314 2022 3352 Hospitii
2038 3315 2210 3352 praediCti,a
2226 3323 2340 3351 tempo—

1270 3368 1300 3387 re
1321 3355 1427 3386 Mortis
1448 3356 1576 3393 praediffl
1600 3355 1754 3392 Episcopi,
1773 3353 1906 3392 quamdiu
1929 3353 2113 3390 Temporalia
2136 3352 2181 3383 illa
2203 3353 2234 3382 in
2251 3362 2336 3382 manu

1270 3394 1365 3425 nostra
1385 3396 1538 3432 contigerit
1557 3403 1719 3431 remanere,
1736 3393 1846 3429 integre
1868 3391 2038 3422 reserventur
2054 3392 2087 3423 &
2103 3390 2219 3423 fideliter
2233 3390 2338 3429 persol-

1271 3442 1369 3465 vantur

1308 3456 1456 3509 Aliqi'iibus
1476 3469 1591 3508 Talliis,
1608 3470 1686 3508 super
1708 3468 1933 3506 Temporalibus
1955 3467 2100 3506 praedietis
2122 3467 2216 3498 levatis
2238 3465 2282 3496 seu
2298 3465 2336 3495 le-

1272 3510 1370 3542 vandis
1380 3533 1389 3545 ,
1407 3509 1451 3539 vel
1467 3508 1602 3548 aliquibus
1617 3508 1875 3547 Affignationibus,
1892 3507 1971 3544 super
1987 3506 2091 3537 eisdem
2113 3504 2337 3543 Temporalibus

1272 3549 1414 3586 assignatis
1437 3548 1493 3577 sive
1515 3547 1684 3585 assignandis
1707 3557 1754 3585 per
1776 3548 1880 3584 aliquas
1901 3547 1964 3576 alias
1990 3545 2141 3584 Personas,
2156 3550 2339 3582 praeterquam

1272 3597 1322 3625 per
1339 3586 1487 3625 praefatos,
1506 3585 1711 3624 Senescallum,
1729 3584 1946 3615 Tbelaurarium
1982 3585 2015 3615 &
2031 3581 2339 3623 Contrarotulatorem,

1273 3634 1320 3656 aut
1342 3634 1431 3655 unum
1453 3624 1621 3654 eorumdem
1646 3626 1740 3662 (quas,
1759 3623 1778 3653 sl
1802 3633 1850 3661 per
1862 3623 1930 3652 alios
1945 3606 2113 3652 Cfficiarios
2129 3630 2174 3651 aut
2189 3617 2341 3660 Ministros

1274 3663 1386 3694 nostros
1407 3662 1492 3693 factae
1512 3661 1634 3701 fuerint,
1660 3662 1772 3700 penitus
1789 3661 1941 3692 disallocari
1965 3660 2107 3697 volumus)
2128 3669 2185 3689 non
2202 3655 2336 3688 obstanti-

1274 3700 1336 3733 bus.

1311 3740 1347 3771 In
1362 3739 1442 3777 cujus
1450 3761 1460 3778 ,
1476 3740 1538 3772 &c.

1313 3813 1403 3847 Teste
1422 3815 1507 3856 Rege
1523 3816 1595 3857 apud
1615 3814 1892 3856 Wstmonasterium,
1911 3813 1986 3853 xxvij
2004 3813 2049 3843 die
2062 3812 2150 3851 Junii.

1967 3891 2019 3918 Per
2033 3887 2115 3925 ipsum
2131 3889 2235 3926 Regem.

2296 4118 2354 4146 Pro
