2562 4274
35 281 110 312 Arm.
119 279 161 310 D.

54 330 65 350 i
70 329 138 359 403.

32 364 95 387 Hen-
112 369 142 394 4.

45 766 64 785 ᾗ
81 766 166 794 x7111.

61 804 124 841 328,

754 193 866 236 ET
953 193 1219 235 ACTA

216 282 262 313 I'i·
272 291 289 313 Ε
300 289 345 320 Μ,
363 280 595 318 Αρρυηᾶυαῐυῐη
613 279 654 310 est
674 280 752 318 quod
776 280 858 311 Bona
873 280 1060 319 Anglicorum
1074 302 1084 317 ,
1111 279 1236 311 arrestata

181 322 211 352 in
225 320 335 356 Sclusa,
352 319 489 349 debentur
504 318 674 354 integraliter
688 317 845 349 conservari
866 319 916 349 sub
944 327 1002 350 tuta
1022 318 1056 348 &
1079 318 1160 348 Salva
1176 318 1238 349 Cu-

180 360 286 396 stodia,
303 357 404 395 absque
418 357 537 395 ipsirum
554 357 779 387 Deterioratione
799 367 994 396 quacumque,
1012 356 1098 394 usque
1112 356 1146 385 ad
1169 366 1238 387 eun-

179 399 247 429 dem
262 397 417 427 Decimum
432 396 542 434 Diem,
561 397 594 426 ὃς
609 405 667 425 nori
682 395 809 431 dessigari
826 396 987 434 quousque,
1002 396 1105 424 eodem
1119 394 1236 425 decimo

178 437 226 467 die
240 435 405 466 adveniente
414 458 422 471 ‚
442 433 657 465 Ambaffiatores
670 434 807 471 utriusque
816 434 923 472 Partis,
940 435 1018 472 super
1025 433 1105 464 dieto
1119 434 1237 464 Arresto

177 484 242 505 ante
257 473 352 503 omnia
370 472 474 503 debent
490 472 692 511 Cognoscere,
710 474 743 504 δε
758 472 825 503 illud
841 473 1011 503 Executioni
1025 472 1175 511 mandare,
1191 473 1236 503 seu

177 513 282 543 Saltem
297 511 375 549 quod
390 513 504 542 interim
521 511 669 542 Arrestum
686 511 829 541 Bonorum
845 512 1047 549 praedietorum
1061 511 1160 541 debeat
1176 511 1238 542 Re-

176 551 275 588 laxari,
293 551 326 581 δε
342 549 420 580 Bona
437 550 555 581 Restitui
570 573 580 587 ,
607 549 728 587 praestita
751 549 894 580 Cautione
914 550 1062 581 sufficienti
1081 550 1154 587 apud
1171 549 1238 580 Bru-

180 598 247 627 ges,
264 588 300 618 de
315 597 390 619 certa
407 589 525 618 Summa
538 587 716 626 persolvenda
733 610 742 627 ,
761 588 838 619 dieta
858 588 984 620 Decima
1005 588 1068 626 die,
1086 599 1135 626 per
1157 587 1238 618 Mer-

179 636 304 665 catores,
321 637 440 665 quorum
457 627 535 656 Bona
550 626 628 664 sunt,
646 635 728 663 prout
746 637 814 657 cum
830 627 1025 666 Officialibus,
1043 627 1076 657 ad
1090 636 1161 665 quos
1175 636 1237 664 per-

177 667 264 704 tinet,
281 674 430 704 potuerunt
444 666 616 703 convenire,
635 665 654 694 si
676 665 711 695 de
729 665 796 704 Jure
817 666 979 703 hujusmodi
1010 664 1158 696 Arrestum
1178 674 1237 694 non

176 705 328 743 contigerit
341 703 444 733 eodem
456 703 586 733 Decimo
600 703 645 733 die
658 704 768 734 relaxari
777 726 786 742 ,

218 746 234 759 *
254 744 367 772 ITEM
384 762 394 779 ,
418 741 592 772 Ordinatum
615 744 648 773 ὃς
669 742 904 780 Appuntluatum
925 743 965 773 est
992 742 1070 780 quod
1094 742 1123 771 iri
1146 740 1238 779 Casu,

198 780 258 812 uod
282 780 357 810 dic'ta
380 780 458 810 Bona
479 779 603 810 Arestata
625 782 740 811 interim
763 782 864 812 fuerint
878 782 1042 812 deterIOrata
1056 803 1065 818 ,
1088 780 1238 817 supradicti

178 792 408 860 Rurgimagistri,
428 818 607 856 Advocatus,
626 819 759 857 Scabini,
777 822 811 852 ὃς
826 819 978 856 Consules,
998 827 1051 855 pro
1075 818 1238 856 hujusmodi

179 859 328 889 Bonorum
342 857 575 895 deterioratione,
595 867 722 888 tenentur
741 859 858 888 rendere
873 858 906 888 &
928 857 1102 895 satisfacere,
1124 856 1237 893 proviso

180 898 259 937 quod
276 895 323 926 fiat
339 895 493 934 Reparatio
512 896 665 926 consimilis
685 896 721 927 de
735 896 880 937 Dampnis
890 918 900 933 ‚
925 895 1004 925 illatis
1027 896 1094 924 hinc
1108 895 1141 925 δε
1156 895 1238 933 inde,

180 937 282 974 pariter
298 936 331 966 ὃς
353 935 455 965 eodem
481 944 635 973 tempore,
661 935 733 965 dum
748 944 843 964 tamen
865 938 911 964 liat
930 932 1084 964 Restitutio
1101 933 1138 963 de
1157 933 1239 964 dietis

182 975 267 1005 Bonis
281 973 426 1004 Arrestatis
441 974 471 1002 in
484 973 595 1011 Sclusa,
611 983 640 1003 ut
653 973 815 1011 praefertur,

219 1012 345 1049 ITEM,
368 1012 538 1043 Ordinatum
552 1011 593 1042 est
611 1011 690 1048 quod
710 1011 817 1048 praefati
840 1009 964 1040 Domini
985 1011 994 1046 ζ
1004 1010 1153 1049 videlicet)
1174 1010 1240 1041 Rex

182 1051 298 1090 Angliae
315 1053 349 1082 ὅτ.
373 1051 498 1081 Franciae
517 1059 570 1087 pro
591 1049 676 1080 Parte
699 1050 742 1079 sua
758 1070 767 1087 ,
791 1059 826 1080 ac
852 1050 981 1086 praefatus
1004 1049 1153 1081 Dominus
1172 1050 1241 1080 Dux

183 1089 352 1127 Burgundiae
368 1089 477 1122 Comes
490 1087 646 1124 Fiandriae‚
663 1097 696 1118 ac
719 1087 790 1118 dieti
811 1087 1039 1127 Burgimagistri,
1057 1088 1242 1127 Advocatus,

183 1128 316 1165 scabini,
336 1128 370 1157 ὃς
387 1126 523 1156 Consules
537 1135 588 1163 pro
601 1126 724 1164 ipsorum
738 1126 837 1164 Parte,
855 1127 1040 1157 transmittent
1057 1128 1172 1158 Litteras
1186 1127 1243 1158 suas

181 1175 286 1205 apertas
293 1166 327 1196 ad
337 1165 441 1195 Villam
456 1163 557 1194 Calesii
566 1166 616 1202 ,ad
631 1164 973 1204 faciendumproclamari
980 1165 1139 1204 hujusmodi
1147 1166 1244 1196 Treu-

204 1215 252 1236 arn
262 1227 272 1243 ,
295 1213 343 1242 per
357 1203 478 1233 Terram
491 1203 524 1234 &
540 1213 588 1240 per
605 1202 705 1242 Mare,
731 1203 816 1241 usque
829 1204 863 1234 ad
878 1203 989 1234 dictum
997 1204 1145 1234 decimum
1154 1204 1244 1234 Diem

227 1243 295 1274 entis
311 1242 507 1280 Novembri53
524 1241 561 1272 sic
573 1241 652 1282 quod
669 1243 800 1281 interim,
823 1242 963 1279 pendente
981 1243 1135 1280 Tractatu,
1161 1242 1245 1272 Mer-

187 1291 294 1313 catores
309 1282 343 1311 &
358 1280 403 1311 alii
418 1281 579 1320 quicunque
592 1291 640 1318 per
657 1279 798 1318 Terram,
817 1282 851 1312 &
868 1290 917 1318 per
942 1279 1026 1310 Mare
1043 1303 1052 1319 ,
1074 1281 1165 1310 libere
1181 1290 1247 1318 pos-

187 1322 240 1351 fint
263 1320 303 1349 ire
322 1321 355 1351 δε
373 1318 480 1357 redire,
500 1319 519 1349 fi
531 1319 617 1349 dietae
640 1318 697 1348 diei
720 1318 911 1355 Affignationi
929 1319 1039 1356 praefati
1053 1318 1178 1349 Domini
1196 1330 1246 1349 ve-

184 1359 237 1390 lint
251 1358 411 1389 consentire
418 1380 427 1395 ,
434 1358 467 1389 &
475 1357 551 1388 suam
568 1357 742 1388 voluntatem
751 1366 813 1387 ante
821 1358 948 1395 primurn
956 1357 1034 1387 diem
1045 1357 1143 1388 mensis
1152 1357 1248 1389 Oeco-

186 1399 244 1428 bris
256 1398 284 1427 in
301 1396 372 1426 Villa
387 1396 486 1426 Calesii
502 1395 657 1432 declarare,

227 1435 281 1473 Et,
300 1436 329 1464 in
343 1433 416 1464 Casu
432 1445 489 1471 quo
507 1443 597 1472 partes
612 1433 756 1464 assentiant
771 1457 780 1473 ,
799 1441 864 1465 ante
885 1434 996 1465 dietum
1011 1436 1139 1472 primurn
1154 1434 1232 1465 diem
1242 1457 1251 1473 ,

188 1474 275 1505 dictae
292 1473 347 1503 diei
369 1471 578 1511 Affignationi,
597 1480 627 1503 ut
647 1473 793 1512 praefertur
844 1481 948 1504 extunc
966 1474 1128 1511 hujusmodi
1146 1474 1251 1504 Literae

191 1521 271 1543 certo
285 1511 349 1549 die,
367 1519 452 1548 prout
468 1510 638 1549 limitando,
656 1512 684 1541 iri
706 1511 781 1542 Villa
797 1496 917 1550 Calesii,
946 1511 978 1542 ὃ(
994 1513 1024 1541 in
1043 1512 1156 1549 singulis
1179 1512 1250 1542 Por-

189 1553 272 1582 tubus
288 1550 404 1587 Angliae
417 1551 451 1580 &
466 1549 621 1589 Flandriae,
640 1560 709 1581 curn
724 1552 807 1580 omni
827 1551 966 1581 celeritate
980 1549 1085 1581 debent
1099 1551 1253 1589 publicari,

190 1601 226 1621 ac
246 1589 440 1626 subsequenter
460 1588 549 1620 Partes
563 1588 760 1619 informabunt
780 1589 807 1620 se
826 1590 862 1620 de
886 1588 1028 1626 Dampnis
1044 1589 1140 1628 illatis,
1157 1600 1191 1621 ac
1212 1590 1249 1620 de

189 1627 413 1668 quibuscumque
432 1627 615 1666 Attemptatis
634 1638 683 1665 per
702 1635 848 1666 utramque
862 1626 994 1666 Partem,
1012 1629 1046 1660 &
1061 1628 1191 1659 Personae
1209 1629 1252 1659 ul-

191 1669 239 1697 tro
255 1667 402 1705 citroque,
421 1676 483 1704 quae
503 1666 641 1704 Dampna
653 1666 819 1706 intulerunt,
837 1665 1006 1697 Citabuntur
1021 1666 1055 1705 ad
1071 1666 1251 1705 Comparen-

192 1705 263 1735 dum
276 1705 354 1735 dicta
368 1704 482 1735 decima
495 1704 570 1743 Die,
588 1704 774 1743 Responsurae
788 1706 867 1743 super
882 1703 1043 1743 hujusmodi
1063 1705 1205 1744 Dampnis
1219 1707 1251 1737 il-

192 1744 270 1781 latis,
288 1743 320 1774 &
338 1743 414 1782 super
429 1743 653 1783 quibuscumque
666 1745 726 1774 aliis
739 1742 934 1783 Attemptatis,

229 1781 286 1820 Et,
302 1780 525 1824 advoluntatem
542 1782 742 1814 Dominorum
760 1784 795 1814 &
807 1782 908 1814 Patriae
926 1783 1154 1822 cognoscendam
1173 1783 1254 1822 super

191 1821 267 1852 dista
283 1820 350 1850 Diei
366 1820 572 1860 Assignatione,
591 1822 633 1852 est
651 1822 902 1860 Appunrstuatum,
920 1822 992 1852 inter
1008 1821 1099 1853 Partes
1107 1822 1254 1861 praefatas,

191 1859 288 1900 quod,
304 1860 374 1890 citra
391 1860 539 1898 praefatum
557 1861 682 1898 primum
700 1861 778 1891 diem
795 1861 895 1891 mensis
910 1859 1047 1891 oetobris
1066 1862 1199 1899 proximo
1208 1861 1254 1892 fu-

190 1907 303 1935 turum,
323 1897 418 1929 Partes
435 1898 580 1936 praeditffie
596 1898 798 1937 notificabunt,
816 1901 846 1929 in
858 1898 932 1930 Villa
947 1898 1063 1937 Calesii,
1081 1900 1197 1931 Locum
1212 1909 1254 1931 te-

192 1938 271 1968 nenti
288 1935 411 1974 ejusdem
428 1936 513 1967 Villae
531 1937 698 1976 (videlicet)
719 1937 835 1976 quilibet
850 1948 903 1975 pro
910 1946 985 1978 parte
1001 1937 1254 1976 sua,Voluntatem

193 1975 396 2007 Dominorum
418 1976 621 2013 praedictorum
636 1999 645 2015 ,
670 1976 691 2007 fi
718 1977 806 2007 diCtae
831 1976 900 2007 Diei
926 1975 1118 2014 Affignationi
1147 1979 1182 2009 &
1199 1977 1257 2009 aliis

197 2012 349 2047 Praemiffis
367 2013 454 2044 velint
472 2014 647 2054 consentire,

233 2054 290 2090 Et,
308 2050 429 2094 in'Casu
442 2063 500 2091 quo
514 2054 641 2091 praefatus
656 2053 803 2084 Dominus
815 2053 886 2084 Dux
902 2053 1009 2084 Comes
1024 2053 1160 2087 Flandriae
1174 2065 1257 2087 recu-

194 2092 295 2125 saverit
310 2098 421 2134 {mttere
435 2092 498 2122 suos
513 2092 725 2123 Anibaxiatores
746 2093 779 2123 &
791 2092 925 2123 Nuncios
946 2103 998 2131 pro
1014 2093 1152 2125 Tractatu
1166 2094 1259 2133 hujus-

197 2132 295 2169 modi,
313 2127 383 2158 dieti
400 2129 536 2168 Burgima
557 2131 820 2170 istri,Advocatus‚
838 2131 1014 2170 Scabini,&
1024 2131 1163 2164 Consules
1171 2142 1258 2165 trans-

196 2173 341 2202 mitterent
354 2166 416 2199 suos
430 2169 526 2200 Amba
550 2179 649 2202 iatores
667 2170 701 2201 &
721 2169 872 2209 Nuncios,
891 2170 927 2201 ad
946 2170 1053 2201 dietam
1076 2170 1182 2202 Villam
1200 2172 1258 2203 Ca-

196 2211 254 2242 lefii
268 2234 278 2246 ‚
309 2205 345 2236 ad
369 2208 569 2240 Tractandum
598 2209 677 2248 super
704 2208 893 2247 Reparatione
918 2208 1164 2247 Attemptatorum
1191 2221 1259 2250 por-

198 2250 364 2284 rectorum,
381 2248 626 2287 &imposterum
646 2256 676 2280 ut
691 2248 853 2287 praefertur,
873 2248 1121 2286 porrigendorum.

234 2288 306 2318 ΙΤΕ
318 2298 365 2326 Μ,
384 2288 424 2319 est
442 2288 680 2326 Appundtuatum
700 2287 781 2326 quod
800 2287 1021 2317 Ambaffiatores
1035 2288 1171 2327 utriusque
1189 2288 1258 2321 Par-

196 2325 234 2357 tis
251 2327 375 2364 ipsorum
390 2327 468 2357 bona
485 2326 539 2357 fide
553 2326 659 2357 facient
672 2335 791 2356 ornnem
809 2325 987 2363 diligentiam
1001 2326 1125 2364 ipsorum
1140 2327 1257 2365 poffibi-

198 2364 275 2402 lem,
293 2376 345 2403 pro
362 2366 544 2396 Liberatione
571 2364 746 2396 Piscatorum
772 2364 908 2404 utriusque
923 2364 1011 2395 Partis
1026 2387 1035 2403 ,
1060 2367 1094 2397 ὃς
1109 2366 1258 2406 praesertim

199 2403 359 2434 Mulierum
375 2412 520 2441 captarum
535 2404 565 2433 in
580 2413 660 2434 novo
678 2403 786 2441 Portu,
803 2404 836 2434 δε
850 2403 971 2440 ipsarum
987 2403 1192 2443 Familiaribus,
1217 2407 1258 2436 ci-

197 2442 363 2487 tra'dictum
381 2443 507 2481 primum
525 2441 604 2472 diem
623 2441 724 2472 menfis
741 2441 896 2481 Octobris,
913 2441 960 2472 seu
973 2441 1088 2473 celerius
1101 2443 1121 2473 si
1139 2443 1260 2483 fieripo-

199 2487 272 2511 terit.

238 2556 272 2587 In
292 2568 414 2596 quorum
427 2550 560 2588 omnium
582 2549 799 2588 Testimonium
814 2581 824 2595 ‚
849 2556 959 2594 praefati
981 2556 1197 2589 Ambaffiatores
1213 2558 1258 2589 seu

197 2595 235 2627 N
238 2598 316 2627 uncii
332 2597 467 2627 Flandriae
481 2595 644 2633 praesentem
657 2595 840 2625 Indenturarn
854 2595 972 2632 propriis
984 2597 1115 2626 manibus
1133 2597 1259 2635 signave-

156 2640 157 2643 ’
197 2643 282 2673 runt,
302 2645 371 2665 cum
387 2635 414 2666 A
435 2635 619 2672 positionibus
638 2633 806 2670 Sigillorum
829 2633 975 2670 cujussibet
993 2635 1178 2673 eorumdem,
1196 2634 1260 2666 An-

200 2683 256 2712 no,
275 2672 392 2712 Mense,
411 2645 444 2705 gc
459 2673 519 2703 Die
533 2671 703 2710 supradietis.
1022 2703 1026 2708 .

237 2751 320 2782 Will.
337 2753 397 2781 Van
413 2750 572 2789 Ravqsboot‚
745 2748 892 2787 Paeldum,

237 2793 272 2820 R.
291 2789 456 2827 Scoorlinch‚
746 2786 876 2824 Ubourgo.

238 2832 320 2859 Dav.
338 2829 370 2858 de
386 2829 504 2866 Zoneir,

749 2828 793 2855 Su.
811 2825 932 2865 Qerca.
948 2825 986 2864 J.

369 2955 419 2986 De
438 2949 548 2996 Castris
565 2954 596 2983 in
611 2947 751 2996 partibus
764 2949 874 2984 Williae
890 2947 1092 2993 custodiendis.

179 3066 186 3074 .
209 3039 352 3093 REX,
367 3037 531 3071 Venerabili
548 3037 578 3067 in
592 3034 712 3066 Christo
726 3034 822 3073 Patri,
838 3036 873 3064 G.
892 3033 991 3065 eadem
1004 3034 1104 3065 Gratia
1118 3057 1128 3074 ,
1153 3034 1262 3075 Epifio-

280 3085 315 3116 po
330 3076 503 3117 Menevenfi,
521 3075 653 3106 Salutem.
903 3112 909 3117 .

245 3117 430 3148 Advertentes
445 3115 525 3146 Mala
537 3115 570 3146 ὃς
586 3111 730 3151 Pericula,
746 3121 810 3150 quae
824 3110 922 3142 Nobis
936 3112 969 3142 &
984 3111 1091 3150 Regno
1106 3110 1262 3149 nostro,ac

210 3156 309 3193 Ligeis
321 3153 424 3184 nostris
441 3155 564 3191 partium
577 3151 710 3188 Walliae,
737 3160 787 3188 per
810 3149 987 3187 inprovidam
1010 3149 1179 3180 Custodiam
1204 3149 1262 3180 Ca-

136 3220 143 3228 .
182 3220 187 3226 .
208 3195 330 3225 strorum
346 3194 376 3222 in
391 3191 495 3222 eisdem
511 3191 657 3228 Partibus,
674 3190 826 3227 praesertim
841 3188 953 3218 instanti
975 3187 1145 3218 Rebellione
1167 3191 1262 3218 Owini

69 3707 182 3735 *⁸an

66 3751 74 3769 Κ
89 3755 161 3783 3292

207 3231 376 3271 Glendourdy
388 3230 421 3260 &
435 3230 554 3298 {iorum
569 3228 695 3259 Partium
709 3228 820 3259 illarum
837 3227 952 3257 durante
961 3249 971 3265 ‚
987 3226 1079 3257 forsan
1103 3226 1198 3265 (quod
1213 3227 1262 3257 ab-

209 3272 240 3303 sit
279 3272 391 3300 evenire
418 3278 437 3297 0
463 3276 510 3298 ent
578 3300 580 3303 ,

243 3271 281 3340 ])Ξ,ῑ
298 3279 423 3339 νοΙεηῑὲε
441 3289 559 3344 proin'de
575 3303 737 3343 hujusmodi
756 3303 842 3335 Malis
860 3303 1052 3342 &Periculis,
1069 3310 1202 3344 quatenus
1210 3312 1263 3341 po*

205 3349 317 3380 terimus
337 3345 468 3384 (favente
484 3344 633 3381 Domino)
655 3353 831 3382 praecavere,

243 3386 337 3418 Vobis
352 3406 362 3423 ,
387 3382 536 3413 districtius
561 3391 620 3420 quo
638 3380 785 3421 poffumus
802 3405 813 3419 ,
837 3380 1013 3420 InJ‘ungimus
1032 3381 1065 3412 δε
1089 3380 1263 3411 Mandamus

207 3425 305 3465 quod,
324 3433 378 3461 pro
399 3421 579 3457 Munitione,
597 3420 631 3449 &
645 3418 831 3458 Gamistura,
850 3429 884 3450 ac
907 3419 979 3449 salva
993 3421 1027 3451 δε
1049 3420 1143 3452 secura
1156 3419 1264 3450 Custo-

207 3464 256 3496 dia
273 3463 365 3493 Castri
378 3459 461 3492 vestri
474 3459 510 3488 de
527 3457 707 3525 Laghadffn,
719 3459 748 3500 in
760 3458 888 3501 partibus
901 3457 1065 3501 praedidtis,

246 3501 376 3540 Utpove,
394 3501 424 3530 in
444 3497 572 3529 Personis
596 3494 642 3525 De
655 3494 819 3526 entabihbus
833 3518 844 3534 ,
869 3495 1043 3527 ViCtualibus
1056 3519 1066 3535 ,
1090 3495 1265 3535 Armaturis,

211 3540 353 3572 Artillariis
368 3561 378 3577 ,
404 3539 437 3569 &
452 3537 585 3567 omnibus
599 3533 657 3564 aliis
678 3533 777 3564 Rebus
791 3555 802 3571 ‚
826 3543 878 3571 pro
896 3533 1057 3572 hujusmodi
1081 3534 1265 3573 Munitione,

215 3578 381 3610 Garnistura
397 3599 407 3615 ‚
427 3576 461 3607 &
482 3573 619 3605 Custodia
632 3571 753 3609 ejusdem
767 3571 858 3602 Castri
873 3572 1028 3603 neceffariis
1041 3575 1075 3605 &
1086 3575 1249 3612 oportunis,

248 3618 358 3648 Taliter
373 3617 407 3647 &
422 3617 483 3646 tam
496 3613 615 3643 discrete
636 3610 760 3641 ordinari
779 3611 884 3641 faciatis
896 3634 906 3649 ,
930 3613 986 3650 ne,
1011 3622 1059 3649 per
1074 3612 1158 3641 vestri
1174 3612 1265 3643 Defe-

212 3657 312 3694 ‹Stum,
329 3655 487 3691 Incuriam,
505 3660 553 3683 aut
563 3649 798 3688 Negligentiam,
814 3649 861 3679 seu
878 3649 991 3687 propter
1006 3649 1195 3687 improvidam
1203 3649 1266 3681 Cu„

214 3695 337 3725 stodiam
353 3693 424 3722 dieti
438 3691 550 3728 Castri,
569 3691 586 3707 a
604 3689 773 3725 Dampnum
790 3695 838 3718 aut
862 3687 1022 3719 Periculum
1037 3689 1143 3719 ibidem
1158 3690 1267 3719 eveniat

277 3734 317 3763 vis
330 3731 438 3762 modo·

216 3744 289 3802 qugt
303 3772 377 3808 hoc,
394 3754 445 3800 sub
458 3767 549 3798 Poena
561 3764 724 3798 Amiffionis
743 3766 777 3796 ὃς
804 3763 997 3794 Ροῐίεῐειᾶυπε
1015 3764 1109 3796 Castri
1129 3764 1215 3804 illius,
1233 3776 1267 3796 ac

214 3810 441 3845 Dominiorurn,
459 3806 674 3842 Maneriorum,
692 3803 863 3840 Terrarum,
882 3802 1146 3846 Tenementorum,
1165 3804 1269 3835 &alia-

220 3858 285 3880 rum
307 3846 512 3878 Poffeffionum
523 3868 534 3884 ,
555 3845 590 3875 ad
610 3843 687 3874 idem
707 3841 849 3877 Castrum}
869 3842 1069 3879 pertinentium
1081 3865 1093 3882 ,
1117 3842 1270 3874 nullatenus

222 3895 365 3918 omittatis,

260 3924 347 3956 Teste
361 3924 446 3963 Rege
457 3922 531 3962 apud
545 3923 670 3962 Wygorn.
688 3921 792 3952 octavo
806 3918 852 3949 die
866 3916 1046 3957 Septembris.

769 3997 821 4027 Per
829 3993 913 4048 ipsi‘tm
927 3994 1067 4033 Regem&
1082 3997 1234 4028 Concilium.

1313 192 1779 242 PUBLICA;
2291 214 2342 259 53·

1278 316 1441 350 Consimilia
1455 319 1550 350 Brevia
1566 322 1724 366 diriguntur
1746 325 1918 362 subscriptis,
1937 335 1989 363 pro
2010 321 2147 356 Custodia
2169 326 2334 360 Castrorum
2350 326 2426 358 Anu·
2442 329 2479 359 s).

1390 357 1502 388 suorum
1518 359 1754 400 subscriptorum,
1772 363 1821 393 sub
1836 364 1936 395 eadem
1953 364 2044 402 Data,
2062 366 2213 403 videlicet,
2380 375 2462 404 1403.

1277 431 1442 509 ῃγζὲἓῖῑριζιὶ
1458 434 1551 464 Tochet
1566 439 1682 466 Domino
1695 438 1726 466 de
1743 439 1882 479 Audeby,
1899 451 1952 478 pro
1966 441 2106 472 Custodia
2120 441 2213 472 Castri
2227 442 2263 473 de
2282 443 2335 475 La·
2352 408 2380 431 H
2391 417 2415 432 a*
2435 415 2462 439 4·

1318 484 1474 557 Henricgf'le
1488 514 1565 550 Scrop
1580 511 1712 542 Chivaler
1730 552 1734 558 ,
1751 523 1801 550 pro
1815 514 1950 547 Custodia
1970 517 2061 548 Castri
2077 519 2112 549 de
2128 518 2284 558 Lagherne.

1315 548 1439 588 Johanm
1457 549 1619 589 Pauncafot,
1631 561 1692 596 >pro
1707 535 1847 582 Custodia
1866 553 1958 584 Castri
1972 556 2006 586 de
2023 557 2188 596 Cryltlioell.

1316 586 1422 625 Jacobo
1440 588 1567 629 Berkeley
1584 588 1733 626 chtvaler,
1750 600 1803 626 pro
1821 590 1966 624 ,Custodia
1984 593 2073 625 Casti-i
2088 596 2123 626 de
2139 596 2272 627 Tretour.

1316 624 1459 655 lVillielmo
1483 627 1650 665 Beauchamp
1670 626 1804 659 Chivaler
1819 651 1829 665 ,
1856 638 1908 665 pro
1934 629 2071 662 Custodia
2100 634 2267 665 Castrorum
2299 636 2334 666 de

1280 663 1444 704 Beroeveny
1460 665 1493 695 &
1510 665 1616 696 Harald
1633 665 1741 705 Ewyas.

1279 687 1541 770 ῦζέἕῖιιὲῂΝευίίί
1561 705 1592 733 de
1614 703 1766 733 Furnivale
1788 703 1918 734 Chivaler
1934 728 1944 743 ,
1966 715 2017 743 pro
2031 707 2167 740 Custodia
2188 711 2282 742 Castri
2298 711 2335 743 de

1315 750 1449 808 Nichllaelao'
1462 781 1632 820 Mangomery
1647 778 1796 818 Chivaler,
1815 790 1869 817 pro
1889 780 2026 812 Custodi-a
2043 782 2131 814 Castri
2147 785 2182 815 de
2197 786 2335 827 Erdessey.

1315 816 1458 846 Edwardo
1474 817 1602 846 Cherlton
1617 818 1649 847 de
1666 820 1763 858 Powys
1776 817 1922 857 Chivaler,
1939 830 1992 857 pro
2011 820 2147 853 Custodia
2171 823 2334 856 Castrorum

1278 854 1314 885 de
1332 853 1458 894 Carlyon
1473 856 1507 886 &
1521 855 1598 885 Usk.

1279 892 1608 972 &ngssiclizaeominae
1621 893 1841 934 Despenftffipro
1855 894 1991 928 Custodia
2005 894 2169 929 Castrorum
2183 899 2217 929 de
2225 899 2338 940 Carfilly

1281 969 1445 1039 bez-abarim
1460 970 1627 1001 Cornewaill
1638 970 1787 1010 chivaler‚
1811 981 1865 1010 pro
1889 972 2028 1004 Custodia
2050 973 2143 1005 Castri
2166 975 2202 1006 de
2220 975 2338 1008 Mener-

1317 1046 1423 1076 Thomae
1437 1051 1533 1077 comiti
1549 1051 1709 1078 Wzrrwicae
1725 1071 1736 1088 ,
1759 1058 1812 1086 pro
1834 1048 1972 1080 Custodia
1991 1049 2161 1082 Castrorum
2175 1051 2212 1083 de
2230 1052 2341 1093 Payne-

1283 1084 1377 1116 castell
1392 1087 1425 1117 δε
1441 1086 1476 1116 de
1491 1085 1586 1124 Royll.

1284 1127 1415 1192 doAnnae
1432 1128 1556 1155 Dominae
1574 1125 1606 1155 de
1622 1125 1763 1165 Staffbrd‚
1780 1135 1835 1164 pro
1854 1126 1992 1158 Custodia
2011 1127 2104 1159 Castri
2127 1128 2162 1160 de
2179 1129 2337 1170 Huntyng-

1324 1173 1352 1192 n.

1324 1198 1446 1230 Waltero
1459 1203 1526 1229 Fitz
1541 1203 1655 1231 Wauter
1666 1201 1796 1233 Chivaler
1804 1226 1813 1241 ,
1832 1213 1883 1241 pro
1891 1203 2030 1235 Custodia
2045 1203 2211 1236 Castrorum
2217 1206 2252 1237 de
2260 1207 2341 1246 Lyn-

1285 1237 1359 1268 hales
1383 1239 1416 1269 δε
1433 1239 1468 1268 de
1485 1238 1624 1270 Dorston.

1289 1276 1450 1353 Ρυῖἓιζῗηηὶ
1465 1279 1555 1307 Briau
1570 1280 1675 1307 Baroni
1685 1278 1717 1308 de
1732 1278 1870 1318 Burf‘ml,
1897 1290 1948 1318 pro
1963 1280 2102 1312 Custodia
2127 1281 2219 1313 Castri
2230 1282 2266 1314 de
2281 1283 2345 1315 Ste-

1325 1356 1430 1383 Briano
1445 1353 1477 1382 de
1492 1356 1661 1392 Brampton,
1678 1364 1731 1391 pro
1747 1353 1885 1386 Custodia
1905 1355 1996 1387 Castri
2011 1358 2046 1389 de
2058 1357 2222 1397 Brampton.

1324 1391 1454 1430 Johanni
1467 1391 1591 1422 chandos
1610 1392 1757 1432 chivaler,
1772 1404 1823 1432 pro
1841 1393 1980 1426 Custodia
1995 1394 2087 1427 Castri
2105 1397 2140 1428 de
2155 1397 2310 1429 Snowdon.

1503 1521 1562 1552 Pro
1581 1516 1798 1562 Ambaffiatore
1824 1523 1910 1566 Regis
1929 1523 2115 1569 Portugaliae.

1296 1602 1420 1673 RElX
1436 1603 1586 1635 Universis
1598 1605 1632 1636 &
1651 1604 1764 1643 singulis
1784 1604 1946 1636 Admirallis
1957 1629 1968 1644 ,
1988 1607 2051 1638 &c-
2069 1607 2103 1638 ad
2117 1618 2204 1648 quos,
2218 1609 2278 1640 &c-
2291 1609 2348 1642 *Sa-
2366 1611 2442 1645 Ann.
2456 1614 2498 1645 D,

1384 1652 1470 1674 utem.

1331 1682 1504 1716 Mandamus
1519 1682 1600 1712 vobis
1616 1681 1695 1720 quod
1707 1681 1867 1720 Johannem
1880 1685 1995 1713 Gomecii
2008 1684 2040 1713 de
2054 1684 2152 1723 Silva,
2366 1662 2477 1727 5245?

1331 1720 1572 1755 Ambaffiatorem
1588 1720 1721 1751 cariffimi
1735 1721 1837 1751 Fratris
1852 1721 1938 1751 nostri
1952 1726 2029 1759 Regis
2044 1723 2224 1763 Portugaliae,
2244 1725 2274 1755 in
2289 1725 2351 1756 Re·
2368 1736 2403 1759 H.
2434 1741 2462 1765 4-

1292 1773 1382 1804 gnum
1397 1759 1526 1790 nostrum
1540 1759 1652 1798 Angliae
1662 1782 1671 1797 ,
1686 1759 2078 1800 procertisNegotiis,ipsum
2087 1762 2211 1794 Fratrem
2221 1764 2348 1795 nostrum
2369 1773 2455 1796 Franc.
2472 1777 2501 1803 4.

1293 1812 1327 1833 ac
1348 1802 1456 1838 Ligeos
1471 1799 1504 1829 ὃς
1516 1797 1650 1828 Subditos
1662 1797 1724 1828 suos
1743 1799 1934 1836 tangentibus,
1951 1800 2061 1830 ibidem
2087 1802 2282 1841 expediendis,
2300 1813 2349 1841 per
2367 1812 2402 1835 H.
2413 1818 2439 1843 4.
2449 1816 2486 1835 m„

1293 1837 1557 1907 eundemstFratrem
1571 1836 1699 1867 nostrum
1714 1846 1804 1875 nuper
1816 1836 1984 1868 destinatum
1995 1860 2006 1876 ,
2031 1838 2065 1869 ὃς
2079 1840 2109 1869 in
2123 1841 2226 1871 eodem
2245 1841 2350 1881 Regno
2374 1854 2416 1881 14.
2481 1837 2486 1841 ¹

1297 1880 1351 1910 'am
1368 1879 1411 1908 exi
1438 1884 1532 1906 entem
1543 1897 1553 1913 ,

1291 1890 1302 1917 J
1333 1918 1395 1957 Qii
1413 1914 1503 1947 versus
1518 1922 1605 1951 partes
1626 1913 1813 1954 Portugaliae,
1833 1914 1962 1946 Licentia
1969 1915 2061 1947 nostra
2076 1916 2237 1956 mediante,
2256 1919 2284 1949 iri
2292 1928 2357 1958 pro-

1297 1957 1380 1987 ximo
1393 1955 1433 1986 est
1448 1953 1626 1992 profecturus
1635 1976 1645 1991 ,

1336 1994 1371 2025 In
1385 1994 1480 2032 aliquo
1495 1992 1633 2022 Portuum
1646 1990 1718 2022 dieti
1734 1991 1832 2030 Regni
1848 1991 1953 2031 nostri,
1971 1993 2020 2023 ubi
2041 1993 2090 2024 sibi
2107 1993 2241 2032 placuerit
2252 2016 2263 2035 ,
2287 2006 2356 2028 cum

1298 2033 1481 2064 Hominibus
1496 2031 1529 2061 &
1543 2030 1735 2061 Servientibus
1749 2030 1818 2069 suis,
1837 2031 2032 2062 Familiaribus
2046 2055 2056 2069 ,
2079 2043 2112 2063 ac
2127 2032 2232 2073 Equis,
2258 2035 2358 2074 Bonis,

1298 2073 1398 2104 Rebus
1412 2094 1422 2108 ,
1445 2072 1479 2103 &
1494 2069 1633 2100 Hernesiis
1656 2068 1709 2099 suis
1729 2068 1953 2109 quibuscumque
1975 2071 2005 2100 in
2025 2069 2172 2102 Comitiva
2191 2072 2253 2112 sua,
2269 2073 2361 2105 versus

1298 2120 1387 2150 partes
1398 2107 1545 2148 praediffitas
1559 2107 1647 2138 libere
1664 2107 1697 2138 &
1711 2107 1814 2146 absque
1831 2108 2039 2146 impedimento
2053 2109 2164 2148 aliquo,
2184 2120 2229 2141 aut
2251 2111 2361 2143 Manti-

1299 2160 1417 2188 carum,
1435 2147 1627 2184 Valesiorum,
1646 2145 1701 2178 five
1716 2146 1873 2177 Literarum
1887 2147 1996 2178 suarum
2003 2149 2359 2188 aperitione,tranfireper-

1300 2189 1428 2226 mittatis3
1446 2187 1539 2255 aligfio
1551 2184 1692 2216 Mandato
1713 2184 1811 2216 nostro
1823 2208 1834 2224 ,
1859 2186 1944 2216 vobis
1963 2187 2037 2224 prius
2055 2188 2085 2216 in
2099 2189 2271 2219 contrarium
2284 2190 2359 2219 dire-

1300 2229 1351 2259 eto
1386 2236 1445 2257 non
1461 2235 1480 2255 o
1527 2232 1606 2255 ante·
1685 2254 1687 2257 ,

1337 2250 1515 2296 D⁷umtamen
1526 2247 1616 2302 aliqu⁷a
1627 2262 1727 2293 Nobis
1741 2262 1787 2293 seu
1805 2261 1909 2302 Regno
1921 2262 2018 2294 nostro
2027 2262 2140 2302 Angliae
2158 2263 2358 2302 praejudicialia

1298 2303 1397 2336 secum
1410 2313 1470 2334 non
1483 2301 1607 2332 deferant
1621 2303 1722 2340 quovis
1736 2300 1835 2331 modo.

1335 2342 1369 2373 Iri
1388 2343 1483 2379 cujus,
1499 2341 1560 2372 &c.

1372 2380 1461 2412 Teste
1476 2379 1557 2418 Rege
1574 2377 1648 2416 apud
1663 2379 1786 2417 Wygorn.
1803 2387 1884 2408 nono
1900 2378 1946 2408 die
1960 2378 2142 2416 Septembris.

1300 2510 1359 2541 Pro
1384 2504 1460 2538 ditio
1489 2506 1584 2550 Rege,
1621 2499 1657 2533 de
1674 2498 1841 2542 Navibus,
1870 2503 1949 2546 Vafis
1976 2505 2014 2540 &¹
2044 2502 2243 2548 illercandtfi's
2266 2502 2361 2547 Resti-

1765 2548 1894 2583 tuendis.

1299 2640 1386 2696 RE
1395 2639 1427 2670 X
1446 2637 1595 2669 Universis
1607 2637 1640 2668 &
1652 2635 1764 2673 singulis
1777 2634 1955 2674 Admirallis,
1972 2637 2033 2668 &c.
2058 2637 2190 2668 Salutem.
2372 2637 2450 2671 Ann.
2465 2639 2505 2670 D.

1408 2678 1485 2714 Quia
1505 2677 1603 2706 datum
1627 2675 1666 2705 est
1694 2674 1778 2704 nobis
1797 2673 1920 2713 intellegi
1942 2675 2018 2712 quod
2043 2677 2221 2715 quamplures
2240 2676 2353 2714 Naves,
2394 2687 2479 2717 1403.

1299 2716 1388 2754 Vasa,
1406 2716 1502 2752 Bona,
1519 2716 1552 2746 &
1568 2713 1773 2756 Mercandiste,
1792 2711 1950 2751 Ligeorum
1965 2713 1998 2743 &
2020 2713 2204 2745 Subditorum
2224 2715 2352 2745 cariffimi
2369 2720 2422 2744 An.
2442 2727 2471 2753 4.

1300 2755 1400 2785 Fratris
1412 2754 1498 2785 nostri
1514 2753 1604 2790 Regis
1618 2751 1803 2790 portugaliae,
1822 2761 1872 2788 per
1880 2750 2014 2789 quosdam
2023 2752 2180 2790 Ligeorum
2189 2752 2352 2784 nostrorum
2371 2760 2406 2783 H.
2429 2765 2459 2790 4.

1300 2803 1390 2831 nuper
1402 2792 1482 2831 supra
1497 2791 1580 2822 Mare
1599 2799 1697 2829 capta,
1729 2829 1734 2834 Ι
1955 2829 1960 2834 ¹
2059 2829 2064 2834 .
2086 2820 2087 2823 ,
2155 2830 2160 2835 .

1335 2832 1372 2862 Et
1394 2832 1429 2862 ad
1446 2831 1521 2862 varia
1535 2830 1635 2861 Portus
1650 2831 1684 2861 &
1702 2828 1753 2859 alia
1772 2827 1852 2872 Loca
1867 2827 1962 2867 Regni
1976 2827 2187 2866 nostriAngliae
2203 2829 2288 2862 dueta
2297 2831 2357 2861 fue-

1301 2865 1963 2943 rurConglialbllssertissiaal‘riihubellligeagssigrgrzlffuildt’er
1989 2904 2161 2936 carissimum
2181 2905 2360 2948 Consangui-

1300 2957 1389 2978 neum
1404 2946 1529 2977 nostrum
1544 2945 1707 2975 Richardum
1725 2954 1811 2982 nuper
1829 2946 1924 2981 Regem
1939 2943 2051 2980 Angliae
2060 2943 2298 2975 Praedecessorem
2307 2955 2360 2975 no-

1300 2985 1388 3016 strum
1402 2987 1435 3017 &
1451 2984 1601 3022 praefatum
1618 2983 1742 3014 Fratrem
1756 2982 1884 3013 nostrum
1897 2982 2028 3012 initarum
2042 2983 2075 3012 ὃς
2090 2984 2333 3021 continuat-arum,

1340 3025 1360 3044 *
1381 3024 1474 3055 Vobis
1489 3022 1670 3059 mandamus,
1689 3020 1840 3051 distrieniis
1852 3030 1908 3059 quo
1922 3020 2067 3057 possumus
2075 3019 2358 3060 Injungentes,quod
2394 3024 2413 3044 ²*
2423 3027 2514 3060 vm}

1301 3063 1399 3093 omnia
1417 3064 1451 3093 ὃς
1465 3061 1568 3100 singula
1583 3059 1742 3098 hujusmodi
1758 3058 1873 3097 Naves,
1893 3058 1976 3096 Vasa,
1995 3058 2087 3097 Bona,
2103 3059 2136 3090 &
2149 3058 2359 3099 MercandisaS,
2377 3073 2441 3103 330.

1302 3102 1338 3131 sic
1357 3108 1438 3138 capta
1451 3102 1485 3132 ὃς
1500 3102 1609 3130 detenta
1622 3120 1633 3137 ,
1655 3099 1830 3136 ubicumque
1849 3098 1969 3127 inveniri
1991 3105 2146 3135 poterunt,
2170 3107 2215 3128 aut
2234 3098 2359 3129 Pretium

1302 3141 1335 3171 &
1353 3149 1453 3170 verum
1466 3139 1602 3169 Valorem
1616 3135 1784 3167 eorumdem
1800 3135 1820 3165 si
1838 3146 1896 3166 non
1911 3143 2027 3174 exrema,
2044 3136 2095 3165 illis
2108 3160 2118 3173 ,
2142 3136 2176 3166 ad
2189 3147 2257 3174 quos
2277 3139 2361 3175 perti-

1301 3186 1387 3246 33‘1‘12’
1395 3177 1617 3246 affitd‘i‘iifflait‘ss
1632 3173 2360 3252 Efississmssrffiffiffssfiffiessep‘'izassiii'idinffzcdssi‘

1731 3236 1741 3251 '
2077 3234 2088 3250 2
2343 3231 2357 3238 “

1340 3264 1352 3284 r
1382 3253 1429 3284 ifa
1451 3255 1474 3284 ia
1488 3256 1509 3284 is

1301 3256 1386 3324 begl:
1403 3263 1555 3331 lvfagitstr’os
1569 3292 1602 3323 δε
1616 3290 1782 3321 Marinarios
1794 3288 1927 3320 Navium
1939 3289 1973 3320 &
1986 3288 2123 3320 Vasorum
2138 3289 2358 3329 praedierorum

1301 3342 1371 3364 cum
1384 3331 1487 3362 eisdem
1502 3331 1635 3362 Navibus
1653 3330 1686 3360 &
1705 3327 1799 3366 Vafis,
1816 3337 1850 3358 ac
1866 3327 1951 3358 Bonis
1966 3328 2000 3358 δε
2017 3327 2201 3358 Mercandisis
2214 3329 2283 3367 illis,
2300 3340 2358 3367 quo

1302 3371 1442 3401 voluerint
1462 3370 1550 3401 libere
1576 3369 1609 3399 &
1631 3367 1732 3406 absque
1754 3366 1962 3404 impedimento
1983 3366 2077 3404 aliquo
2096 3367 2208 3398 transire
2228 3365 2261 3398 8<
2281 3368 2357 3398 abire

1301 3410 1477 3448 permittatis.

1339 3446 1373 3477 In
1390 3449 1483 3485 cujus,
1500 3446 1562 3477 ὅτε.
1671 3453 1677 3459 ’

1375 3485 1463 3516 Teste
1481 3485 1567 3524 Rege
1584 3482 1657 3522 apud
1675 3484 1799 3524 Wygorn‘.
1816 3489 1895 3516 nono
1912 3481 1958 3513 die
1972 3482 2153 3521 Septembris.'

2398 2793 2463 2821 ibid.

1483 3612 1531 3644 De
1549 3607 1651 3654 Officio
1671 3605 1896 3650 constabulariae
1910 3607 2025 3654 Angliae
2048 3607 2176 3653 conccffi.

1308 3694 1424 3751 REX
1439 3694 1598 3730 Omnibus,
1613 3692 1648 3724 ad
1664 3701 1751 3730 quos,
1765 3693 1826 3724 &c.
1847 3691 1981 3723 Salutem.

1403 3733 1500 3764 Sciatis
1522 3731 1618 3770 quod,
1646 3732 1701 3769 (de
1716 3730 1819 3761 Gratia
1832 3731 1925 3761 nostra
1938 3730 2065 3768 speciali)
2086 3727 2284 3772 Concesl‘irnus
2305 3737 2353 3759 ca·
2441 3735 2448 3742 ·

1305 3773 1413 3805 riffimo
1425 3770 1494 3800 Filio
1507 3770 1594 3810 nostro
1608 3769 1736 3808 Johanni
1750 3768 1892 3799 Officium
1905 3769 2128 3799 Constabulariae
2141 3767 2269 3810 Angliae,
2286 3776 2353 3797 cum
2371 3792 2397 3816 A

1306 3811 1424 3848 Feodis,
1443 3808 1555 3847 Vadiis,
1575 3808 1775 3851 Libertatibus,
1793 3807 1977 3845 Franchesiis,
1997 3806 2146 3851 proficuis,
2173 3805 2358 3849 Emolumen-
2397 3800 2412 3816 '³
2442 3799 2471 3824 4⁶

1307 3845 1995 3928 iissgrffim‘ssss?pmeffisssssssssslss‘iilffiffiissfiffl
2009 3843 2358 3916 ‘iiffie‘iidffnfflu‘ssx‘ssssssj

1309 3926 1434 3960 cendum
1447 3924 1579 3962 quamdiu
1594 3924 1675 3954 nobis
1689 3922 1831 3961 placuerit.

1346 3965 1379 3996 In
1398 3963 1486 4001 cujus,
1510 3964 1572 3995 &c.
1877 3999 1883 4005 .
1974 3999 1979 4004 ’
2163 3997 2169 4003 ·

1384 4001 1474 4033 Teste
1487 4000 1574 4040 Rege
1592 3999 1665 4040 apud
1682 4002 1805 4041 Wygorn.
1820 3998 1938 4031 decimo
1951 3997 1996 4029 die
2012 3996 2194 4035 Septembris.

1989 4075 2042 4103 Per
2059 4073 2139 4113 ipfiam
2156 4077 2311 4151 Regemkpp

2288 4144 2291 4145 γ
2313 4123 2363 4148 νοις
