2562 4274
707 142 819 184 ET
892 141 1154 194 ACTA

0 241 47 262 nn.
60 229 102 260 D.
121 225 246 263 Captum
261 227 361 266 fuerit,
380 225 548 265 quamcitius
562 226 595 258 &
610 228 694 265 quam
716 227 858 266 diligenter
874 226 931 257 hoc
954 227 1045 257 facere
1060 227 1178 265 poterit,

0 272 73 307 [415.

0 318 32 337 τη.
49 316 76 343 5.

13 651 63 680 IX.
95 655 97 657 ’

0 691 40 716 56.

24 3685 46 3706 ⁸·
65 3686 118 3714 IX.

11 3727 89 3769 ‚2⁶⁷-

120 265 153 295 ad
166 264 304 305 Expenfiis
324 267 410 297 Partis
430 265 619 303 offendentis,
638 266 697 302 vel,
712 266 730 294 {i
751 267 838 303 magis
855 265 985 303 placuerit
1004 266 1070 303 ipsi,
1089 265 1168 302 super

120 313 205 341 quem
224 304 333 335 dietum
348 303 522 333 Fortalitium
541 311 654 340 captum
675 304 772 339 fuerit,
794 303 847 339 ipse
862 305 996 341 requirere
1018 304 1119 341 poterit
1138 304 1170 333 ὃς

116 343 254 372 summare
269 341 485 372 Conservatores
497 341 603 371 alterius
617 341 721 379 Partis,
739 341 818 378 quod
834 340 880 378 ipsi
902 342 1005 371 facient
1028 341 1121 371 Reddi
1138 342 1171 371 δε

118 378 238 410 Restitui
253 380 362 411 dietum
377 380 456 408 suum
466 379 660 417 Fortalitium,
677 380 709 410 ὃς
723 381 838 417 puniant
849 379 1045 411 MalefaCtores
1058 382 1105 419 qui
1114 379 1172 410 hoc

101 440 105 444 >
122 427 246 448 ceffermt
808 440 813 448 r

157 429 383 494 Qam’quidem
398 455 592 486 provisionem
612 455 661 492 ipsi
679 453 896 486 Conservatores
918 458 1021 486 mutuo
1042 456 1174 496 perficere

124 496 291 525 tenebuntur
301 495 335 525 δέ
349 494 510 531 complere,
528 494 682 524 secundum
694 493 774 524 suum
790 494 890 532 Posse,

160 531 196 562 Et
232 531 250 561 si
263 534 409 571 contingat
424 533 504 570 quod
526 532 599 570 ipse,
617 532 660 561 vel
674 532 737 570 ipli,
756 534 803 570 qui
825 533 950 570 ceperint
966 533 999 563 &
1016 542 1176 570 occupave—

123 570 180 600 rint
195 555 306 600 ‹iitstum
320 571 517 609 Fortalitium,
533 571 649 601 obedire
663 570 805 600 noluerint
817 572 848 601 ad
865 572 892 601 id
909 572 986 608 quod
999 570 1111 601 didium
1124 571 1175 609 est,

126 606 346 639 Conservatores
368 610 446 639 unius
471 609 503 638 &
520 608 630 638 alterius
656 608 743 638 Partis
767 611 936 639 tenebuntur
960 609 1103 647 adjuvare,
1122 620 1177 639 una

129 644 196 676 Pars
208 647 308 685 aliam,
326 648 358 678 δε
372 648 504 677 reducere
531 646 733 677 Malefac'iores
751 647 785 677 ad
806 649 824 667 ’ἵ
840 647 1045 678 Obedientiam
1059 671 1069 686 ,
1086 649 1118 679 &
1134 649 1179 685 ip·-

128 685 170 715 sos
185 687 284 723 punire
297 685 452 717 secundum
468 686 633 723 exigentiam
648 684 752 722 Cattis,

164 722 202 754 Et
216 734 303 763 quum
318 724 426 753 diiium
442 721 575 753 Castrum
591 725 635 754 seu
652 723 828 754 Fortalitium
850 723 1061 762 Recuperatum
1082 723 1180 760 fuerit,

125 771 173 801 per
190 761 309 792 modum
326 770 355 792 ut
368 761 544 799 praedicitur,
563 763 649 801 ipsum
664 762 862 793 restituetur&
877 762 1007 793 reddetur
1022 762 1089 801 ipsi,
1102 764 1181 800 {uper

125 810 211 839 quem
225 799 316 838 ipsum
330 808 443 836 captum
458 801 550 831 fuerit.

166 837 210 868 IT
219 847 236 868 Ε
247 847 274 869 Μ
312 838 390 877 quod
399 861 407 876 ,
416 838 576 869 durantibus
589 839 641 869 hiis
655 838 974 875 praesentibusTreugis,
991 837 1099 867 nullum
1110 837 1181 867 For—

132 876 250 906 talitium
268 861 457 907 AEdificatum
471 880 522 908 erit
539 888 592 908 nec
609 877 716 907 faenum
736 879 771 907 de
785 877 896 915 Novo,
915 886 962 914 per
984 885 1069 906 unam
1090 876 1135 906 vel
1153 886 1183 919 αῖ

131 913 197 945 liam
212 914 343 953 Partem,
361 926 413 946 nec
427 925 474 955 per
493 917 554 946 suos
567 915 701 946 Subditos
717 916 760 946 vel
776 915 909 953 Alligatos
930 914 1117 953 supradietos,
1135 924 1182 951 qui

130 953 275 992 praesentes
289 954 415 993 Treugas
433 955 656 992 acceptaverint,
671 953 743 983 infra
761 953 875 991 Septem
900 953 1006 982 Leucas
1048 963 1116 990 rope
1134 953 1183 982 ali-

131 991 207 1031 quod
223 992 375 1030 Castrum,
392 991 497 1023 Villam
509 992 647 1022 firmatam
658 1014 668 1029 ,
685 991 731 1021 vel
747 991 819 1021 aliud
843 991 1017 1022 Fortalitium
1055 993 1118 1022 artis
1135 991 1184 1022 ad-

131 1031 233 1069 versae,
250 1031 356 1068 absque
369 1033 426 1061 hoc
439 1031 516 1069 quod
535 1030 691 1060 Licentiam
706 1030 829 1060 habuerit
845 1031 880 1059 ab
895 1030 943 1060 alia
959 1029 1039 1060 Parte
1049 1053 1058 1067 ,

171 1068 227 1105 Et,
246 1070 263 1099 fi
278 1070 400 1099 evenerit
415 1069 495 1107 quod
509 1068 604 1106 aliquis
616 1070 788 1098 contrarium
808 1068 908 1107 faciet,
926 1068 1012 1106 ipsum
1029 1069 1185 1106 Attempta-

133 1114 196 1137 tum
211 1107 301 1138 statim
316 1108 349 1137 &
362 1107 528 1145 integraliter
544 1106 730 1144 reparabitur,

171 1145 208 1175 Et
232 1145 271 1176 est
295 1145 525 1183 intelligendum,
547 1146 583 1175 de
609 1145 723 1183 Septem
747 1145 850 1174 Leucis
876 1155 964 1182 prope
983 1144 1139 1182 Fortalitia,
1158 1145 1187 1175 in

131 1184 270 1222 partibus,
287 1184 315 1213 in
332 1184 431 1222 quibus
444 1191 625 1220 computatur
645 1191 692 1220 per
712 1182 863 1221 Milliaria,
878 1183 911 1212 ad
929 1183 1036 1222 Viginti
1058 1183 1189 1213 Milliaria

132 1231 238 1260 prope,
261 1231 325 1261 quae
347 1222 463 1260 quidem
480 1221 589 1261 Viginti
616 1221 745 1253 Milliaria
765 1221 945 1261 aequipollent
971 1219 1051 1251 ditstis
1073 1222 1187 1259 Septem

133 1261 248 1291 Leucis.

170 1298 298 1337 ITEM,
324 1309 384 1329 non
407 1296 526 1337 patietur
551 1295 640 1329 distus
664 1300 792 1328 Dominus
813 1297 898 1336 noster
920 1301 996 1335 Rex,
1022 1307 1075 1328 nec
1095 1297 1192 1335 aliquis

137 1335 409 1368 Confoederatorum
423 1339 548 1375 suorum,
567 1338 615 1376 qui
632 1337 775 1375 praesentes
786 1337 914 1373 Treugas
925 1336 1148 1374 acceptaverint,
1161 1338 1191 1365 in

133 1384 269 1412 quantum
287 1377 320 1406 ad
336 1376 424 1416 ipsos,
442 1377 486 1407 vel
496 1377 600 1414 aliquos
614 1376 756 1414 ipsorum,
776 1374 962 1405 autSubditos
977 1375 1037 1404 suos
1051 1376 1192 1411 pertinue-

136 1415 187 1451 rit,
205 1414 303 1451 aliquas
321 1414 465 1452 Personas,
484 1424 531 1444 aut
553 1413 648 1451 Bona,
665 1424 714 1453 per
738 1413 837 1455 Mare,
856 1413 900 1443 vel
920 1423 968 1450 per
982 1413 1124 1456 Terram,
1139 1423 1191 1443 oc-

135 1454 246 1482 catione
260 1453 397 1491 Guerrae,
414 1453 457 1483 vel
473 1453 563 1489 aliter,
580 1452 740 1483 durantibus
756 1452 934 1492 praeientibus
947 1450 1081 1490 Treugis,
1099 1451 1192 1489 Capi,

137 1491 289 1529 Arrestari,
307 1490 449 1528 Imperiti,
466 1492 512 1522 vel
526 1490 691 1528 Molestari3
707 1497 754 1520 aut
770 1491 871 1527 aliquas
882 1488 1066 1519 Poffeffiones
1083 1490 1194 1528 usurpa-

137 1530 161 1558 ri
180 1530 210 1559 in
225 1530 322 1559 Terris
338 1531 371 1560 &
386 1529 482 1559 Patriis
504 1529 571 1559 dieti
585 1529 757 1568 Adveijsarii
777 1527 890 1566 Angliae
899 1550 909 1566 ,
927 1538 981 1557 nec
1007 1529 1192 1566 Alligatorum

135 1567 262 1604 suorum,
281 1568 328 1605 qui
341 1568 467 1606 Treugas
482 1567 625 1604 praedietas
638 1577 705 1598 acce
738 1568 858 1604 averint,
875 1566 1113 1597 autSubditorum
1129 1566 1193 1597 suo-

137 1614 218 1644 rum,
237 1615 332 1635 contra
347 1605 494 1636 Teriorem
516 1606 693 1643 praesentium
744 1614 911 1643 reugarum,

173 1643 225 1682 Et,
243 1645 262 1674 fi
283 1643 372 1681 aliqua
391 1644 541 1681 Personae,
559 1643 656 1680 Bona,
673 1644 789 1680 Terrae,
805 1644 850 1673 vel
870 1644 947 1673 Loca
962 1645 1125 1682 capientur,
1142 1654 1194 1675 oc-

137 1691 289 1720 cupentur,
308 1682 353 1711 vel
371 1682 550 1720 usurpentur,
567 1681 727 1712 durantibus
740 1683 918 1721 praesentibus
928 1681 1064 1722 Treugis,
1082 1684 1196 1714 &con-

137 1728 178 1750 tra
201 1731 260 1758 eas,
285 1721 378 1750 dietus
399 1724 530 1750 Dominus
556 1720 642 1759 noster
665 1723 741 1758 Rex,
767 1722 800 1752 &
819 1721 929 1760 Alligati
945 1720 1000 1758 sui,
1025 1721 1138 1760 quilibet
1165 1724 1194 1752 in

138 1768 275 1796 quantum
292 1759 381 1796 ipsum
395 1760 558 1795 concernit,
576 1761 603 1788 in
621 1759 719 1789 Terris
736 1759 769 1789 ὃς
787 1759 932 1789 Dominiis
953 1758 1004 1789 suis
1015 1782 1023 1796 ,
1042 1760 1194 1798 Pei-sonas,

138 1797 233 1835 Bona,
252 1798 285 1828 ὃ(
304 1797 384 1828 Loca
398 1797 556 1835 hujusmodi
572 1807 665 1836 capta,
684 1806 743 1828 ram
756 1807 805 1836 per
816 1798 953 1835 Terram,
972 1799 1057 1837 quam
1070 1807 1116 1835 per
1127 1798 1196 1829 Ma-

139 1846 188 1874 re,
207 1836 323 1866 reddent
339 1837 371 1866 &
387 1836 491 1867 restitui
505 1835 624 1873 facient,
642 1835 745 1873 absque
762 1836 924 1874 Dilatione,
942 1835 1197 1875 Contradietione,

138 1877 186 1944 gel
199 1874 362 1943 difficitiltate
372 1874 476 1914 aliqua,
495 1875 661 1913 quamcitius
681 1885 731 1912 per
750 1874 862 1905 Partem
876 1874 1016 1906 adversam
1036 1876 1138 1906 fuerint
1153 1877 1196 1906 in-

160 1923 176 1943 e
193 1923 222 1943 re
244 1923 270 1943 ui
283 1921 321 1943 iti.

175 1923 247 1982 1τέ
259 1960 304 1989 Μ,
320 1951 467 1982 Provisum
482 1951 522 1982 est
543 1953 576 1983 &
598 1950 814 1983 Concordatum
841 1953 936 1991 quod,
955 1953 975 1983 fi
998 1952 1096 1993 aliqui,
1115 1953 1194 1983 unius

139 1990 184 2021 vel
201 1989 307 2023 alterius
326 1988 449 2020 Partium
470 1990 683 2029 praeditstarum,
703 1991 747 2021 vel
766 1991 951 2030 Alligatorum
976 1992 1107 2029 suorum,
1126 1992 1196 2022 deli-

137 2030 246 2065 querint
262 2030 291 2058 in
309 2028 470 2058 Territorio
480 2030 586 2060 alterius
594 2029 680 2059 Partis
693 2030 736 2060 vel
747 2029 931 2068 Alligatorum
946 2029 1075 2067 suorum,
1094 2031 1195 2061 &non

137 2068 242 2097 fuerint
254 2066 337 2104 Capti
350 2077 400 2104 per
414 2066 525 2097 Gentes
537 2068 687 2097 Territorii
705 2066 750 2097 ubi
767 2069 857 2108 ipsum
875 2068 1021 2098 Delictum
1044 2069 1196 2099 commise-

138 2114 223 2144 runt,
239 2106 272 2137 &
288 2105 313 2135 ie
329 2106 488 2136 retraxerint
502 2106 551 2135 sub
566 2105 712 2135 Dominiis
727 2107 808 2145 ipsius
818 2107 894 2145 cujus
907 2106 1021 2137 Partem
1037 2115 1196 2147 tenuerunt,

138 2143 358 2175 Conservatores
379 2143 495 2181 ipsarum
513 2143 655 2182 Partium,
680 2144 759 2181 super
780 2146 838 2176 hoc
859 2145 1012 2184 Requiliti,
1028 2146 1198 2177 tenebuntur

139 2182 254 2213 liberare
268 2182 417 2218 Personas,
436 2183 457 2212 fi
475 2192 538 2220 quae
553 2191 643 2220 captae
656 2182 776 2221 fuerint,
794 2185 828 2215 &
843 2194 964 2224 reparare
983 2184 1196 2224 Attemptata&

139 2219 275 2259 Dampna
289 2220 324 2250 de
341 2220 424 2250 Bonis
443 2220 681 2258 Malefaetorum,
701 2222 735 2252 ad
750 2230 885 2262 quantum
908 2223 934 2252 se
953 2222 1102 2253 extendere
1118 2233 1199 2260 pote-

139 2268 220 2296 runt,
238 2259 270 2288 ὃς
280 2281 289 2296 ,
306 2259 354 2288 ubi
369 2258 446 2288 Bona
458 2259 600 2289 dietorum
615 2259 838 2291 Malefae'tornm
852 2262 964 2299 reperiri
983 2271 1042 2291 non
1057 2270 1199 2300 poterunt,

143 2296 179 2327 de
192 2296 334 2334 puniendo
347 2295 478 2327 Personas
490 2298 643 2328 secundum
655 2299 821 2337 exigentiam
836 2298 940 2337 Casus,

182 2335 236 2372 Et,
255 2335 274 2364 si
293 2334 492 2365 Malefaeiores
513 2336 631 2366 obedire
650 2336 806 2374 noluerint,
824 2338 857 2369 &
875 2348 945 2376 opus
963 2337 1060 2376 fuerit,
1078 2337 1202 2369 Conser-

145 2383 255 2404 vatores
267 2372 377 2404 alterius
395 2372 499 2409 Partis,
517 2374 537 2404 fi
552 2374 585 2404 ad
599 2374 656 2404 hoc
668 2373 805 2413 Requisiti
818 2376 934 2412 fuerint,
949 2377 1079 2414 adjuvare
1088 2386 1200 2408 tenean-

145 2420 206 2450 tur,
224 2411 355 2450 Expenfis
374 2410 496 2441 Domini
511 2412 567 2450 sui,
587 2412 805 2444 conservatores
827 2415 906 2454 ipsius
920 2414 1024 2452 Pariis,
1042 2416 1120 2454 cujus
1140 2416 1200 2446 fue-

146 2452 202 2481 rint
217 2450 435 2487 Malefaetores‚
452 2450 486 2480 ad
501 2450 573 2488 ipsos
594 2449 773 2482 Mittendum
795 2452 830 2483 ad
852 2453 1070 2492 Obedientiam,
1087 2454 1121 2484 &
1141 2453 1201 2484 Pu-

145 2489 281 2519 niendum
297 2488 452 2518 secundum
468 2499 569 2519 eorum
586 2488 738 2520 Demerita.

185 2528 260 2558 ITE
271 2534 315 2564 M,
342 2537 390 2563 per
406 2527 515 2557 nullum
538 2527 740 2566 Malefadtum,
767 2529 989 2570 Attemptatum,
1007 2530 1051 2560 vel
1071 2529 1203 2568 Interpri-

147 2566 221 2603 sam,
240 2575 288 2605 per
303 2564 402 2601 Mare,
423 2565 468 2595 vel
484 2575 532 2603 per
541 2565 678 2603 Terram,
697 2566 715 2596 fi
731 2567 820 2605 aliqua
834 2570 980 2607 eveniant,
999 2570 1028 2598 in
1045 2569 1134 2607 aliqua
1145 2579 1205 2606 par·-

144 2613 172 2635 te
193 2604 230 2635 R·
261 2613 382 2642 norum,
397 2604 568 2643 Terrarum,
586 2604 812 2644 Dominiorum‚
831 2607 864 2637 ὃς
880 2606 1004 2637 Partium
1025 2607 1094 2638 dicti
1110 2611 1206 2637 Domi-

145 2647 175 2673 ni
199 2614 280 2683 ηοῗνὶ
306 2645 400 2679 Regis,
416 2642 604 2673 Subditorum
629 2643 761 2682 suorum,
780 2645 825 2674 vel
848 2645 1054 2683 Alligatorurn,
1074 2646 1119 2677 vel
1141 2647 1207 2675 Ad-

146 2682 266 2722 versarii
272 2681 333 2721 fiii,
350 2680 534 2711 subditorum
544 2704 553 2719 ,
572 2681 615 2712 vel
630 2681 833 2720 Alligatorum,
843 2685 891 2723 qui
906 2685 952 2713 has
961 2683 1105 2722 praesentes
1114 2684 1210 2715 Treu-

151 2731 197 2760 gas
213 2728 356 2757 acceptare
372 2719 526 2758 voluerint,
543 2728 574 2750 ut
590 2721 771 2757 praemittitur
792 2722 880 2760 (quod
904 2722 983 2752 Deus
1004 2723 1117 2759 avertat)
1137 2733 1208 2754 con—

152 2768 193 2790 tra
209 2759 327 2798 superius
342 2758 510 2796 expreffata,
527 2759 570 2788 vel
588 2758 700 2797 aliquod
712 2769 831 2798 eorum,
849 2761 992 2797 praesentes
1006 2762 1130 2800 Treugae
1147 2772 1206 2792 non

151 2797 257 2865 debeEt
264 2805 320 2864 ‘im
333 2804 464 2833 poterunt
479 2798 534 2827 effe
551 2805 634 2828 tentae
648 2796 694 2828 seu
714 2806 847 2835 reputatae
864 2800 894 2829 in
914 2809 946 2830 ea
968 2808 1044 2837 parte
1069 2810 1122 2830 nec
1144 2801 1208 2831 alibi

173 2847 205 2866 1'0
243 2847 273 2866 ak
291 2845 310 2864 ls

152 2845 171 2875 p
192 2875 239 2905 Set
253 2857 333 2905 erurit
344 2874 371 2902 in
387 2872 438 2904 fiio
454 2874 550 2911 vigore
564 2874 597 2905 &
613 2874 716 2904 robore
733 2883 935 2914 permanenteS,
954 2885 1009 2907 nec
1023 2876 1143 2907 Guerrae
1156 2886 1208 2917 pro

156 2923 193 2944 eo
207 2913 265 2943 fieri
278 2912 381 2953 debent
396 2912 431 2942 ab
444 2912 500 2943 una
521 2911 601 2942 Parte
619 2912 665 2943 vel
681 2922 714 2942 ex
736 2913 803 2951 alia,
822 2924 875 2944 nec
898 2914 983 2944 Prifae
1008 2914 1207 2955 Personarum,

157 2951 324 2981 Obsidiones
345 2949 364 2980 Y
376 2949 482 2980 illarum
505 2949 693 2988 firmatarum,
713 2949 896 2989 Castrorum,
914 2961 960 2982 aut
979 2953 1187 2985 Fortalitiorum
1199 2978 1209 2993 ,

157 2999 212 3019 nec
227 2988 394 3018 Homicidia
407 2996 453 3019 aut
472 2988 592 3019 Murdra
613 2988 793 3027 Commissa,
812 3000 864 3020 nec
889 2990 1016 3020 Personae
1032 2993 1066 3022 ad
1084 2992 1211 3023 Redem-

157 3028 267 3065 ptiones
285 3026 400 3064 positae,
417 3036 471 3056 nec
493 3026 707 3057 Merchandizae
728 3028 885 3067 impeditae,
900 3039 947 3060 aut
968 3030 1040 3061 aliud
1061 3040 1213 3068 gravamen

158 3064 360 3104 quodcumque
375 3064 481 3094 fadtum
492 3087 502 3103 ,
809 3065 814 3070 ”

199 3103 247 3133 Set
261 3111 342 3134 erunt
357 3101 493 3139 Reparata
509 3104 542 3135 &
558 3102 693 3141 Reposita
707 3104 742 3134 ad
764 3106 889 3144 primum
908 3107 941 3137 ὃ(
959 3106 1087 3137 debitum
1110 3106 1211 3138 statum

162 3140 320 3178 Maleficia,
340 3139 527 3178 attemptata,
545 3142 578 3172 &
594 3141 764 3181 interprisae,
780 3144 851 3174 faeta
867 3153 916 3181 per
928 3145 1001 3182 ipsos
1014 3145 1050 3176 de
1065 3155 1139 3182 parte
1156 3150 1214 3176 Do-

162 3183 230 3210 mini
251 3178 334 3218 nostri
357 3180 449 3216 Regis,
465 3178 498 3207 ὅ(
518 3178 790 3212 Confoederatorum
813 3181 944 3221 suorum,
969 3192 1025 3213 ram
1050 3194 1099 3223 per
1117 3184 1215 3223 Mare,

162 3219 247 3256 quam
263 3227 310 3254 pei·
318 3217 455 3253 Terram,
468 3217 496 3246 in
511 3225 644 3260 quantum
658 3220 776 3258 singulos
791 3230 891 3251 eorum
904 3223 1066 3259 concernit,
1077 3233 1125 3259 per
1132 3221 1215 3252 Cori-

164 3258 316 3288 servatores
336 3255 368 3285 ὃς
389 3254 620 3293 Commiffanos,
639 3266 709 3294 quos
727 3258 820 3288 dietus
842 3261 971 3289 Dominus
998 3260 1083 3301 noster
1102 3264 1161 3290 Rex
1183 3262 1216 3291 &

163 3294 277 3333 Alligati
291 3294 330 3324 sui
351 3293 480 3323 duxerint
495 3292 690 3332 Ordinandos,
708 3296 735 3325 in
771 3297 872 3327 ualibet
892 3297 1016 3329 Partium
1032 3300 1159 3335 suarum,
1173 3299 1217 3330 su-

164 3343 214 3373 per
233 3332 315 3363 dietis
334 3331 472 3369 Treugis3
491 3331 524 3361 &
544 3330 615 3361 diffi
637 3332 743 3365 Malefa
773 3344 849 3372 ores,
864 3334 1017 3367 secundum
1037 3338 1113 3375 quod
1132 3337 1218 3368 Casus

163 3373 297 3410 exigerit,
314 3369 408 3401 debite
419 3369 576 3406 punientur.

202 3410 331 3447 ITEM,
349 3408 444 3446 quod,
463 3407 483 3437 fi
505 3407 616 3446 aliquod
637 3407 787 3447 Dubium,
807 3409 998 3449 Ambiguitas,
1016 3411 1061 3442 vel
1085 3413 1221 3445 Obscuri-

166 3457 208 3480 tas
224 3449 254 3478 in
267 3447 445 3486 praesentibus
457 3446 577 3485 Treugis
586 3467 595 3483 ,
613 3446 657 3476 vel
670 3447 699 3476 in
716 3448 811 3485 aliquo
823 3448 938 3479 Punelzo
952 3451 1113 3481 earumdem
1122 3475 1130 3490 ,
1149 3463 1221 3482 con-

167 3487 280 3525 tigerit,
293 3486 329 3516 de
341 3495 398 3524 quo
409 3485 455 3515 vel
476 3484 512 3514 de
525 3485 623 3523 quibus
643 3483 862 3516 Conservatores
884 3486 1067 3519 Praesentium
1087 3491 1221 3527 Tieuga-

169 3535 233 3559 rum
248 3525 386 3563 utriusque
403 3523 489 3553 Partis
504 3522 678 3553 concordare
700 3533 761 3554 non
779 3524 900 3563 poffint;
918 3525 1009 3556 diCtus
1028 3530 1160 3557 Dominus
1172 3540 1220 3558 no-

161 3563 220 3603 ster
236 3565 295 3592 Rex
309 3563 342 3593 &
357 3560 617 3600 Adversuriusfiaeus
636 3561 748 3598 Angliae
764 3564 944 3594 committent
963 3564 1060 3595 talibus
1075 3566 1201 3597 Personis
1211 3592 1220 3605 ,

170 3602 270 3640 quibus
280 3601 391 3631 Bonum
406 3601 453 3630 sibi
468 3600 623 3637 videbitur,
638 3599 671 3629 ad
688 3600 895 3631 Declarandum
904 3601 1051 3641 Dubium,
1069 3604 1221 3645 Ambigui-

172 3647 275 3676 tatem,
293 3640 325 3670 &
341 3638 549 3669 Obscuritarem
564 3638 709 3676 praedicta:

155 3678 157 3682 ’
209 3679 227 3696 ⁴¹¹
243 3677 281 3708 Et
296 3687 355 3706 non
369 3676 410 3708 est
424 3678 584 3707 interitionis
598 3685 652 3706 nec
674 3676 821 3707 voluntatis
842 3676 963 3715 nostrae,
982 3679 1062 3716 quod
1080 3681 1223 3718 praesentes

172 3715 298 3760 Treugas
314 3715 478 3753 Generales,
496 3716 588 3746 modo
614 3724 722 3754 captae,
740 3716 858 3745 debeant
877 3717 905 3745 in
928 3716 1023 3754 aliquo
1043 3719 1223 3757 praejudicare

172 3752 311 3791 Paticiis,
334 3755 509 3784 currentibus
525 3753 585 3784 Die
604 3753 690 3784 Dat-ae
704 3754 841 3784 dkstarum
857 3753 1057 3793 Treugarum,

211 3789 280 3822 Nec
301 3791 384 3822 etiam
404 3791 446 3822 est
466 3793 629 3823 intentionis
650 3792 693 3822 vel
714 3792 863 3822 voluntatis
883 3791 1004 3831 nostrae,
1024 3794 1091 3832 quin
1113 3794 1169 3834 illi,
1187 3796 1224 3827 de

174 3829 293 3861 Ducatu
308 3829 504 3866 Aequiranniae
516 3830 550 3861 δε
563 3830 600 3860 de
613 3831 718 3870 Regno
733 3830 875 3867 Franciae,

214 3867 276 3906 Qii
290 3876 342 3906 pro
358 3867 446 3898 Faeto
459 3867 635 3899 Guerrarum
651 3868 820 3899 recesserunt
833 3869 866 3899 &
881 3868 1007 3900 abierunt
1027 3870 1042 3900 ὲ
1055 3868 1226 3904 Castellaniis

174 3906 225 3937 ubi
244 3905 441 3943 morabantur,
459 3907 492 3936 ὃς
506 3907 649 3939 voluerint
666 3907 702 3938 de
716 3916 815 3937 eorum
825 3906 936 3944 propria
945 3907 1107 3948 voluntate,
1125 3910 1227 3942 duran-

175 3946 251 3975 tibus
267 3943 368 3974 eisdem
383 3943 522 3981 Treugis,
539 3946 627 3975 redire
639 3946 673 3976 ad
688 3945 769 3977 Loca
785 3947 800 3977 a
816 3946 918 3984 quibus
934 3946 1100 3979 recesserunt
1109 3956 1162 3988 pro
1175 3950 1227 3983 Fa-

180 3983 230 4013 ἂο
245 3981 435 4018 Guerrarum,
452 3990 484 4011 ut
496 3982 604 4014 dietum
619 3982 677 4022 est,

202 4023 278 4052 Tam.
296 4022 355 4050 1V.
373 4021 407 4049 P.
425 4021 468 4049 Π.

1238 3070 1469 3108 nia‘Dampna,
1488 3069 1651 3107 Attempta,
1668 3070 1702 3099 &
1717 3069 1837 3099 Exceffii

1212 139 1674 187 PUBLICA.
2192 164 2266 201 129

1253 225 1536 272 Tencariturlsolvere
1552 228 1654 272 Locis,
1673 232 1688 260 a
1699 231 1797 268 quibus
1816 231 1997 272 recesserunt,
2015 234 2049 265 &
2065 235 2092 264 in
2110 235 2208 273 quibus
2226 245 2268 267 re·
2288 237 2362 267 Ann.
2374 233 2415 267 D.

1211 274 1368 302 vertentur,
1386 267 1448 297 talia
1464 266 1588 297 Devena
1600 268 1632 297 ὃς
1652 267 1867 308 Obventiones,
1887 272 1975 308 qualia
1991 272 2130 304 solverunt
2139 283 2203 304 ante
2216 284 2265 305 eo-
2307 283 2394 313 1415.

1210 312 1272 332 rum
1289 302 1443 334 Receffum
1454 328 1463 342 ,
1482 306 1634 335 occasione
1649 305 1805 338 Terrarum
1823 319 1886 347 quas
1903 310 2082 342 excoluerunt
2097 320 2142 343 aut
2167 312 2266 343 volue-
2286 319 2347 342 Heu.
2365 322 2400 349 ᾔ-

1212 341 1266 371 rint
1283 344 1410 372 excolere
1418 365 1427 380 ,

1252 379 1305 416 Et,
1323 381 1350 409 in
1365 381 1442 417 casu,
1461 390 1519 418 quo
1536 381 1618 419 aliqui
1635 382 1748 412 illorum
1759 406 1767 420 ‚
1786 386 1833 421 qui
1852 395 1903 422 pro
1920 386 2009 417 Faeto
2034 387 2208 419 Guerrarum
2224 398 2267 419 rea

1215 417 1372 455 cesserunt,
1391 427 1421 448 ut
1434 419 1543 449 dictum
1559 419 1617 457 est,
1635 423 1735 450 reverti
1757 423 1913 461 noluerint,
1933 434 2000 455 tunc
2021 427 2089 464 ipli,
2106 428 2154 465 qui
2171 428 2270 458 volue-

1216 456 1271 485 rint
1294 457 1420 487 excolere
1442 457 1588 496 praedicitis
1608 457 1727 495 Terras,
1748 467 1890 490 teneantur
1915 462 1958 492 illa
1978 463 2101 502 solvere,
2119 465 2220 504 absque
2235 476 2271 496 eo

1216 493 1295 531 quod
1309 504 1356 531 per
1371 495 1489 532 aliquem
1504 495 1541 525 eis
1560 495 1605 526 fiat
1622 495 1861 534 impedimentum
1877 499 1921 529 vel
1930 500 2128 541 Disturbiuni,
2145 504 2272 535 occafio-

1216 541 1253 561 ne
1267 533 1405 568 praesentis
1418 534 1559 573 Treugae,

1256 569 1293 600 Et
1318 581 1377 600 non
1395 571 1435 601 est
1456 571 1624 603 intentionis
1645 571 1763 611 nostrae,
1788 571 2054 607 Commissariorum
2066 579 2273 616 supranomina-

1218 616 1314 638 torum
1330 619 1381 646 pro
1398 609 1452 640 una
1474 610 1554 640 Parte
1576 611 1618 641 vel
1637 619 1689 650 pro
1707 611 1776 648 alia,
1796 613 1872 649 quod
1895 623 1944 650 per
1964 616 2109 653 praeleiites
2129 620 2273 658 Treiigas,

1218 656 1268 684 per
1283 647 1348 676 Nos
1361 657 1469 691 captas,
1484 649 1596 717 ‘'li‘ssOd
1613 648 1812 686 Praejudicium
1828 647 1873 680 fiat
1888 651 1932 681 vel
1943 656 2066 691 generari
2079 656 2161 692 poffit
2176 658 2273 696 aliqui-

1222 685 1272 727 bus
1289 685 1429 724 Treugis,
1447 695 1517 717 inter
1557 696 1625 718 artes
1638 688 1671 717 ὃς
1688 687 1735 717 Re
1754 698 1790 718 na
1808 689 1942 725 praedidta
1964 691 2025 721 alias
2041 695 2141 732 captis,
2159 705 2274 733 genera-

1221 722 1292 752 libus
1308 723 1587 766 velparticularibus,
1605 725 1738 762 personali
1761 736 1790 755 us
1804 728 1848 756 vel
1865 728 1995 766 realibus,
2012 733 2111 767 quovis
2125 726 2230 764 modo:

1261 760 1299 790 Et
1314 771 1392 803 qnia,
1414 763 1483 792 inter
1498 762 1564 792 Nos
1580 763 1814 801 Commissarios,
1833 766 1912 795 unius
1926 765 2012 798 Partis
2032 768 2065 798 &
2086 769 2209 809 alterius,
2227 774 2275 803 ali-

1225 799 1310 836 qualis
1323 799 1480 831 diflerentia
1497 800 1586 831 fuerat
1603 802 1659 831 five
1673 801 1850 841 Conteiitio‚

1263 835 1429 867 Volentibus
1451 847 1546 868 autem
1568 838 1792 878 Commisfitriis,

1224 874 1354 911 Treugas
1377 877 1427 906 sub
1461 876 1574 914 Lingua
1597 876 1781 916 Communi,

1222 913 1378 953 conscribi,

1258 951 1356 982 Nobis
1370 961 1462 984 autem
1471 977 1481 992 ,
1492 953 1743 985 Ambaffiatoribus
1759 955 1813 986 sive
1823 955 2029 988 Commissariis
2039 956 2126 990 Partis
2144 959 2280 1000 Franciae,

1224 990 1382 1034 volentibus
1401 992 1466 1029 ipsas
1481 993 1608 1030 Treugas
1624 995 1652 1022 in
1669 994 1809 1032 Linguam
1824 994 1999 1026 Gallicanam
2015 997 2101 1036 redigi
2116 1000 2148 1029 ὅ(
2158 1001 2282 1031 conscri-

1225 1029 1255 1058 bi
1273 1039 1351 1060 more
1367 1030 1512 1068 Majorum
1530 1032 1711 1069 nostrorum,

1263 1067 1414 1106 Tandem,

1264 1104 1458 1137 Comunicato
1472 1106 1601 1138 Consilio
1621 1117 1778 1148 mutuoque
1790 1109 1955 1152 Consensu,
1972 1113 2008 1142 ne
2028 1111 2116 1151 (quod
2132 1113 2210 1150 absit)
2233 1123 2285 1144 oc-

1229 1144 1339 1174 casione
1353 1145 1519 1175 differentiae
1538 1147 1708 1183 Lingnarum
1725 1156 1834 1178 tantum
1851 1150 1959 1179 bonum
1974 1151 2103 1190 impediri
2117 1151 2217 1191 possit,

1265 1180 1341 1211 Inter
1366 1183 1449 1221 Nos,
1473 1183 1693 1215 Cnmmiffarios
1714 1187 1885 1224 antedictos,
1904 1187 2120 1219 Concordatum
2144 1193 2234 1221 eXtitit
2252 1192 2286 1223 &

1231 1218 1409 1250 Conclusum
1431 1221 1510 1260 quod
1524 1244 1533 1258 ,
1561 1223 1601 1252 ad·
1619 1223 1839 1254 satisfaciendum
1857 1226 2002 1257 Voluntati
2023 1229 2164 1266 utriusque
2184 1229 2287 1267 Partis,

1233 1258 1267 1300 βε
1283 1258 1382 1297 absque
1398 1269 1478 1300 unius
1493 1260 1536 1289 vel
1555 1260 1661 1290 alterius
1675 1261 1799 1292 Partium
1816 1264 2013 1300 praedictarum
2031 1268 2058 1295 in
2072 1267 2198 1298 futurum
2216 1278 2288 1305 prae-

1228 1295 1353 1334 judicio,
1372 1300 1515 1335 praelentes
1528 1298 1653 1337 Treugae
1668 1300 1696 1328 in
1714 1300 1827 1338 utraque
1839 1301 1947 1341 Lingua
1961 1306 2213 1341 conciperentur&
2223 1306 2290 1336 scri-

1234 1335 1378 1373 berentur,
1395 1337 1446 1372 &5
1465 1336 1570 1366 servata
1584 1338 1702 1374 ipsarum
1718 1339 1746 1367 in
1761 1340 1895 1369 omnibus
1911 1341 2085 1381 Substantia,
2103 1345 2130 1373 in
2141 1343 2290 1375 Mundum

1233 1372 1442 1414 redigerentur,
1460 1374 1678 1413 nostrorumque
1697 1375 1963 1408 Commiffariorum
1978 1379 2078 1417 sigiliis
2092 1381 2289 1422 Signarentur,

1234 1413 1302 1441 licut
1319 1413 1352 1442 ὃς
1374 1421 1459 1480 ρίῑὶουῑ
1473 1414 1501 1442 in
1523 1414 1652 1451 praesenti
1668 1423 1827 1454 conceptae,
1846 1415 1968 1455 scriptae,
1987 1418 2124 1458 redaiiae,
2143 1423 2175 1452 ὃς·
2198 1423 2290 1454 confi-

1232 1458 1325 1487 gnatae
1340 1460 1383 1480 exi
1413 1460 1470 1481 unt.

1271 1488 1307 1518 Et
1324 1489 1383 1519 sunt
1398 1491 1430 1521 ὃς
1447 1499 1528 1521 crunt
1544 1489 1765 1522 Conservatores
1778 1490 1916 1522 dictarum
1933 1492 2128 1534 Treugarum,

1273 1526 1297 1556 P
1308 1531 1436 1571 Rhlmo,
1455 1539 1503 1568 per
1519 1538 1611 1560 totum
1629 1528 1729 1568 Mare,
1748 1530 1780 1560 &
1801 1531 1832 1560 in
1847 1530 1980 1563 Circuitu
2003 1535 2036 1565 &
2060 1535 2176 1571 Ambitu
2192 1534 2292 1576 Regni

1235 1564 1379 1608 Franctae,
1397 1567 1580 1597 Admiraldus
1593 1566 1631 1603 ὠ·
1647 1568 1864 1608 Vifi'zdmiraldus
1882 1572 1930 1608 qui
1950 1572 2029 1610 sunt,
2044 1573 2077 1604 &
2099 1581 2151 1612 pro
2165 1584 2291 1615 tempore

1234 1603 1352 1640 ipsarum
1369 1605 1447 1636 Treu
1468 1616 1546 1636 arum
1562 1608 1682 1646 fuerint,
1701 1608 1733 1638 &
1749 1608 1865 1645 quilibet
1880 1619 1995 1640 eorum:

1275 1641 1308 1673 In
1324 1645 1444 1681 partibus
1480 1645 1610 1684 landriae,
1629 1649 1760 1676 Dominus
1775 1647 1807 1676 de
1820 1647 1964 1687 Guistelle,
1982 1650 2016 1680 &
2031 1653 2148 1688 Magnus
2162 1650 2293 1682 Ballivus

1235 1680 1389 1720 Flandriae,
1404 1684 1448 1715 vel
1465 1685 1523 1721 ejus
1539 1684 1768 1723 Locumtenens,
1787 1686 1819 1716 δε
1835 1696 1935 1716 eorum
1952 1689 2076 1725 quilibet.

1273 1720 1305 1750 In
1322 1722 1442 1758 partibus
1451 1722 1606 1761 Picardiae‚
1624 1727 1785 1762 Capitaneus
1799 1725 1939 1754 Generalis
1952 1726 2027 1766 iJJfius
2041 1729 2164 1766 Patriae,
2181 1729 2229 1767 qui
2242 1728 2293 1766 est,

1235 1759 1280 1791 vel
1296 1761 1364 1798 erit,
1383 1762 1415 1791 &
1430 1762 1487 1799 ejus
1502 1760 1732 1800 Locumtenens,
1749 1763 1781 1792 &
1798 1773 1898 1793 eorum
1914 1766 2040 1801 quilibet.

1274 1797 1307 1828 In
1330 1798 1390 1829 tota
1405 1799 1591 1830 Normannia
1606 1805 1696 1829 Comes
1717 1803 1888 1839 Haricuriae,
1907 1803 1952 1832 vel
1966 1806 2112 1833 Vicecomes
2137 1804 2293 1844 Meleduni,

1237 1835 1456 1879 Conservatores
1473 1837 1626 1868 Generales
1641 1840 1674 1869 &
1687 1849 1786 1869 eorum
1800 1840 1924 1878 quilibet.

1274 1875 1312 1905 Et
1327 1886 1355 1905 in
1369 1875 1452 1906 dietis
1466 1878 1586 1913 partibus
1606 1876 1799 1907 Normanniae
1816 1878 1883 1908 ultra
1900 1879 2019 1910 Flumen
2033 1880 2149 1911 Secanae
2162 1884 2294 1911 Dominus

1238 1911 1269 1943 de
1283 1914 1423 1954 Gravyle,
1441 1916 1474 1945 &
1488 1918 1619 1946 Dominus
1631 1917 1664 1946 de
1677 1916 1833 1955 Hambuye,
1850 1918 1882 1948 &
1901 1928 2003 1948 eorum
2025 1920 2154 1958 quilibet,
2172 1922 2295 1958 particu-

1235 1951 1302 1983 lares
1316 1952 1546 1984 Conservatores.

1271 1990 1307 2021 In
1324 1990 1414 2022 Patria
1428 1991 1519 2023 Caleti
1536 1995 1668 2022 Dominus
1687 1993 1895 2032 d'Estouteville
1912 1995 1945 2025 &
1965 1997 2096 2024 Dominus
2118 1995 2149 2025 de
2170 1995 2260 2036 Boifflz
2285 2019 2295 2035 ,

1238 2031 1271 2061 &
1287 2039 1387 2060 eorum
1402 2031 1519 2068 quilibet
1537 2030 1755 2063 Conservatores
1772 2033 1952 2070 particulares.

1272 2067 1307 2098 In
1328 2068 1444 2099 Ducatu
1464 2068 1618 2100 Britanniae
1641 2073 1771 2100 Dominus
1796 2074 1874 2100 Reux
1901 2071 2077 2102 Marescallus
2099 2071 2242 2110 Franciae,
2260 2074 2294 2104 &

1238 2107 1385 2138 Dominus
1397 2105 1546 2146 Stephanus
1556 2110 1644 2148 Goyon
1653 2131 1663 2146 ‚
1682 2110 1715 2139 &
1731 2119 1832 2139 eorum
1846 2109 1969 2147 quilibet.

1248 2182 1251 2184 μ
1274 2144 1308 2176 In
1323 2147 1446 2183 partibus
1461 2146 1641 2185 Andegaven.
1661 2146 1819 2178 Cenoman,
1834 2149 1867 2178 &
1884 2148 1996 2178 Turon.
2013 2152 2143 2178 Dominus
2152 2148 2295 2187 Johannes

1237 2184 1385 2253 def-{raon
1395 2207 1405 2223 ,
1422 2187 1554 2214 Dominus
1567 2185 1599 2215 de
1613 2186 1795 2225 Montbasbn,
1814 2187 1847 2217 ὃς
1860 2189 1991 2216 Dominus
2001 2187 2033 2217 de
2048 2188 2142 2226 Bueil,
2154 2189 2296 2219 &eorum

1258 2233 1304 2254 uit
1326 2232 1363 2253 et.

1237 2235 1256 2264 q
1277 2261 1311 2292 In
1330 2262 1448 2298 partibus
1462 2261 1604 2293 Fidiaven.
1620 2265 1765 2293 Vicecomes
1774 2262 1806 2292 de
1820 2261 1955 2302 Thouars,
1971 2264 2004 2294 ὅς
2025 2261 2186 2303 Senefi‘allus
2200 2264 2296 2294 ibidem

1241 2301 1289 2339 qui
1304 2300 1344 2331 est
1360 2301 1401 2330 vel
1417 2301 1486 2337 erit,
1505 2303 1538 2332 δε
1552 2311 1652 2332 eorum
1670 2303 1797 2339 quilibet.

1277 2338 1309 2368 In
1326 2340 1446 2376 pariibus
1462 2338 1611 2369 Bituricen.
1627 2339 1771 2369 Dominus
1786 2342 1883 2369 Petrus
1895 2339 1927 2368 de
1942 2340 2070 2380 Graffizy,
2089 2341 2121 2371 &
2133 2339 2296 2380 Senefialluc

1241 2377 1354 2414 ibidem,
1373 2378 1420 2415 qui
1435 2377 1476 2406 est
1492 2378 1536 2417 vel
1552 2379 1617 2414 erit,
1641 2378 1674 2409 &
1685 2379 1802 2416 quilibet
1818 2378 1992 2408 eorumdem.

1277 2416 1309 2445 In
1321 2415 1442 2453 partibus
1458 2415 1667 2453 Petregoricen.
1683 2416 1864 2447 Xanffifflnen.
1884 2417 1917 2446 &
1933 2417 2094 2455 Angolmen
2121 2420 2253 2448 Dominus
2265 2418 2297 2448 de

1243 2456 1313 2484 Pons
1329 2453 1475 2484 Generalis
1490 2454 1694 2492 Conservator,
1717 2455 1751 2486 ὃς
1767 2454 1906 2494 Senesballt
1922 2458 1950 2483 in
1969 2457 2046 2485 distis
2061 2457 2202 2495 partibus,
2217 2457 2297 2495 quili-

1243 2494 1290 2523 bet
1302 2493 1329 2521 in
1342 2492 1391 2523 sua
1407 2492 1592 2530 Senescalcifi,
1611 2495 1658 2531 qiii
1676 2494 1736 2523 sunt
1754 2494 1799 2523 vel
1817 2502 1897 2523 erunt
1912 2503 1964 2530 pro
1985 2503 2116 2533 tempore
2138 2496 2182 2525 vel
2197 2504 2297 2525 eorum

1244 2532 1481 2561 Locumtenentes
1492 2553 1501 2568 ,
1520 2540 1600 2561 erunt
1617 2531 1838 2562 Conservatores
1856 2532 2044 2570 particulares.

1283 2569 1315 2599 In
1331 2570 1452 2606 partibus
1466 2569 1653 2600 Lemovicen.
1667 2570 1827 2609 Senefiallus
1844 2571 1891 2609 qui
1907 2570 1947 2600 est
1961 2571 2005 2601 vel
2021 2572 2071 2601 erit
2085 2581 2138 2611 pro
2153 2579 2281 2608 tempore
2290 2593 2301 2610 ,

1245 2607 1290 2640 vel
1304 2607 1362 2645 ejus
1377 2608 1599 2638 Locumtenens.

1286 2645 1317 2675 ln
1340 2646 1459 2684 partibus
1485 2646 1626 2677 Alverniae
1648 2646 1793 2678 Dominus
1816 2645 1948 2676 Beraldus
1975 2646 2125 2686 Daulphini
2143 2647 2175 2677 de
2202 2647 2301 2678 SanHo

1247 2684 1284 2715 Ul
1299 2687 1371 2722 izio,
1390 2684 1422 2715 δε
1436 2686 1538 2714 Poncat
1554 2688 1685 2715 Dominus
1699 2685 1731 2714 de
1745 2688 1858 2723 Langat
1875 2685 2094 2717 Conservatores
2108 2687 2221 2716 ibidem.

1279 2693 1316 2753 in
1334 2723 1457 2761 partibus
1472 2723 1623 2754 Borboniae
1638 2727 1771 2754 Dominus
1785 2725 1816 2754 de
1825 2727 1981 2763 Beauvoir,
1999 2725 2032 2756 ὃς
2047 2724 2187 2754 Baillivus
2201 2724 2303 2754 Borbo-

1249 2765 1287 2792 nii
1304 2764 1353 2800 qui
1367 2761 1408 2792 est
1425 2761 1469 2792 vel
1484 2762 1549 2800 erit,
1568 2763 1602 2794 ὃ(
1618 2772 1718 2792 eorum
1733 2763 1856 2802 quilibet.

1286 2801 1318 2831 In
1334 2801 1456 2840 partibus
1471 2800 1598 2838 Agenen.
1613 2800 1779 2839 Vasconiae,
1797 2800 1978 2840 Burdegalen.
1991 2800 2123 2832 Baionen.
2147 2801 2181 2832 &
2196 2802 2224 2831 in
2239 2809 2302 2832 toto

1248 2839 1364 2870 Ducatu
1384 2842 1398 2856 ³³
1414 2839 1608 2877 Aequitaniae,
1627 2839 1660 2870 &
1680 2839 1791 2877 Lingufi
1806 2839 1962 2878 Occitana,
1980 2843 2070 2869 Comes
2083 2842 2242 2870 Armeniaci
2248 2849 2304 2879 -ge-

1249 2879 1347 2910 neralis
1372 2876 1577 2915 Conservator,
1599 2878 1632 2908 ὃς
1653 2877 1794 2917 δεηςίέαίίὶ
1814 2878 1947 2907 &diarum
1968 2877 2203 2910 Senescalciarum
2224 2887 2304 2910 erunt

1247 2917 1466 2947 Conservatores
1480 2915 1670 2955 particulares,
1687 2917 1802 2954 quilibet
1815 2918 1843 2945 in
1855 2916 1900 2947 sua
1914 2915 2098 2955 senescalcia,

1282 2956 1320 2986 Et
1363 2955 1458 2984 uilibet
1480 2954 1624 2984 dictorum
1645 2954 1883 2985 Conservatorum
1904 2953 2197 2992 supranominatorum
2219 2955 2305 2986 habe-

1249 2996 1321 3025 bunt
1336 2965 1451 3031 pienum
1467 2992 1552 3022 Poffe
1565 2994 1593 3022 in
1612 2993 1749 3030 partibus,
1768 2993 1909 3035 inquibus
1922 2993 2040 3031 quilibet
2057 3004 2157 3025 eorum
2174 2994 2214 3024 est
2228 2995 2307 3025 ordi-

1252 3042 1347 3069 natu5‚
1365 3033 1454 3062 solum
1472 3031 1542 3062 &in
1557 3031 1694 3068 solidum,
1712 3031 1747 3061 ad
1762 3031 1962 3069 Reparandum
1972 3031 2308 3064 &Emendandumom-

1839 3080 1851 3099 s
1884 3069 1956 3100 faeta
1976 3070 2021 3101 vel
2038 3080 2189 3109 perpetrata
2209 3080 2308 3102 contra

1844 3092 2024 3139 l3uniendum
2049 3109 2249 3141 Malefadlmres
2267 3111 2306 3141 se-

1836 880 1910 910 atina
1930 881 2085 920 (videlicet)
2105 886 2219 924 concipi
2245 888 2279 917 &

1252 3109 1400 3140 Tenorem
1421 3107 1561 3138 dietarum
1574 3108 1769 3146 Treugarum,
1785 3107 1823 3139 Et

1253 3147 1380 3179 cundum
1395 3145 1519 3177 Casuum
1534 3145 1720 3184 Exigentiam.

1290 3185 1490 3216 Promittentes
1512 3185 1621 3221 insuper
1641 3184 1784 3222 Treugas,
1803 3183 1841 3215 fic
1864 3185 1900 3215 de
1924 3185 2036 3224 Novo,
2060 3194 2091 3217 ut
2135 3187 2308 3225 raemittitur,

1254 3233 1347 3262 captas
1362 3225 1395 3255 δε
1412 3222 1611 3260 concordatas,
1630 3233 1678 3260 per
1690 3222 1836 3260 praefatum
1855 3222 2083 3255 Potentiffimum
2131 3229 2245 3254 ominum
2259 3236 2309 3255 no-

1248 3264 1336 3304 strum
1352 3265 1447 3298 Regem
1463 3261 1565 3291 Literis
1576 3261 1625 3290 suis
1639 3260 1799 3291 Parentibus
1816 3261 1968 3292 efficaciter
1982 3263 2043 3292 fore
2060 3263 2279 3302 confirmandas,

1294 3301 1331 3332 Et
1344 3298 1537 3330 Commiffarii
1552 3299 1693 3337 praedicti,
1714 3309 1766 3336 pro
1783 3308 1857 3338 parte
1872 3300 2041 3340 Adverfim'i
2054 3301 2167 3340 Angliae
2178 3302 2307 3340 Deputa-

1260 3342 1299 3378 ti,
1324 3339 1432 3378 Vigore
1456 3337 1601 3368 Potestatis
1620 3338 1675 3375 eis,
1694 3346 1725 3368 ut
1744 3339 1938 3378 proemittitur,
1964 3340 2104 3369 attribiitae
2126 3341 2311 3377 promiserunt

1258 3378 1367 3408 easdem
1383 3378 1528 3415 Treugas,
1554 3386 1602 3413 per
1629 3376 1747 3406 Litteras
1770 3376 1900 3408 Patentes
1922 3377 1997 3416 ipfius
2015 3378 2202 3418 Adversarii,
2222 3380 2312 3410 modo

1260 3414 1398 3448 consimili
1411 3416 1470 3445 fore
1484 3413 1695 3445 Confimandas.

1293 3455 1324 3498 In
1341 3463 1460 3498 quorum
1477 3454 1607 3497 omni-um
1623 3454 1656 3484 &
1672 3452 1843 3491 singulorum
1862 3452 2079 3485 Testimonium
2101 3455 2197 3495 sigilla
2218 3456 2313 3488 nostra

1260 3493 1572 3560 fessrptusggilseliliipgpsqg
1582 3528 1707 3558 Decimo
1722 3528 1781 3559 Die
1791 3529 1885 3567 junii,
1903 3529 1991 3561 Anno
2007 3529 2132 3562 Domini
2147 3531 2312 3571 Millesimo,

1261 3567 1563 3608 Qiadringentelimo,
1580 3566 1709 3596 Decimo
1727 3567 1849 3605 Quinto.

1388 3712 1435 3744 Dc
1459 3710 1640 3756 Resolntione
1663 3714 1789 3744 Pecuniae
1808 3723 1863 3759 pro
1887 3717 1999 3761 Viagio
2020 3717 2181 3748 adumatae.

1576 3797 1630 3826 Pro
1645 3797 1802 3827 Hominibus
1819 3801 1983 3828 Cantuariae.

1269 3872 1390 3931 REX
1408 3872 1543 3903 omnibus

1363 3911 1462 3941 Sciatis
1475 3895 1574 3950 quod,
1896 3949 1901 3954 ι
1926 3948 1932 3954 .
1975 3948 1981 3953 ι
2141 3949 2147 3955 ’

1301 3948 1381 3979 Cum
1395 3948 1489 3979 Ballivi
1501 3950 1533 3980 ὃς
1548 3951 1594 3980 alii
1608 3949 1696 3980 Probi
1708 3948 1848 3979 Homines
1864 3947 1994 3978 C1V1tatls
2015 3946 2174 3979 Cantuariae
2186 3948 2314 3982 Centum

1270 3988 1398 4025 Marcas,
1415 3996 1466 4026 pro
1480 3989 1609 4026 praesenti
1625 3987 1728 4027 Viagio
1739 3987 1854 4055 [ἐξω-ο,
1872 3985 1969 4016 Nobis
1982 3989 2187 4027 mutuaverint,

1575 3872 1610 3903 ad
1629 3883 1717 3914 quOS,
1734 3874 1796 3905 &c-
1814 3873 1947 3904 Salutem.

1808 850 1860 908 pro
1885 850 1964 879 parte
1990 843 2115 882 Angfiae,
2132 848 2277 884 praesentes

2340 2858 2359 2876 «it
2386 2852 2436 2879 lx.

2328 2889 2391 2918 268.

2336 3976 2360 4006 p.
2405 3951 2412 3995 ;

2280 4027 2318 4060 Et
2338 4015 2381 4034 21,
