<?xml version="1.0" encoding="UTF-8"?>
<!DOCTYPE html PUBLIC "-//W3C//DTD XHTML 1.0 Transitional//EN"
    "http://www.w3.org/TR/xhtml1/DTD/xhtml1-transitional.dtd">
<html xmlns="http://www.w3.org/1999/xhtml" xml:lang="en" lang="en">
 <head>
  <title>
</title>
<meta http-equiv="Content-Type" content="text/html;charset=utf-8" />
  <meta name='ocr-system' content='tesseract 3.04.00' />
  <meta name='ocr-capabilities' content='ocr_page ocr_carea ocr_par ocr_line ocrx_word'/>
</head>
<body>
  <div class='ocr_page' id='page_1' title='image "./fderaconventione04ryme/fderaconventione04ryme_0409.png"; bbox 0 0 2562 4274; ppageno 0'>
   <div class='ocr_carea' id='block_1_1' title="bbox 697 157 1166 201">
    <p class='ocr_par' dir='ltr' id='par_1_1' title="bbox 697 157 1166 201">
     <span class='ocr_line' id='line_1_1' title="bbox 697 157 1166 201; baseline 0 -2"><span class='ocrx_word' id='word_1_1' title='bbox 697 157 811 200; x_wconf 89' lang='lat' dir='ltr'>ET</span> <span class='ocrx_word' id='word_1_2' title='bbox 894 159 1166 201; x_wconf 89' lang='lat' dir='ltr'>ACTA</span> 
     </span>
    </p>
   </div>
   <div class='ocr_carea' id='block_1_2' title="bbox 0 238 1218 705">
    <p class='ocr_par' dir='ltr' id='par_1_2' title="bbox 1 238 1212 321">
     <span class='ocr_line' id='line_1_2' title="bbox 1 238 1212 286; baseline -0.002 -9"><span class='ocrx_word' id='word_1_3' title='bbox 1 243 76 277; x_wconf 79' lang='lat' dir='ltr'>Arm·</span> <span class='ocrx_word' id='word_1_4' title='bbox 91 238 124 272; x_wconf 86' lang='lat' dir='ltr'>D</span> <span class='ocrx_word' id='word_1_5' title='bbox 128 262 135 269; x_wconf 91' lang='lat'>·</span> <span class='ocrx_word' id='word_1_6' title='bbox 146 247 180 280; x_wconf 66' lang='grc' dir='ltr'>ὃς</span> <span class='ocrx_word' id='word_1_7' title='bbox 194 255 254 279; x_wconf 88' lang='lat' dir='ltr'>noz</span> <span class='ocrx_word' id='word_1_8' title='bbox 268 246 357 286; x_wconf 79' lang='lat' dir='ltr'>Liges</span> <span class='ocrx_word' id='word_1_9' title='bbox 369 255 406 277; x_wconf 88' lang='lat' dir='ltr'>en</span> <span class='ocrx_word' id='word_1_10' title='bbox 422 243 476 277; x_wconf 88' lang='lat' dir='ltr'>icel</span> <span class='ocrx_word' id='word_1_11' title='bbox 497 243 619 276; x_wconf 81' lang='lat' dir='ltr'>esteantz</span> <span class='ocrx_word' id='word_1_12' title='bbox 633 245 644 282; x_wconf 69' lang='lat'>3</span> <span class='ocrx_word' id='word_1_13' title='bbox 667 242 702 274; x_wconf 89' lang='lat'>&amp;</span> <span class='ocrx_word' id='word_1_14' title='bbox 715 244 826 276; x_wconf 89' lang='lat' dir='ltr'>aillours</span> <span class='ocrx_word' id='word_1_15' title='bbox 839 243 898 275; x_wconf 89' lang='lat' dir='ltr'>l&#39;on</span> <span class='ocrx_word' id='word_1_16' title='bbox 912 245 933 275; x_wconf 91' lang='lat' dir='ltr'>il</span> <span class='ocrx_word' id='word_1_17' title='bbox 947 246 982 276; x_wconf 87' lang='lat' dir='ltr'>ad</span> <span class='ocrx_word' id='word_1_18' title='bbox 994 256 1010 276; x_wconf 90' lang='lat' dir='ltr'>a</span> <span class='ocrx_word' id='word_1_19' title='bbox 1023 245 1111 283; x_wconf 85' lang='lat' dir='ltr'>faire,</span> <span class='ocrx_word' id='word_1_20' title='bbox 1125 244 1144 275; x_wconf 82' lang='lat' dir='ltr'>fi</span> <span class='ocrx_word' id='word_1_21' title='bbox 1160 253 1212 275; x_wconf 91' lang='lat' dir='ltr'>co-</span> 
     </span>
     <span class='ocr_line' id='line_1_3' title="bbox 22 281 843 321; baseline -0.007 -2"><span class='ocrx_word' id='word_1_22' title='bbox 22 281 108 319; x_wconf 76' lang='lat'>1416-</span> <span class='ocrx_word' id='word_1_23' title='bbox 146 297 195 318; x_wconf 85' lang='lat' dir='ltr'>ine</span> <span class='ocrx_word' id='word_1_24' title='bbox 209 287 288 318; x_wconf 86' lang='lat' dir='ltr'>Vous</span> <span class='ocrx_word' id='word_1_25' title='bbox 305 286 409 316; x_wconf 87' lang='lat' dir='ltr'>defirez</span> <span class='ocrx_word' id='word_1_26' title='bbox 423 285 459 315; x_wconf 92' lang='lat' dir='ltr'>de</span> <span class='ocrx_word' id='word_1_27' title='bbox 474 283 562 314; x_wconf 92' lang='lat' dir='ltr'>Nous</span> <span class='ocrx_word' id='word_1_28' title='bbox 578 283 645 313; x_wconf 88' lang='lat' dir='ltr'>faire</span> <span class='ocrx_word' id='word_1_29' title='bbox 660 283 719 312; x_wconf 91' lang='lat' dir='ltr'>bon</span> <span class='ocrx_word' id='word_1_30' title='bbox 732 281 843 321; x_wconf 89' lang='lat' dir='ltr'>Pleisir,</span> 
     </span>
    </p>

    <p class='ocr_par' dir='ltr' id='par_1_3' title="bbox 0 320 1213 433">
     <span class='ocr_line' id='line_1_4' title="bbox 0 320 1213 364; baseline -0.003 -10"><span class='ocrx_word' id='word_1_31' title='bbox 0 325 62 349; x_wconf 65' lang='grc' dir='ltr'>ΗΝ·</span> <span class='ocrx_word' id='word_1_32' title='bbox 82 329 109 354; x_wconf 87' lang='lat'>5·</span> <span class='ocrx_word' id='word_1_33' title='bbox 181 326 237 364; x_wconf 85' lang='lat' dir='ltr'>Et,</span> <span class='ocrx_word' id='word_1_34' title='bbox 253 336 288 356; x_wconf 90' lang='lat' dir='ltr'>en</span> <span class='ocrx_word' id='word_1_35' title='bbox 303 325 378 354; x_wconf 87' lang='lat' dir='ltr'>droit</span> <span class='ocrx_word' id='word_1_36' title='bbox 392 323 441 353; x_wconf 88' lang='lat' dir='ltr'>des</span> <span class='ocrx_word' id='word_1_37' title='bbox 456 321 491 352; x_wconf 92' lang='lat' dir='ltr'>N</span> <span class='ocrx_word' id='word_1_38' title='bbox 493 321 597 352; x_wconf 91' lang='lat' dir='ltr'>ovelles</span> <span class='ocrx_word' id='word_1_39' title='bbox 610 321 646 352; x_wconf 92' lang='lat' dir='ltr'>de</span> <span class='ocrx_word' id='word_1_40' title='bbox 661 320 766 350; x_wconf 88' lang='lat' dir='ltr'>mesme</span> <span class='ocrx_word' id='word_1_41' title='bbox 780 327 872 352; x_wconf 76' lang='lat' dir='ltr'>noitre</span> <span class='ocrx_word' id='word_1_42' title='bbox 887 321 996 362; x_wconf 83' lang='lat' dir='ltr'>Voiage</span> <span class='ocrx_word' id='word_1_43' title='bbox 1017 322 1098 359; x_wconf 87' lang='lat' dir='ltr'>(loez</span> <span class='ocrx_word' id='word_1_44' title='bbox 1113 332 1147 351; x_wconf 86' lang='lat' dir='ltr'>en</span> <span class='ocrx_word' id='word_1_45' title='bbox 1155 320 1213 361; x_wconf 72' lang='lat' dir='ltr'>sirit</span> 
     </span>
     <span class='ocr_line' id='line_1_5' title="bbox 24 358 1212 400; baseline -0.004 -5"><span class='ocrx_word' id='word_1_46' title='bbox 24 359 40 374; x_wconf 70' lang='lat'>⁸</span> <span class='ocrx_word' id='word_1_47' title='bbox 62 358 115 387; x_wconf 79' lang='grc' dir='ltr'>ῙΧ·</span> <span class='ocrx_word' id='word_1_48' title='bbox 142 365 260 400; x_wconf 81' lang='lat' dir='ltr'>Dieux)</span> <span class='ocrx_word' id='word_1_49' title='bbox 295 363 386 392; x_wconf 85' lang='lat' dir='ltr'>sumes</span> <span class='ocrx_word' id='word_1_50' title='bbox 413 364 429 378; x_wconf 70' lang='lat'>³*</span> <span class='ocrx_word' id='word_1_51' title='bbox 455 361 522 391; x_wconf 89' lang='lat' dir='ltr'>bien</span> <span class='ocrx_word' id='word_1_52' title='bbox 552 360 586 390; x_wconf 89' lang='lat'>&amp;</span> <span class='ocrx_word' id='word_1_53' title='bbox 613 359 778 390; x_wconf 85' lang='lat' dir='ltr'>sauvement</span> <span class='ocrx_word' id='word_1_54' title='bbox 802 361 908 391; x_wconf 86' lang='lat' dir='ltr'>arrivez</span> <span class='ocrx_word' id='word_1_55' title='bbox 930 369 967 390; x_wconf 90' lang='lat' dir='ltr'>en</span> <span class='ocrx_word' id='word_1_56' title='bbox 988 361 1028 390; x_wconf 89' lang='lat' dir='ltr'>les</span> <span class='ocrx_word' id='word_1_57' title='bbox 1049 361 1154 391; x_wconf 86' lang='lat' dir='ltr'>Parties</span> <span class='ocrx_word' id='word_1_58' title='bbox 1175 360 1212 390; x_wconf 88' lang='lat' dir='ltr'>de</span> 
     </span>
     <span class='ocr_line' id='line_1_6' title="bbox 18 404 260 433; baseline -0.008 0"><span class='ocrx_word' id='word_1_59' title='bbox 18 406 84 433; x_wconf 86' lang='lat'>377·</span> <span class='ocrx_word' id='word_1_60' title='bbox 142 404 260 433; x_wconf 87' lang='lat' dir='ltr'>France.</span> 
     </span>
    </p>

    <p class='ocr_par' dir='ltr' id='par_1_4' title="bbox 143 435 1218 670">
     <span class='ocr_line' id='line_1_7' title="bbox 181 435 1213 479; baseline -0.003 -9"><span class='ocrx_word' id='word_1_61' title='bbox 181 440 219 471; x_wconf 92' lang='lat' dir='ltr'>Et</span> <span class='ocrx_word' id='word_1_62' title='bbox 239 449 276 469; x_wconf 90' lang='lat' dir='ltr'>un</span> <span class='ocrx_word' id='word_1_63' title='bbox 297 448 356 479; x_wconf 88' lang='lat' dir='ltr'>poy</span> <span class='ocrx_word' id='word_1_64' title='bbox 373 445 457 469; x_wconf 89' lang='lat' dir='ltr'>avant</span> <span class='ocrx_word' id='word_1_65' title='bbox 473 447 528 475; x_wconf 88' lang='lat' dir='ltr'>que</span> <span class='ocrx_word' id='word_1_66' title='bbox 549 436 616 467; x_wconf 89' lang='lat' dir='ltr'>Nos</span> <span class='ocrx_word' id='word_1_67' title='bbox 629 437 743 474; x_wconf 86' lang='lat' dir='ltr'>prismes</span> <span class='ocrx_word' id='word_1_68' title='bbox 755 435 848 467; x_wconf 90' lang='lat' dir='ltr'>nostre</span> <span class='ocrx_word' id='word_1_69' title='bbox 862 435 903 468; x_wconf 93' lang='lat' dir='ltr'>dit</span> <span class='ocrx_word' id='word_1_70' title='bbox 919 437 1029 476; x_wconf 86' lang='lat' dir='ltr'>Viage,</span> <span class='ocrx_word' id='word_1_71' title='bbox 1047 437 1137 469; x_wconf 90' lang='lat' dir='ltr'>Nous</span> <span class='ocrx_word' id='word_1_72' title='bbox 1153 436 1213 468; x_wconf 90' lang='lat' dir='ltr'>En-</span> 
     </span>
     <span class='ocr_line' id='line_1_8' title="bbox 147 475 1214 516; baseline -0.004 -8"><span class='ocrx_word' id='word_1_73' title='bbox 147 478 259 510; x_wconf 88' lang='lat' dir='ltr'>formez</span> <span class='ocrx_word' id='word_1_74' title='bbox 274 486 330 516; x_wconf 90' lang='lat' dir='ltr'>que</span> <span class='ocrx_word' id='word_1_75' title='bbox 346 476 462 507; x_wconf 87' lang='lat' dir='ltr'>Grande</span> <span class='ocrx_word' id='word_1_76' title='bbox 476 476 567 506; x_wconf 77' lang='lat' dir='ltr'>Force</span> <span class='ocrx_word' id='word_1_77' title='bbox 583 475 631 505; x_wconf 89' lang='lat' dir='ltr'>des</span> <span class='ocrx_word' id='word_1_78' title='bbox 648 475 757 505; x_wconf 79' lang='lat' dir='ltr'>Veffelx</span> <span class='ocrx_word' id='word_1_79' title='bbox 1108 478 1214 508; x_wconf 79' lang='lat' dir='ltr'>arraiez</span> 
     </span>
     <span class='ocr_line' id='line_1_9' title="bbox 147 513 1218 552; baseline -0.001 -6"><span class='ocrx_word' id='word_1_80' title='bbox 147 527 182 551; x_wconf 85' lang='lat' dir='ltr'>en</span> <span class='ocrx_word' id='word_1_81' title='bbox 197 525 310 546; x_wconf 87' lang='lat' dir='ltr'>manere</span> <span class='ocrx_word' id='word_1_82' title='bbox 324 515 360 545; x_wconf 89' lang='lat' dir='ltr'>de</span> <span class='ocrx_word' id='word_1_83' title='bbox 376 515 504 552; x_wconf 88' lang='lat' dir='ltr'>Guerre,</span> <span class='ocrx_word' id='word_1_84' title='bbox 521 514 629 544; x_wconf 87' lang='lat' dir='ltr'>feurent</span> <span class='ocrx_word' id='word_1_85' title='bbox 642 524 677 543; x_wconf 92' lang='lat' dir='ltr'>en</span> <span class='ocrx_word' id='word_1_86' title='bbox 689 513 715 544; x_wconf 92' lang='lat' dir='ltr'>la</span> <span class='ocrx_word' id='word_1_87' title='bbox 731 513 833 552; x_wconf 88' lang='lat' dir='ltr'>Meer,</span> <span class='ocrx_word' id='word_1_88' title='bbox 848 523 898 552; x_wconf 88' lang='lat' dir='ltr'>pur</span> <span class='ocrx_word' id='word_1_89' title='bbox 914 513 1002 544; x_wconf 92' lang='lat' dir='ltr'>Nous</span> <span class='ocrx_word' id='word_1_90' title='bbox 1016 515 1082 545; x_wconf 88' lang='lat' dir='ltr'>faire</span> <span class='ocrx_word' id='word_1_91' title='bbox 1096 516 1121 545; x_wconf 94' lang='lat' dir='ltr'>le</span> <span class='ocrx_word' id='word_1_92' title='bbox 1129 514 1218 545; x_wconf 84' lang='lat' dir='ltr'>Grief</span> 
     </span>
     <span class='ocr_line' id='line_1_10' title="bbox 143 552 1211 594; baseline 0 -10"><span class='ocrx_word' id='word_1_93' title='bbox 143 552 204 594; x_wconf 86' lang='lat' dir='ltr'>q’i&#39;ls</span> <span class='ocrx_word' id='word_1_94' title='bbox 226 554 367 593; x_wconf 83' lang='lat' dir='ltr'>pooient;</span> <span class='ocrx_word' id='word_1_95' title='bbox 385 554 404 583; x_wconf 84' lang='lat' dir='ltr'>si</span> <span class='ocrx_word' id='word_1_96' title='bbox 426 552 598 583; x_wconf 89' lang='lat' dir='ltr'>envoiasmes</span> <span class='ocrx_word' id='word_1_97' title='bbox 618 553 751 582; x_wconf 88' lang='lat' dir='ltr'>certaines</span> <span class='ocrx_word' id='word_1_98' title='bbox 774 562 835 582; x_wconf 85' lang='lat' dir='ltr'>tioz</span> <span class='ocrx_word' id='word_1_99' title='bbox 854 552 935 582; x_wconf 89' lang='lat' dir='ltr'>Gens</span> <span class='ocrx_word' id='word_1_100' title='bbox 957 562 1006 589; x_wconf 83' lang='lat' dir='ltr'>par</span> <span class='ocrx_word' id='word_1_101' title='bbox 1023 553 1122 584; x_wconf 84' lang='lat' dir='ltr'>devers</span> <span class='ocrx_word' id='word_1_102' title='bbox 1135 577 1145 593; x_wconf 83' lang='lat'>,</span> <span class='ocrx_word' id='word_1_103' title='bbox 1163 555 1211 584; x_wconf 88' lang='lat' dir='ltr'>des</span> 
     </span>
     <span class='ocr_line' id='line_1_11' title="bbox 143 589 1213 631; baseline 0.002 -9"><span class='ocrx_word' id='word_1_104' title='bbox 143 602 237 631; x_wconf 83' lang='lat' dir='ltr'>queux</span> <span class='ocrx_word' id='word_1_105' title='bbox 252 593 359 622; x_wconf 86' lang='lat' dir='ltr'>feurent</span> <span class='ocrx_word' id='word_1_106' title='bbox 374 591 483 622; x_wconf 87' lang='lat' dir='ltr'>Prinses</span> <span class='ocrx_word' id='word_1_107' title='bbox 498 591 608 628; x_wconf 84' lang='lat' dir='ltr'>Quatre</span> <span class='ocrx_word' id='word_1_108' title='bbox 621 590 728 627; x_wconf 88' lang='lat' dir='ltr'>grandz</span> <span class='ocrx_word' id='word_1_109' title='bbox 744 589 896 629; x_wconf 86' lang='lat' dir='ltr'>Carrakes,</span> <span class='ocrx_word' id='word_1_110' title='bbox 914 592 947 622; x_wconf 66' lang='grc' dir='ltr'>ὃς</span> <span class='ocrx_word' id='word_1_111' title='bbox 965 591 1092 622; x_wconf 88' lang='lat' dir='ltr'>mistrent</span> <span class='ocrx_word' id='word_1_112' title='bbox 1106 592 1144 624; x_wconf 89' lang='lat' dir='ltr'>les</span> <span class='ocrx_word' id='word_1_113' title='bbox 1152 593 1213 624; x_wconf 91' lang='lat' dir='ltr'>Au-</span> 
     </span>
     <span class='ocr_line' id='line_1_12' title="bbox 145 631 373 670; baseline -0.013 -8"><span class='ocrx_word' id='word_1_114' title='bbox 145 639 199 662; x_wconf 80' lang='lat' dir='ltr'>tres</span> <span class='ocrx_word' id='word_1_115' title='bbox 213 642 228 662; x_wconf 90' lang='lat' dir='ltr'>a</span> <span class='ocrx_word' id='word_1_116' title='bbox 240 631 266 660; x_wconf 88' lang='lat' dir='ltr'>la</span> <span class='ocrx_word' id='word_1_117' title='bbox 279 631 373 670; x_wconf 78' lang='lat' dir='ltr'>fuyte3</span> 
     </span>
    </p>

    <p class='ocr_par' dir='ltr' id='par_1_5' title="bbox 183 665 848 705">
     <span class='ocr_line' id='line_1_13' title="bbox 183 665 848 705; baseline -0.005 -5"><span class='ocrx_word' id='word_1_118' title='bbox 183 668 220 700; x_wconf 88' lang='lat' dir='ltr'>Et</span> <span class='ocrx_word' id='word_1_119' title='bbox 237 679 272 700; x_wconf 92' lang='lat' dir='ltr'>ce</span> <span class='ocrx_word' id='word_1_120' title='bbox 287 669 364 699; x_wconf 87' lang='lat' dir='ltr'>Vous</span> <span class='ocrx_word' id='word_1_121' title='bbox 377 666 518 705; x_wconf 83' lang='lat' dir='ltr'>fignifions</span> <span class='ocrx_word' id='word_1_122' title='bbox 531 676 547 696; x_wconf 90' lang='lat' dir='ltr'>a</span> <span class='ocrx_word' id='word_1_123' title='bbox 562 675 642 697; x_wconf 90' lang='lat' dir='ltr'>votre</span> <span class='ocrx_word' id='word_1_124' title='bbox 656 665 848 699; x_wconf 88' lang='lat' dir='ltr'>Consolation.</span> 
     </span>
    </p>
   </div>
   <div class='ocr_carea' id='block_1_3' title="bbox 149 705 1213 778">
    <p class='ocr_par' dir='ltr' id='par_1_6' title="bbox 149 705 1213 778">
     <span class='ocr_line' id='line_1_14' title="bbox 149 705 1213 778; baseline 0.002 -41"><span class='ocrx_word' id='word_1_125' title='bbox 149 707 329 778; x_wconf 51' lang='lat' dir='ltr'>GT‘rieschier</span> <span class='ocrx_word' id='word_1_126' title='bbox 352 707 385 737; x_wconf 84' lang='lat'>&amp;</span> <span class='ocrx_word' id='word_1_127' title='bbox 411 706 477 736; x_wconf 86' lang='lat' dir='ltr'>bien</span> <span class='ocrx_word' id='word_1_128' title='bbox 502 705 580 736; x_wconf 83' lang='lat' dir='ltr'>Arne</span> <span class='ocrx_word' id='word_1_129' title='bbox 605 706 684 736; x_wconf 73' lang='lat' dir='ltr'>Foial</span> <span class='ocrx_word' id='word_1_130' title='bbox 696 729 707 745; x_wconf 87' lang='lat'>,</span> <span class='ocrx_word' id='word_1_131' title='bbox 731 706 823 737; x_wconf 88' lang='lat' dir='ltr'>nostre</span> <span class='ocrx_word' id='word_1_132' title='bbox 849 705 986 745; x_wconf 84' lang='lat' dir='ltr'>Seigneur</span> <span class='ocrx_word' id='word_1_133' title='bbox 1011 706 1092 739; x_wconf 89' lang='lat' dir='ltr'>Vous</span> <span class='ocrx_word' id='word_1_134' title='bbox 1116 709 1153 739; x_wconf 85' lang='lat' dir='ltr'>ait</span> <span class='ocrx_word' id='word_1_135' title='bbox 1177 718 1213 739; x_wconf 90' lang='lat' dir='ltr'>en</span> 
     </span>
     <span class='ocr_line' id='line_1_15' title="bbox 183 756 256 777; baseline -0.027 0"><span class='ocrx_word' id='word_1_136' title='bbox 183 757 211 777; x_wconf 82' lang='lat' dir='ltr'>ar</span> <span class='ocrx_word' id='word_1_137' title='bbox 232 756 256 776; x_wconf 92' lang='lat' dir='ltr'>e.</span> 
     </span>
    </p>
   </div>
   <div class='ocr_carea' id='block_1_4' title="bbox 185 819 693 860">
    <p class='ocr_par' dir='ltr' id='par_1_7' title="bbox 185 819 693 860">
     <span class='ocr_line' id='line_1_16' title="bbox 185 819 693 860; baseline -0.004 -6"><span class='ocrx_word' id='word_1_138' title='bbox 185 822 270 854; x_wconf 89' lang='lat' dir='ltr'>Don.</span> <span class='ocrx_word' id='word_1_139' title='bbox 286 823 347 854; x_wconf 73' lang='lat' dir='ltr'>&amp;e</span> <span class='ocrx_word' id='word_1_140' title='bbox 366 821 392 852; x_wconf 88' lang='lat' dir='ltr'>le</span> <span class='ocrx_word' id='word_1_141' title='bbox 409 822 447 852; x_wconf 82' lang='lat' dir='ltr'>xi.</span> <span class='ocrx_word' id='word_1_142' title='bbox 462 821 541 860; x_wconf 87' lang='lat' dir='ltr'>Jour.</span> <span class='ocrx_word' id='word_1_143' title='bbox 560 819 693 860; x_wconf 84' lang='lat' dir='ltr'>d&#39;Augst.</span> 
     </span>
    </p>
   </div>
   <div class='ocr_carea' id='block_1_5' title="bbox 186 899 1143 977">
    <p class='ocr_par' dir='ltr' id='par_1_8' title="bbox 186 899 1143 977">
     <span class='ocr_line' id='line_1_17' title="bbox 186 899 1143 977; baseline -0.001 -9"><span class='ocrx_word' id='word_1_144' title='bbox 186 899 344 977; x_wconf 48' lang='lat' dir='ltr'>gzrsnostre</span> <span class='ocrx_word' id='word_1_145' title='bbox 359 937 493 977; x_wconf 79' lang='lat' dir='ltr'>Treschier</span> <span class='ocrx_word' id='word_1_146' title='bbox 505 936 544 972; x_wconf 61' lang='grc' dir='ltr'><strong><em>ὠ</em></strong></span> <span class='ocrx_word' id='word_1_147' title='bbox 559 937 619 968; x_wconf 86' lang='lat' dir='ltr'>bien</span> <span class='ocrx_word' id='word_1_148' title='bbox 632 938 707 966; x_wconf 81' lang='lat' dir='ltr'>Ame</span> <span class='ocrx_word' id='word_1_149' title='bbox 721 933 816 973; x_wconf 82' lang='lat' dir='ltr'>Foial,</span> <span class='ocrx_word' id='word_1_150' title='bbox 834 934 860 965; x_wconf 92' lang='lat' dir='ltr'>le</span> <span class='ocrx_word' id='word_1_151' title='bbox 874 933 986 973; x_wconf 84' lang='lat' dir='ltr'>Captan</span> <span class='ocrx_word' id='word_1_152' title='bbox 1001 934 1039 975; x_wconf 83' lang='lat' dir='ltr'>de</span> <span class='ocrx_word' id='word_1_153' title='bbox 1052 934 1143 967; x_wconf 73' lang='lat' dir='ltr'>Buch-</span> 
     </span>
    </p>
   </div>
   <div class='ocr_carea' id='block_1_6' title="bbox 189 1015 510 1052">
    <p class='ocr_par' dir='ltr' id='par_1_9' title="bbox 189 1015 510 1052">
     <span class='ocr_line' id='line_1_18' title="bbox 189 1015 510 1052; baseline -0.003 -6"><span class='ocrx_word' id='word_1_154' title='bbox 189 1015 366 1046; x_wconf 88' lang='lat' dir='ltr'>Semblables</span> <span class='ocrx_word' id='word_1_155' title='bbox 382 1015 493 1045; x_wconf 88' lang='lat' dir='ltr'>Lettres</span> <span class='ocrx_word' id='word_1_156' title='bbox 499 1036 510 1052; x_wconf 89' lang='lat'>‚</span> 
     </span>
    </p>
   </div>
   <div class='ocr_carea' id='block_1_7' title="bbox 192 1089 1089 1246">
    <p class='ocr_par' dir='ltr' id='par_1_10' title="bbox 192 1089 560 1127">
     <span class='ocr_line' id='line_1_19' title="bbox 192 1089 560 1127; baseline -0.011 -5"><span class='ocrx_word' id='word_1_157' title='bbox 192 1096 245 1123; x_wconf 88' lang='lat' dir='ltr'>Au</span> <span class='ocrx_word' id='word_1_158' title='bbox 263 1096 322 1122; x_wconf 86' lang='lat' dir='ltr'>Sire</span> <span class='ocrx_word' id='word_1_159' title='bbox 339 1092 370 1121; x_wconf 89' lang='lat' dir='ltr'>de</span> <span class='ocrx_word' id='word_1_160' title='bbox 388 1089 560 1127; x_wconf 81' lang='lat' dir='ltr'>Monferant.</span> 
     </span>
    </p>

    <p class='ocr_par' dir='ltr' id='par_1_11' title="bbox 192 1130 487 1162">
     <span class='ocr_line' id='line_1_20' title="bbox 192 1130 487 1162; baseline -0.017 0"><span class='ocrx_word' id='word_1_161' title='bbox 192 1135 246 1162; x_wconf 83' lang='lat' dir='ltr'>Au</span> <span class='ocrx_word' id='word_1_162' title='bbox 265 1134 323 1161; x_wconf 88' lang='lat' dir='ltr'>Sire</span> <span class='ocrx_word' id='word_1_163' title='bbox 333 1130 365 1158; x_wconf 89' lang='lat' dir='ltr'>de</span> <span class='ocrx_word' id='word_1_164' title='bbox 388 1132 487 1158; x_wconf 79' lang='lat' dir='ltr'>Duras.</span> 
     </span>
    </p>

    <p class='ocr_par' dir='ltr' id='par_1_12' title="bbox 193 1166 541 1200">
     <span class='ocr_line' id='line_1_21' title="bbox 193 1166 541 1200; baseline -0.014 0"><span class='ocrx_word' id='word_1_165' title='bbox 193 1173 247 1200; x_wconf 79' lang='lat' dir='ltr'>Aa</span> <span class='ocrx_word' id='word_1_166' title='bbox 265 1173 323 1198; x_wconf 84' lang='lat' dir='ltr'>Sire</span> <span class='ocrx_word' id='word_1_167' title='bbox 336 1167 368 1196; x_wconf 87' lang='lat' dir='ltr'>de</span> <span class='ocrx_word' id='word_1_168' title='bbox 385 1166 414 1195; x_wconf 86' lang='lat' dir='ltr'>la</span> <span class='ocrx_word' id='word_1_169' title='bbox 432 1167 541 1196; x_wconf 70' lang='lat' dir='ltr'>Laude.</span> 
     </span>
    </p>

    <p class='ocr_par' dir='ltr' id='par_1_13' title="bbox 192 1203 1089 1246">
     <span class='ocr_line' id='line_1_22' title="bbox 192 1203 1089 1246; baseline -0.006 -8"><span class='ocrx_word' id='word_1_170' title='bbox 192 1211 230 1238; x_wconf 87' lang='lat' dir='ltr'><em>A</em></span> <span class='ocrx_word' id='word_1_171' title='bbox 245 1205 358 1236; x_wconf 83' lang='lat' dir='ltr'>Guillem</span> <span class='ocrx_word' id='word_1_172' title='bbox 378 1205 516 1235; x_wconf 80' lang='lat' dir='ltr'>Arnaude</span> <span class='ocrx_word' id='word_1_173' title='bbox 533 1204 565 1234; x_wconf 90' lang='lat' dir='ltr'>de</span> <span class='ocrx_word' id='word_1_174' title='bbox 582 1203 612 1233; x_wconf 87' lang='lat' dir='ltr'>la</span> <span class='ocrx_word' id='word_1_175' title='bbox 631 1206 711 1234; x_wconf 79' lang='lat' dir='ltr'>Mote</span> <span class='ocrx_word' id='word_1_176' title='bbox 723 1231 732 1245; x_wconf 82' lang='lat'><strong>‚</strong></span> <span class='ocrx_word' id='word_1_177' title='bbox 749 1206 808 1235; x_wconf 73' lang='lat' dir='ltr'>Sire</span> <span class='ocrx_word' id='word_1_178' title='bbox 826 1206 858 1235; x_wconf 78' lang='lat' dir='ltr'>de</span> <span class='ocrx_word' id='word_1_179' title='bbox 874 1203 1089 1246; x_wconf 81' lang='lat' dir='ltr'>Roquetaillade.</span> 
     </span>
    </p>
   </div>
   <div class='ocr_carea' id='block_1_8' title="bbox 193 1242 1221 1314">
    <p class='ocr_par' dir='ltr' id='par_1_14' title="bbox 193 1242 1221 1314">
     <span class='ocr_line' id='line_1_23' title="bbox 193 1242 1221 1283; baseline 0 -8"><span class='ocrx_word' id='word_1_180' title='bbox 193 1249 246 1276; x_wconf 80' lang='lat' dir='ltr'>Aa</span> <span class='ocrx_word' id='word_1_181' title='bbox 263 1248 321 1274; x_wconf 82' lang='lat' dir='ltr'>Sire</span> <span class='ocrx_word' id='word_1_182' title='bbox 332 1245 363 1274; x_wconf 82' lang='lat' dir='ltr'>de</span> <span class='ocrx_word' id='word_1_183' title='bbox 379 1244 484 1282; x_wconf 79' lang='lat' dir='ltr'>Lesc&#39;un</span> <span class='ocrx_word' id='word_1_184' title='bbox 498 1265 509 1281; x_wconf 91' lang='lat'>,</span> <span class='ocrx_word' id='word_1_185' title='bbox 526 1242 656 1274; x_wconf 86' lang='lat' dir='ltr'>Senescal</span> <span class='ocrx_word' id='word_1_186' title='bbox 670 1243 718 1274; x_wconf 87' lang='lat' dir='ltr'>des</span> <span class='ocrx_word' id='word_1_187' title='bbox 738 1244 864 1283; x_wconf 82' lang='lat' dir='ltr'>Laudes,</span> <span class='ocrx_word' id='word_1_188' title='bbox 880 1245 913 1276; x_wconf 67' lang='grc' dir='ltr'>ὅ(</span> <span class='ocrx_word' id='word_1_189' title='bbox 926 1254 954 1275; x_wconf 82' lang='lat' dir='ltr'>as</span> <span class='ocrx_word' id='word_1_190' title='bbox 965 1252 1054 1275; x_wconf 86' lang='lat' dir='ltr'>autres</span> <span class='ocrx_word' id='word_1_191' title='bbox 1067 1242 1170 1274; x_wconf 87' lang='lat' dir='ltr'>Barons</span> <span class='ocrx_word' id='word_1_192' title='bbox 1187 1242 1221 1275; x_wconf 73' lang='grc' dir='ltr'>δε</span> 
     </span>
     <span class='ocr_line' id='line_1_24' title="bbox 227 1281 673 1314; baseline -0.007 0"><span class='ocrx_word' id='word_1_193' title='bbox 227 1282 345 1314; x_wconf 84' lang='lat' dir='ltr'>Gentilx</span> <span class='ocrx_word' id='word_1_194' title='bbox 357 1282 395 1313; x_wconf 89' lang='lat' dir='ltr'>du</span> <span class='ocrx_word' id='word_1_195' title='bbox 403 1283 476 1313; x_wconf 83' lang='lat' dir='ltr'>Paiis</span> <span class='ocrx_word' id='word_1_196' title='bbox 489 1283 539 1313; x_wconf 85' lang='lat' dir='ltr'>des</span> <span class='ocrx_word' id='word_1_197' title='bbox 553 1281 673 1313; x_wconf 87' lang='lat' dir='ltr'>Landes.</span> 
     </span>
    </p>
   </div>
   <div class='ocr_carea' id='block_1_9' title="bbox 154 1405 1224 1488">
    <p class='ocr_par' dir='ltr' id='par_1_15' title="bbox 154 1405 1224 1488">
     <span class='ocr_line' id='line_1_25' title="bbox 154 1405 1224 1453; baseline -0.003 -11"><span class='ocrx_word' id='word_1_198' title='bbox 154 1410 212 1443; x_wconf 77' lang='lat' dir='ltr'>Pro</span> <span class='ocrx_word' id='word_1_199' title='bbox 240 1405 510 1451; x_wconf 77' lang='lat' dir='ltr'>Ambaffiatoribns</span> <span class='ocrx_word' id='word_1_200' title='bbox 536 1408 669 1440; x_wconf 65' lang='lat' dir='ltr'>Francia</span> <span class='ocrx_word' id='word_1_201' title='bbox 685 1432 695 1448; x_wconf 88' lang='lat'>,</span> <span class='ocrx_word' id='word_1_202' title='bbox 731 1406 823 1453; x_wconf 51' lang='lat' dir='ltr'>usqne</span> <span class='ocrx_word' id='word_1_203' title='bbox 856 1407 979 1440; x_wconf 81' lang='lat' dir='ltr'><em>Villam</em></span> <span class='ocrx_word' id='word_1_204' title='bbox 1013 1406 1115 1439; x_wconf 75' lang='lat' dir='ltr'>Galen·</span> <span class='ocrx_word' id='word_1_205' title='bbox 1150 1419 1224 1441; x_wconf 81' lang='lat' dir='ltr'>ven-</span> 
     </span>
     <span class='ocr_line' id='line_1_26' title="bbox 647 1457 736 1488; baseline 0.011 -2"><span class='ocrx_word' id='word_1_206' title='bbox 647 1457 736 1488; x_wconf 82' lang='lat' dir='ltr'>turis.</span> 
     </span>
    </p>
   </div>
   <div class='ocr_carea' id='block_1_10' title="bbox 6 1539 1224 1596">
    <p class='ocr_par' dir='ltr' id='par_1_16' title="bbox 6 1539 1224 1596">
     <span class='ocr_line' id='line_1_27' title="bbox 6 1539 1224 1596; baseline -0.002 -23"><span class='ocrx_word' id='word_1_207' title='bbox 6 1555 84 1588; x_wconf 42' lang='lat' dir='ltr'>Arm·</span> <span class='ocrx_word' id='word_1_208' title='bbox 100 1553 140 1586; x_wconf 51' lang='lat' dir='ltr'>D·</span> <span class='ocrx_word' id='word_1_209' title='bbox 160 1541 304 1596; x_wconf 82' lang='lat' dir='ltr'>REX,</span> <span class='ocrx_word' id='word_1_210' title='bbox 319 1551 368 1580; x_wconf 90' lang='lat' dir='ltr'>per</span> <span class='ocrx_word' id='word_1_211' title='bbox 392 1541 499 1573; x_wconf 87' lang='lat' dir='ltr'>Literas</span> <span class='ocrx_word' id='word_1_212' title='bbox 521 1539 579 1572; x_wconf 89' lang='lat' dir='ltr'>suas</span> <span class='ocrx_word' id='word_1_213' title='bbox 600 1540 730 1571; x_wconf 87' lang='lat' dir='ltr'>Patentes</span> <span class='ocrx_word' id='word_1_214' title='bbox 741 1563 751 1578; x_wconf 91' lang='lat'>,</span> <span class='ocrx_word' id='word_1_215' title='bbox 769 1540 855 1579; x_wconf 89' lang='lat' dir='ltr'>usque</span> <span class='ocrx_word' id='word_1_216' title='bbox 876 1539 911 1571; x_wconf 88' lang='lat' dir='ltr'>ad</span> <span class='ocrx_word' id='word_1_217' title='bbox 933 1547 1061 1579; x_wconf 87' lang='lat' dir='ltr'>quartum</span> <span class='ocrx_word' id='word_1_218' title='bbox 1077 1540 1224 1571; x_wconf 88' lang='lat' dir='ltr'>decimum</span> 
     </span>
    </p>
   </div>
   <div class='ocr_carea' id='block_1_11' title="bbox 7 1577 1224 1708">
    <p class='ocr_par' dir='ltr' id='par_1_17' title="bbox 7 1577 1224 1708">
     <span class='ocr_line' id='line_1_28' title="bbox 34 1577 1224 1632; baseline -0.002 -21"><span class='ocrx_word' id='word_1_219' title='bbox 34 1595 122 1632; x_wconf 82' lang='lat'>1416.</span> <span class='ocrx_word' id='word_1_220' title='bbox 237 1581 316 1611; x_wconf 86' lang='lat' dir='ltr'>diem</span> <span class='ocrx_word' id='word_1_221' title='bbox 331 1580 505 1618; x_wconf 86' lang='lat' dir='ltr'>Septembris</span> <span class='ocrx_word' id='word_1_222' title='bbox 520 1580 656 1618; x_wconf 79' lang='lat' dir='ltr'>proximo</span> <span class='ocrx_word' id='word_1_223' title='bbox 672 1579 800 1609; x_wconf 88' lang='lat' dir='ltr'>futurum</span> <span class='ocrx_word' id='word_1_224' title='bbox 810 1579 952 1623; x_wconf 34' lang='lat' dir='ltr'>‚duraturas</span> <span class='ocrx_word' id='word_1_225' title='bbox 965 1602 978 1624; x_wconf 24' lang='grc' dir='ltr'>,ἰ</span> <span class='ocrx_word' id='word_1_226' title='bbox 1002 1579 1119 1617; x_wconf 84' lang='lat' dir='ltr'>suscepit</span> <span class='ocrx_word' id='word_1_227' title='bbox 1133 1580 1165 1623; x_wconf 72' lang='lat' dir='ltr'>iri</span> <span class='ocrx_word' id='word_1_228' title='bbox 1175 1577 1224 1623; x_wconf 82' lang='lat' dir='ltr'>sal-</span> 
     </span>
     <span class='ocr_line' id='line_1_29' title="bbox 23 1617 1224 1668; baseline -0.01 -9"><span class='ocrx_word' id='word_1_229' title='bbox 23 1636 77 1660; x_wconf 74' lang='lat' dir='ltr'>Aa.</span> <span class='ocrx_word' id='word_1_230' title='bbox 93 1642 122 1668; x_wconf 86' lang='lat'>4.</span> <span class='ocrx_word' id='word_1_231' title='bbox 157 1630 228 1652; x_wconf 87' lang='lat' dir='ltr'>vum</span> <span class='ocrx_word' id='word_1_232' title='bbox 241 1619 275 1650; x_wconf 88' lang='lat'>&amp;</span> <span class='ocrx_word' id='word_1_233' title='bbox 291 1618 422 1649; x_wconf 87' lang='lat' dir='ltr'>securum</span> <span class='ocrx_word' id='word_1_234' title='bbox 435 1617 623 1648; x_wconf 66' lang='lat' dir='ltr'>Conduecum</span> <span class='ocrx_word' id='word_1_235' title='bbox 635 1617 716 1661; x_wconf 81' lang='lat' dir='ltr'>suum</span> <span class='ocrx_word' id='word_1_236' title='bbox 733 1640 742 1656; x_wconf 85' lang='grc'>,</span> <span class='ocrx_word' id='word_1_237' title='bbox 759 1627 792 1647; x_wconf 90' lang='lat' dir='ltr'>ac</span> <span class='ocrx_word' id='word_1_238' title='bbox 808 1627 836 1647; x_wconf 93' lang='lat' dir='ltr'>in</span> <span class='ocrx_word' id='word_1_239' title='bbox 852 1617 1069 1662; x_wconf 64' lang='lat' dir='ltr'>Protectionem</span> <span class='ocrx_word' id='word_1_240' title='bbox 1079 1617 1224 1661; x_wconf 14' lang='lat' dir='ltr'>,tTuitio-</span> 
     </span>
     <span class='ocr_line' id='line_1_30' title="bbox 7 1655 1223 1708; baseline -0.003 -18"><span class='ocrx_word' id='word_1_241' title='bbox 7 1676 44 1699; x_wconf 81' lang='lat' dir='ltr'>H.</span> <span class='ocrx_word' id='word_1_242' title='bbox 63 1677 91 1708; x_wconf 41' lang='lat'>5·-</span> <span class='ocrx_word' id='word_1_243' title='bbox 156 1669 242 1696; x_wconf 87' lang='lat' dir='ltr'>nem,</span> <span class='ocrx_word' id='word_1_244' title='bbox 259 1657 293 1688; x_wconf 89' lang='lat'>&amp;</span> <span class='ocrx_word' id='word_1_245' title='bbox 308 1656 513 1687; x_wconf 81' lang='lat' dir='ltr'>Defenfionem</span> <span class='ocrx_word' id='word_1_246' title='bbox 532 1656 590 1687; x_wconf 88' lang='lat' dir='ltr'>suas</span> <span class='ocrx_word' id='word_1_247' title='bbox 609 1656 756 1694; x_wconf 82' lang='lat' dir='ltr'>speciales,</span> <span class='ocrx_word' id='word_1_248' title='bbox 770 1655 970 1687; x_wconf 89' lang='lat' dir='ltr'>Venerabilem</span> <span class='ocrx_word' id='word_1_249' title='bbox 985 1666 1014 1686; x_wconf 92' lang='lat' dir='ltr'>in</span> <span class='ocrx_word' id='word_1_250' title='bbox 1030 1655 1147 1686; x_wconf 79' lang='lat' dir='ltr'>Christo</span> <span class='ocrx_word' id='word_1_251' title='bbox 1167 1656 1223 1686; x_wconf 88' lang='lat' dir='ltr'>Pa-</span> 
     </span>
    </p>
   </div>
   <div class='ocr_carea' id='block_1_12' title="bbox 7 1693 1232 2158">
    <p class='ocr_par' dir='ltr' id='par_1_18' title="bbox 7 1693 1232 2080">
     <span class='ocr_line' id='line_1_31' title="bbox 7 1693 1224 1763; baseline -0.003 -36"><span class='ocrx_word' id='word_1_252' title='bbox 7 1714 99 1737; x_wconf 43' lang='lat' dir='ltr'>pam·</span> <span class='ocrx_word' id='word_1_253' title='bbox 106 1718 135 1744; x_wconf 58' lang='lat'>4,</span> <span class='ocrx_word' id='word_1_254' title='bbox 155 1707 244 1733; x_wconf 86' lang='lat' dir='ltr'>trem,</span> <span class='ocrx_word' id='word_1_255' title='bbox 262 1695 438 1733; x_wconf 79' lang='lat' dir='ltr'>Reginaldum</span> <span class='ocrx_word' id='word_1_256' title='bbox 458 1693 689 1763; x_wconf 44' lang='grc' dir='ltr'>Ανιβὶεέἰβοριιηι</span> <span class='ocrx_word' id='word_1_257' title='bbox 708 1693 862 1733; x_wconf 82' lang='lat' dir='ltr'>Remensem</span> <span class='ocrx_word' id='word_1_258' title='bbox 874 1717 885 1733; x_wconf 89' lang='lat'>,</span> <span class='ocrx_word' id='word_1_259' title='bbox 904 1697 932 1724; x_wconf 90' lang='lat' dir='ltr'><em>V</em></span> <span class='ocrx_word' id='word_1_260' title='bbox 932 1697 1086 1724; x_wconf 76' lang='lat' dir='ltr'>icecomitem</span> <span class='ocrx_word' id='word_1_261' title='bbox 1107 1695 1139 1724; x_wconf 88' lang='lat' dir='ltr'>a&#39;e</span> <span class='ocrx_word' id='word_1_262' title='bbox 1152 1696 1224 1723; x_wconf 91' lang='lat' dir='ltr'>Bre—</span> 
     </span>
     <span class='ocr_line' id='line_1_32' title="bbox 8 1732 1224 1781; baseline -0.004 -15"><span class='ocrx_word' id='word_1_263' title='bbox 8 1751 43 1775; x_wconf 77' lang='lat'>11.</span> <span class='ocrx_word' id='word_1_264' title='bbox 54 1756 81 1781; x_wconf 84' lang='lat'>5-</span> <span class='ocrx_word' id='word_1_265' title='bbox 101 1756 136 1775; x_wconf 68' lang='lat' dir='ltr'>m,</span> <span class='ocrx_word' id='word_1_266' title='bbox 155 1734 215 1766; x_wconf 81' lang='lat' dir='ltr'>tuel</span> <span class='ocrx_word' id='word_1_267' title='bbox 229 1734 427 1765; x_wconf 84' lang='lat' dir='ltr'>Camerarium</span> <span class='ocrx_word' id='word_1_268' title='bbox 441 1757 450 1773; x_wconf 89' lang='lat'>‚</span> <span class='ocrx_word' id='word_1_269' title='bbox 476 1733 568 1774; x_wconf 82' lang='lat' dir='ltr'>Magii</span> <span class='ocrx_word' id='word_1_270' title='bbox 583 1744 646 1764; x_wconf 90' lang='lat' dir='ltr'>rum</span> <span class='ocrx_word' id='word_1_271' title='bbox 661 1733 727 1763; x_wconf 85' lang='lat' dir='ltr'>Ade</span> <span class='ocrx_word' id='word_1_272' title='bbox 742 1733 875 1772; x_wconf 82' lang='lat' dir='ltr'><em>cambray</em></span> <span class='ocrx_word' id='word_1_273' title='bbox 889 1754 900 1771; x_wconf 90' lang='lat'>,</span> <span class='ocrx_word' id='word_1_274' title='bbox 917 1733 950 1763; x_wconf 92' lang='lat'>&amp;</span> <span class='ocrx_word' id='word_1_275' title='bbox 966 1732 1138 1772; x_wconf 85' lang='lat' dir='ltr'>Magistrum</span> <span class='ocrx_word' id='word_1_276' title='bbox 1152 1735 1224 1762; x_wconf 87' lang='lat' dir='ltr'>Gou-</span> 
     </span>
     <span class='ocr_line' id='line_1_33' title="bbox 14 1770 1226 1821; baseline -0.004 -15"><span class='ocrx_word' id='word_1_277' title='bbox 14 1794 62 1821; x_wconf 71' lang='lat'>,9‚</span> <span class='ocrx_word' id='word_1_278' title='bbox 157 1782 244 1805; x_wconf 83' lang='lat' dir='ltr'>terum</span> <span class='ocrx_word' id='word_1_279' title='bbox 261 1772 324 1810; x_wconf 80' lang='lat' dir='ltr'>col,</span> <span class='ocrx_word' id='word_1_280' title='bbox 342 1772 524 1803; x_wconf 83' lang='lat' dir='ltr'>Consiliarios</span> <span class='ocrx_word' id='word_1_281' title='bbox 539 1770 710 1811; x_wconf 71' lang='lat' dir='ltr'>Adverfhrii</span> <span class='ocrx_word' id='word_1_282' title='bbox 723 1773 802 1809; x_wconf 83' lang='lat' dir='ltr'>Regis</span> <span class='ocrx_word' id='word_1_283' title='bbox 825 1775 965 1809; x_wconf 80' lang='lat' dir='ltr'>Franciae,</span> <span class='ocrx_word' id='word_1_284' title='bbox 983 1781 1053 1802; x_wconf 89' lang='lat' dir='ltr'>cum</span> <span class='ocrx_word' id='word_1_285' title='bbox 1074 1772 1226 1810; x_wconf 85' lang='lat' dir='ltr'>Qiatervi-</span> 
     </span>
     <span class='ocr_line' id='line_1_34' title="bbox 156 1809 1227 1852; baseline -0.004 -9"><span class='ocrx_word' id='word_1_286' title='bbox 156 1813 228 1852; x_wconf 79' lang='lat' dir='ltr'>ginti</span> <span class='ocrx_word' id='word_1_287' title='bbox 243 1811 383 1842; x_wconf 79' lang='lat' dir='ltr'>Militibus</span> <span class='ocrx_word' id='word_1_288' title='bbox 397 1812 431 1842; x_wconf 89' lang='lat'>&amp;</span> <span class='ocrx_word' id='word_1_289' title='bbox 447 1811 604 1848; x_wconf 85' lang='lat' dir='ltr'>Armigeris</span> <span class='ocrx_word' id='word_1_290' title='bbox 617 1833 627 1849; x_wconf 96' lang='lat'>,</span> <span class='ocrx_word' id='word_1_291' title='bbox 643 1810 766 1841; x_wconf 90' lang='lat' dir='ltr'>Armatis</span> <span class='ocrx_word' id='word_1_292' title='bbox 781 1809 824 1840; x_wconf 88' lang='lat' dir='ltr'>vel</span> <span class='ocrx_word' id='word_1_293' title='bbox 836 1819 895 1840; x_wconf 93' lang='lat' dir='ltr'>non</span> <span class='ocrx_word' id='word_1_294' title='bbox 912 1809 1036 1840; x_wconf 89' lang='lat' dir='ltr'>Armatis</span> <span class='ocrx_word' id='word_1_295' title='bbox 1050 1831 1061 1848; x_wconf 85' lang='lat'>,</span> <span class='ocrx_word' id='word_1_296' title='bbox 1074 1810 1105 1840; x_wconf 91' lang='lat' dir='ltr'>in</span> <span class='ocrx_word' id='word_1_297' title='bbox 1120 1809 1227 1840; x_wconf 91' lang='lat' dir='ltr'>Comi-</span> 
     </span>
     <span class='ocr_line' id='line_1_35' title="bbox 158 1847 1227 1888; baseline -0.004 -6"><span class='ocrx_word' id='word_1_298' title='bbox 158 1853 215 1883; x_wconf 89' lang='lat' dir='ltr'>tiva</span> <span class='ocrx_word' id='word_1_299' title='bbox 234 1850 296 1887; x_wconf 86' lang='lat' dir='ltr'>sua,</span> <span class='ocrx_word' id='word_1_300' title='bbox 314 1851 345 1880; x_wconf 91' lang='lat' dir='ltr'>in</span> <span class='ocrx_word' id='word_1_301' title='bbox 361 1849 483 1888; x_wconf 89' lang='lat' dir='ltr'>quadam</span> <span class='ocrx_word' id='word_1_302' title='bbox 497 1847 604 1888; x_wconf 66' lang='lat' dir='ltr'>Galea,</span> <span class='ocrx_word' id='word_1_303' title='bbox 622 1856 670 1879; x_wconf 88' lang='lat' dir='ltr'>aut</span> <span class='ocrx_word' id='word_1_304' title='bbox 687 1847 850 1887; x_wconf 84' lang='lat' dir='ltr'>Balingera,</span> <span class='ocrx_word' id='word_1_305' title='bbox 867 1848 922 1878; x_wconf 91' lang='lat' dir='ltr'>sive</span> <span class='ocrx_word' id='word_1_306' title='bbox 937 1848 993 1878; x_wconf 92' lang='lat' dir='ltr'>alio</span> <span class='ocrx_word' id='word_1_307' title='bbox 1002 1847 1227 1887; x_wconf 85' lang='lat' dir='ltr'>Vase,alCom-</span> 
     </span>
     <span class='ocr_line' id='line_1_36' title="bbox 156 1885 1228 1925; baseline -0.003 -6"><span class='ocrx_word' id='word_1_308' title='bbox 156 1888 363 1920; x_wconf 81' lang='lat' dir='ltr'>municandum</span> <span class='ocrx_word' id='word_1_309' title='bbox 396 1897 463 1918; x_wconf 89' lang='lat' dir='ltr'>cum</span> <span class='ocrx_word' id='word_1_310' title='bbox 495 1888 578 1918; x_wconf 86' lang='lat' dir='ltr'>certis</span> <span class='ocrx_word' id='word_1_311' title='bbox 609 1885 864 1917; x_wconf 86' lang='lat' dir='ltr'>Ambaffiatoribus</span> <span class='ocrx_word' id='word_1_312' title='bbox 877 1909 887 1924; x_wconf 87' lang='lat'>,</span> <span class='ocrx_word' id='word_1_313' title='bbox 911 1885 1123 1917; x_wconf 75' lang='lat' dir='ltr'>Commiffariis</span> <span class='ocrx_word' id='word_1_314' title='bbox 1137 1909 1147 1925; x_wconf 91' lang='lat'>,</span> <span class='ocrx_word' id='word_1_315' title='bbox 1171 1887 1228 1917; x_wconf 90' lang='lat' dir='ltr'>five</span> 
     </span>
     <span class='ocr_line' id='line_1_37' title="bbox 156 1924 1226 1964; baseline -0.002 -6"><span class='ocrx_word' id='word_1_316' title='bbox 156 1927 286 1958; x_wconf 92' lang='lat' dir='ltr'>Nunciis</span> <span class='ocrx_word' id='word_1_317' title='bbox 300 1926 401 1956; x_wconf 84' lang='lat' dir='ltr'>nostris</span> <span class='ocrx_word' id='word_1_318' title='bbox 416 1949 426 1964; x_wconf 95' lang='lat'>,</span> <span class='ocrx_word' id='word_1_319' title='bbox 441 1925 526 1963; x_wconf 87' lang='lat' dir='ltr'>usque</span> <span class='ocrx_word' id='word_1_320' title='bbox 543 1925 647 1956; x_wconf 84' lang='lat' dir='ltr'>Villam</span> <span class='ocrx_word' id='word_1_321' title='bbox 663 1925 788 1955; x_wconf 89' lang='lat' dir='ltr'>nostram</span> <span class='ocrx_word' id='word_1_322' title='bbox 807 1924 907 1955; x_wconf 83' lang='lat' dir='ltr'>Calelii</span> <span class='ocrx_word' id='word_1_323' title='bbox 922 1947 931 1962; x_wconf 91' lang='lat'>,</span> <span class='ocrx_word' id='word_1_324' title='bbox 962 1925 1074 1964; x_wconf 85' lang='lat' dir='ltr'>Quarto</span> <span class='ocrx_word' id='word_1_325' title='bbox 1096 1925 1142 1955; x_wconf 86' lang='lat' dir='ltr'>die</span> <span class='ocrx_word' id='word_1_326' title='bbox 1157 1925 1226 1963; x_wconf 88' lang='lat' dir='ltr'>Sep-</span> 
     </span>
     <span class='ocr_line' id='line_1_38' title="bbox 158 1962 1229 2002; baseline -0.004 -5"><span class='ocrx_word' id='word_1_327' title='bbox 158 1965 277 1997; x_wconf 90' lang='lat' dir='ltr'>tembris</span> <span class='ocrx_word' id='word_1_328' title='bbox 299 1965 437 2002; x_wconf 81' lang='lat' dir='ltr'>proximo</span> <span class='ocrx_word' id='word_1_329' title='bbox 459 1962 573 2002; x_wconf 86' lang='lat' dir='ltr'>futuro,</span> <span class='ocrx_word' id='word_1_330' title='bbox 587 1974 635 2002; x_wconf 88' lang='lat' dir='ltr'>per</span> <span class='ocrx_word' id='word_1_331' title='bbox 660 1963 743 1995; x_wconf 91' lang='lat' dir='ltr'>Mare</span> <span class='ocrx_word' id='word_1_332' title='bbox 753 1985 764 2002; x_wconf 88' lang='lat'>,</span> <span class='ocrx_word' id='word_1_333' title='bbox 782 1964 828 1994; x_wconf 92' lang='lat' dir='ltr'>vel</span> <span class='ocrx_word' id='word_1_334' title='bbox 844 1973 893 2001; x_wconf 89' lang='lat' dir='ltr'>per</span> <span class='ocrx_word' id='word_1_335' title='bbox 907 1963 1029 1994; x_wconf 86' lang='lat' dir='ltr'>Terram</span> <span class='ocrx_word' id='word_1_336' title='bbox 1042 1985 1053 2002; x_wconf 86' lang='lat'>,</span> <span class='ocrx_word' id='word_1_337' title='bbox 1071 1963 1229 2001; x_wconf 90' lang='lat' dir='ltr'>veniendo,</span> 
     </span>
     <span class='ocr_line' id='line_1_39' title="bbox 159 2001 1230 2041; baseline -0.003 -7"><span class='ocrx_word' id='word_1_338' title='bbox 159 2003 267 2034; x_wconf 86' lang='lat' dir='ltr'>ibidem</span> <span class='ocrx_word' id='word_1_339' title='bbox 284 2003 439 2041; x_wconf 81' lang='lat' dir='ltr'>morando,</span> <span class='ocrx_word' id='word_1_340' title='bbox 457 2003 491 2033; x_wconf 89' lang='lat'>&amp;</span> <span class='ocrx_word' id='word_1_341' title='bbox 505 2003 605 2032; x_wconf 85' lang='lat' dir='ltr'>exinde</span> <span class='ocrx_word' id='word_1_342' title='bbox 621 2001 712 2033; x_wconf 91' lang='lat' dir='ltr'>versus</span> <span class='ocrx_word' id='word_1_343' title='bbox 730 2009 818 2040; x_wconf 86' lang='lat' dir='ltr'>partes</span> <span class='ocrx_word' id='word_1_344' title='bbox 841 2001 897 2032; x_wconf 89' lang='lat' dir='ltr'>suas</span> <span class='ocrx_word' id='word_1_345' title='bbox 912 2002 1035 2039; x_wconf 89' lang='lat' dir='ltr'>proprias</span> <span class='ocrx_word' id='word_1_346' title='bbox 1048 2002 1074 2032; x_wconf 93' lang='lat' dir='ltr'>se</span> <span class='ocrx_word' id='word_1_347' title='bbox 1088 2001 1230 2033; x_wconf 89' lang='lat' dir='ltr'>diverten-</span> 
     </span>
     <span class='ocr_line' id='line_1_40' title="bbox 161 2039 1232 2080; baseline -0.003 -7"><span class='ocrx_word' id='word_1_348' title='bbox 161 2042 201 2072; x_wconf 93' lang='lat' dir='ltr'>do</span> <span class='ocrx_word' id='word_1_349' title='bbox 219 2042 252 2073; x_wconf 87' lang='lat'>&amp;</span> <span class='ocrx_word' id='word_1_350' title='bbox 266 2041 426 2080; x_wconf 84' lang='lat' dir='ltr'>redeundo,</span> <span class='ocrx_word' id='word_1_351' title='bbox 444 2050 560 2072; x_wconf 90' lang='lat' dir='ltr'>necnon</span> <span class='ocrx_word' id='word_1_352' title='bbox 575 2040 689 2079; x_wconf 82' lang='lat' dir='ltr'>Equos,</span> <span class='ocrx_word' id='word_1_353' title='bbox 707 2039 802 2078; x_wconf 76' lang='lat' dir='ltr'>Bona,</span> <span class='ocrx_word' id='word_1_354' title='bbox 817 2039 895 2080; x_wconf 81' lang='lat' dir='ltr'>Res,</span> <span class='ocrx_word' id='word_1_355' title='bbox 909 2039 1088 2071; x_wconf 87' lang='lat' dir='ltr'>&amp;Hernesia</span> <span class='ocrx_word' id='word_1_356' title='bbox 1101 2039 1147 2071; x_wconf 88' lang='lat' dir='ltr'>sua</span> <span class='ocrx_word' id='word_1_357' title='bbox 1153 2049 1232 2079; x_wconf 88' lang='lat' dir='ltr'>quae-</span> 
     </span>
    </p>

    <p class='ocr_par' dir='ltr' id='par_1_19' title="bbox 159 2090 1232 2158">
     <span class='ocr_line' id='line_1_41' title="bbox 159 2090 294 2113; baseline -0.022 0"><span class='ocrx_word' id='word_1_358' title='bbox 159 2090 229 2113; x_wconf 88' lang='lat' dir='ltr'>cuin</span> <span class='ocrx_word' id='word_1_359' title='bbox 251 2091 294 2111; x_wconf 89' lang='lat' dir='ltr'>ue.</span> 
     </span>
     <span class='ocr_line' id='line_1_42' title="bbox 196 2090 1232 2158; baseline -0.005 -8"><span class='ocrx_word' id='word_1_360' title='bbox 196 2090 286 2150; x_wconf 55' lang='lat' dir='ltr'>Tglste</span> <span class='ocrx_word' id='word_1_361' title='bbox 298 2117 384 2158; x_wconf 87' lang='lat' dir='ltr'>Rege</span> <span class='ocrx_word' id='word_1_362' title='bbox 398 2116 472 2157; x_wconf 88' lang='lat' dir='ltr'>apud</span> <span class='ocrx_word' id='word_1_363' title='bbox 486 2116 743 2158; x_wconf 73' lang='lat' dir='ltr'>Wstmonasterium</span> <span class='ocrx_word' id='word_1_364' title='bbox 756 2139 767 2156; x_wconf 82' lang='lat'>,</span> <span class='ocrx_word' id='word_1_365' title='bbox 782 2115 900 2148; x_wconf 90' lang='lat' dir='ltr'>decimo</span> <span class='ocrx_word' id='word_1_366' title='bbox 914 2123 1014 2156; x_wconf 87' lang='lat' dir='ltr'>quarto</span> <span class='ocrx_word' id='word_1_367' title='bbox 1034 2115 1080 2147; x_wconf 90' lang='lat' dir='ltr'>die</span> <span class='ocrx_word' id='word_1_368' title='bbox 1096 2115 1232 2155; x_wconf 87' lang='lat' dir='ltr'>Augusti.</span> 
     </span>
    </p>
   </div>
   <div class='ocr_carea' id='block_1_13' title="bbox 907 2193 1187 2234">
    <p class='ocr_par' dir='ltr' id='par_1_20' title="bbox 907 2193 1187 2234">
     <span class='ocr_line' id='line_1_43' title="bbox 907 2193 1187 2234; baseline 0 -10"><span class='ocrx_word' id='word_1_369' title='bbox 907 2195 963 2224; x_wconf 88' lang='lat' dir='ltr'>Per</span> <span class='ocrx_word' id='word_1_370' title='bbox 981 2193 1065 2234; x_wconf 83' lang='lat' dir='ltr'>ipsum</span> <span class='ocrx_word' id='word_1_371' title='bbox 1083 2195 1187 2233; x_wconf 83' lang='lat' dir='ltr'>Regem.</span> 
     </span>
    </p>
   </div>
   <div class='ocr_carea' id='block_1_14' title="bbox 10 2320 1231 2477">
    <p class='ocr_par' dir='ltr' id='par_1_21' title="bbox 10 2320 1231 2477">
     <span class='ocr_line' id='line_1_44' title="bbox 327 2320 1062 2369; baseline -0.004 -13"><span class='ocrx_word' id='word_1_372' title='bbox 327 2322 503 2369; x_wconf 59' lang='lat' dir='ltr'>Alligantia</span> <span class='ocrx_word' id='word_1_373' title='bbox 528 2320 714 2369; x_wconf 81' lang='lat' dir='ltr'>Sigismundi</span> <span class='ocrx_word' id='word_1_374' title='bbox 737 2323 824 2368; x_wconf 83' lang='lat' dir='ltr'>Regis</span> <span class='ocrx_word' id='word_1_375' title='bbox 846 2321 1062 2353; x_wconf 78' lang='lat' dir='ltr'>Romanorum.</span> 
     </span>
     <span class='ocr_line' id='line_1_45' title="bbox 10 2403 1231 2477; baseline -0.004 -38"><span class='ocrx_word' id='word_1_376' title='bbox 10 2415 87 2447; x_wconf 62' lang='lat' dir='ltr'>Arm,</span> <span class='ocrx_word' id='word_1_377' title='bbox 101 2414 144 2446; x_wconf 49' lang='lat' dir='ltr'>D.</span> <span class='ocrx_word' id='word_1_378' title='bbox 163 2407 372 2477; x_wconf 59' lang='lat' dir='ltr'>Sllg-i‘fimmdqs</span> <span class='ocrx_word' id='word_1_379' title='bbox 387 2430 397 2446; x_wconf 86' lang='lat'>,</span> <span class='ocrx_word' id='word_1_380' title='bbox 412 2407 471 2438; x_wconf 86' lang='lat' dir='ltr'>Dei</span> <span class='ocrx_word' id='word_1_381' title='bbox 488 2406 575 2451; x_wconf 67' lang='lat' dir='ltr'>gratia</span> <span class='ocrx_word' id='word_1_382' title='bbox 587 2429 596 2445; x_wconf 84' lang='lat'>,</span> <span class='ocrx_word' id='word_1_383' title='bbox 614 2409 792 2436; x_wconf 88' lang='lat' dir='ltr'>Romanorum</span> <span class='ocrx_word' id='word_1_384' title='bbox 813 2408 873 2435; x_wconf 83' lang='lat' dir='ltr'>Rex</span> <span class='ocrx_word' id='word_1_385' title='bbox 893 2404 1003 2442; x_wconf 86' lang='lat' dir='ltr'>semper</span> <span class='ocrx_word' id='word_1_386' title='bbox 1015 2403 1180 2442; x_wconf 87' lang='lat' dir='ltr'>Augustus,</span> <span class='ocrx_word' id='word_1_387' title='bbox 1196 2413 1231 2435; x_wconf 92' lang='lat' dir='ltr'>ac</span> 
     </span>
    </p>
   </div>
   <div class='ocr_carea' id='block_1_15' title="bbox 11 2442 1234 2643">
    <p class='ocr_par' dir='ltr' id='par_1_22' title="bbox 11 2442 1234 2598">
     <span class='ocr_line' id='line_1_46' title="bbox 34 2442 1232 2492; baseline -0.005 -14"><span class='ocrx_word' id='word_1_388' title='bbox 34 2454 122 2492; x_wconf 85' lang='lat'><em>1416.</em></span> <span class='ocrx_word' id='word_1_389' title='bbox 252 2456 375 2484; x_wconf 82' lang='lat' dir='ltr'>ungarlae</span> <span class='ocrx_word' id='word_1_390' title='bbox 390 2468 400 2483; x_wconf 93' lang='lat'>‚</span> <span class='ocrx_word' id='word_1_391' title='bbox 417 2446 577 2477; x_wconf 86' lang='lat' dir='ltr'>Dalmaciae</span> <span class='ocrx_word' id='word_1_392' title='bbox 620 2444 771 2483; x_wconf 85' lang='lat' dir='ltr'>Croaciae,</span> <span class='ocrx_word' id='word_1_393' title='bbox 791 2443 915 2482; x_wconf 83' lang='lat' dir='ltr'>Ramae,</span> <span class='ocrx_word' id='word_1_394' title='bbox 933 2443 1038 2473; x_wconf 87' lang='lat' dir='ltr'>Serviae</span> <span class='ocrx_word' id='word_1_395' title='bbox 1053 2465 1063 2480; x_wconf 88' lang='lat'>,</span> <span class='ocrx_word' id='word_1_396' title='bbox 1082 2442 1232 2480; x_wconf 81' lang='lat' dir='ltr'>Galliciae,</span> 
     </span>
     <span class='ocr_line' id='line_1_47' title="bbox 11 2468 1231 2529; baseline -0.006 -12"><span class='ocrx_word' id='word_1_397' title='bbox 11 2494 66 2521; x_wconf 69' lang='lat' dir='ltr'>An,</span> <span class='ocrx_word' id='word_1_398' title='bbox 79 2502 108 2529; x_wconf 76' lang='lat'>4,</span> <span class='ocrx_word' id='word_1_399' title='bbox 165 2485 366 2521; x_wconf 85' lang='lat' dir='ltr'>Lodomeriae,</span> <span class='ocrx_word' id='word_1_400' title='bbox 385 2483 557 2522; x_wconf 88' lang='lat' dir='ltr'>Comaniae,</span> <span class='ocrx_word' id='word_1_401' title='bbox 574 2468 763 2523; x_wconf 77' lang='lat' dir='ltr'>ss&#39;uigariaeque</span> <span class='ocrx_word' id='word_1_402' title='bbox 780 2483 859 2519; x_wconf 91' lang='lat' dir='ltr'>Rex,</span> <span class='ocrx_word' id='word_1_403' title='bbox 877 2492 910 2512; x_wconf 89' lang='lat' dir='ltr'>ac</span> <span class='ocrx_word' id='word_1_404' title='bbox 927 2481 1062 2511; x_wconf 88' lang='lat' dir='ltr'>Marchio</span> <span class='ocrx_word' id='word_1_405' title='bbox 1078 2480 1231 2511; x_wconf 84' lang='lat' dir='ltr'>Brandem-</span> 
     </span>
     <span class='ocr_line' id='line_1_48' title="bbox 14 2519 1234 2566; baseline -0.007 -9"><span class='ocrx_word' id='word_1_406' title='bbox 14 2535 43 2559; x_wconf 77' lang='grc' dir='ltr'><em>Η</em></span> <span class='ocrx_word' id='word_1_407' title='bbox 59 2540 89 2566; x_wconf 86' lang='lat'>5.</span> <span class='ocrx_word' id='word_1_408' title='bbox 162 2523 322 2562; x_wconf 73' lang='lat' dir='ltr'>burgensiS,</span> <span class='ocrx_word' id='word_1_409' title='bbox 339 2533 451 2553; x_wconf 87' lang='lat' dir='ltr'>necnon</span> <span class='ocrx_word' id='word_1_410' title='bbox 466 2522 651 2554; x_wconf 79' lang='lat' dir='ltr'>Bohemiae&amp;</span> <span class='ocrx_word' id='word_1_411' title='bbox 666 2520 920 2560; x_wconf 84' lang='lat' dir='ltr'>Lucemburgensis</span> <span class='ocrx_word' id='word_1_412' title='bbox 934 2519 1052 2559; x_wconf 83' lang='lat' dir='ltr'>Haeres,</span> <span class='ocrx_word' id='word_1_413' title='bbox 1070 2528 1115 2549; x_wconf 81' lang='lat' dir='ltr'>AD</span> <span class='ocrx_word' id='word_1_414' title='bbox 1135 2528 1153 2548; x_wconf 86' lang='lat' dir='ltr'>P</span> <span class='ocrx_word' id='word_1_415' title='bbox 1163 2528 1181 2549; x_wconf 84' lang='lat' dir='ltr'>E</span> <span class='ocrx_word' id='word_1_416' title='bbox 1194 2528 1234 2549; x_wconf 90' lang='lat' dir='ltr'>R-</span> 
     </span>
     <span class='ocr_line' id='line_1_49' title="bbox 13 2568 714 2598; baseline -0.011 -1"><span class='ocrx_word' id='word_1_417' title='bbox 13 2573 75 2598; x_wconf 75' lang='lat' dir='ltr'>Pat.</span> <span class='ocrx_word' id='word_1_418' title='bbox 167 2570 348 2596; x_wconf 78' lang='lat' dir='ltr'><strong>PETUAM</strong></span> <span class='ocrx_word' id='word_1_419' title='bbox 368 2570 437 2592; x_wconf 85' lang='lat' dir='ltr'>REI</span> <span class='ocrx_word' id='word_1_420' title='bbox 457 2568 714 2592; x_wconf 64' lang='grc' dir='ltr'>ΜΕΜοΚΙΑΜ.</span> 
     </span>
    </p>

    <p class='ocr_par' dir='ltr' id='par_1_23' title="bbox 12 2594 1233 2643">
     <span class='ocr_line' id='line_1_50' title="bbox 12 2594 1233 2643; baseline -0.007 -9"><span class='ocrx_word' id='word_1_421' title='bbox 12 2611 104 2635; x_wconf 81' lang='lat' dir='ltr'>Norm.</span> <span class='ocrx_word' id='word_1_422' title='bbox 122 2609 151 2636; x_wconf 91' lang='lat'>6.</span> <span class='ocrx_word' id='word_1_423' title='bbox 206 2601 317 2633; x_wconf 90' lang='lat' dir='ltr'>Debito</span> <span class='ocrx_word' id='word_1_424' title='bbox 332 2599 463 2630; x_wconf 84' lang='lat' dir='ltr'>Caritatis</span> <span class='ocrx_word' id='word_1_425' title='bbox 481 2601 563 2643; x_wconf 55' lang='lat' dir='ltr'>(quae</span> <span class='ocrx_word' id='word_1_426' title='bbox 584 2609 643 2629; x_wconf 91' lang='lat' dir='ltr'>non</span> <span class='ocrx_word' id='word_1_427' title='bbox 666 2599 711 2629; x_wconf 90' lang='lat' dir='ltr'>sua</span> <span class='ocrx_word' id='word_1_428' title='bbox 725 2597 786 2628; x_wconf 91' lang='lat' dir='ltr'>sunt</span> <span class='ocrx_word' id='word_1_429' title='bbox 819 2596 913 2634; x_wconf 82' lang='lat' dir='ltr'>uaerit)</span> <span class='ocrx_word' id='word_1_430' title='bbox 934 2594 1109 2634; x_wconf 70' lang='lat' dir='ltr'>Summaque</span> <span class='ocrx_word' id='word_1_431' title='bbox 1120 2596 1160 2625; x_wconf 89' lang='lat' dir='ltr'>rei</span> <span class='ocrx_word' id='word_1_432' title='bbox 1174 2594 1233 2626; x_wconf 90' lang='lat' dir='ltr'>Ec-</span> 
     </span>
    </p>
   </div>
   <div class='ocr_carea' id='block_1_16' title="bbox 13 2634 1238 4128">
    <p class='ocr_par' dir='ltr' id='par_1_24' title="bbox 13 2634 1232 2682">
     <span class='ocr_line' id='line_1_51' title="bbox 13 2634 1232 2682; baseline -0.007 -10"><span class='ocrx_word' id='word_1_433' title='bbox 13 2649 146 2682; x_wconf 76' lang='lat' dir='ltr'>H.5.p.1.</span> <span class='ocrx_word' id='word_1_434' title='bbox 165 2639 342 2677; x_wconf 83' lang='lat' dir='ltr'>clesiasticae,</span> <span class='ocrx_word' id='word_1_435' title='bbox 359 2649 392 2669; x_wconf 91' lang='lat' dir='ltr'>ac</span> <span class='ocrx_word' id='word_1_436' title='bbox 409 2639 559 2669; x_wconf 78' lang='lat' dir='ltr'>Libertatis</span> <span class='ocrx_word' id='word_1_437' title='bbox 577 2638 701 2675; x_wconf 80' lang='lat' dir='ltr'>publicae</span> <span class='ocrx_word' id='word_1_438' title='bbox 716 2647 786 2667; x_wconf 91' lang='lat' dir='ltr'>nece</span> <span class='ocrx_word' id='word_1_439' title='bbox 810 2644 874 2667; x_wconf 85' lang='lat' dir='ltr'>itate</span> <span class='ocrx_word' id='word_1_440' title='bbox 887 2643 1010 2672; x_wconf 86' lang='lat' dir='ltr'>cogente</span> <span class='ocrx_word' id='word_1_441' title='bbox 1031 2637 1112 2671; x_wconf 81' lang='lat' dir='ltr'>(quae</span> <span class='ocrx_word' id='word_1_442' title='bbox 1127 2634 1184 2664; x_wconf 89' lang='lat' dir='ltr'>fine</span> <span class='ocrx_word' id='word_1_443' title='bbox 1200 2644 1232 2664; x_wconf 91' lang='lat' dir='ltr'>u-</span> 
     </span>
    </p>

    <p class='ocr_par' dir='ltr' id='par_1_25' title="bbox 13 2672 1233 2721">
     <span class='ocr_line' id='line_1_52' title="bbox 13 2672 1233 2721; baseline -0.008 -10"><span class='ocrx_word' id='word_1_444' title='bbox 13 2683 149 2721; x_wconf 88' lang='lat' dir='ltr'>m.28.27.</span> <span class='ocrx_word' id='word_1_445' title='bbox 166 2677 292 2711; x_wconf 87' lang='lat' dir='ltr'>niversali</span> <span class='ocrx_word' id='word_1_446' title='bbox 306 2676 433 2715; x_wconf 90' lang='lat' dir='ltr'>periculo</span> <span class='ocrx_word' id='word_1_447' title='bbox 447 2676 554 2715; x_wconf 85' lang='lat' dir='ltr'>negligi</span> <span class='ocrx_word' id='word_1_448' title='bbox 567 2686 626 2706; x_wconf 92' lang='lat' dir='ltr'>non</span> <span class='ocrx_word' id='word_1_449' title='bbox 640 2683 749 2714; x_wconf 86' lang='lat' dir='ltr'>poterat</span> <span class='ocrx_word' id='word_1_450' title='bbox 766 2684 820 2705; x_wconf 90' lang='lat' dir='ltr'>nec</span> <span class='ocrx_word' id='word_1_451' title='bbox 835 2674 986 2716; x_wconf 71' lang='lat' dir='ltr'>postponi)</span> <span class='ocrx_word' id='word_1_452' title='bbox 1004 2672 1125 2703; x_wconf 78' lang='lat' dir='ltr'>Excitati</span> <span class='ocrx_word' id='word_1_453' title='bbox 1139 2672 1175 2702; x_wconf 89' lang='lat' dir='ltr'>ab</span> <span class='ocrx_word' id='word_1_454' title='bbox 1190 2673 1233 2702; x_wconf 89' lang='lat' dir='ltr'>in-</span> 
     </span>
    </p>

    <p class='ocr_par' dir='ltr' id='par_1_26' title="bbox 165 2710 1231 2755">
     <span class='ocr_line' id='line_1_53' title="bbox 165 2710 1231 2755; baseline -0.008 -7"><span class='ocrx_word' id='word_1_455' title='bbox 165 2718 258 2754; x_wconf 87' lang='lat' dir='ltr'>timis,</span> <span class='ocrx_word' id='word_1_456' title='bbox 273 2717 307 2748; x_wconf 94' lang='lat'>&amp;</span> <span class='ocrx_word' id='word_1_457' title='bbox 328 2715 460 2746; x_wconf 68' lang='lat' dir='ltr'>studione</span> <span class='ocrx_word' id='word_1_458' title='bbox 476 2715 660 2746; x_wconf 86' lang='lat' dir='ltr'>solicitudinis</span> <span class='ocrx_word' id='word_1_459' title='bbox 684 2712 815 2743; x_wconf 73' lang='lat' dir='ltr'>instantia</span> <span class='ocrx_word' id='word_1_460' title='bbox 835 2711 1002 2749; x_wconf 84' lang='lat' dir='ltr'>propulsati,</span> <span class='ocrx_word' id='word_1_461' title='bbox 1019 2719 1051 2742; x_wconf 89' lang='lat' dir='ltr'>ut</span> <span class='ocrx_word' id='word_1_462' title='bbox 1072 2710 1231 2755; x_wconf 79' lang='lat' dir='ltr'>Negotium</span> 
     </span>
    </p>

    <p class='ocr_par' dir='ltr' id='par_1_27' title="bbox 164 2748 1230 2790">
     <span class='ocr_line' id='line_1_54' title="bbox 164 2748 1230 2790; baseline -0.006 -4"><span class='ocrx_word' id='word_1_463' title='bbox 164 2754 293 2786; x_wconf 89' lang='lat' dir='ltr'>Unionis</span> <span class='ocrx_word' id='word_1_464' title='bbox 313 2753 415 2784; x_wconf 57' lang='lat' dir='ltr'>sanstae</span> <span class='ocrx_word' id='word_1_465' title='bbox 435 2753 535 2784; x_wconf 87' lang='lat' dir='ltr'>Matris</span> <span class='ocrx_word' id='word_1_466' title='bbox 549 2753 583 2784; x_wconf 88' lang='lat'>&amp;</span> <span class='ocrx_word' id='word_1_467' title='bbox 598 2751 771 2784; x_wconf 89' lang='lat' dir='ltr'>Universalis</span> <span class='ocrx_word' id='word_1_468' title='bbox 785 2750 920 2781; x_wconf 76' lang='lat' dir='ltr'>Ecclesiae</span> <span class='ocrx_word' id='word_1_469' title='bbox 935 2748 1096 2790; x_wconf 88' lang='lat' dir='ltr'>prosperum</span> <span class='ocrx_word' id='word_1_470' title='bbox 1113 2748 1230 2784; x_wconf 60' lang='lat' dir='ltr'>(divma</span> 
     </span>
    </p>

    <p class='ocr_par' dir='ltr' id='par_1_28' title="bbox 163 2787 1230 2832">
     <span class='ocr_line' id='line_1_55' title="bbox 163 2787 1230 2832; baseline -0.007 -8"><span class='ocrx_word' id='word_1_471' title='bbox 163 2795 277 2825; x_wconf 87' lang='lat' dir='ltr'>favente</span> <span class='ocrx_word' id='word_1_472' title='bbox 292 2791 470 2828; x_wconf 68' lang='lat' dir='ltr'>Clementia)</span> <span class='ocrx_word' id='word_1_473' title='bbox 490 2791 631 2822; x_wconf 88' lang='lat' dir='ltr'>sortiretur</span> <span class='ocrx_word' id='word_1_474' title='bbox 647 2790 784 2821; x_wconf 69' lang='lat' dir='ltr'>effe&amp;um</span> <span class='ocrx_word' id='word_1_475' title='bbox 804 2790 845 2826; x_wconf 91' lang='lat' dir='ltr'>(iri</span> <span class='ocrx_word' id='word_1_476' title='bbox 863 2798 920 2827; x_wconf 86' lang='lat' dir='ltr'>quo</span> <span class='ocrx_word' id='word_1_477' title='bbox 933 2795 1011 2832; x_wconf 85' lang='lat' dir='ltr'>tanto</span> <span class='ocrx_word' id='word_1_478' title='bbox 1025 2796 1154 2826; x_wconf 87' lang='lat' dir='ltr'>tempore</span> <span class='ocrx_word' id='word_1_479' title='bbox 1169 2787 1230 2832; x_wconf 67' lang='lat' dir='ltr'>sue-</span> 
     </span>
    </p>

    <p class='ocr_par' dir='ltr' id='par_1_29' title="bbox 163 2825 1232 2868">
     <span class='ocr_line' id='line_1_56' title="bbox 163 2825 1232 2868; baseline -0.008 -4"><span class='ocrx_word' id='word_1_480' title='bbox 163 2834 199 2864; x_wconf 83' lang='lat' dir='ltr'>rit</span> <span class='ocrx_word' id='word_1_481' title='bbox 214 2834 246 2864; x_wconf 88' lang='lat'>&amp;</span> <span class='ocrx_word' id='word_1_482' title='bbox 262 2831 356 2861; x_wconf 85' lang='lat' dir='ltr'>labore</span> <span class='ocrx_word' id='word_1_483' title='bbox 368 2829 510 2868; x_wconf 89' lang='lat' dir='ltr'>sudatum)</span> <span class='ocrx_word' id='word_1_484' title='bbox 530 2829 568 2860; x_wconf 91' lang='lat' dir='ltr'>Et</span> <span class='ocrx_word' id='word_1_485' title='bbox 585 2838 616 2860; x_wconf 91' lang='lat' dir='ltr'>ut</span> <span class='ocrx_word' id='word_1_486' title='bbox 629 2829 713 2868; x_wconf 90' lang='lat' dir='ltr'>ipsius</span> <span class='ocrx_word' id='word_1_487' title='bbox 725 2828 904 2859; x_wconf 68' lang='lat' dir='ltr'>sacrosan&amp;ae</span> <span class='ocrx_word' id='word_1_488' title='bbox 918 2826 1020 2857; x_wconf 89' lang='lat' dir='ltr'>Matris</span> <span class='ocrx_word' id='word_1_489' title='bbox 1031 2825 1163 2858; x_wconf 87' lang='lat' dir='ltr'>Ecclesiae</span> <span class='ocrx_word' id='word_1_490' title='bbox 1178 2825 1232 2856; x_wconf 91' lang='lat' dir='ltr'>illi-</span> 
     </span>
    </p>

    <p class='ocr_par' dir='ltr' id='par_1_30' title="bbox 163 2864 1232 2905">
     <span class='ocr_line' id='line_1_57' title="bbox 163 2864 1232 2905; baseline -0.007 -2"><span class='ocrx_word' id='word_1_491' title='bbox 163 2872 228 2903; x_wconf 90' lang='lat' dir='ltr'>bata</span> <span class='ocrx_word' id='word_1_492' title='bbox 249 2869 354 2900; x_wconf 80' lang='lat' dir='ltr'>Unitas</span> <span class='ocrx_word' id='word_1_493' title='bbox 376 2868 574 2899; x_wconf 86' lang='lat' dir='ltr'>reformaretur</span> <span class='ocrx_word' id='word_1_494' title='bbox 588 2890 599 2905; x_wconf 88' lang='lat'>‚</span> <span class='ocrx_word' id='word_1_495' title='bbox 615 2867 688 2898; x_wconf 87' lang='lat' dir='ltr'>nulla</span> <span class='ocrx_word' id='word_1_496' title='bbox 706 2866 839 2897; x_wconf 86' lang='lat' dir='ltr'>recidivae</span> <span class='ocrx_word' id='word_1_497' title='bbox 859 2864 1048 2904; x_wconf 86' lang='lat' dir='ltr'>Tempestatis</span> <span class='ocrx_word' id='word_1_498' title='bbox 1071 2864 1232 2901; x_wconf 77' lang='lat' dir='ltr'>Naufragia</span> 
     </span>
    </p>

    <p class='ocr_par' dir='ltr' id='par_1_31' title="bbox 166 2903 1232 2948">
     <span class='ocr_line' id='line_1_58' title="bbox 166 2903 1232 2948; baseline -0.007 -8"><span class='ocrx_word' id='word_1_499' title='bbox 166 2909 297 2948; x_wconf 87' lang='lat' dir='ltr'>deinceps</span> <span class='ocrx_word' id='word_1_500' title='bbox 309 2906 450 2938; x_wconf 90' lang='lat' dir='ltr'>incursura</span> <span class='ocrx_word' id='word_1_501' title='bbox 465 2930 476 2946; x_wconf 83' lang='lat'>,</span> <span class='ocrx_word' id='word_1_502' title='bbox 493 2906 536 2936; x_wconf 89' lang='lat' dir='ltr'>sed</span> <span class='ocrx_word' id='word_1_503' title='bbox 552 2906 653 2937; x_wconf 85' lang='lat' dir='ltr'>rediret</span> <span class='ocrx_word' id='word_1_504' title='bbox 664 2906 699 2936; x_wconf 91' lang='lat' dir='ltr'>ad</span> <span class='ocrx_word' id='word_1_505' title='bbox 714 2904 867 2936; x_wconf 76' lang='lat' dir='ltr'>Ecclesiam</span> <span class='ocrx_word' id='word_1_506' title='bbox 878 2903 964 2942; x_wconf 84' lang='lat' dir='ltr'>ipsam</span> <span class='ocrx_word' id='word_1_507' title='bbox 976 2903 1022 2934; x_wconf 85' lang='lat' dir='ltr'>sua</span> <span class='ocrx_word' id='word_1_508' title='bbox 1036 2903 1167 2934; x_wconf 89' lang='lat' dir='ltr'>consueta</span> <span class='ocrx_word' id='word_1_509' title='bbox 1181 2903 1232 2933; x_wconf 93' lang='lat' dir='ltr'>Li-</span> 
     </span>
    </p>

    <p class='ocr_par' dir='ltr' id='par_1_32' title="bbox 166 2940 1234 2985">
     <span class='ocr_line' id='line_1_59' title="bbox 166 2940 1234 2985; baseline -0.007 -7"><span class='ocrx_word' id='word_1_510' title='bbox 166 2947 274 2985; x_wconf 85' lang='lat' dir='ltr'>bertas,</span> <span class='ocrx_word' id='word_1_511' title='bbox 290 2945 466 2985; x_wconf 87' lang='lat' dir='ltr'>Populusque</span> <span class='ocrx_word' id='word_1_512' title='bbox 490 2944 665 2975; x_wconf 86' lang='lat' dir='ltr'>Christianus</span> <span class='ocrx_word' id='word_1_513' title='bbox 689 2943 739 2973; x_wconf 92' lang='lat' dir='ltr'>sub</span> <span class='ocrx_word' id='word_1_514' title='bbox 755 2944 842 2973; x_wconf 91' lang='lat' dir='ltr'>unico</span> <span class='ocrx_word' id='word_1_515' title='bbox 855 2945 959 2972; x_wconf 83' lang='lat' dir='ltr'>Summo</span> <span class='ocrx_word' id='word_1_516' title='bbox 972 2940 1103 2983; x_wconf 87' lang='lat' dir='ltr'>Pontifice</span> <span class='ocrx_word' id='word_1_517' title='bbox 1122 2942 1151 2971; x_wconf 92' lang='lat' dir='ltr'>in</span> <span class='ocrx_word' id='word_1_518' title='bbox 1173 2951 1234 2971; x_wconf 90' lang='lat' dir='ltr'>am-</span> 
     </span>
    </p>

    <p class='ocr_par' dir='ltr' id='par_1_33' title="bbox 189 2979 1234 3024">
     <span class='ocr_line' id='line_1_60' title="bbox 189 2979 1234 3024; baseline -0.005 -10"><span class='ocrx_word' id='word_1_519' title='bbox 189 2985 304 3015; x_wconf 90' lang='lat' dir='ltr'>litudine</span> <span class='ocrx_word' id='word_1_520' title='bbox 318 2984 486 3021; x_wconf 85' lang='lat' dir='ltr'>gaudiorum</span> <span class='ocrx_word' id='word_1_521' title='bbox 500 2983 641 3021; x_wconf 86' lang='lat' dir='ltr'>respiraret</span> <span class='ocrx_word' id='word_1_522' title='bbox 658 2982 739 3021; x_wconf 80' lang='lat' dir='ltr'>(Qii</span> <span class='ocrx_word' id='word_1_523' title='bbox 754 2991 789 3012; x_wconf 86' lang='lat' dir='ltr'>ex</span> <span class='ocrx_word' id='word_1_524' title='bbox 804 2980 953 3024; x_wconf 80' lang='lat' dir='ltr'>Divisione</span> <span class='ocrx_word' id='word_1_525' title='bbox 966 2979 1101 3010; x_wconf 82' lang='lat' dir='ltr'>Ecclesiae</span> <span class='ocrx_word' id='word_1_526' title='bbox 1113 2979 1234 3019; x_wconf 83' lang='lat' dir='ltr'>angustis</span> 
     </span>
    </p>

    <p class='ocr_par' dir='ltr' id='par_1_34' title="bbox 209 3018 1234 3059">
     <span class='ocr_line' id='line_1_61' title="bbox 209 3018 1234 3059; baseline -0.006 -5"><span class='ocrx_word' id='word_1_527' title='bbox 209 3022 311 3054; x_wconf 88' lang='lat' dir='ltr'>olestiis</span> <span class='ocrx_word' id='word_1_528' title='bbox 324 3023 358 3053; x_wconf 67' lang='grc' dir='ltr'>ὅς</span> <span class='ocrx_word' id='word_1_529' title='bbox 371 3022 493 3053; x_wconf 82' lang='lat' dir='ltr'>molestis</span> <span class='ocrx_word' id='word_1_530' title='bbox 512 3021 658 3059; x_wconf 85' lang='lat' dir='ltr'>Angustiis</span> <span class='ocrx_word' id='word_1_531' title='bbox 672 3020 774 3050; x_wconf 78' lang='lat' dir='ltr'>diutius</span> <span class='ocrx_word' id='word_1_532' title='bbox 788 3019 941 3056; x_wconf 83' lang='lat' dir='ltr'>suspiraVit)</span> <span class='ocrx_word' id='word_1_533' title='bbox 962 3018 995 3049; x_wconf 92' lang='lat'>&amp;</span> <span class='ocrx_word' id='word_1_534' title='bbox 1011 3028 1046 3048; x_wconf 92' lang='lat' dir='ltr'>ne</span> <span class='ocrx_word' id='word_1_535' title='bbox 1058 3018 1234 3049; x_wconf 84' lang='lat' dir='ltr'>Ecclesiasti-</span> 
     </span>
    </p>

    <p class='ocr_par' dir='ltr' id='par_1_35' title="bbox 168 3056 1234 3100">
     <span class='ocr_line' id='line_1_62' title="bbox 168 3056 1234 3100; baseline -0.006 -8"><span class='ocrx_word' id='word_1_536' title='bbox 168 3071 214 3092; x_wconf 78' lang='lat' dir='ltr'>cae</span> <span class='ocrx_word' id='word_1_537' title='bbox 228 3059 310 3090; x_wconf 86' lang='lat' dir='ltr'>Pacis</span> <span class='ocrx_word' id='word_1_538' title='bbox 323 3059 524 3098; x_wconf 88' lang='lat' dir='ltr'>Tranquillitas</span> <span class='ocrx_word' id='word_1_539' title='bbox 540 3060 632 3098; x_wconf 87' lang='lat' dir='ltr'>aliqua</span> <span class='ocrx_word' id='word_1_540' title='bbox 648 3059 803 3090; x_wconf 86' lang='lat' dir='ltr'>turbaretur</span> <span class='ocrx_word' id='word_1_541' title='bbox 817 3057 1001 3094; x_wconf 84' lang='lat' dir='ltr'>Tempestate</span> <span class='ocrx_word' id='word_1_542' title='bbox 1019 3056 1182 3100; x_wconf 74' lang='lat' dir='ltr'>Bellorum,</span> <span class='ocrx_word' id='word_1_543' title='bbox 1198 3056 1234 3087; x_wconf 88' lang='lat' dir='ltr'>ad</span> 
     </span>
    </p>

    <p class='ocr_par' dir='ltr' id='par_1_36' title="bbox 169 3093 1235 3137">
     <span class='ocr_line' id='line_1_63' title="bbox 169 3093 1235 3137; baseline -0.005 -7"><span class='ocrx_word' id='word_1_544' title='bbox 169 3097 378 3137; x_wconf 87' lang='lat' dir='ltr'>Inquietudines</span> <span class='ocrx_word' id='word_1_545' title='bbox 398 3099 431 3128; x_wconf 91' lang='lat'>&amp;</span> <span class='ocrx_word' id='word_1_546' title='bbox 453 3098 636 3129; x_wconf 84' lang='lat' dir='ltr'>Differentias</span> <span class='ocrx_word' id='word_1_547' title='bbox 656 3099 728 3128; x_wconf 89' lang='lat' dir='ltr'>inter</span> <span class='ocrx_word' id='word_1_548' title='bbox 750 3096 875 3126; x_wconf 87' lang='lat' dir='ltr'>Franciae</span> <span class='ocrx_word' id='word_1_549' title='bbox 890 3097 923 3127; x_wconf 92' lang='lat'>&amp;</span> <span class='ocrx_word' id='word_1_550' title='bbox 938 3093 1052 3131; x_wconf 87' lang='lat' dir='ltr'>Angliae</span> <span class='ocrx_word' id='word_1_551' title='bbox 1074 3094 1176 3131; x_wconf 81' lang='lat' dir='ltr'>Regna</span> <span class='ocrx_word' id='word_1_552' title='bbox 1192 3105 1235 3125; x_wconf 87' lang='lat' dir='ltr'>re-</span> 
     </span>
    </p>

    <p class='ocr_par' dir='ltr' id='par_1_37' title="bbox 169 3133 1233 3175">
     <span class='ocr_line' id='line_1_64' title="bbox 169 3133 1233 3175; baseline -0.004 -7"><span class='ocrx_word' id='word_1_553' title='bbox 169 3137 312 3173; x_wconf 84' lang='lat' dir='ltr'>surgentes</span> <span class='ocrx_word' id='word_1_554' title='bbox 334 3136 498 3175; x_wconf 87' lang='lat' dir='ltr'>mitigandas</span> <span class='ocrx_word' id='word_1_555' title='bbox 512 3159 522 3175; x_wconf 83' lang='lat'>,</span> <span class='ocrx_word' id='word_1_556' title='bbox 540 3136 672 3166; x_wconf 87' lang='lat' dir='ltr'>Karolum</span> <span class='ocrx_word' id='word_1_557' title='bbox 688 3139 786 3172; x_wconf 85' lang='lat' dir='ltr'>Regem</span> <span class='ocrx_word' id='word_1_558' title='bbox 805 3137 969 3164; x_wconf 85' lang='lat' dir='ltr'>Francorum</span> <span class='ocrx_word' id='word_1_559' title='bbox 983 3133 1070 3163; x_wconf 90' lang='lat' dir='ltr'>multa</span> <span class='ocrx_word' id='word_1_560' title='bbox 1085 3133 1233 3170; x_wconf 83' lang='lat' dir='ltr'>diligentia</span> 
     </span>
    </p>

    <p class='ocr_par' dir='ltr' id='par_1_38' title="bbox 169 3170 1236 3215">
     <span class='ocr_line' id='line_1_65' title="bbox 169 3170 1236 3215; baseline -0.006 -8"><span class='ocrx_word' id='word_1_561' title='bbox 169 3175 340 3215; x_wconf 84' lang='lat' dir='ltr'>pulsavimus</span> <span class='ocrx_word' id='word_1_562' title='bbox 354 3196 365 3212; x_wconf 77' lang='lat'>,</span> <span class='ocrx_word' id='word_1_563' title='bbox 379 3183 410 3204; x_wconf 91' lang='lat' dir='ltr'>ut</span> <span class='ocrx_word' id='word_1_564' title='bbox 423 3175 458 3204; x_wconf 88' lang='lat' dir='ltr'>ad</span> <span class='ocrx_word' id='word_1_565' title='bbox 471 3174 553 3205; x_wconf 83' lang='lat' dir='ltr'>Pacis</span> <span class='ocrx_word' id='word_1_566' title='bbox 572 3174 666 3205; x_wconf 86' lang='lat' dir='ltr'>solidae</span> <span class='ocrx_word' id='word_1_567' title='bbox 689 3173 954 3210; x_wconf 89' lang='lat' dir='ltr'>Reformationem,</span> <span class='ocrx_word' id='word_1_568' title='bbox 972 3181 1041 3202; x_wconf 88' lang='lat' dir='ltr'>curn</span> <span class='ocrx_word' id='word_1_569' title='bbox 1055 3170 1236 3202; x_wconf 87' lang='lat' dir='ltr'>Sereniffimo</span> 
     </span>
    </p>

    <p class='ocr_par' dir='ltr' id='par_1_39' title="bbox 171 3211 1236 3252">
     <span class='ocr_line' id='line_1_66' title="bbox 171 3211 1236 3252; baseline -0.004 -8"><span class='ocrx_word' id='word_1_570' title='bbox 171 3217 293 3252; x_wconf 64' lang='lat' dir='ltr'>Princip⁶²</span> <span class='ocrx_word' id='word_1_571' title='bbox 310 3214 443 3250; x_wconf 78' lang='lat' dir='ltr'>Hmrim,</span> <span class='ocrx_word' id='word_1_572' title='bbox 462 3211 522 3243; x_wconf 85' lang='lat' dir='ltr'>Dei</span> <span class='ocrx_word' id='word_1_573' title='bbox 535 3213 636 3251; x_wconf 66' lang='lat' dir='ltr'>gratia,</span> <span class='ocrx_word' id='word_1_574' title='bbox 653 3212 767 3250; x_wconf 82' lang='lat' dir='ltr'>Angliae</span> <span class='ocrx_word' id='word_1_575' title='bbox 782 3212 946 3242; x_wconf 76' lang='lat' dir='ltr'>&amp;Franciae</span> <span class='ocrx_word' id='word_1_576' title='bbox 966 3212 1055 3248; x_wconf 81' lang='lat' dir='ltr'>Rege,</span> <span class='ocrx_word' id='word_1_577' title='bbox 1072 3220 1105 3240; x_wconf 89' lang='lat' dir='ltr'>ac</span> <span class='ocrx_word' id='word_1_578' title='bbox 1120 3214 1236 3240; x_wconf 81' lang='lat' dir='ltr'>Domino</span> 
     </span>
    </p>

    <p class='ocr_par' dir='ltr' id='par_1_40' title="bbox 169 3248 1236 3327">
     <span class='ocr_line' id='line_1_67' title="bbox 170 3248 1236 3290; baseline -0.003 -8"><span class='ocrx_word' id='word_1_579' title='bbox 170 3253 310 3283; x_wconf 82' lang='lat' dir='ltr'>Hiberniae</span> <span class='ocrx_word' id='word_1_580' title='bbox 319 3274 329 3290; x_wconf 84' lang='lat'>,</span> <span class='ocrx_word' id='word_1_581' title='bbox 348 3250 442 3281; x_wconf 88' lang='lat' dir='ltr'>Fratre</span> <span class='ocrx_word' id='word_1_582' title='bbox 457 3250 571 3280; x_wconf 91' lang='lat' dir='ltr'>Nostro</span> <span class='ocrx_word' id='word_1_583' title='bbox 580 3249 921 3288; x_wconf 85' lang='lat' dir='ltr'>praecariffimo,iuiendae</span> <span class='ocrx_word' id='word_1_584' title='bbox 930 3250 1076 3288; x_wconf 87' lang='lat' dir='ltr'>‚animum</span> <span class='ocrx_word' id='word_1_585' title='bbox 1091 3248 1216 3280; x_wconf 66' lang='lat' dir='ltr'>fleeteret</span> <span class='ocrx_word' id='word_1_586' title='bbox 1225 3271 1236 3287; x_wconf 83' lang='lat'>,</span> 
     </span>
     <span class='ocr_line' id='line_1_68' title="bbox 169 3289 771 3327; baseline -0.008 -4"><span class='ocrx_word' id='word_1_587' title='bbox 169 3291 215 3324; x_wconf 87' lang='lat' dir='ltr'>vel</span> <span class='ocrx_word' id='word_1_588' title='bbox 229 3291 324 3322; x_wconf 84' lang='lat' dir='ltr'>saltem</span> <span class='ocrx_word' id='word_1_589' title='bbox 340 3289 469 3327; x_wconf 77' lang='lat' dir='ltr'>Treugas</span> <span class='ocrx_word' id='word_1_590' title='bbox 482 3290 563 3319; x_wconf 76' lang='lat' dir='ltr'>iniret</span> <span class='ocrx_word' id='word_1_591' title='bbox 569 3297 753 3327; x_wconf 83' lang='lat' dir='ltr'>congruentes</span> <span class='ocrx_word' id='word_1_592' title='bbox 761 3313 771 3326; x_wconf 76' lang='lat'><strong>‚</strong></span> 
     </span>
    </p>

    <p class='ocr_par' dir='ltr' id='par_1_41' title="bbox 170 3325 1237 3554">
     <span class='ocr_line' id='line_1_69' title="bbox 209 3325 1237 3369; baseline -0.005 -9"><span class='ocrx_word' id='word_1_593' title='bbox 209 3330 229 3350; x_wconf 61' lang='lat'>&#39;³‘</span> <span class='ocrx_word' id='word_1_594' title='bbox 249 3329 306 3367; x_wconf 82' lang='lat' dir='ltr'>Et,</span> <span class='ocrx_word' id='word_1_595' title='bbox 322 3327 387 3369; x_wconf 87' lang='lat' dir='ltr'>post</span> <span class='ocrx_word' id='word_1_596' title='bbox 405 3327 491 3358; x_wconf 88' lang='lat' dir='ltr'>multa</span> <span class='ocrx_word' id='word_1_597' title='bbox 504 3326 678 3357; x_wconf 85' lang='lat' dir='ltr'>Praeambula</span> <span class='ocrx_word' id='word_1_598' title='bbox 689 3326 723 3357; x_wconf 89' lang='lat' dir='ltr'>ad</span> <span class='ocrx_word' id='word_1_599' title='bbox 736 3326 819 3357; x_wconf 88' lang='lat' dir='ltr'>Pacis</span> <span class='ocrx_word' id='word_1_600' title='bbox 825 3325 995 3356; x_wconf 58' lang='lat' dir='ltr'>Tra-statum</span> <span class='ocrx_word' id='word_1_601' title='bbox 1008 3325 1237 3364; x_wconf 78' lang='lat' dir='ltr'>facientia,con-</span> 
     </span>
     <span class='ocr_line' id='line_1_70' title="bbox 172 3364 1237 3407; baseline -0.006 -7"><span class='ocrx_word' id='word_1_602' title='bbox 172 3369 273 3407; x_wconf 86' lang='lat' dir='ltr'>cepti,</span> <span class='ocrx_word' id='word_1_603' title='bbox 292 3366 466 3405; x_wconf 80' lang='lat' dir='ltr'>praelocuti,</span> <span class='ocrx_word' id='word_1_604' title='bbox 484 3365 665 3404; x_wconf 66' lang='lat' dir='ltr'>appunctuati</span> <span class='ocrx_word' id='word_1_605' title='bbox 687 3365 763 3395; x_wconf 85' lang='lat' dir='ltr'>fuere</span> <span class='ocrx_word' id='word_1_606' title='bbox 777 3365 810 3395; x_wconf 88' lang='lat'>&amp;</span> <span class='ocrx_word' id='word_1_607' title='bbox 825 3364 992 3395; x_wconf 85' lang='lat' dir='ltr'>concordati</span> <span class='ocrx_word' id='word_1_608' title='bbox 1012 3364 1142 3395; x_wconf 84' lang='lat' dir='ltr'>nonnulli</span> <span class='ocrx_word' id='word_1_609' title='bbox 1158 3365 1237 3395; x_wconf 88' lang='lat' dir='ltr'>Arti-</span> 
     </span>
     <span class='ocr_line' id='line_1_71' title="bbox 173 3402 1237 3445; baseline -0.005 -7"><span class='ocrx_word' id='word_1_610' title='bbox 173 3408 248 3445; x_wconf 84' lang='lat' dir='ltr'>culi,</span> <span class='ocrx_word' id='word_1_611' title='bbox 268 3404 466 3438; x_wconf 88' lang='lat' dir='ltr'>Concordiam</span> <span class='ocrx_word' id='word_1_612' title='bbox 482 3403 663 3442; x_wconf 87' lang='lat' dir='ltr'>probabiliter</span> <span class='ocrx_word' id='word_1_613' title='bbox 678 3403 820 3433; x_wconf 72' lang='lat' dir='ltr'>induffivi</span> <span class='ocrx_word' id='word_1_614' title='bbox 835 3424 846 3440; x_wconf 88' lang='lat'>,</span> <span class='ocrx_word' id='word_1_615' title='bbox 863 3403 896 3432; x_wconf 92' lang='lat'>&amp;</span> <span class='ocrx_word' id='word_1_616' title='bbox 919 3402 969 3432; x_wconf 90' lang='lat' dir='ltr'>sub</span> <span class='ocrx_word' id='word_1_617' title='bbox 985 3402 1103 3441; x_wconf 80' lang='lat' dir='ltr'>Nostro,</span> <span class='ocrx_word' id='word_1_618' title='bbox 1121 3413 1237 3433; x_wconf 88' lang='lat' dir='ltr'>necnon</span> 
     </span>
     <span class='ocr_line' id='line_1_72' title="bbox 171 3440 1236 3480; baseline -0.006 -3"><span class='ocrx_word' id='word_1_619' title='bbox 171 3446 283 3478; x_wconf 86' lang='lat' dir='ltr'>illustris</span> <span class='ocrx_word' id='word_1_620' title='bbox 297 3443 444 3474; x_wconf 83' lang='lat' dir='ltr'>Guilhelmi</span> <span class='ocrx_word' id='word_1_621' title='bbox 463 3446 547 3473; x_wconf 80' lang='lat' dir='ltr'>Ducis</span> <span class='ocrx_word' id='word_1_622' title='bbox 561 3443 712 3479; x_wconf 77' lang='lat' dir='ltr'>Bavariae,</span> <span class='ocrx_word' id='word_1_623' title='bbox 730 3440 889 3480; x_wconf 69' lang='lat' dir='ltr'>Comitifique</span> <span class='ocrx_word' id='word_1_624' title='bbox 901 3442 1054 3478; x_wconf 62' lang='lat' dir='ltr'>Hanania,</span> <span class='ocrx_word' id='word_1_625' title='bbox 1070 3441 1131 3471; x_wconf 89' lang='lat' dir='ltr'>&amp;c.</span> <span class='ocrx_word' id='word_1_626' title='bbox 1152 3441 1236 3472; x_wconf 88' lang='lat' dir='ltr'>Con-</span> 
     </span>
     <span class='ocr_line' id='line_1_73' title="bbox 171 3478 1236 3522; baseline -0.005 -7"><span class='ocrx_word' id='word_1_627' title='bbox 171 3484 318 3522; x_wconf 86' lang='lat' dir='ltr'>sanguinei</span> <span class='ocrx_word' id='word_1_628' title='bbox 338 3483 371 3514; x_wconf 88' lang='lat'>&amp;</span> <span class='ocrx_word' id='word_1_629' title='bbox 391 3481 479 3513; x_wconf 85' lang='lat' dir='ltr'>fidelis</span> <span class='ocrx_word' id='word_1_630' title='bbox 500 3480 589 3512; x_wconf 89' lang='lat' dir='ltr'>nostri</span> <span class='ocrx_word' id='word_1_631' title='bbox 607 3479 704 3510; x_wconf 69' lang='lat' dir='ltr'>dilecti</span> <span class='ocrx_word' id='word_1_632' title='bbox 714 3502 725 3518; x_wconf 90' lang='lat'>,</span> <span class='ocrx_word' id='word_1_633' title='bbox 742 3478 883 3518; x_wconf 85' lang='lat' dir='ltr'>Signetis,</span> <span class='ocrx_word' id='word_1_634' title='bbox 898 3480 981 3508; x_wconf 82' lang='lat' dir='ltr'>eidem</span> <span class='ocrx_word' id='word_1_635' title='bbox 995 3482 1157 3509; x_wconf 85' lang='lat' dir='ltr'>Francorum</span> <span class='ocrx_word' id='word_1_636' title='bbox 1171 3483 1236 3517; x_wconf 84' lang='lat' dir='ltr'>Regi</span> 
     </span>
     <span class='ocr_line' id='line_1_74' title="bbox 170 3523 300 3554; baseline -0.015 0"><span class='ocrx_word' id='word_1_637' title='bbox 170 3523 300 3554; x_wconf 87' lang='lat' dir='ltr'>destinati</span> 
     </span>
    </p>

    <p class='ocr_par' dir='ltr' id='par_1_42' title="bbox 171 3545 1237 3751">
     <span class='ocr_line' id='line_1_75' title="bbox 207 3545 1236 3598; baseline -0.007 -6"><span class='ocrx_word' id='word_1_638' title='bbox 207 3561 295 3598; x_wconf 84' lang='lat' dir='ltr'>Super</span> <span class='ocrx_word' id='word_1_639' title='bbox 307 3545 412 3598; x_wconf 81' lang='lat' dir='ltr'>&#39;quibus</span> <span class='ocrx_word' id='word_1_640' title='bbox 431 3567 514 3597; x_wconf 88' lang='lat' dir='ltr'>capta</span> <span class='ocrx_word' id='word_1_641' title='bbox 532 3556 730 3588; x_wconf 86' lang='lat' dir='ltr'>deliberat-ione</span> <span class='ocrx_word' id='word_1_642' title='bbox 745 3578 755 3594; x_wconf 85' lang='lat'>,</span> <span class='ocrx_word' id='word_1_643' title='bbox 772 3565 821 3593; x_wconf 88' lang='lat' dir='ltr'>per</span> <span class='ocrx_word' id='word_1_644' title='bbox 841 3555 887 3585; x_wconf 84' lang='lat' dir='ltr'>sua</span> <span class='ocrx_word' id='word_1_645' title='bbox 900 3555 1010 3593; x_wconf 85' lang='lat' dir='ltr'>Scripta</span> <span class='ocrx_word' id='word_1_646' title='bbox 1023 3555 1101 3586; x_wconf 83' lang='lat' dir='ltr'>idern</span> <span class='ocrx_word' id='word_1_647' title='bbox 1116 3556 1236 3586; x_wconf 76' lang='lat' dir='ltr'>Karalus</span> 
     </span>
     <span class='ocr_line' id='line_1_76' title="bbox 171 3593 1235 3635; baseline -0.004 -6"><span class='ocrx_word' id='word_1_648' title='bbox 171 3602 231 3630; x_wconf 81' lang='lat' dir='ltr'>Rex</span> <span class='ocrx_word' id='word_1_649' title='bbox 245 3599 343 3629; x_wconf 90' lang='lat' dir='ltr'>Nobis</span> <span class='ocrx_word' id='word_1_650' title='bbox 357 3598 461 3635; x_wconf 79' lang='lat' dir='ltr'>scripsit</span> <span class='ocrx_word' id='word_1_651' title='bbox 476 3595 555 3635; x_wconf 82' lang='lat' dir='ltr'>quod</span> <span class='ocrx_word' id='word_1_652' title='bbox 572 3595 713 3626; x_wconf 87' lang='lat' dir='ltr'>Articulos</span> <span class='ocrx_word' id='word_1_653' title='bbox 728 3595 800 3632; x_wconf 88' lang='lat' dir='ltr'>ipsos</span> <span class='ocrx_word' id='word_1_654' title='bbox 814 3616 823 3631; x_wconf 93' lang='lat'>,</span> <span class='ocrx_word' id='word_1_655' title='bbox 844 3593 956 3624; x_wconf 68' lang='lat' dir='ltr'>Matura</span> <span class='ocrx_word' id='word_1_656' title='bbox 971 3593 1092 3624; x_wconf 79' lang='lat' dir='ltr'>Consilii</span> <span class='ocrx_word' id='word_1_657' title='bbox 1108 3603 1165 3624; x_wconf 89' lang='lat' dir='ltr'>tam</span> <span class='ocrx_word' id='word_1_658' title='bbox 1180 3595 1235 3625; x_wconf 80' lang='lat' dir='ltr'>suae</span> 
     </span>
     <span class='ocr_line' id='line_1_77' title="bbox 171 3631 1233 3675; baseline -0.005 -7"><span class='ocrx_word' id='word_1_659' title='bbox 171 3637 287 3675; x_wconf 84' lang='lat' dir='ltr'>Regalis</span> <span class='ocrx_word' id='word_1_660' title='bbox 303 3636 443 3674; x_wconf 82' lang='lat' dir='ltr'>Prosapiae</span> <span class='ocrx_word' id='word_1_661' title='bbox 458 3637 545 3674; x_wconf 71' lang='lat' dir='ltr'>quam</span> <span class='ocrx_word' id='word_1_662' title='bbox 565 3635 681 3665; x_wconf 84' lang='lat' dir='ltr'>aliorum</span> <span class='ocrx_word' id='word_1_663' title='bbox 697 3633 732 3663; x_wconf 91' lang='lat' dir='ltr'>de</span> <span class='ocrx_word' id='word_1_664' title='bbox 746 3633 796 3662; x_wconf 90' lang='lat' dir='ltr'>suo</span> <span class='ocrx_word' id='word_1_665' title='bbox 812 3631 924 3662; x_wconf 71' lang='lat' dir='ltr'>Maono</span> <span class='ocrx_word' id='word_1_666' title='bbox 939 3631 1077 3662; x_wconf 87' lang='lat' dir='ltr'>Concilio</span> <span class='ocrx_word' id='word_1_667' title='bbox 1092 3632 1233 3663; x_wconf 85' lang='lat' dir='ltr'>delibera-</span> 
     </span>
     <span class='ocr_line' id='line_1_78' title="bbox 172 3655 1237 3713; baseline -0.005 -7"><span class='ocrx_word' id='word_1_668' title='bbox 172 3677 250 3706; x_wconf 86' lang='lat' dir='ltr'>tione</span> <span class='ocrx_word' id='word_1_669' title='bbox 265 3674 418 3713; x_wconf 67' lang='lat' dir='ltr'>praehabita</span> <span class='ocrx_word' id='word_1_670' title='bbox 430 3697 440 3712; x_wconf 86' lang='lat'>,</span> <span class='ocrx_word' id='word_1_671' title='bbox 457 3683 492 3704; x_wconf 84' lang='lat' dir='ltr'>ex</span> <span class='ocrx_word' id='word_1_672' title='bbox 514 3682 588 3711; x_wconf 86' lang='lat' dir='ltr'>parte</span> <span class='ocrx_word' id='word_1_673' title='bbox 608 3671 664 3711; x_wconf 84' lang='lat' dir='ltr'>sui,</span> <span class='ocrx_word' id='word_1_674' title='bbox 682 3681 766 3710; x_wconf 91' lang='lat' dir='ltr'>prout</span> <span class='ocrx_word' id='word_1_675' title='bbox 782 3672 811 3700; x_wconf 87' lang='lat' dir='ltr'>in</span> <span class='ocrx_word' id='word_1_676' title='bbox 826 3655 902 3701; x_wconf 57' lang='lat' dir='ltr'>digia</span> <span class='ocrx_word' id='word_1_677' title='bbox 922 3669 1031 3701; x_wconf 82' lang='lat' dir='ltr'>Cedula</span> <span class='ocrx_word' id='word_1_678' title='bbox 1048 3672 1237 3702; x_wconf 89' lang='lat' dir='ltr'>contineban-</span> 
     </span>
     <span class='ocr_line' id='line_1_79' title="bbox 173 3713 556 3751; baseline -0.005 -7"><span class='ocrx_word' id='word_1_679' title='bbox 173 3721 219 3744; x_wconf 88' lang='lat' dir='ltr'>tur</span> <span class='ocrx_word' id='word_1_680' title='bbox 253 3713 400 3751; x_wconf 75' lang='lat' dir='ltr'>adimpleti</span> <span class='ocrx_word' id='word_1_681' title='bbox 415 3713 556 3750; x_wconf 84' lang='lat' dir='ltr'>decrevit,</span> 
     </span>
    </p>

    <p class='ocr_par' dir='ltr' id='par_1_43' title="bbox 174 3736 1235 3935">
     <span class='ocr_line' id='line_1_80' title="bbox 210 3736 1232 3789; baseline -0.003 -8"><span class='ocrx_word' id='word_1_682' title='bbox 210 3736 266 3781; x_wconf 84' lang='lat' dir='ltr'>S&#39;ed</span> <span class='ocrx_word' id='word_1_683' title='bbox 285 3751 363 3782; x_wconf 70' lang='lat' dir='ltr'>Facti</span> <span class='ocrx_word' id='word_1_684' title='bbox 383 3751 551 3789; x_wconf 79' lang='lat' dir='ltr'>experientia</span> <span class='ocrx_word' id='word_1_685' title='bbox 571 3749 645 3780; x_wconf 88' lang='lat' dir='ltr'>aliud</span> <span class='ocrx_word' id='word_1_686' title='bbox 658 3773 667 3788; x_wconf 83' lang='lat'>,</span> <span class='ocrx_word' id='word_1_687' title='bbox 684 3748 810 3780; x_wconf 74' lang='lat' dir='ltr'>terminis</span> <span class='ocrx_word' id='word_1_688' title='bbox 833 3747 1064 3785; x_wconf 84' lang='lat' dir='ltr'>advenientibus,</span> <span class='ocrx_word' id='word_1_689' title='bbox 1084 3748 1232 3778; x_wconf 77' lang='lat' dir='ltr'>manifeste</span> 
     </span>
     <span class='ocr_line' id='line_1_81' title="bbox 175 3785 1235 3829; baseline -0.003 -10"><span class='ocrx_word' id='word_1_690' title='bbox 175 3788 377 3819; x_wconf 88' lang='lat' dir='ltr'>demonstravit</span> <span class='ocrx_word' id='word_1_691' title='bbox 391 3801 401 3827; x_wconf 74' lang='grc' dir='ltr'>ι,</span> <span class='ocrx_word' id='word_1_692' title='bbox 417 3791 522 3829; x_wconf 80' lang='lat' dir='ltr'>ymmo</span> <span class='ocrx_word' id='word_1_693' title='bbox 537 3812 546 3826; x_wconf 80' lang='lat'>,</span> <span class='ocrx_word' id='word_1_694' title='bbox 564 3788 674 3825; x_wconf 63' lang='lat' dir='ltr'>sumpti</span> <span class='ocrx_word' id='word_1_695' title='bbox 686 3786 854 3824; x_wconf 76' lang='lat' dir='ltr'>occasione,</span> <span class='ocrx_word' id='word_1_696' title='bbox 870 3795 1004 3823; x_wconf 86' lang='lat' dir='ltr'>tanquam</span> <span class='ocrx_word' id='word_1_697' title='bbox 1020 3785 1178 3816; x_wconf 85' lang='lat' dir='ltr'>Discordiae</span> <span class='ocrx_word' id='word_1_698' title='bbox 1193 3787 1235 3817; x_wconf 90' lang='grc' dir='ltr'>Α-</span> 
     </span>
     <span class='ocr_line' id='line_1_82' title="bbox 174 3824 1235 3865; baseline -0.005 -7"><span class='ocrx_word' id='word_1_699' title='bbox 174 3835 268 3858; x_wconf 85' lang='lat' dir='ltr'>mator</span> <span class='ocrx_word' id='word_1_700' title='bbox 281 3827 314 3857; x_wconf 74' lang='grc' dir='ltr'>δε</span> <span class='ocrx_word' id='word_1_701' title='bbox 328 3827 466 3858; x_wconf 87' lang='lat' dir='ltr'>Scismatis</span> <span class='ocrx_word' id='word_1_702' title='bbox 478 3828 583 3865; x_wconf 84' lang='lat' dir='ltr'>antiqui</span> <span class='ocrx_word' id='word_1_703' title='bbox 598 3827 755 3863; x_wconf 86' lang='lat' dir='ltr'>Alumpnus</span> <span class='ocrx_word' id='word_1_704' title='bbox 769 3847 778 3862; x_wconf 84' lang='lat'>‚</span> <span class='ocrx_word' id='word_1_705' title='bbox 795 3824 961 3854; x_wconf 62' lang='lat' dir='ltr'>detraetavit</span> <span class='ocrx_word' id='word_1_706' title='bbox 981 3824 1086 3854; x_wconf 86' lang='lat' dir='ltr'>Pacem</span> <span class='ocrx_word' id='word_1_707' title='bbox 1105 3834 1235 3862; x_wconf 83' lang='lat' dir='ltr'>accepta-</span> 
     </span>
     <span class='ocr_line' id='line_1_83' title="bbox 174 3862 1235 3935; baseline -0.002 -40"><span class='ocrx_word' id='word_1_708' title='bbox 174 3876 204 3935; x_wconf 77' lang='lat' dir='ltr'>rSe</span> <span class='ocrx_word' id='word_1_709' title='bbox 212 3865 471 3934; x_wconf 46' lang='lat' dir='ltr'>,tquaigciaquiciiere</span> <span class='ocrx_word' id='word_1_710' title='bbox 479 3867 504 3910; x_wconf 83' lang='lat' dir='ltr'>se</span> <span class='ocrx_word' id='word_1_711' title='bbox 517 3866 649 3933; x_wconf 47' lang='lat' dir='ltr'>affirelfiat</span> <span class='ocrx_word' id='word_1_712' title='bbox 657 3873 711 3933; x_wconf 65' lang='lat' dir='ltr'>,luts</span> <span class='ocrx_word' id='word_1_713' title='bbox 718 3862 1068 3931; x_wconf 35' lang='lat' dir='ltr'>‘agehmdi&#39;ftnebpesektffesfi</span> <span class='ocrx_word' id='word_1_714' title='bbox 1083 3862 1235 3900; x_wconf 80' lang='lat' dir='ltr'>pacificum</span> 
     </span>
    </p>

    <p class='ocr_par' dir='ltr' id='par_1_44' title="bbox 197 3911 1013 3935">
     <span class='ocr_line' id='line_1_84' title="bbox 197 3911 1013 3935; baseline -0.006 -1"><span class='ocrx_word' id='word_1_715' title='bbox 197 3912 223 3934; x_wconf 92' lang='lat' dir='ltr'>ta</span> <span class='ocrx_word' id='word_1_716' title='bbox 235 3913 283 3933; x_wconf 91' lang='lat' dir='ltr'>um</span> <span class='ocrx_word' id='word_1_717' title='bbox 374 3913 409 3932; x_wconf 86' lang='lat' dir='ltr'>oa</span> <span class='ocrx_word' id='word_1_718' title='bbox 429 3913 591 3935; x_wconf 89' lang='lat' dir='ltr'>unationem</span> <span class='ocrx_word' id='word_1_719' title='bbox 632 3913 666 3934; x_wconf 92' lang='lat' dir='ltr'>cc</span> <span class='ocrx_word' id='word_1_720' title='bbox 678 3914 693 3933; x_wconf 92' lang='lat' dir='ltr'>e</span> <span class='ocrx_word' id='word_1_721' title='bbox 705 3913 729 3932; x_wconf 86' lang='lat' dir='ltr'>ia</span> <span class='ocrx_word' id='word_1_722' title='bbox 755 3911 826 3931; x_wconf 89' lang='lat' dir='ltr'>icam</span> <span class='ocrx_word' id='word_1_723' title='bbox 864 3911 871 3930; x_wconf 94' lang='lat' dir='ltr'>i</span> <span class='ocrx_word' id='word_1_724' title='bbox 899 3911 926 3930; x_wconf 90' lang='lat' dir='ltr'>ur</span> <span class='ocrx_word' id='word_1_725' title='bbox 950 3911 977 3930; x_wconf 84' lang='lat' dir='ltr'>ar</span> <span class='ocrx_word' id='word_1_726' title='bbox 1008 3924 1013 3928; x_wconf 93' lang='lat'>.</span> 
     </span>
    </p>

    <p class='ocr_par' dir='ltr' id='par_1_45' title="bbox 182 3938 1236 4016">
     <span class='ocr_line' id='line_1_85' title="bbox 215 3938 1236 3980; baseline -0.003 -8"><span class='ocrx_word' id='word_1_727' title='bbox 215 3942 294 3972; x_wconf 92' lang='lat' dir='ltr'>Sicut</span> <span class='ocrx_word' id='word_1_728' title='bbox 307 3941 437 3971; x_wconf 87' lang='lat' dir='ltr'>recolitur</span> <span class='ocrx_word' id='word_1_729' title='bbox 453 3941 532 3973; x_wconf 82' lang='lat' dir='ltr'>fuiffe</span> <span class='ocrx_word' id='word_1_730' title='bbox 545 3951 595 3980; x_wconf 88' lang='lat' dir='ltr'>per</span> <span class='ocrx_word' id='word_1_731' title='bbox 609 3939 862 3979; x_wconf 72' lang='lat' dir='ltr'>ipsum,retroa&lt;5l:is</span> <span class='ocrx_word' id='word_1_732' title='bbox 877 3939 1068 3977; x_wconf 83' lang='lat' dir='ltr'>temporibus,</span> <span class='ocrx_word' id='word_1_733' title='bbox 1085 3938 1192 3970; x_wconf 90' lang='lat' dir='ltr'>Scisma</span> <span class='ocrx_word' id='word_1_734' title='bbox 1207 3940 1236 3969; x_wconf 92' lang='lat' dir='ltr'>in</span> 
     </span>
     <span class='ocr_line' id='line_1_86' title="bbox 182 3978 716 4016; baseline -0.002 -5"><span class='ocrx_word' id='word_1_735' title='bbox 182 3979 308 4011; x_wconf 87' lang='lat' dir='ltr'>Ecclesia</span> <span class='ocrx_word' id='word_1_736' title='bbox 322 3978 381 4008; x_wconf 90' lang='lat' dir='ltr'>Dei</span> <span class='ocrx_word' id='word_1_737' title='bbox 395 3978 501 4009; x_wconf 67' lang='lat' dir='ltr'>factum</span> <span class='ocrx_word' id='word_1_738' title='bbox 516 3982 549 4010; x_wconf 89' lang='lat'>&amp;</span> <span class='ocrx_word' id='word_1_739' title='bbox 562 3981 698 4010; x_wconf 88' lang='lat' dir='ltr'>nutritum</span> <span class='ocrx_word' id='word_1_740' title='bbox 707 4001 716 4016; x_wconf 79' lang='lat'>,</span> 
     </span>
    </p>

    <p class='ocr_par' dir='ltr' id='par_1_46' title="bbox 167 4015 1238 4128">
     <span class='ocr_line' id='line_1_87' title="bbox 205 4015 1237 4056; baseline -0.003 -7"><span class='ocrx_word' id='word_1_741' title='bbox 205 4018 261 4049; x_wconf 90' lang='lat' dir='ltr'>Sed</span> <span class='ocrx_word' id='word_1_742' title='bbox 274 4018 306 4048; x_wconf 87' lang='lat'>&amp;</span> <span class='ocrx_word' id='word_1_743' title='bbox 320 4016 471 4047; x_wconf 80' lang='lat' dir='ltr'>noviffime</span> <span class='ocrx_word' id='word_1_744' title='bbox 483 4019 543 4047; x_wconf 79' lang='lat' dir='ltr'>Nos</span> <span class='ocrx_word' id='word_1_745' title='bbox 557 4039 567 4056; x_wconf 83' lang='lat'>,</span> <span class='ocrx_word' id='word_1_746' title='bbox 583 4019 613 4048; x_wconf 91' lang='lat' dir='ltr'>in</span> <span class='ocrx_word' id='word_1_747' title='bbox 628 4019 722 4048; x_wconf 90' lang='lat' dir='ltr'>multis</span> <span class='ocrx_word' id='word_1_748' title='bbox 732 4040 742 4055; x_wconf 89' lang='lat'>‚</span> <span class='ocrx_word' id='word_1_749' title='bbox 762 4017 908 4054; x_wconf 78' lang='lat' dir='ltr'>praecipue</span> <span class='ocrx_word' id='word_1_750' title='bbox 931 4015 1109 4055; x_wconf 85' lang='lat' dir='ltr'>Perpigniani</span> <span class='ocrx_word' id='word_1_751' title='bbox 1131 4017 1159 4046; x_wconf 87' lang='lat' dir='ltr'>in</span> <span class='ocrx_word' id='word_1_752' title='bbox 1176 4016 1237 4046; x_wconf 85' lang='lat' dir='ltr'>Re-</span> 
     </span>
     <span class='ocr_line' id='line_1_88' title="bbox 167 4053 1238 4128; baseline -0.003 -40"><span class='ocrx_word' id='word_1_753' title='bbox 167 4067 229 4128; x_wconf 42' lang='grc' dir='ltr'>εἷς)</span> <span class='ocrx_word' id='word_1_754' title='bbox 245 4057 424 4125; x_wconf 48' lang='lat' dir='ltr'>Affglpiffn</span> <span class='ocrx_word' id='word_1_755' title='bbox 439 4079 450 4095; x_wconf 87' lang='lat'>,</span> <span class='ocrx_word' id='word_1_756' title='bbox 468 4056 498 4086; x_wconf 88' lang='lat' dir='ltr'>in</span> <span class='ocrx_word' id='word_1_757' title='bbox 510 4055 633 4089; x_wconf 83' lang='lat' dir='ltr'>Unione</span> <span class='ocrx_word' id='word_1_758' title='bbox 652 4056 743 4088; x_wconf 90' lang='lat' dir='ltr'>Eccle</span> <span class='ocrx_word' id='word_1_759' title='bbox 750 4056 797 4087; x_wconf 77' lang='lat' dir='ltr'>fiae</span> <span class='ocrx_word' id='word_1_760' title='bbox 814 4055 917 4087; x_wconf 68' lang='lat' dir='ltr'>sanetae</span> <span class='ocrx_word' id='word_1_761' title='bbox 931 4054 1007 4093; x_wconf 79' lang='lat' dir='ltr'>Dei,</span> <span class='ocrx_word' id='word_1_762' title='bbox 1022 4053 1151 4085; x_wconf 65' lang='lat' dir='ltr'>deductis</span> <span class='ocrx_word' id='word_1_763' title='bbox 1163 4055 1238 4086; x_wconf 85' lang='lat' dir='ltr'>Tra-</span> 
     </span>
    </p>

    <p class='ocr_par' dir='ltr' id='par_1_47' title="bbox 213 4106 405 4128">
     <span class='ocr_line' id='line_1_89' title="bbox 213 4106 405 4128; baseline -0.01 -2"><span class='ocrx_word' id='word_1_764' title='bbox 213 4106 262 4126; x_wconf 82' lang='lat' dir='ltr'>om.</span> <span class='ocrx_word' id='word_1_765' title='bbox 311 4117 318 4128; x_wconf 84' lang='lat'><strong>.</strong></span> <span class='ocrx_word' id='word_1_766' title='bbox 351 4117 357 4125; x_wconf 88' lang='lat'><strong>.</strong></span> <span class='ocrx_word' id='word_1_767' title='bbox 398 4116 405 4124; x_wconf 92' lang='lat'><strong>.</strong></span> 
     </span>
    </p>
   </div>
   <div class='ocr_carea' id='block_1_17' title="bbox 39 3353 136 3430">
    <p class='ocr_par' dir='ltr' id='par_1_48' title="bbox 39 3353 136 3430">
     <span class='ocr_line' id='line_1_90' title="bbox 39 3353 136 3383; baseline 0.01 -1"><span class='ocrx_word' id='word_1_768' title='bbox 39 3353 60 3373; x_wconf 53' lang='grc' dir='ltr'>ι·</span> <span class='ocrx_word' id='word_1_769' title='bbox 82 3353 136 3383; x_wconf 83' lang='lat' dir='ltr'>ix.</span> 
     </span>
     <span class='ocr_line' id='line_1_91' title="bbox 45 3392 111 3430; baseline -0.03 0"><span class='ocrx_word' id='word_1_770' title='bbox 45 3392 111 3430; x_wconf 84' lang='lat'><strong>378·</strong></span> 
     </span>
    </p>
   </div>
   <div class='ocr_carea' id='block_1_18' title="bbox 1260 156 2310 217">
    <p class='ocr_par' dir='ltr' id='par_1_49' title="bbox 1260 156 2310 217">
     <span class='ocr_line' id='line_1_92' title="bbox 1260 156 2310 217; baseline 0.009 -20"><span class='ocrx_word' id='word_1_771' title='bbox 1260 156 1742 202; x_wconf 83' lang='lat' dir='ltr'>PUBLICA.</span> <span class='ocrx_word' id='word_1_772' title='bbox 2235 171 2310 217; x_wconf 81' lang='lat'>171</span> 
     </span>
    </p>
   </div>
   <div class='ocr_carea' id='block_1_19' title="bbox 1250 241 2463 367">
    <p class='ocr_par' dir='ltr' id='par_1_50' title="bbox 1250 241 2463 367">
     <span class='ocr_line' id='line_1_93' title="bbox 1251 241 2463 288; baseline 0.01 -16"><span class='ocrx_word' id='word_1_773' title='bbox 1251 242 1372 286; x_wconf 69' lang='lat' dir='ltr'>&amp;atibus</span> <span class='ocrx_word' id='word_1_774' title='bbox 1386 241 1419 276; x_wconf 73' lang='grc' dir='ltr'>ὃς</span> <span class='ocrx_word' id='word_1_775' title='bbox 1435 242 1625 288; x_wconf 75' lang='lat' dir='ltr'>Parliamentis</span> <span class='ocrx_word' id='word_1_776' title='bbox 1638 266 1648 283; x_wconf 83' lang='lat'>‚</span> <span class='ocrx_word' id='word_1_777' title='bbox 1667 254 1715 283; x_wconf 88' lang='lat' dir='ltr'>per</span> <span class='ocrx_word' id='word_1_778' title='bbox 1729 246 1852 278; x_wconf 83' lang='lat' dir='ltr'>occultas</span> <span class='ocrx_word' id='word_1_779' title='bbox 1865 246 1979 279; x_wconf 88' lang='lat' dir='ltr'>suorum</span> <span class='ocrx_word' id='word_1_780' title='bbox 1995 246 2234 281; x_wconf 78' lang='lat' dir='ltr'>Ambassiatorum</span> <span class='ocrx_word' id='word_1_781' title='bbox 2246 250 2314 281; x_wconf 86' lang='lat' dir='ltr'>Pra-</span> <span class='ocrx_word' id='word_1_782' title='bbox 2332 251 2412 283; x_wconf 88' lang='lat' dir='ltr'>Ann.</span> <span class='ocrx_word' id='word_1_783' title='bbox 2423 249 2463 284; x_wconf 72' lang='grc' dir='ltr'>Τ),</span> 
     </span>
     <span class='ocr_line' id='line_1_94' title="bbox 1251 281 2437 330; baseline 0.006 -18"><span class='ocrx_word' id='word_1_784' title='bbox 1251 281 1354 320; x_wconf 63' lang='lat' dir='ltr'>Encas,</span> <span class='ocrx_word' id='word_1_785' title='bbox 1371 284 1406 313; x_wconf 89' lang='lat' dir='ltr'>ad</span> <span class='ocrx_word' id='word_1_786' title='bbox 1422 282 1634 326; x_wconf 71' lang='lat' dir='ltr'>disturbandum</span> <span class='ocrx_word' id='word_1_787' title='bbox 1645 284 1893 330; x_wconf 74' lang='lat' dir='ltr'>¹Goadunationem</span> <span class='ocrx_word' id='word_1_788' title='bbox 1908 287 2151 327; x_wconf 85' lang='lat' dir='ltr'>Ecclefiasticam,</span> <span class='ocrx_word' id='word_1_789' title='bbox 2170 289 2315 327; x_wconf 72' lang='lat' dir='ltr'>perperam</span> <span class='ocrx_word' id='word_1_790' title='bbox 2352 290 2437 329; x_wconf 76' lang='lat'>1416.</span> 
     </span>
     <span class='ocr_line' id='line_1_95' title="bbox 1250 321 2443 367; baseline 0.007 -18"><span class='ocrx_word' id='word_1_791' title='bbox 1250 328 1424 365; x_wconf 83' lang='lat' dir='ltr'>attemptatas</span> <span class='ocrx_word' id='word_1_792' title='bbox 1437 344 1447 360; x_wconf 97' lang='lat'>,</span> <span class='ocrx_word' id='word_1_793' title='bbox 1463 321 1538 352; x_wconf 61' lang='lat' dir='ltr'>radia</span> <span class='ocrx_word' id='word_1_794' title='bbox 1557 330 1726 359; x_wconf 83' lang='lat' dir='ltr'>experientia</span> <span class='ocrx_word' id='word_1_795' title='bbox 1740 323 1837 355; x_wconf 88' lang='lat' dir='ltr'>docuit</span> <span class='ocrx_word' id='word_1_796' title='bbox 1851 325 1884 356; x_wconf 92' lang='lat'>&amp;</span> <span class='ocrx_word' id='word_1_797' title='bbox 1900 325 2016 363; x_wconf 79' lang='lat' dir='ltr'>palpatae</span> <span class='ocrx_word' id='word_1_798' title='bbox 2033 325 2161 358; x_wconf 87' lang='lat' dir='ltr'>Veritatis</span> <span class='ocrx_word' id='word_1_799' title='bbox 2176 329 2315 359; x_wconf 87' lang='lat' dir='ltr'>evidentia</span> <span class='ocrx_word' id='word_1_800' title='bbox 2335 335 2396 358; x_wconf 71' lang='lat' dir='ltr'>Heri.</span> <span class='ocrx_word' id='word_1_801' title='bbox 2414 336 2443 367; x_wconf 83' lang='lat'>5.</span> 
     </span>
    </p>
   </div>
   <div class='ocr_carea' id='block_1_20' title="bbox 1248 357 2330 1667">
    <p class='ocr_par' dir='ltr' id='par_1_51' title="bbox 1250 357 1396 398">
     <span class='ocr_line' id='line_1_96' title="bbox 1250 357 1396 398; baseline 0.021 -11"><span class='ocrx_word' id='word_1_802' title='bbox 1250 357 1396 398; x_wconf 78' lang='lat' dir='ltr'>instruitit,</span> 
     </span>
    </p>

    <p class='ocr_par' dir='ltr' id='par_1_52' title="bbox 1248 397 2314 697">
     <span class='ocr_line' id='line_1_97' title="bbox 1290 397 2312 442; baseline 0.008 -15"><span class='ocrx_word' id='word_1_803' title='bbox 1290 397 1371 440; x_wconf 79' lang='lat' dir='ltr'>Quid</span> <span class='ocrx_word' id='word_1_804' title='bbox 1387 398 1464 435; x_wconf 89' lang='lat' dir='ltr'>plura</span> <span class='ocrx_word' id='word_1_805' title='bbox 1477 397 1489 428; x_wconf 90' lang='lat'>?</span> <span class='ocrx_word' id='word_1_806' title='bbox 1508 397 1594 441; x_wconf 38' lang='lat' dir='ltr'>idem.</span> <span class='ocrx_word' id='word_1_807' title='bbox 1607 397 1659 437; x_wconf 71' lang='lat' dir='ltr'>ipse</span> <span class='ocrx_word' id='word_1_808' title='bbox 1679 401 1739 428; x_wconf 83' lang='lat' dir='ltr'>Rex</span> <span class='ocrx_word' id='word_1_809' title='bbox 1754 402 1916 431; x_wconf 82' lang='lat' dir='ltr'>Francorum</span> <span class='ocrx_word' id='word_1_810' title='bbox 1930 403 1964 434; x_wconf 72' lang='grc' dir='ltr'>ὃς</span> <span class='ocrx_word' id='word_1_811' title='bbox 1978 403 2071 433; x_wconf 78' lang='lat' dir='ltr'>caeteri</span> <span class='ocrx_word' id='word_1_812' title='bbox 2093 403 2238 442; x_wconf 90' lang='lat' dir='ltr'>Principes</span> <span class='ocrx_word' id='word_1_813' title='bbox 2257 404 2312 436; x_wconf 74' lang='lat' dir='ltr'>suae</span> 
     </span>
     <span class='ocr_line' id='line_1_98' title="bbox 1253 434 2311 483; baseline 0.009 -18"><span class='ocrx_word' id='word_1_814' title='bbox 1253 434 1394 473; x_wconf 79' lang='lat' dir='ltr'>Prolapiae</span> <span class='ocrx_word' id='word_1_815' title='bbox 1405 460 1415 475; x_wconf 85' lang='lat'>‚</span> <span class='ocrx_word' id='word_1_816' title='bbox 1435 437 1609 467; x_wconf 87' lang='lat' dir='ltr'>Ambitionis</span> <span class='ocrx_word' id='word_1_817' title='bbox 1623 439 1656 468; x_wconf 86' lang='lat'>&amp;</span> <span class='ocrx_word' id='word_1_818' title='bbox 1673 435 1844 474; x_wconf 85' lang='lat' dir='ltr'>Cupiditatis</span> <span class='ocrx_word' id='word_1_819' title='bbox 1865 440 1975 470; x_wconf 91' lang='lat' dir='ltr'>Oculos</span> <span class='ocrx_word' id='word_1_820' title='bbox 1989 442 2021 471; x_wconf 91' lang='lat'>&amp;</span> <span class='ocrx_word' id='word_1_821' title='bbox 2038 441 2139 473; x_wconf 85' lang='lat' dir='ltr'>Manus</span> <span class='ocrx_word' id='word_1_822' title='bbox 2152 453 2262 483; x_wconf 89' lang='lat' dir='ltr'>rapaces</span> <span class='ocrx_word' id='word_1_823' title='bbox 2280 445 2311 473; x_wconf 90' lang='lat' dir='ltr'>in</span> 
     </span>
     <span class='ocr_line' id='line_1_99' title="bbox 1253 473 2311 519; baseline 0.009 -16"><span class='ocrx_word' id='word_1_824' title='bbox 1253 473 1380 504; x_wconf 88' lang='lat' dir='ltr'>Meffem</span> <span class='ocrx_word' id='word_1_825' title='bbox 1392 476 1509 505; x_wconf 90' lang='lat' dir='ltr'>alienam</span> <span class='ocrx_word' id='word_1_826' title='bbox 1526 475 1679 512; x_wconf 70' lang='lat' dir='ltr'>mittentes,</span> <span class='ocrx_word' id='word_1_827' title='bbox 1718 476 1818 505; x_wconf 86' lang='lat' dir='ltr'>luritna</span> <span class='ocrx_word' id='word_1_828' title='bbox 1834 477 1928 516; x_wconf 84' lang='lat' dir='ltr'>Bona,</span> <span class='ocrx_word' id='word_1_829' title='bbox 1947 480 1980 509; x_wconf 68' lang='grc' dir='ltr'>ὅ(</span> <span class='ocrx_word' id='word_1_830' title='bbox 1997 479 2117 519; x_wconf 86' lang='lat' dir='ltr'>Terras,</span> <span class='ocrx_word' id='word_1_831' title='bbox 2132 492 2165 512; x_wconf 80' lang='lat' dir='ltr'>ac</span> <span class='ocrx_word' id='word_1_832' title='bbox 2175 484 2260 519; x_wconf 80' lang='lat' dir='ltr'>jura,</span> <span class='ocrx_word' id='word_1_833' title='bbox 2275 482 2311 512; x_wconf 84' lang='lat' dir='ltr'>ad</span> 
     </span>
     <span class='ocr_line' id='line_1_100' title="bbox 1252 512 2313 558; baseline 0.008 -16"><span class='ocrx_word' id='word_1_834' title='bbox 1252 522 1304 542; x_wconf 90' lang='lat' dir='ltr'>nos</span> <span class='ocrx_word' id='word_1_835' title='bbox 1318 513 1352 556; x_wconf 69' lang='grc' dir='ltr'>βε</span> <span class='ocrx_word' id='word_1_836' title='bbox 1364 513 1486 544; x_wconf 91' lang='lat' dir='ltr'>Sacrum</span> <span class='ocrx_word' id='word_1_837' title='bbox 1507 512 1677 543; x_wconf 90' lang='lat' dir='ltr'>Romanum</span> <span class='ocrx_word' id='word_1_838' title='bbox 1709 516 1850 550; x_wconf 87' lang='lat' dir='ltr'>mperium</span> <span class='ocrx_word' id='word_1_839' title='bbox 1866 516 1902 545; x_wconf 89' lang='lat' dir='ltr'>de</span> <span class='ocrx_word' id='word_1_840' title='bbox 1924 518 1987 554; x_wconf 89' lang='lat' dir='ltr'>jure</span> <span class='ocrx_word' id='word_1_841' title='bbox 2003 520 2168 554; x_wconf 84' lang='lat' dir='ltr'>pertinentes</span> <span class='ocrx_word' id='word_1_842' title='bbox 2182 521 2215 551; x_wconf 87' lang='lat'>&amp;</span> <span class='ocrx_word' id='word_1_843' title='bbox 2231 522 2313 558; x_wconf 87' lang='lat' dir='ltr'>perti-</span> 
     </span>
     <span class='ocr_line' id='line_1_101' title="bbox 1251 552 2311 593; baseline 0.009 -13"><span class='ocrx_word' id='word_1_844' title='bbox 1251 559 1359 590; x_wconf 83' lang='lat' dir='ltr'>nentia,</span> <span class='ocrx_word' id='word_1_845' title='bbox 1378 552 1491 590; x_wconf 71' lang='lat' dir='ltr'>propria</span> <span class='ocrx_word' id='word_1_846' title='bbox 1505 552 1667 582; x_wconf 63' lang='lat' dir='ltr'>auctoritate</span> <span class='ocrx_word' id='word_1_847' title='bbox 1682 562 1732 591; x_wconf 90' lang='lat' dir='ltr'>pro</span> <span class='ocrx_word' id='word_1_848' title='bbox 1747 552 1773 582; x_wconf 90' lang='lat' dir='ltr'>se</span> <span class='ocrx_word' id='word_1_849' title='bbox 1789 553 1804 581; x_wconf 80' lang='lat' dir='ltr'>a</span> <span class='ocrx_word' id='word_1_850' title='bbox 1815 553 1923 584; x_wconf 87' lang='lat' dir='ltr'>dudum</span> <span class='ocrx_word' id='word_1_851' title='bbox 1946 555 2106 593; x_wconf 79' lang='lat' dir='ltr'>usurparunt</span> <span class='ocrx_word' id='word_1_852' title='bbox 2139 561 2172 590; x_wconf 90' lang='lat'>&amp;</span> <span class='ocrx_word' id='word_1_853' title='bbox 2186 559 2311 589; x_wconf 90' lang='lat' dir='ltr'>detinent</span> 
     </span>
     <span class='ocr_line' id='line_1_102' title="bbox 1251 581 2313 628; baseline 0.008 -8"><span class='ocrx_word' id='word_1_854' title='bbox 1251 598 1392 626; x_wconf 86' lang='lat' dir='ltr'>occupata</span> <span class='ocrx_word' id='word_1_855' title='bbox 1406 613 1416 628; x_wconf 91' lang='lat'>,</span> <span class='ocrx_word' id='word_1_856' title='bbox 1450 600 1502 621; x_wconf 90' lang='lat' dir='ltr'>nec</span> <span class='ocrx_word' id='word_1_857' title='bbox 1522 590 1578 620; x_wconf 87' lang='lat' dir='ltr'>illas</span> <span class='ocrx_word' id='word_1_858' title='bbox 1594 591 1629 622; x_wconf 71' lang='lat' dir='ltr'>Sc</span> <span class='ocrx_word' id='word_1_859' title='bbox 1651 590 1696 620; x_wconf 91' lang='lat' dir='ltr'>illa</span> <span class='ocrx_word' id='word_1_860' title='bbox 1717 599 1882 621; x_wconf 86' lang='lat' dir='ltr'>curaverunt</span> <span class='ocrx_word' id='word_1_861' title='bbox 1903 592 2033 623; x_wconf 62' lang='lat' dir='ltr'>haetenus</span> <span class='ocrx_word' id='word_1_862' title='bbox 2055 595 2070 624; x_wconf 76' lang='lat' dir='ltr'>a</span> <span class='ocrx_word' id='word_1_863' title='bbox 2091 581 2188 626; x_wconf 56' lang='lat' dir='ltr'>Nobis</span> <span class='ocrx_word' id='word_1_864' title='bbox 2208 599 2241 628; x_wconf 90' lang='lat'>&amp;</span> <span class='ocrx_word' id='word_1_865' title='bbox 2261 598 2313 627; x_wconf 85' lang='lat' dir='ltr'>Sa-</span> 
     </span>
     <span class='ocr_line' id='line_1_103' title="bbox 1250 628 2314 674; baseline 0.008 -16"><span class='ocrx_word' id='word_1_866' title='bbox 1250 637 1303 658; x_wconf 91' lang='lat' dir='ltr'>cro</span> <span class='ocrx_word' id='word_1_867' title='bbox 1325 628 1452 666; x_wconf 88' lang='lat' dir='ltr'>Imperio</span> <span class='ocrx_word' id='word_1_868' title='bbox 1463 651 1474 667; x_wconf 90' lang='lat'>,</span> <span class='ocrx_word' id='word_1_869' title='bbox 1503 636 1586 666; x_wconf 90' lang='lat' dir='ltr'>prout</span> <span class='ocrx_word' id='word_1_870' title='bbox 1611 629 1715 659; x_wconf 82' lang='lat' dir='ltr'>merito</span> <span class='ocrx_word' id='word_1_871' title='bbox 1739 628 1896 659; x_wconf 71' lang='lat' dir='ltr'>debuissent</span> <span class='ocrx_word' id='word_1_872' title='bbox 1922 631 1955 661; x_wconf 91' lang='lat'>&amp;</span> <span class='ocrx_word' id='word_1_873' title='bbox 1979 631 2113 664; x_wconf 88' lang='lat' dir='ltr'>deberent</span> <span class='ocrx_word' id='word_1_874' title='bbox 2128 657 2137 672; x_wconf 84' lang='lat'>‚</span> <span class='ocrx_word' id='word_1_875' title='bbox 2164 635 2314 674; x_wconf 83' lang='lat' dir='ltr'>recognos-</span> 
     </span>
     <span class='ocr_line' id='line_1_104' title="bbox 1248 675 1314 697; baseline 0.03 -2"><span class='ocrx_word' id='word_1_876' title='bbox 1248 675 1314 697; x_wconf 91' lang='lat' dir='ltr'>cere</span> 
     </span>
    </p>

    <p class='ocr_par' dir='ltr' id='par_1_53' title="bbox 1253 688 2321 977">
     <span class='ocr_line' id='line_1_105' title="bbox 1289 688 2315 751; baseline 0.008 -17"><span class='ocrx_word' id='word_1_877' title='bbox 1289 688 1345 735; x_wconf 59' lang='lat' dir='ltr'>Seii</span> <span class='ocrx_word' id='word_1_878' title='bbox 1362 705 1395 735; x_wconf 93' lang='lat'>&amp;</span> <span class='ocrx_word' id='word_1_879' title='bbox 1409 704 1539 742; x_wconf 86' lang='lat' dir='ltr'>praefatus</span> <span class='ocrx_word' id='word_1_880' title='bbox 1552 708 1651 734; x_wconf 83' lang='lat' dir='ltr'>Frater</span> <span class='ocrx_word' id='word_1_881' title='bbox 1664 705 1750 745; x_wconf 83' lang='lat' dir='ltr'>noster</span> <span class='ocrx_word' id='word_1_882' title='bbox 1763 707 1912 744; x_wconf 73' lang='lat' dir='ltr'>Henricus,</span> <span class='ocrx_word' id='word_1_883' title='bbox 1929 706 2041 744; x_wconf 84' lang='lat' dir='ltr'>Angliae</span> <span class='ocrx_word' id='word_1_884' title='bbox 2057 707 2094 742; x_wconf 71' lang='lat'>&amp;0</span> <span class='ocrx_word' id='word_1_885' title='bbox 2109 713 2229 740; x_wconf 76' lang='lat' dir='ltr'>Franciae</span> <span class='ocrx_word' id='word_1_886' title='bbox 2243 714 2315 751; x_wconf 81' lang='lat' dir='ltr'>Rex,</span> 
     </span>
     <span class='ocr_line' id='line_1_106' title="bbox 1253 743 2315 786; baseline 0.007 -13"><span class='ocrx_word' id='word_1_887' title='bbox 1253 753 1288 773; x_wconf 89' lang='lat' dir='ltr'>ac</span> <span class='ocrx_word' id='word_1_888' title='bbox 1310 745 1456 772; x_wconf 85' lang='lat' dir='ltr'>Dominum</span> <span class='ocrx_word' id='word_1_889' title='bbox 1468 743 1626 786; x_wconf 71' lang='lat' dir='ltr'>H{berniae,</span> <span class='ocrx_word' id='word_1_890' title='bbox 1645 743 1757 782; x_wconf 84' lang='lat' dir='ltr'>Nobis,</span> <span class='ocrx_word' id='word_1_891' title='bbox 1777 744 1897 775; x_wconf 89' lang='lat' dir='ltr'>Vicibus</span> <span class='ocrx_word' id='word_1_892' title='bbox 1912 744 2106 785; x_wconf 86' lang='lat' dir='ltr'>frequentatis,</span> <span class='ocrx_word' id='word_1_893' title='bbox 2123 749 2198 779; x_wconf 89' lang='lat' dir='ltr'>dedit</span> <span class='ocrx_word' id='word_1_894' title='bbox 2213 751 2315 781; x_wconf 88' lang='lat' dir='ltr'>intelli-</span> 
     </span>
     <span class='ocr_line' id='line_1_107' title="bbox 1254 781 2314 826; baseline 0.007 -16"><span class='ocrx_word' id='word_1_895' title='bbox 1254 790 1319 819; x_wconf 85' lang='lat' dir='ltr'>gere</span> <span class='ocrx_word' id='word_1_896' title='bbox 1335 782 1415 819; x_wconf 82' lang='lat' dir='ltr'>quod</span> <span class='ocrx_word' id='word_1_897' title='bbox 1436 781 1470 811; x_wconf 92' lang='lat'>&amp;</span> <span class='ocrx_word' id='word_1_898' title='bbox 1492 781 1543 811; x_wconf 82' lang='lat' dir='ltr'>libi</span> <span class='ocrx_word' id='word_1_899' title='bbox 1553 803 1568 824; x_wconf 41' lang='grc'>.,</span> <span class='ocrx_word' id='word_1_900' title='bbox 1586 783 1614 810; x_wconf 90' lang='lat' dir='ltr'>in</span> <span class='ocrx_word' id='word_1_901' title='bbox 1635 784 1822 819; x_wconf 86' lang='lat' dir='ltr'>occupatione</span> <span class='ocrx_word' id='word_1_902' title='bbox 1844 783 1965 820; x_wconf 89' lang='lat' dir='ltr'>plurium</span> <span class='ocrx_word' id='word_1_903' title='bbox 1983 784 2096 822; x_wconf 88' lang='lat' dir='ltr'>Jurium</span> <span class='ocrx_word' id='word_1_904' title='bbox 2120 786 2234 817; x_wconf 89' lang='lat' dir='ltr'>suorum</span> <span class='ocrx_word' id='word_1_905' title='bbox 2251 811 2261 826; x_wconf 95' lang='lat'>,</span> <span class='ocrx_word' id='word_1_906' title='bbox 2279 791 2314 821; x_wconf 87' lang='lat'>&amp;</span> 
     </span>
     <span class='ocr_line' id='line_1_108' title="bbox 1255 820 2316 864; baseline 0.007 -14"><span class='ocrx_word' id='word_1_907' title='bbox 1255 820 1413 850; x_wconf 85' lang='lat' dir='ltr'>Terrarum</span> <span class='ocrx_word' id='word_1_908' title='bbox 1428 827 1618 862; x_wconf 83' lang='lat' dir='ltr'>occupatione</span> <span class='ocrx_word' id='word_1_909' title='bbox 1630 821 1755 850; x_wconf 73' lang='lat' dir='ltr'>violenta</span> <span class='ocrx_word' id='word_1_910' title='bbox 1770 843 1780 859; x_wconf 86' lang='lat'>,</span> <span class='ocrx_word' id='word_1_911' title='bbox 1796 821 2248 864; x_wconf 83' lang='lat' dir='ltr'>multipliciterinjuriatifuissent,</span> <span class='ocrx_word' id='word_1_912' title='bbox 2265 829 2316 857; x_wconf 76' lang='lat' dir='ltr'>lic-</span> 
     </span>
     <span class='ocr_line' id='line_1_109' title="bbox 1256 857 2319 897; baseline 0.006 -9"><span class='ocrx_word' id='word_1_913' title='bbox 1256 865 1287 888; x_wconf 89' lang='lat' dir='ltr'>ut</span> <span class='ocrx_word' id='word_1_914' title='bbox 1308 858 1342 888; x_wconf 80' lang='grc' dir='ltr'>ὅτ.</span> <span class='ocrx_word' id='word_1_915' title='bbox 1366 867 1416 887; x_wconf 93' lang='lat' dir='ltr'>nos</span> <span class='ocrx_word' id='word_1_916' title='bbox 1428 867 1487 895; x_wconf 85' lang='lat' dir='ltr'>Jarn</span> <span class='ocrx_word' id='word_1_917' title='bbox 1510 859 1538 887; x_wconf 90' lang='lat' dir='ltr'>in</span> <span class='ocrx_word' id='word_1_918' title='bbox 1560 857 1683 894; x_wconf 90' lang='lat' dir='ltr'>pluribus</span> <span class='ocrx_word' id='word_1_919' title='bbox 1697 858 1812 896; x_wconf 90' lang='lat' dir='ltr'>desuper</span> <span class='ocrx_word' id='word_1_920' title='bbox 1826 861 1931 897; x_wconf 86' lang='lat' dir='ltr'>experti</span> <span class='ocrx_word' id='word_1_921' title='bbox 1946 863 2058 892; x_wconf 80' lang='lat' dir='ltr'>notorie</span> <span class='ocrx_word' id='word_1_922' title='bbox 2072 862 2172 893; x_wconf 90' lang='lat' dir='ltr'>docuit</span> <span class='ocrx_word' id='word_1_923' title='bbox 2189 866 2319 895; x_wconf 84' lang='lat' dir='ltr'>occulata</span> 
     </span>
     <span class='ocr_line' id='line_1_110' title="bbox 1254 896 2321 935; baseline 0.007 -10"><span class='ocrx_word' id='word_1_924' title='bbox 1254 896 1413 935; x_wconf 85' lang='lat' dir='ltr'>certitudo,</span> <span class='ocrx_word' id='word_1_925' title='bbox 1431 896 1464 926; x_wconf 89' lang='lat'>&amp;</span> <span class='ocrx_word' id='word_1_926' title='bbox 1481 896 1555 926; x_wconf 77' lang='lat' dir='ltr'>clare</span> <span class='ocrx_word' id='word_1_927' title='bbox 1568 897 1654 934; x_wconf 89' lang='lat' dir='ltr'>liquet</span> <span class='ocrx_word' id='word_1_928' title='bbox 1669 898 1785 928; x_wconf 90' lang='lat' dir='ltr'>cuilibet</span> <span class='ocrx_word' id='word_1_929' title='bbox 1800 898 2127 931; x_wconf 75' lang='lat' dir='ltr'>rationabiliter&amp;recte</span> <span class='ocrx_word' id='word_1_930' title='bbox 2143 902 2321 933; x_wconf 70' lang='lat' dir='ltr'>consideraui-¹</span> 
     </span>
     <span class='ocr_line' id='line_1_111' title="bbox 1257 934 2033 977; baseline 0.003 -12"><span class='ocrx_word' id='word_1_931' title='bbox 1257 935 1279 965; x_wconf 90' lang='lat' dir='ltr'>ti</span> <span class='ocrx_word' id='word_1_932' title='bbox 1294 934 1398 965; x_wconf 88' lang='lat' dir='ltr'>Pacem</span> <span class='ocrx_word' id='word_1_933' title='bbox 1413 935 1564 972; x_wconf 84' lang='lat' dir='ltr'>expetitam</span> <span class='ocrx_word' id='word_1_934' title='bbox 1579 945 1627 972; x_wconf 86' lang='lat' dir='ltr'>per</span> <span class='ocrx_word' id='word_1_935' title='bbox 1639 938 1722 974; x_wconf 82' lang='lat' dir='ltr'>ipsum</span> <span class='ocrx_word' id='word_1_936' title='bbox 1741 939 1836 974; x_wconf 85' lang='lat' dir='ltr'>Regem</span> <span class='ocrx_word' id='word_1_937' title='bbox 1858 940 2033 977; x_wconf 71' lang='lat' dir='ltr'>Francorum,</span> 
     </span>
    </p>

    <p class='ocr_par' dir='ltr' id='par_1_54' title="bbox 1258 973 2322 1196">
     <span class='ocr_line' id='line_1_112' title="bbox 1294 973 2320 1016; baseline 0.007 -13"><span class='ocrx_word' id='word_1_938' title='bbox 1294 974 1354 1003; x_wconf 89' lang='lat' dir='ltr'>Pro</span> <span class='ocrx_word' id='word_1_939' title='bbox 1375 973 1432 1013; x_wconf 69' lang='lat' dir='ltr'>qua</span> <span class='ocrx_word' id='word_1_940' title='bbox 1447 995 1457 1011; x_wconf 87' lang='lat'>,</span> <span class='ocrx_word' id='word_1_941' title='bbox 1471 975 1542 1004; x_wconf 91' lang='lat' dir='ltr'>inter</span> <span class='ocrx_word' id='word_1_942' title='bbox 1562 974 1646 1013; x_wconf 76' lang='lat' dir='ltr'>ipsum</span> <span class='ocrx_word' id='word_1_943' title='bbox 1666 974 1700 1005; x_wconf 89' lang='lat'>&amp;</span> <span class='ocrx_word' id='word_1_944' title='bbox 1719 975 1891 1012; x_wconf 68' lang='lat' dir='ltr'>praedictum</span> <span class='ocrx_word' id='word_1_945' title='bbox 1907 975 2019 1014; x_wconf 78' lang='lat' dir='ltr'>Angliae</span> <span class='ocrx_word' id='word_1_946' title='bbox 2035 978 2068 1008; x_wconf 67' lang='grc' dir='ltr'>ὃς</span> <span class='ocrx_word' id='word_1_947' title='bbox 2083 980 2206 1007; x_wconf 84' lang='lat' dir='ltr'>Franciae</span> <span class='ocrx_word' id='word_1_948' title='bbox 2225 981 2320 1016; x_wconf 84' lang='lat' dir='ltr'>Regem</span> 
     </span>
     <span class='ocr_line' id='line_1_113' title="bbox 1260 1010 2319 1052; baseline 0.006 -10"><span class='ocrx_word' id='word_1_949' title='bbox 1260 1010 1387 1043; x_wconf 88' lang='lat' dir='ltr'>Fratrem</span> <span class='ocrx_word' id='word_1_950' title='bbox 1403 1012 1530 1043; x_wconf 90' lang='lat' dir='ltr'>nostrum</span> <span class='ocrx_word' id='word_1_951' title='bbox 1549 1012 1720 1043; x_wconf 83' lang='lat' dir='ltr'>carissimum</span> <span class='ocrx_word' id='word_1_952' title='bbox 1732 1035 1742 1051; x_wconf 89' lang='lat'>,</span> <span class='ocrx_word' id='word_1_953' title='bbox 1760 1012 1940 1044; x_wconf 69' lang='lat' dir='ltr'>reformanda</span> <span class='ocrx_word' id='word_1_954' title='bbox 1953 1037 1962 1052; x_wconf 83' lang='lat'>‚</span> <span class='ocrx_word' id='word_1_955' title='bbox 1984 1015 2109 1046; x_wconf 85' lang='lat' dir='ltr'>Labores</span> <span class='ocrx_word' id='word_1_956' title='bbox 2124 1017 2138 1046; x_wconf 72' lang='lat' dir='ltr'>a</span> <span class='ocrx_word' id='word_1_957' title='bbox 2152 1026 2230 1048; x_wconf 91' lang='lat' dir='ltr'>tanto</span> <span class='ocrx_word' id='word_1_958' title='bbox 2244 1026 2319 1048; x_wconf 89' lang='lat' dir='ltr'>tem-</span> 
     </span>
     <span class='ocr_line' id='line_1_114' title="bbox 1259 1050 2319 1094; baseline 0.006 -14"><span class='ocrx_word' id='word_1_959' title='bbox 1259 1059 1343 1088; x_wconf 86' lang='lat' dir='ltr'>pore,</span> <span class='ocrx_word' id='word_1_960' title='bbox 1359 1052 1435 1082; x_wconf 90' lang='lat' dir='ltr'>circa</span> <span class='ocrx_word' id='word_1_961' title='bbox 1455 1050 1621 1089; x_wconf 87' lang='lat' dir='ltr'>(videlicet)</span> <span class='ocrx_word' id='word_1_962' title='bbox 1641 1051 1701 1082; x_wconf 81' lang='lat' dir='ltr'>fere</span> <span class='ocrx_word' id='word_1_963' title='bbox 1715 1061 1763 1089; x_wconf 90' lang='lat' dir='ltr'>per</span> <span class='ocrx_word' id='word_1_964' title='bbox 1780 1051 1928 1083; x_wconf 90' lang='lat' dir='ltr'>decursum</span> <span class='ocrx_word' id='word_1_965' title='bbox 1945 1054 2057 1083; x_wconf 92' lang='lat' dir='ltr'>dimidii</span> <span class='ocrx_word' id='word_1_966' title='bbox 2077 1055 2171 1094; x_wconf 86' lang='lat' dir='ltr'>Anni,</span> <span class='ocrx_word' id='word_1_967' title='bbox 2189 1065 2243 1093; x_wconf 86' lang='lat' dir='ltr'>pro</span> <span class='ocrx_word' id='word_1_968' title='bbox 2256 1066 2319 1093; x_wconf 90' lang='lat' dir='ltr'>par-</span> 
     </span>
     <span class='ocr_line' id='line_1_115' title="bbox 1259 1089 2319 1127; baseline 0.006 -9"><span class='ocrx_word' id='word_1_969' title='bbox 1259 1096 1289 1118; x_wconf 91' lang='lat' dir='ltr'>te</span> <span class='ocrx_word' id='word_1_970' title='bbox 1302 1089 1346 1119; x_wconf 89' lang='lat' dir='ltr'>sua</span> <span class='ocrx_word' id='word_1_971' title='bbox 1360 1090 1469 1120; x_wconf 91' lang='lat' dir='ltr'>invitati</span> <span class='ocrx_word' id='word_1_972' title='bbox 1484 1090 1517 1119; x_wconf 91' lang='lat'>&amp;</span> <span class='ocrx_word' id='word_1_973' title='bbox 1532 1090 1662 1127; x_wconf 84' lang='lat' dir='ltr'>excitati,</span> <span class='ocrx_word' id='word_1_974' title='bbox 1679 1090 1712 1120; x_wconf 72' lang='grc' dir='ltr'>ὃς</span> <span class='ocrx_word' id='word_1_975' title='bbox 1733 1089 1822 1120; x_wconf 89' lang='lat' dir='ltr'>studia</span> <span class='ocrx_word' id='word_1_976' title='bbox 1843 1090 2024 1122; x_wconf 90' lang='lat' dir='ltr'>adhibuimus</span> <span class='ocrx_word' id='word_1_977' title='bbox 2037 1092 2223 1124; x_wconf 90' lang='lat' dir='ltr'>sollicitudine</span> <span class='ocrx_word' id='word_1_978' title='bbox 2239 1095 2319 1124; x_wconf 86' lang='lat' dir='ltr'>inde-</span> 
     </span>
     <span class='ocr_line' id='line_1_116' title="bbox 1258 1125 2322 1196; baseline 0.007 -40"><span class='ocrx_word' id='word_1_979' title='bbox 1258 1125 1409 1196; x_wconf 53' lang='grc' dir='ltr'>ἕζΠέἿΓῨῤ</span> <span class='ocrx_word' id='word_1_980' title='bbox 1429 1128 1547 1158; x_wconf 89' lang='lat' dir='ltr'>minime</span> <span class='ocrx_word' id='word_1_981' title='bbox 1562 1127 1698 1165; x_wconf 89' lang='lat' dir='ltr'>proficere</span> <span class='ocrx_word' id='word_1_982' title='bbox 1716 1130 1860 1166; x_wconf 85' lang='lat' dir='ltr'>potuimus</span> <span class='ocrx_word' id='word_1_983' title='bbox 1872 1151 1882 1167; x_wconf 92' lang='lat'>,</span> <span class='ocrx_word' id='word_1_984' title='bbox 1899 1128 1944 1160; x_wconf 86' lang='lat' dir='ltr'>sed</span> <span class='ocrx_word' id='word_1_985' title='bbox 1960 1131 2050 1168; x_wconf 86' lang='lat' dir='ltr'>magis</span> <span class='ocrx_word' id='word_1_986' title='bbox 2068 1131 2199 1163; x_wconf 88' lang='lat' dir='ltr'>Dilubria</span> <span class='ocrx_word' id='word_1_987' title='bbox 2214 1133 2322 1171; x_wconf 82' lang='lat' dir='ltr'>experti</span> 
     </span>
    </p>

    <p class='ocr_par' dir='ltr' id='par_1_55' title="bbox 1334 1176 1481 1202">
     <span class='ocr_line' id='line_1_117' title="bbox 1334 1176 1481 1202; baseline 0 -7"><span class='ocrx_word' id='word_1_988' title='bbox 1334 1176 1349 1196; x_wconf 91' lang='lat' dir='ltr'>e</span> <span class='ocrx_word' id='word_1_989' title='bbox 1361 1176 1378 1195; x_wconf 92' lang='lat' dir='ltr'>u</span> <span class='ocrx_word' id='word_1_990' title='bbox 1390 1176 1481 1202; x_wconf 87' lang='lat' dir='ltr'>iones,</span> 
     </span>
    </p>

    <p class='ocr_par' dir='ltr' id='par_1_56' title="bbox 1257 1203 2326 1397">
     <span class='ocr_line' id='line_1_118' title="bbox 1298 1203 2324 1247; baseline 0.007 -13"><span class='ocrx_word' id='word_1_991' title='bbox 1298 1203 1365 1234; x_wconf 91' lang='lat' dir='ltr'>Nos</span> <span class='ocrx_word' id='word_1_992' title='bbox 1382 1204 1506 1235; x_wconf 87' lang='lat' dir='ltr'>volentes</span> <span class='ocrx_word' id='word_1_993' title='bbox 1520 1212 1619 1234; x_wconf 90' lang='lat' dir='ltr'>contra</span> <span class='ocrx_word' id='word_1_994' title='bbox 1632 1203 1694 1234; x_wconf 85' lang='lat' dir='ltr'>talia</span> <span class='ocrx_word' id='word_1_995' title='bbox 1709 1203 1959 1245; x_wconf 87' lang='lat' dir='ltr'>Machinamenta,</span> <span class='ocrx_word' id='word_1_996' title='bbox 1978 1207 2153 1245; x_wconf 77' lang='lat' dir='ltr'>potissimum</span> <span class='ocrx_word' id='word_1_997' title='bbox 2171 1218 2224 1247; x_wconf 84' lang='lat' dir='ltr'>pro</span> <span class='ocrx_word' id='word_1_998' title='bbox 2240 1208 2324 1240; x_wconf 52' lang='lat' dir='ltr'>Con-⁴</span> 
     </span>
     <span class='ocr_line' id='line_1_119' title="bbox 1257 1240 2326 1286; baseline 0.006 -13"><span class='ocrx_word' id='word_1_999' title='bbox 1257 1241 1414 1273; x_wconf 86' lang='lat' dir='ltr'>servatione</span> <span class='ocrx_word' id='word_1_1000' title='bbox 1431 1243 1465 1273; x_wconf 66' lang='grc' dir='ltr'>ὃς</span> <span class='ocrx_word' id='word_1_1001' title='bbox 1483 1240 1700 1272; x_wconf 88' lang='lat' dir='ltr'>Reformatione</span> <span class='ocrx_word' id='word_1_1002' title='bbox 1718 1241 1798 1273; x_wconf 87' lang='lat' dir='ltr'>Pacis</span> <span class='ocrx_word' id='word_1_1003' title='bbox 1812 1243 1947 1276; x_wconf 73' lang='lat' dir='ltr'>Ecclesiae</span> <span class='ocrx_word' id='word_1_1004' title='bbox 1964 1246 2066 1277; x_wconf 69' lang='lat' dir='ltr'>sanctae</span> <span class='ocrx_word' id='word_1_1005' title='bbox 2081 1270 2091 1286; x_wconf 92' lang='lat'>,</span> <span class='ocrx_word' id='word_1_1006' title='bbox 2118 1247 2326 1285; x_wconf 77' lang='lat' dir='ltr'>Recuperatio-</span> 
     </span>
     <span class='ocr_line' id='line_1_120' title="bbox 1259 1279 2326 1325; baseline 0.006 -14"><span class='ocrx_word' id='word_1_1007' title='bbox 1259 1290 1296 1311; x_wconf 90' lang='lat' dir='ltr'>ne</span> <span class='ocrx_word' id='word_1_1008' title='bbox 1313 1280 1515 1311; x_wconf 89' lang='lat' dir='ltr'>nichilominus</span> <span class='ocrx_word' id='word_1_1009' title='bbox 1528 1279 1642 1318; x_wconf 89' lang='lat' dir='ltr'>Jurium</span> <span class='ocrx_word' id='word_1_1010' title='bbox 1661 1281 1796 1318; x_wconf 90' lang='lat' dir='ltr'>utriusque</span> <span class='ocrx_word' id='word_1_1011' title='bbox 1813 1283 1939 1313; x_wconf 73' lang='lat' dir='ltr'>nostruin</span> <span class='ocrx_word' id='word_1_1012' title='bbox 1958 1285 2035 1315; x_wconf 66' lang='lat' dir='ltr'>unita</span> <span class='ocrx_word' id='word_1_1013' title='bbox 2051 1286 2169 1325; x_wconf 87' lang='lat' dir='ltr'>virtute,</span> <span class='ocrx_word' id='word_1_1014' title='bbox 2186 1286 2233 1317; x_wconf 77' lang='grc' dir='ltr'>ΙΝ</span> <span class='ocrx_word' id='word_1_1015' title='bbox 2254 1295 2277 1317; x_wconf 81' lang='lat' dir='ltr'>N</span> <span class='ocrx_word' id='word_1_1016' title='bbox 2289 1297 2326 1317; x_wconf 92' lang='lat' dir='ltr'>o-</span> 
     </span>
     <span class='ocr_line' id='line_1_121' title="bbox 1261 1318 2323 1363; baseline 0.007 -13"><span class='ocrx_word' id='word_1_1017' title='bbox 1261 1328 1374 1350; x_wconf 83' lang='lat' dir='ltr'><strong>MINE</strong></span> <span class='ocrx_word' id='word_1_1018' title='bbox 1404 1318 1576 1350; x_wconf 83' lang='lat' dir='ltr'>DOMINI</span> <span class='ocrx_word' id='word_1_1019' title='bbox 1602 1327 1928 1360; x_wconf 66' lang='lat' dir='ltr'>excurtem-uum,</span> <span class='ocrx_word' id='word_1_1020' title='bbox 1948 1332 1998 1353; x_wconf 91' lang='lat' dir='ltr'>nos</span> <span class='ocrx_word' id='word_1_1021' title='bbox 2019 1326 2122 1355; x_wconf 77' lang='lat' dir='ltr'>mutuo</span> <span class='ocrx_word' id='word_1_1022' title='bbox 2144 1325 2271 1363; x_wconf 87' lang='lat' dir='ltr'>firmare,</span> <span class='ocrx_word' id='word_1_1023' title='bbox 2289 1326 2323 1356; x_wconf 90' lang='lat'>&amp;</span> 
     </span>
     <span class='ocr_line' id='line_1_122' title="bbox 1260 1356 1867 1397; baseline 0 -9"><span class='ocrx_word' id='word_1_1024' title='bbox 1260 1358 1290 1388; x_wconf 90' lang='lat' dir='ltr'>in</span> <span class='ocrx_word' id='word_1_1025' title='bbox 1306 1366 1432 1397; x_wconf 86' lang='lat' dir='ltr'>tempore</span> <span class='ocrx_word' id='word_1_1026' title='bbox 1445 1358 1516 1388; x_wconf 84' lang='lat' dir='ltr'>dolis</span> <span class='ocrx_word' id='word_1_1027' title='bbox 1528 1356 1722 1395; x_wconf 88' lang='lat' dir='ltr'>fraudibusque</span> <span class='ocrx_word' id='word_1_1028' title='bbox 1735 1358 1849 1388; x_wconf 83' lang='lat' dir='ltr'>obviare</span> <span class='ocrx_word' id='word_1_1029' title='bbox 1857 1382 1867 1397; x_wconf 87' lang='lat'>,</span> 
     </span>
    </p>

    <p class='ocr_par' dir='ltr' id='par_1_57' title="bbox 1262 1395 2330 1667">
     <span class='ocr_line' id='line_1_123' title="bbox 1299 1395 2324 1437; baseline 0.006 -10"><span class='ocrx_word' id='word_1_1030' title='bbox 1299 1396 1363 1427; x_wconf 88' lang='lat' dir='ltr'>l-liis</span> <span class='ocrx_word' id='word_1_1031' title='bbox 1385 1398 1419 1428; x_wconf 70' lang='grc' dir='ltr'>ὅ(</span> <span class='ocrx_word' id='word_1_1032' title='bbox 1440 1396 1497 1427; x_wconf 85' lang='lat' dir='ltr'>aliis</span> <span class='ocrx_word' id='word_1_1033' title='bbox 1518 1395 1796 1426; x_wconf 86' lang='lat' dir='ltr'>Considerationibus</span> <span class='ocrx_word' id='word_1_1034' title='bbox 1815 1398 1910 1435; x_wconf 82' lang='lat' dir='ltr'>moti,</span> <span class='ocrx_word' id='word_1_1035' title='bbox 1926 1408 1995 1429; x_wconf 89' lang='lat' dir='ltr'>cum</span> <span class='ocrx_word' id='word_1_1036' title='bbox 2016 1400 2131 1437; x_wconf 73' lang='lat' dir='ltr'>praefato</span> <span class='ocrx_word' id='word_1_1037' title='bbox 2141 1400 2324 1433; x_wconf 73' lang='lat' dir='ltr'>serenissimo</span> 
     </span>
     <span class='ocr_line' id='line_1_124' title="bbox 1263 1433 2325 1479; baseline 0.006 -14"><span class='ocrx_word' id='word_1_1038' title='bbox 1263 1436 1387 1474; x_wconf 78' lang='lat' dir='ltr'>Principe</span> <span class='ocrx_word' id='word_1_1039' title='bbox 1400 1438 1469 1473; x_wconf 86' lang='lat' dir='ltr'>Rege</span> <span class='ocrx_word' id='word_1_1040' title='bbox 1483 1433 1596 1472; x_wconf 82' lang='lat' dir='ltr'>Angliae</span> <span class='ocrx_word' id='word_1_1041' title='bbox 1609 1435 1642 1465; x_wconf 65' lang='grc' dir='ltr'>ὃς</span> <span class='ocrx_word' id='word_1_1042' title='bbox 1656 1437 1795 1473; x_wconf 84' lang='lat' dir='ltr'>Franciae,</span> <span class='ocrx_word' id='word_1_1043' title='bbox 1812 1445 1846 1465; x_wconf 88' lang='lat' dir='ltr'>ac</span> <span class='ocrx_word' id='word_1_1044' title='bbox 1859 1439 1975 1466; x_wconf 85' lang='lat' dir='ltr'>Domino</span> <span class='ocrx_word' id='word_1_1045' title='bbox 1990 1437 2145 1478; x_wconf 64' lang='lat' dir='ltr'>szerniae,</span> <span class='ocrx_word' id='word_1_1046' title='bbox 2164 1441 2325 1479; x_wconf 62' lang='lat' dir='ltr'>Amicitias,</span> 
     </span>
     <span class='ocr_line' id='line_1_125' title="bbox 1265 1472 2326 1517; baseline 0.006 -13"><span class='ocrx_word' id='word_1_1047' title='bbox 1265 1474 1444 1513; x_wconf 81' lang='lat' dir='ltr'>Alligantias,</span> <span class='ocrx_word' id='word_1_1048' title='bbox 1462 1474 1496 1505; x_wconf 88' lang='lat'>&amp;</span> <span class='ocrx_word' id='word_1_1049' title='bbox 1519 1472 1790 1504; x_wconf 79' lang='lat' dir='ltr'>confoederationes</span> <span class='ocrx_word' id='word_1_1050' title='bbox 1810 1474 1898 1504; x_wconf 89' lang='lat' dir='ltr'>bonas</span> <span class='ocrx_word' id='word_1_1051' title='bbox 1910 1497 1920 1513; x_wconf 94' lang='lat'>,</span> <span class='ocrx_word' id='word_1_1052' title='bbox 1936 1475 2044 1514; x_wconf 85' lang='lat' dir='ltr'>firmas,</span> <span class='ocrx_word' id='word_1_1053' title='bbox 2062 1478 2160 1516; x_wconf 80' lang='lat' dir='ltr'>reales,</span> <span class='ocrx_word' id='word_1_1054' title='bbox 2179 1480 2212 1509; x_wconf 87' lang='lat'><strong>&amp;</strong></span> <span class='ocrx_word' id='word_1_1055' title='bbox 2228 1490 2274 1517; x_wconf 90' lang='lat' dir='ltr'>per</span> <span class='ocrx_word' id='word_1_1056' title='bbox 2295 1489 2326 1509; x_wconf 85' lang='lat' dir='ltr'>e·-</span> 
     </span>
     <span class='ocr_line' id='line_1_126' title="bbox 1264 1511 2329 1555; baseline 0.005 -12"><span class='ocrx_word' id='word_1_1057' title='bbox 1264 1520 1321 1543; x_wconf 86' lang='lat' dir='ltr'>tuas</span> <span class='ocrx_word' id='word_1_1058' title='bbox 1355 1513 1539 1543; x_wconf 86' lang='lat' dir='ltr'>Proniisimus</span> <span class='ocrx_word' id='word_1_1059' title='bbox 1553 1534 1564 1550; x_wconf 87' lang='lat'>,</span> <span class='ocrx_word' id='word_1_1060' title='bbox 1582 1511 1720 1542; x_wconf 89' lang='lat' dir='ltr'>Inivimus</span> <span class='ocrx_word' id='word_1_1061' title='bbox 1734 1534 1744 1549; x_wconf 91' lang='lat'>,</span> <span class='ocrx_word' id='word_1_1062' title='bbox 1762 1512 1796 1542; x_wconf 90' lang='lat'>&amp;</span> <span class='ocrx_word' id='word_1_1063' title='bbox 1810 1511 2074 1553; x_wconf 78' lang='lat' dir='ltr'>concordavimus,</span> <span class='ocrx_word' id='word_1_1064' title='bbox 2091 1525 2124 1546; x_wconf 91' lang='lat' dir='ltr'>ac</span> <span class='ocrx_word' id='word_1_1065' title='bbox 2145 1527 2194 1554; x_wconf 88' lang='lat' dir='ltr'>per</span> <span class='ocrx_word' id='word_1_1066' title='bbox 2211 1527 2266 1555; x_wconf 88' lang='lat' dir='ltr'>prae</span> <span class='ocrx_word' id='word_1_1067' title='bbox 2277 1527 2329 1548; x_wconf 84' lang='lat' dir='ltr'>en-</span> 
     </span>
     <span class='ocr_line' id='line_1_127' title="bbox 1262 1536 2330 1590; baseline 0.004 -8"><span class='ocrx_word' id='word_1_1068' title='bbox 1262 1560 1303 1582; x_wconf 87' lang='lat' dir='ltr'>tes</span> <span class='ocrx_word' id='word_1_1069' title='bbox 1317 1536 1515 1582; x_wconf 73' lang='lat' dir='ltr'>13romittimus</span> <span class='ocrx_word' id='word_1_1070' title='bbox 1528 1573 1538 1590; x_wconf 89' lang='lat'>,</span> <span class='ocrx_word' id='word_1_1071' title='bbox 1556 1550 1661 1582; x_wconf 88' lang='lat' dir='ltr'>[nimus</span> <span class='ocrx_word' id='word_1_1072' title='bbox 1675 1552 1708 1582; x_wconf 92' lang='lat'>&amp;</span> <span class='ocrx_word' id='word_1_1073' title='bbox 1724 1550 1941 1582; x_wconf 84' lang='lat' dir='ltr'>Concordamus</span> <span class='ocrx_word' id='word_1_1074' title='bbox 1956 1574 1966 1590; x_wconf 88' lang='lat'>,</span> <span class='ocrx_word' id='word_1_1075' title='bbox 1986 1552 2048 1590; x_wconf 81' lang='lat' dir='ltr'>Qii</span> <span class='ocrx_word' id='word_1_1076' title='bbox 2062 1555 2147 1584; x_wconf 88' lang='lat' dir='ltr'>etiam</span> <span class='ocrx_word' id='word_1_1077' title='bbox 2163 1556 2218 1585; x_wconf 75' lang='lat' dir='ltr'>uisa</span> <span class='ocrx_word' id='word_1_1078' title='bbox 2233 1555 2330 1586; x_wconf 87' lang='lat' dir='ltr'>nobis-</span> 
     </span>
     <span class='ocr_line' id='line_1_128' title="bbox 1263 1588 2327 1632; baseline 0.005 -12"><span class='ocrx_word' id='word_1_1079' title='bbox 1263 1600 1332 1620; x_wconf 87' lang='lat' dir='ltr'>cum</span> <span class='ocrx_word' id='word_1_1080' title='bbox 1347 1589 1496 1627; x_wconf 82' lang='lat' dir='ltr'>Promifit,</span> <span class='ocrx_word' id='word_1_1081' title='bbox 1513 1588 1597 1627; x_wconf 85' lang='lat' dir='ltr'>Iniit,</span> <span class='ocrx_word' id='word_1_1082' title='bbox 1613 1589 1646 1620; x_wconf 73' lang='grc' dir='ltr'>ὅ(</span> <span class='ocrx_word' id='word_1_1083' title='bbox 1659 1589 1861 1620; x_wconf 86' lang='lat' dir='ltr'>Concordavit</span> <span class='ocrx_word' id='word_1_1084' title='bbox 1874 1612 1885 1630; x_wconf 81' lang='lat'>,</span> <span class='ocrx_word' id='word_1_1085' title='bbox 1902 1591 1934 1621; x_wconf 89' lang='lat' dir='ltr'>in</span> <span class='ocrx_word' id='word_1_1086' title='bbox 1948 1591 2008 1622; x_wconf 86' lang='lat' dir='ltr'>vim</span> <span class='ocrx_word' id='word_1_1087' title='bbox 2022 1615 2032 1631; x_wconf 98' lang='lat'>,</span> <span class='ocrx_word' id='word_1_1088' title='bbox 2051 1591 2193 1632; x_wconf 85' lang='lat' dir='ltr'>formam,</span> <span class='ocrx_word' id='word_1_1089' title='bbox 2208 1594 2242 1625; x_wconf 91' lang='lat'>&amp;</span> <span class='ocrx_word' id='word_1_1090' title='bbox 2257 1593 2327 1625; x_wconf 82' lang='lat' dir='ltr'>effe-</span> 
     </span>
     <span class='ocr_line' id='line_1_129' title="bbox 1262 1628 1566 1667; baseline -0.003 -8"><span class='ocrx_word' id='word_1_1091' title='bbox 1262 1628 1343 1659; x_wconf 68' lang='lat' dir='ltr'>&amp;um</span> <span class='ocrx_word' id='word_1_1092' title='bbox 1357 1629 1406 1667; x_wconf 88' lang='lat' dir='ltr'>qui</span> <span class='ocrx_word' id='word_1_1093' title='bbox 1418 1628 1566 1667; x_wconf 89' lang='lat' dir='ltr'>secuntur,</span> 
     </span>
    </p>
   </div>
   <div class='ocr_carea' id='block_1_21' title="bbox 1262 1704 2343 4118">
    <p class='ocr_par' dir='ltr' id='par_1_58' title="bbox 1262 1704 2332 1938">
     <span class='ocr_line' id='line_1_130' title="bbox 1298 1704 2331 1746; baseline 0.004 -10"><span class='ocrx_word' id='word_1_1094' title='bbox 1298 1705 1344 1736; x_wconf 82' lang='lat' dir='ltr'>IN</span> <span class='ocrx_word' id='word_1_1095' title='bbox 1364 1704 1389 1735; x_wconf 92' lang='grc' dir='ltr'>Ρ</span> <span class='ocrx_word' id='word_1_1096' title='bbox 1399 1714 1423 1736; x_wconf 87' lang='lat' dir='ltr'>R</span> <span class='ocrx_word' id='word_1_1097' title='bbox 1432 1714 1477 1736; x_wconf 88' lang='lat' dir='ltr'>1M</span> <span class='ocrx_word' id='word_1_1098' title='bbox 1487 1713 1499 1735; x_wconf 90' lang='lat'>1</span> <span class='ocrx_word' id='word_1_1099' title='bbox 1508 1715 1538 1744; x_wconf 91' lang='lat' dir='ltr'>s,</span> <span class='ocrx_word' id='word_1_1100' title='bbox 1555 1704 1634 1744; x_wconf 80' lang='lat' dir='ltr'>quod</span> <span class='ocrx_word' id='word_1_1101' title='bbox 1658 1707 1718 1735; x_wconf 81' lang='lat' dir='ltr'>Nos</span> <span class='ocrx_word' id='word_1_1102' title='bbox 1731 1728 1741 1744; x_wconf 87' lang='lat'>‚</span> <span class='ocrx_word' id='word_1_1103' title='bbox 1760 1705 1938 1746; x_wconf 78' lang='lat' dir='ltr'>Sigtsmundus</span> <span class='ocrx_word' id='word_1_1104' title='bbox 1949 1709 2005 1737; x_wconf 85' lang='lat' dir='ltr'>Dei</span> <span class='ocrx_word' id='word_1_1105' title='bbox 2015 1707 2110 1746; x_wconf 62' lang='lat' dir='ltr'>gratini</span> <span class='ocrx_word' id='word_1_1106' title='bbox 2123 1731 2133 1746; x_wconf 90' lang='lat'>,</span> <span class='ocrx_word' id='word_1_1107' title='bbox 2150 1710 2331 1740; x_wconf 83' lang='lat' dir='ltr'>Romanorum</span> 
     </span>
     <span class='ocr_line' id='line_1_131' title="bbox 1263 1743 2331 1786; baseline 0.005 -13"><span class='ocrx_word' id='word_1_1108' title='bbox 1263 1747 1323 1775; x_wconf 78' lang='lat' dir='ltr'>Rex</span> <span class='ocrx_word' id='word_1_1109' title='bbox 1331 1744 1434 1783; x_wconf 73' lang='lat' dir='ltr'>semper</span> <span class='ocrx_word' id='word_1_1110' title='bbox 1449 1743 1587 1784; x_wconf 85' lang='lat' dir='ltr'>Augustus</span> <span class='ocrx_word' id='word_1_1111' title='bbox 1596 1766 1605 1781; x_wconf 93' lang='lat'>‚</span> <span class='ocrx_word' id='word_1_1112' title='bbox 1627 1754 1658 1772; x_wconf 83' lang='lat' dir='ltr'>ac</span> <span class='ocrx_word' id='word_1_1113' title='bbox 1672 1747 1843 1784; x_wconf 81' lang='lat' dir='ltr'>Hungariae,</span> <span class='ocrx_word' id='word_1_1114' title='bbox 1860 1745 2030 1784; x_wconf 81' lang='lat' dir='ltr'>Dalmaciae,</span> <span class='ocrx_word' id='word_1_1115' title='bbox 2047 1750 2164 1777; x_wconf 80' lang='lat' dir='ltr'>Croaciae</span> <span class='ocrx_word' id='word_1_1116' title='bbox 2173 1771 2182 1786; x_wconf 86' lang='lat'>‚</span> <span class='ocrx_word' id='word_1_1117' title='bbox 2197 1748 2256 1783; x_wconf 83' lang='lat' dir='ltr'>&amp;c.</span> <span class='ocrx_word' id='word_1_1118' title='bbox 2270 1751 2331 1778; x_wconf 78' lang='lat' dir='ltr'>Rex</span> 
     </span>
     <span class='ocr_line' id='line_1_132' title="bbox 1262 1782 2331 1825; baseline 0.003 -10"><span class='ocrx_word' id='word_1_1119' title='bbox 1262 1783 1435 1820; x_wconf 64' lang='lat' dir='ltr'>antedictus,</span> <span class='ocrx_word' id='word_1_1120' title='bbox 1452 1784 1486 1815; x_wconf 91' lang='lat'>&amp;</span> <span class='ocrx_word' id='word_1_1121' title='bbox 1496 1782 1674 1813; x_wconf 81' lang='lat' dir='ltr'>Succeffores</span> <span class='ocrx_word' id='word_1_1122' title='bbox 1687 1783 1774 1813; x_wconf 89' lang='lat' dir='ltr'>nostri</span> <span class='ocrx_word' id='word_1_1123' title='bbox 1788 1783 1883 1821; x_wconf 85' lang='lat' dir='ltr'>Reges</span> <span class='ocrx_word' id='word_1_1124' title='bbox 1895 1784 2096 1815; x_wconf 88' lang='lat' dir='ltr'>Romanorum</span> <span class='ocrx_word' id='word_1_1125' title='bbox 2106 1808 2116 1824; x_wconf 88' lang='lat'>,</span> <span class='ocrx_word' id='word_1_1126' title='bbox 2125 1787 2173 1824; x_wconf 91' lang='lat' dir='ltr'>qui</span> <span class='ocrx_word' id='word_1_1127' title='bbox 2190 1797 2243 1825; x_wconf 88' lang='lat' dir='ltr'>pro</span> <span class='ocrx_word' id='word_1_1128' title='bbox 2257 1796 2331 1818; x_wconf 90' lang='lat' dir='ltr'>tem-</span> 
     </span>
     <span class='ocr_line' id='line_1_133' title="bbox 1266 1821 2330 1863; baseline 0.003 -10"><span class='ocrx_word' id='word_1_1129' title='bbox 1266 1832 1336 1861; x_wconf 86' lang='lat' dir='ltr'>pore</span> <span class='ocrx_word' id='word_1_1130' title='bbox 1348 1822 1451 1853; x_wconf 89' lang='lat' dir='ltr'>fuerint</span> <span class='ocrx_word' id='word_1_1131' title='bbox 1463 1843 1474 1860; x_wconf 88' lang='lat'>,</span> <span class='ocrx_word' id='word_1_1132' title='bbox 1491 1822 1525 1853; x_wconf 88' lang='lat'>&amp;</span> <span class='ocrx_word' id='word_1_1133' title='bbox 1545 1822 1613 1851; x_wconf 80' lang='lat' dir='ltr'>idem</span> <span class='ocrx_word' id='word_1_1134' title='bbox 1635 1821 1814 1861; x_wconf 85' lang='lat' dir='ltr'>Sereniffimus</span> <span class='ocrx_word' id='word_1_1135' title='bbox 1836 1825 1960 1860; x_wconf 84' lang='lat' dir='ltr'>Princeps</span> <span class='ocrx_word' id='word_1_1136' title='bbox 1980 1825 2113 1854; x_wconf 85' lang='lat' dir='ltr'>Henricus</span> <span class='ocrx_word' id='word_1_1137' title='bbox 2126 1847 2137 1863; x_wconf 95' lang='lat'>,</span> <span class='ocrx_word' id='word_1_1138' title='bbox 2156 1825 2270 1863; x_wconf 80' lang='lat' dir='ltr'>Angliae</span> <span class='ocrx_word' id='word_1_1139' title='bbox 2290 1824 2330 1860; x_wconf 69' lang='grc' dir='ltr'>ό·</span> 
     </span>
     <span class='ocr_line' id='line_1_134' title="bbox 1266 1860 2332 1903; baseline 0.005 -13"><span class='ocrx_word' id='word_1_1140' title='bbox 1266 1864 1388 1891; x_wconf 85' lang='lat' dir='ltr'>Franciae</span> <span class='ocrx_word' id='word_1_1141' title='bbox 1402 1863 1480 1897; x_wconf 78' lang='lat' dir='ltr'>Rex,</span> <span class='ocrx_word' id='word_1_1142' title='bbox 1496 1870 1529 1889; x_wconf 90' lang='lat' dir='ltr'>ac</span> <span class='ocrx_word' id='word_1_1143' title='bbox 1545 1862 1679 1889; x_wconf 84' lang='lat' dir='ltr'>Dominus</span> <span class='ocrx_word' id='word_1_1144' title='bbox 1694 1861 1835 1891; x_wconf 79' lang='lat' dir='ltr'>Hiberniae</span> <span class='ocrx_word' id='word_1_1145' title='bbox 1848 1883 1859 1899; x_wconf 86' lang='lat'>,</span> <span class='ocrx_word' id='word_1_1146' title='bbox 1877 1860 2017 1892; x_wconf 80' lang='lat' dir='ltr'>Haeredes</span> <span class='ocrx_word' id='word_1_1147' title='bbox 2031 1862 2070 1894; x_wconf 85' lang='lat' dir='ltr'>sui</span> <span class='ocrx_word' id='word_1_1148' title='bbox 2081 1863 2117 1893; x_wconf 94' lang='lat' dir='ltr'>ab</span> <span class='ocrx_word' id='word_1_1149' title='bbox 2131 1863 2191 1903; x_wconf 90' lang='lat' dir='ltr'>ipso</span> <span class='ocrx_word' id='word_1_1150' title='bbox 2203 1864 2332 1903; x_wconf 81' lang='lat' dir='ltr'>legitime</span> 
     </span>
     <span class='ocr_line' id='line_1_135' title="bbox 1264 1897 1710 1938; baseline -0.004 -8"><span class='ocrx_word' id='word_1_1151' title='bbox 1264 1898 1431 1938; x_wconf 87' lang='lat' dir='ltr'>procreandi</span> <span class='ocrx_word' id='word_1_1152' title='bbox 1447 1899 1481 1930; x_wconf 75' lang='grc' dir='ltr'>δε</span> <span class='ocrx_word' id='word_1_1153' title='bbox 1495 1897 1710 1936; x_wconf 87' lang='lat' dir='ltr'>descendentes,</span> 
     </span>
    </p>

    <p class='ocr_par' dir='ltr' id='par_1_59' title="bbox 1267 1936 2338 2247">
     <span class='ocr_line' id='line_1_136' title="bbox 1304 1936 2334 1978; baseline 0.004 -11"><span class='ocrx_word' id='word_1_1154' title='bbox 1304 1938 1340 1968; x_wconf 89' lang='lat' dir='ltr'>Et</span> <span class='ocrx_word' id='word_1_1155' title='bbox 1353 1960 1363 1976; x_wconf 89' lang='lat'>,</span> <span class='ocrx_word' id='word_1_1156' title='bbox 1382 1937 1401 1967; x_wconf 89' lang='lat' dir='ltr'>si</span> <span class='ocrx_word' id='word_1_1157' title='bbox 1423 1936 1580 1968; x_wconf 83' lang='lat' dir='ltr'>Haetedum</span> <span class='ocrx_word' id='word_1_1158' title='bbox 1604 1936 1706 1967; x_wconf 90' lang='lat' dir='ltr'>solatio</span> <span class='ocrx_word' id='word_1_1159' title='bbox 1722 1936 1756 1968; x_wconf 72' lang='grc' dir='ltr'>δε</span> <span class='ocrx_word' id='word_1_1160' title='bbox 1774 1938 1978 1975; x_wconf 86' lang='lat' dir='ltr'>propagatione</span> <span class='ocrx_word' id='word_1_1161' title='bbox 2003 1938 2151 1976; x_wconf 81' lang='lat' dir='ltr'>praefatum</span> <span class='ocrx_word' id='word_1_1162' title='bbox 2170 1939 2334 1978; x_wconf 85' lang='lat' dir='ltr'>praecariffi-</span> 
     </span>
     <span class='ocr_line' id='line_1_137' title="bbox 1267 1974 2335 2016; baseline 0.002 -9"><span class='ocrx_word' id='word_1_1163' title='bbox 1267 1986 1351 2007; x_wconf 91' lang='lat' dir='ltr'>mum</span> <span class='ocrx_word' id='word_1_1164' title='bbox 1367 1976 1493 2006; x_wconf 89' lang='lat' dir='ltr'>Fratrem</span> <span class='ocrx_word' id='word_1_1165' title='bbox 1509 1974 1639 2006; x_wconf 88' lang='lat' dir='ltr'>nostrum</span> <span class='ocrx_word' id='word_1_1166' title='bbox 1657 1977 1804 2005; x_wconf 81' lang='lat' dir='ltr'>Henricum</span> <span class='ocrx_word' id='word_1_1167' title='bbox 1821 1979 1917 2013; x_wconf 85' lang='lat' dir='ltr'>Regem</span> <span class='ocrx_word' id='word_1_1168' title='bbox 1933 1975 2066 2015; x_wconf 89' lang='lat' dir='ltr'>destitui,</span> <span class='ocrx_word' id='word_1_1169' title='bbox 2084 1977 2182 2008; x_wconf 91' lang='lat' dir='ltr'>divino</span> <span class='ocrx_word' id='word_1_1170' title='bbox 2199 1986 2285 2016; x_wconf 90' lang='lat' dir='ltr'>nutu,</span> <span class='ocrx_word' id='word_1_1171' title='bbox 2302 1978 2335 2009; x_wconf 87' lang='lat' dir='ltr'>in</span> 
     </span>
     <span class='ocr_line' id='line_1_138' title="bbox 1267 2013 2338 2054; baseline 0.002 -8"><span class='ocrx_word' id='word_1_1172' title='bbox 1267 2025 1328 2054; x_wconf 90' lang='lat' dir='ltr'>quo</span> <span class='ocrx_word' id='word_1_1173' title='bbox 1344 2015 1486 2051; x_wconf 92' lang='lat' dir='ltr'>vivimus,</span> <span class='ocrx_word' id='word_1_1174' title='bbox 1504 2014 1714 2051; x_wconf 88' lang='lat' dir='ltr'>movemur,&amp;</span> <span class='ocrx_word' id='word_1_1175' title='bbox 1729 2013 1840 2052; x_wconf 88' lang='lat' dir='ltr'>sumus,</span> <span class='ocrx_word' id='word_1_1176' title='bbox 1853 2015 1964 2053; x_wconf 87' lang='lat' dir='ltr'>orbari,</span> <span class='ocrx_word' id='word_1_1177' title='bbox 1981 2025 2014 2045; x_wconf 86' lang='lat' dir='ltr'>ac</span> <span class='ocrx_word' id='word_1_1178' title='bbox 2031 2016 2168 2047; x_wconf 91' lang='lat' dir='ltr'>decedere</span> <span class='ocrx_word' id='word_1_1179' title='bbox 2185 2018 2338 2054; x_wconf 82' lang='lat' dir='ltr'>continge-</span> 
     </span>
     <span class='ocr_line' id='line_1_139' title="bbox 1269 2051 2337 2093; baseline 0.002 -10"><span class='ocrx_word' id='word_1_1180' title='bbox 1269 2061 1310 2084; x_wconf 91' lang='lat' dir='ltr'>ret</span> <span class='ocrx_word' id='word_1_1181' title='bbox 1345 2062 1393 2091; x_wconf 89' lang='lat' dir='ltr'>per</span> <span class='ocrx_word' id='word_1_1182' title='bbox 1410 2052 1494 2083; x_wconf 89' lang='lat' dir='ltr'>conse</span> <span class='ocrx_word' id='word_1_1183' title='bbox 1515 2061 1581 2083; x_wconf 90' lang='lat' dir='ltr'>ueris</span> <span class='ocrx_word' id='word_1_1184' title='bbox 1595 2053 1681 2083; x_wconf 87' lang='lat' dir='ltr'>etiam</span> <span class='ocrx_word' id='word_1_1185' title='bbox 1696 2074 1707 2091; x_wconf 89' lang='lat'>,</span> <span class='ocrx_word' id='word_1_1186' title='bbox 1725 2051 1840 2082; x_wconf 89' lang='lat' dir='ltr'>illustres</span> <span class='ocrx_word' id='word_1_1187' title='bbox 1858 2052 2025 2092; x_wconf 85' lang='lat' dir='ltr'>Principes,</span> <span class='ocrx_word' id='word_1_1188' title='bbox 2042 2054 2155 2084; x_wconf 70' lang='lat' dir='ltr'>Thomas</span> <span class='ocrx_word' id='word_1_1189' title='bbox 2173 2054 2337 2093; x_wconf 76' lang='lat' dir='ltr'>Clarenciae,</span> 
     </span>
     <span class='ocr_line' id='line_1_140' title="bbox 1270 2076 2335 2132; baseline 0.004 -11"><span class='ocrx_word' id='word_1_1190' title='bbox 1270 2076 1417 2132; x_wconf 61' lang='lat' dir='ltr'>Joseannes</span> <span class='ocrx_word' id='word_1_1191' title='bbox 1434 2091 1497 2120; x_wconf 88' lang='lat' dir='ltr'>Bed</span> <span class='ocrx_word' id='word_1_1192' title='bbox 1507 2091 1558 2121; x_wconf 88' lang='lat' dir='ltr'>ord</span> <span class='ocrx_word' id='word_1_1193' title='bbox 1568 2112 1578 2128; x_wconf 86' lang='lat'>,</span> <span class='ocrx_word' id='word_1_1194' title='bbox 1595 2091 1629 2122; x_wconf 66' lang='grc' dir='ltr'>ὃς</span> <span class='ocrx_word' id='word_1_1195' title='bbox 1648 2090 1812 2130; x_wconf 71' lang='lat' dir='ltr'>Hunffridus</span> <span class='ocrx_word' id='word_1_1196' title='bbox 1828 2090 1998 2131; x_wconf 72' lang='lat' dir='ltr'>Glaucestriae</span> <span class='ocrx_word' id='word_1_1197' title='bbox 2012 2115 2022 2131; x_wconf 84' lang='lat'>,</span> <span class='ocrx_word' id='word_1_1198' title='bbox 2045 2095 2134 2123; x_wconf 80' lang='lat' dir='ltr'>Duces</span> <span class='ocrx_word' id='word_1_1199' title='bbox 2152 2092 2335 2132; x_wconf 80' lang='lat' dir='ltr'>consangui-</span> 
     </span>
     <span class='ocr_line' id='line_1_141' title="bbox 1271 2128 2337 2170; baseline 0.002 -8"><span class='ocrx_word' id='word_1_1200' title='bbox 1271 2132 1318 2162; x_wconf 89' lang='lat' dir='ltr'>nei</span> <span class='ocrx_word' id='word_1_1201' title='bbox 1332 2130 1421 2161; x_wconf 88' lang='lat' dir='ltr'>nostri</span> <span class='ocrx_word' id='word_1_1202' title='bbox 1439 2128 1750 2166; x_wconf 83' lang='lat' dir='ltr'>amantiffimi,Fratres</span> <span class='ocrx_word' id='word_1_1203' title='bbox 1771 2128 1939 2167; x_wconf 87' lang='lat' dir='ltr'>(videlicet)</span> <span class='ocrx_word' id='word_1_1204' title='bbox 1978 2132 2087 2161; x_wconf 88' lang='lat' dir='ltr'>ermani</span> <span class='ocrx_word' id='word_1_1205' title='bbox 2104 2132 2211 2170; x_wconf 86' lang='lat' dir='ltr'>praefati</span> <span class='ocrx_word' id='word_1_1206' title='bbox 2229 2134 2337 2164; x_wconf 89' lang='lat' dir='ltr'>Aman-</span> 
     </span>
     <span class='ocr_line' id='line_1_142' title="bbox 1268 2167 2335 2211; baseline 0.003 -11"><span class='ocrx_word' id='word_1_1207' title='bbox 1268 2168 1367 2200; x_wconf 85' lang='lat' dir='ltr'>tiffimi</span> <span class='ocrx_word' id='word_1_1208' title='bbox 1388 2168 1487 2199; x_wconf 90' lang='lat' dir='ltr'>Fratris</span> <span class='ocrx_word' id='word_1_1209' title='bbox 1509 2167 1599 2198; x_wconf 89' lang='lat' dir='ltr'>nostri</span> <span class='ocrx_word' id='word_1_1210' title='bbox 1612 2170 1725 2198; x_wconf 82' lang='lat' dir='ltr'>Henrici</span> <span class='ocrx_word' id='word_1_1211' title='bbox 1741 2169 1821 2205; x_wconf 85' lang='lat' dir='ltr'>Regis</span> <span class='ocrx_word' id='word_1_1212' title='bbox 1833 2190 1844 2207; x_wconf 82' lang='lat'>,</span> <span class='ocrx_word' id='word_1_1213' title='bbox 1869 2167 1940 2199; x_wconf 88' lang='lat' dir='ltr'>Haer</span> <span class='ocrx_word' id='word_1_1214' title='bbox 1976 2178 2004 2199; x_wconf 91' lang='lat' dir='ltr'>es</span> <span class='ocrx_word' id='word_1_1215' title='bbox 2024 2170 2148 2207; x_wconf 89' lang='lat' dir='ltr'>ipsorum</span> <span class='ocrx_word' id='word_1_1216' title='bbox 2169 2171 2335 2211; x_wconf 62' lang='lat' dir='ltr'>dircitoque</span> 
     </span>
     <span class='ocr_line' id='line_1_143' title="bbox 1268 2206 2100 2247; baseline 0.002 -10"><span class='ocrx_word' id='word_1_1217' title='bbox 1268 2210 1303 2241; x_wconf 88' lang='lat'>&amp;</span> <span class='ocrx_word' id='word_1_1218' title='bbox 1317 2207 1431 2238; x_wconf 89' lang='lat' dir='ltr'>naturali</span> <span class='ocrx_word' id='word_1_1219' title='bbox 1446 2206 1558 2237; x_wconf 89' lang='lat' dir='ltr'>Ordine</span> <span class='ocrx_word' id='word_1_1220' title='bbox 1572 2206 1681 2245; x_wconf 89' lang='lat' dir='ltr'>&amp;Jure</span> <span class='ocrx_word' id='word_1_1221' title='bbox 1696 2206 1747 2236; x_wconf 90' lang='lat' dir='ltr'>sibi</span> <span class='ocrx_word' id='word_1_1222' title='bbox 1762 2207 1890 2237; x_wconf 89' lang='lat' dir='ltr'>invicem</span> <span class='ocrx_word' id='word_1_1223' title='bbox 1903 2206 2081 2239; x_wconf 91' lang='lat' dir='ltr'>succedentes</span> <span class='ocrx_word' id='word_1_1224' title='bbox 2090 2231 2100 2247; x_wconf 90' lang='lat'>,</span> 
     </span>
    </p>

    <p class='ocr_par' dir='ltr' id='par_1_60' title="bbox 1266 2244 2338 2353">
     <span class='ocr_line' id='line_1_144' title="bbox 1304 2244 2338 2285; baseline 0.005 -10"><span class='ocrx_word' id='word_1_1225' title='bbox 1304 2244 1561 2282; x_wconf 78' lang='lat' dir='ltr'>Ymmo,Semine</span> <span class='ocrx_word' id='word_1_1226' title='bbox 1575 2244 1714 2282; x_wconf 88' lang='lat' dir='ltr'>Prosapiae</span> <span class='ocrx_word' id='word_1_1227' title='bbox 1727 2244 1852 2282; x_wconf 90' lang='lat' dir='ltr'>ipsorum</span> <span class='ocrx_word' id='word_1_1228' title='bbox 1872 2245 1969 2283; x_wconf 90' lang='lat' dir='ltr'>(quod</span> <span class='ocrx_word' id='word_1_1229' title='bbox 1981 2246 2067 2284; x_wconf 87' lang='lat' dir='ltr'>absit)</span> <span class='ocrx_word' id='word_1_1230' title='bbox 2086 2246 2192 2285; x_wconf 83' lang='lat' dir='ltr'>prorsus</span> <span class='ocrx_word' id='word_1_1231' title='bbox 2202 2247 2338 2280; x_wconf 66' lang='lat' dir='ltr'>deiicien-v</span> 
     </span>
     <span class='ocr_line' id='line_1_145' title="bbox 1266 2282 2338 2353; baseline 0.003 -38"><span class='ocrx_word' id='word_1_1232' title='bbox 1266 2292 1311 2353; x_wconf 50' lang='grc' dir='ltr'>ξε,</span> <span class='ocrx_word' id='word_1_1233' title='bbox 1329 2284 1415 2328; x_wconf 83' lang='lat' dir='ltr'>etiarn</span> <span class='ocrx_word' id='word_1_1234' title='bbox 1430 2282 1613 2314; x_wconf 84' lang='lat' dir='ltr'>Succeffores</span> <span class='ocrx_word' id='word_1_1235' title='bbox 1625 2283 1751 2321; x_wconf 88' lang='lat' dir='ltr'>ipsorum</span> <span class='ocrx_word' id='word_1_1236' title='bbox 1768 2283 1797 2312; x_wconf 90' lang='lat' dir='ltr'>in</span> <span class='ocrx_word' id='word_1_1237' title='bbox 1810 2282 1921 2321; x_wconf 84' lang='lat' dir='ltr'>Regno</span> <span class='ocrx_word' id='word_1_1238' title='bbox 1932 2282 2066 2323; x_wconf 86' lang='lat' dir='ltr'>Angliae,</span> <span class='ocrx_word' id='word_1_1239' title='bbox 2084 2287 2132 2324; x_wconf 88' lang='lat' dir='ltr'>qui</span> <span class='ocrx_word' id='word_1_1240' title='bbox 2148 2295 2200 2326; x_wconf 89' lang='lat' dir='ltr'>pro</span> <span class='ocrx_word' id='word_1_1241' title='bbox 2208 2295 2338 2325; x_wconf 88' lang='lat' dir='ltr'>ternpore</span> 
     </span>
    </p>

    <p class='ocr_par' dir='ltr' id='par_1_61' title="bbox 1282 2330 1387 2360">
     <span class='ocr_line' id='line_1_146' title="bbox 1282 2330 1387 2360; baseline -0.019 -6"><span class='ocrx_word' id='word_1_1242' title='bbox 1282 2330 1387 2360; x_wconf 75' lang='lat' dir='ltr'>uenat,</span> 
     </span>
    </p>

    <p class='ocr_par' dir='ltr' id='par_1_62' title="bbox 1270 2357 2341 2660">
     <span class='ocr_line' id='line_1_147' title="bbox 1306 2357 2340 2398; baseline 0.005 -7"><span class='ocrx_word' id='word_1_1243' title='bbox 1306 2360 1437 2392; x_wconf 88' lang='lat' dir='ltr'>Invicem</span> <span class='ocrx_word' id='word_1_1244' title='bbox 1452 2360 1541 2398; x_wconf 91' lang='lat' dir='ltr'>boni,</span> <span class='ocrx_word' id='word_1_1245' title='bbox 1557 2358 1634 2390; x_wconf 78' lang='lat' dir='ltr'>firmi</span> <span class='ocrx_word' id='word_1_1246' title='bbox 1648 2358 1682 2390; x_wconf 89' lang='lat'>&amp;</span> <span class='ocrx_word' id='word_1_1247' title='bbox 1694 2357 1802 2390; x_wconf 90' lang='lat' dir='ltr'>stabiles</span> <span class='ocrx_word' id='word_1_1248' title='bbox 1813 2359 2019 2398; x_wconf 84' lang='lat' dir='ltr'>imperpetuum</span> <span class='ocrx_word' id='word_1_1249' title='bbox 2033 2362 2135 2393; x_wconf 89' lang='lat' dir='ltr'>erimus</span> <span class='ocrx_word' id='word_1_1250' title='bbox 2149 2364 2184 2395; x_wconf 78' lang='grc' dir='ltr'>δε</span> <span class='ocrx_word' id='word_1_1251' title='bbox 2197 2371 2281 2395; x_wconf 90' lang='lat' dir='ltr'>erunt</span> <span class='ocrx_word' id='word_1_1252' title='bbox 2295 2362 2340 2395; x_wconf 88' lang='lat' dir='ltr'>A-</span> 
     </span>
     <span class='ocr_line' id='line_1_148' title="bbox 1270 2396 2338 2440; baseline 0.004 -10"><span class='ocrx_word' id='word_1_1253' title='bbox 1270 2400 1356 2437; x_wconf 86' lang='lat' dir='ltr'>mici,</span> <span class='ocrx_word' id='word_1_1254' title='bbox 1374 2399 1488 2438; x_wconf 86' lang='lat' dir='ltr'>Alligati</span> <span class='ocrx_word' id='word_1_1255' title='bbox 1500 2420 1510 2436; x_wconf 88' lang='lat'>,</span> <span class='ocrx_word' id='word_1_1256' title='bbox 1527 2399 1562 2430; x_wconf 91' lang='lat'>&amp;</span> <span class='ocrx_word' id='word_1_1257' title='bbox 1577 2396 1774 2428; x_wconf 84' lang='lat' dir='ltr'>Confoederati</span> <span class='ocrx_word' id='word_1_1258' title='bbox 1789 2420 1800 2436; x_wconf 89' lang='lat'>,</span> <span class='ocrx_word' id='word_1_1259' title='bbox 1816 2407 1870 2436; x_wconf 86' lang='lat' dir='ltr'>pro</span> <span class='ocrx_word' id='word_1_1260' title='bbox 1885 2398 1985 2430; x_wconf 90' lang='lat' dir='ltr'>Nobis</span> <span class='ocrx_word' id='word_1_1261' title='bbox 1999 2399 2033 2430; x_wconf 93' lang='lat'>&amp;</span> <span class='ocrx_word' id='word_1_1262' title='bbox 2048 2400 2176 2438; x_wconf 87' lang='lat' dir='ltr'>Regibus</span> <span class='ocrx_word' id='word_1_1263' title='bbox 2191 2403 2225 2433; x_wconf 69' lang='grc' dir='ltr'>ὃς</span> <span class='ocrx_word' id='word_1_1264' title='bbox 2242 2402 2338 2440; x_wconf 86' lang='lat' dir='ltr'>[mpe-</span> 
     </span>
     <span class='ocr_line' id='line_1_149' title="bbox 1271 2435 2337 2479; baseline 0.004 -11"><span class='ocrx_word' id='word_1_1265' title='bbox 1271 2438 1425 2475; x_wconf 88' lang='lat' dir='ltr'>ratoribus,</span> <span class='ocrx_word' id='word_1_1266' title='bbox 1442 2437 1586 2474; x_wconf 84' lang='lat' dir='ltr'>Imperio,</span> <span class='ocrx_word' id='word_1_1267' title='bbox 1603 2435 1731 2473; x_wconf 82' lang='lat' dir='ltr'>Regnis‚</span> <span class='ocrx_word' id='word_1_1268' title='bbox 1748 2436 1863 2474; x_wconf 89' lang='lat' dir='ltr'>Terris,</span> <span class='ocrx_word' id='word_1_1269' title='bbox 1880 2436 2045 2475; x_wconf 89' lang='lat' dir='ltr'>Dominiis,</span> <span class='ocrx_word' id='word_1_1270' title='bbox 2060 2438 2202 2479; x_wconf 87' lang='lat' dir='ltr'>Subditis,</span> <span class='ocrx_word' id='word_1_1271' title='bbox 2218 2441 2252 2471; x_wconf 68' lang='grc' dir='ltr'>ὃ(</span> <span class='ocrx_word' id='word_1_1272' title='bbox 2268 2441 2337 2472; x_wconf 90' lang='lat' dir='ltr'>Vas-</span> 
     </span>
     <span class='ocr_line' id='line_1_150' title="bbox 1270 2474 2339 2515; baseline 0.004 -9"><span class='ocrx_word' id='word_1_1273' title='bbox 1270 2476 1340 2506; x_wconf 90' lang='lat' dir='ltr'>sallis</span> <span class='ocrx_word' id='word_1_1274' title='bbox 1354 2475 1454 2505; x_wconf 90' lang='lat' dir='ltr'>nostris</span> <span class='ocrx_word' id='word_1_1275' title='bbox 1467 2474 1691 2512; x_wconf 86' lang='lat' dir='ltr'>quibuscumque</span> <span class='ocrx_word' id='word_1_1276' title='bbox 1705 2495 1711 2505; x_wconf 92' lang='lat'>‚</span> <span class='ocrx_word' id='word_1_1277' title='bbox 1732 2482 1830 2505; x_wconf 89' lang='lat' dir='ltr'>contra</span> <span class='ocrx_word' id='word_1_1278' title='bbox 1847 2475 1868 2495; x_wconf 68' lang='lat'>*³</span> <span class='ocrx_word' id='word_1_1279' title='bbox 1886 2484 1986 2505; x_wconf 88' lang='lat' dir='ltr'>omnes</span> <span class='ocrx_word' id='word_1_1280' title='bbox 1997 2475 2142 2508; x_wconf 88' lang='lat' dir='ltr'>Homines</span> <span class='ocrx_word' id='word_1_1281' title='bbox 2160 2478 2339 2515; x_wconf 83' lang='lat' dir='ltr'>(cujuscum-</span> 
     </span>
     <span class='ocr_line' id='line_1_151' title="bbox 1272 2511 2338 2554; baseline 0.004 -9"><span class='ocrx_word' id='word_1_1282' title='bbox 1272 2524 1326 2553; x_wconf 90' lang='lat' dir='ltr'>que</span> <span class='ocrx_word' id='word_1_1283' title='bbox 1341 2512 1458 2544; x_wconf 76' lang='lat' dir='ltr'>Gradfis</span> <span class='ocrx_word' id='word_1_1284' title='bbox 1492 2511 1601 2550; x_wconf 71' lang='lat' dir='ltr'>Status,</span> <span class='ocrx_word' id='word_1_1285' title='bbox 1618 2512 1792 2550; x_wconf 86' lang='lat' dir='ltr'>Dignitatis,</span> <span class='ocrx_word' id='word_1_1286' title='bbox 1809 2521 1855 2544; x_wconf 90' lang='lat' dir='ltr'>aut</span> <span class='ocrx_word' id='word_1_1287' title='bbox 1864 2511 2050 2544; x_wconf 86' lang='lat' dir='ltr'>Conditionis</span> <span class='ocrx_word' id='word_1_1288' title='bbox 2061 2515 2197 2554; x_wconf 87' lang='lat' dir='ltr'>existant)</span> <span class='ocrx_word' id='word_1_1289' title='bbox 2216 2518 2250 2549; x_wconf 69' lang='grc' dir='ltr'>ὃς</span> <span class='ocrx_word' id='word_1_1290' title='bbox 2266 2527 2338 2548; x_wconf 89' lang='lat' dir='ltr'>con-</span> 
     </span>
     <span class='ocr_line' id='line_1_152' title="bbox 1272 2536 2341 2593; baseline 0.004 -10"><span class='ocrx_word' id='word_1_1291' title='bbox 1272 2562 1312 2583; x_wconf 90' lang='lat' dir='ltr'>tra</span> <span class='ocrx_word' id='word_1_1292' title='bbox 1335 2562 1436 2582; x_wconf 90' lang='lat' dir='ltr'>ornnes</span> <span class='ocrx_word' id='word_1_1293' title='bbox 1461 2536 1606 2581; x_wconf 62' lang='lat' dir='ltr'>Homines</span> <span class='ocrx_word' id='word_1_1294' title='bbox 1627 2551 1675 2589; x_wconf 87' lang='lat' dir='ltr'>qui</span> <span class='ocrx_word' id='word_1_1295' title='bbox 1700 2551 1795 2582; x_wconf 90' lang='lat' dir='ltr'>vivere</span> <span class='ocrx_word' id='word_1_1296' title='bbox 1820 2559 1868 2582; x_wconf 91' lang='lat' dir='ltr'>aut</span> <span class='ocrx_word' id='word_1_1297' title='bbox 1890 2552 1965 2582; x_wconf 90' lang='lat' dir='ltr'>mori</span> <span class='ocrx_word' id='word_1_1298' title='bbox 1982 2552 2108 2593; x_wconf 76' lang='lat' dir='ltr'>possint3</span> <span class='ocrx_word' id='word_1_1299' title='bbox 2146 2554 2278 2593; x_wconf 85' lang='lat' dir='ltr'>Exceptis</span> <span class='ocrx_word' id='word_1_1300' title='bbox 2299 2556 2341 2587; x_wconf 86' lang='lat' dir='ltr'>sa-</span> 
     </span>
     <span class='ocr_line' id='line_1_153' title="bbox 1270 2588 2340 2660; baseline 0.007 -42"><span class='ocrx_word' id='word_1_1301' title='bbox 1270 2591 1416 2660; x_wconf 56' lang='lat' dir='ltr'>ierosanr‘jta</span> <span class='ocrx_word' id='word_1_1302' title='bbox 1433 2588 1550 2629; x_wconf 74' lang='lat' dir='ltr'>Ecclefia</span> <span class='ocrx_word' id='word_1_1303' title='bbox 1568 2592 1692 2619; x_wconf 87' lang='lat' dir='ltr'>Romana</span> <span class='ocrx_word' id='word_1_1304' title='bbox 1719 2590 1754 2621; x_wconf 93' lang='lat'>&amp;</span> <span class='ocrx_word' id='word_1_1305' title='bbox 1780 2591 1899 2620; x_wconf 86' lang='lat' dir='ltr'>Romano</span> <span class='ocrx_word' id='word_1_1306' title='bbox 1921 2590 2050 2631; x_wconf 86' lang='lat' dir='ltr'>Pontifice</span> <span class='ocrx_word' id='word_1_1307' title='bbox 2068 2593 2117 2631; x_wconf 90' lang='lat' dir='ltr'>qui</span> <span class='ocrx_word' id='word_1_1308' title='bbox 2134 2602 2189 2631; x_wconf 87' lang='lat' dir='ltr'>pro</span> <span class='ocrx_word' id='word_1_1309' title='bbox 2207 2601 2340 2633; x_wconf 87' lang='lat' dir='ltr'>tempore</span> 
     </span>
    </p>

    <p class='ocr_par' dir='ltr' id='par_1_63' title="bbox 1284 2637 1360 2661">
     <span class='ocr_line' id='line_1_154' title="bbox 1284 2637 1360 2661; baseline -0.026 0"><span class='ocrx_word' id='word_1_1310' title='bbox 1284 2637 1360 2661; x_wconf 87' lang='lat' dir='ltr'>uerit.</span> 
     </span>
    </p>

    <p class='ocr_par' dir='ltr' id='par_1_64' title="bbox 1270 2664 2342 2899">
     <span class='ocr_line' id='line_1_155' title="bbox 1308 2664 2341 2706; baseline 0.004 -8"><span class='ocrx_word' id='word_1_1311' title='bbox 1308 2668 1354 2698; x_wconf 82' lang='grc' dir='ltr'>Ιτ</span> <span class='ocrx_word' id='word_1_1312' title='bbox 1363 2677 1382 2698; x_wconf 85' lang='grc' dir='ltr'>Ε</span> <span class='ocrx_word' id='word_1_1313' title='bbox 1392 2675 1419 2698; x_wconf 92' lang='grc' dir='ltr'>Μ</span> <span class='ocrx_word' id='word_1_1314' title='bbox 1430 2690 1440 2706; x_wconf 88' lang='grc'>,</span> <span class='ocrx_word' id='word_1_1315' title='bbox 1457 2665 1536 2705; x_wconf 78' lang='lat' dir='ltr'>quod</span> <span class='ocrx_word' id='word_1_1316' title='bbox 1549 2664 1642 2696; x_wconf 93' lang='lat' dir='ltr'>nullus</span> <span class='ocrx_word' id='word_1_1317' title='bbox 1656 2664 1787 2696; x_wconf 69' lang='lat' dir='ltr'>nostrum</span> <span class='ocrx_word' id='word_1_1318' title='bbox 1802 2665 2005 2698; x_wconf 86' lang='lat' dir='ltr'>Succefforum</span> <span class='ocrx_word' id='word_1_1319' title='bbox 2018 2690 2028 2705; x_wconf 86' lang='lat'>,</span> <span class='ocrx_word' id='word_1_1320' title='bbox 2051 2675 2096 2699; x_wconf 92' lang='lat' dir='ltr'>aut</span> <span class='ocrx_word' id='word_1_1321' title='bbox 2111 2668 2267 2701; x_wconf 87' lang='lat' dir='ltr'>Haeredum</span> <span class='ocrx_word' id='word_1_1322' title='bbox 2286 2681 2341 2702; x_wconf 94' lang='lat' dir='ltr'>no-</span> 
     </span>
     <span class='ocr_line' id='line_1_156' title="bbox 1272 2704 2339 2745; baseline 0.004 -8"><span class='ocrx_word' id='word_1_1323' title='bbox 1272 2706 1396 2737; x_wconf 90' lang='lat' dir='ltr'>strorum</span> <span class='ocrx_word' id='word_1_1324' title='bbox 1411 2728 1422 2744; x_wconf 91' lang='lat'>,</span> <span class='ocrx_word' id='word_1_1325' title='bbox 1444 2707 1473 2736; x_wconf 91' lang='lat' dir='ltr'>in</span> <span class='ocrx_word' id='word_1_1326' title='bbox 1490 2704 1620 2735; x_wconf 90' lang='lat' dir='ltr'>Consilio</span> <span class='ocrx_word' id='word_1_1327' title='bbox 1647 2705 1699 2735; x_wconf 87' lang='lat' dir='ltr'>erit</span> <span class='ocrx_word' id='word_1_1328' title='bbox 1724 2713 1771 2735; x_wconf 89' lang='lat' dir='ltr'>aut</span> <span class='ocrx_word' id='word_1_1329' title='bbox 1789 2706 1891 2736; x_wconf 86' lang='lat' dir='ltr'>auxilio</span> <span class='ocrx_word' id='word_1_1330' title='bbox 1907 2704 1987 2745; x_wconf 80' lang='lat' dir='ltr'>quod</span> <span class='ocrx_word' id='word_1_1331' title='bbox 2004 2706 2101 2744; x_wconf 90' lang='lat' dir='ltr'>aliquis</span> <span class='ocrx_word' id='word_1_1332' title='bbox 2117 2708 2248 2739; x_wconf 70' lang='lat' dir='ltr'>nostrum</span> <span class='ocrx_word' id='word_1_1333' title='bbox 2266 2709 2339 2741; x_wconf 88' lang='lat' dir='ltr'>Suc-</span> 
     </span>
     <span class='ocr_line' id='line_1_157' title="bbox 1270 2742 2340 2790; baseline 0.003 -14"><span class='ocrx_word' id='word_1_1334' title='bbox 1270 2745 1413 2776; x_wconf 83' lang='lat' dir='ltr'>cefforum</span> <span class='ocrx_word' id='word_1_1335' title='bbox 1428 2766 1438 2783; x_wconf 90' lang='lat'>,</span> <span class='ocrx_word' id='word_1_1336' title='bbox 1456 2752 1504 2774; x_wconf 92' lang='lat' dir='ltr'>aut</span> <span class='ocrx_word' id='word_1_1337' title='bbox 1528 2742 1687 2773; x_wconf 87' lang='lat' dir='ltr'>Haeredum</span> <span class='ocrx_word' id='word_1_1338' title='bbox 1712 2742 1873 2775; x_wconf 87' lang='lat' dir='ltr'>nostrorum</span> <span class='ocrx_word' id='word_1_1339' title='bbox 1891 2753 2138 2790; x_wconf 81' lang='lat' dir='ltr'>quorumcumque</span> <span class='ocrx_word' id='word_1_1340' title='bbox 2150 2769 2160 2785; x_wconf 85' lang='lat'>‚</span> <span class='ocrx_word' id='word_1_1341' title='bbox 2180 2746 2340 2784; x_wconf 85' lang='lat' dir='ltr'>Dignitatis</span> 
     </span>
     <span class='ocr_line' id='line_1_158' title="bbox 1271 2780 2341 2824; baseline -0.004 -10"><span class='ocrx_word' id='word_1_1342' title='bbox 1271 2782 1425 2822; x_wconf 87' lang='lat' dir='ltr'>Imperialis</span> <span class='ocrx_word' id='word_1_1343' title='bbox 1446 2782 1489 2813; x_wconf 88' lang='lat' dir='ltr'>seu</span> <span class='ocrx_word' id='word_1_1344' title='bbox 1508 2780 1623 2821; x_wconf 87' lang='lat' dir='ltr'>Regalis</span> <span class='ocrx_word' id='word_1_1345' title='bbox 1647 2780 1775 2811; x_wconf 87' lang='lat' dir='ltr'>Coronae</span> <span class='ocrx_word' id='word_1_1346' title='bbox 1788 2804 1798 2821; x_wconf 84' lang='lat'>,</span> <span class='ocrx_word' id='word_1_1347' title='bbox 1815 2781 1945 2812; x_wconf 89' lang='lat' dir='ltr'>Honoris</span> <span class='ocrx_word' id='word_1_1348' title='bbox 1963 2782 2007 2812; x_wconf 90' lang='lat' dir='ltr'>seu</span> <span class='ocrx_word' id='word_1_1349' title='bbox 2027 2782 2120 2813; x_wconf 86' lang='lat' dir='ltr'>Status</span> <span class='ocrx_word' id='word_1_1350' title='bbox 2138 2785 2292 2824; x_wconf 89' lang='lat' dir='ltr'>quicquam</span> <span class='ocrx_word' id='word_1_1351' title='bbox 2310 2797 2341 2818; x_wconf 87' lang='lat' dir='ltr'>a.</span> 
     </span>
     <span class='ocr_line' id='line_1_159' title="bbox 1271 2819 2342 2864; baseline 0.003 -11"><span class='ocrx_word' id='word_1_1352' title='bbox 1271 2823 1382 2860; x_wconf 89' lang='lat' dir='ltr'>mittat,</span> <span class='ocrx_word' id='word_1_1353' title='bbox 1399 2829 1446 2852; x_wconf 91' lang='lat' dir='ltr'>aut</span> <span class='ocrx_word' id='word_1_1354' title='bbox 1463 2820 1629 2858; x_wconf 89' lang='lat' dir='ltr'>Dampnutn</span> <span class='ocrx_word' id='word_1_1355' title='bbox 1647 2820 1677 2850; x_wconf 92' lang='lat' dir='ltr'>in</span> <span class='ocrx_word' id='word_1_1356' title='bbox 1695 2819 1831 2854; x_wconf 79' lang='lat' dir='ltr'>Persona,</span> <span class='ocrx_word' id='word_1_1357' title='bbox 1849 2819 1991 2859; x_wconf 90' lang='lat' dir='ltr'>Imperi0‚</span> <span class='ocrx_word' id='word_1_1358' title='bbox 2009 2820 2260 2864; x_wconf 82' lang='lat' dir='ltr'>Regnis,Terris,</span> <span class='ocrx_word' id='word_1_1359' title='bbox 2279 2824 2342 2856; x_wconf 90' lang='lat' dir='ltr'>Re-</span> 
     </span>
     <span class='ocr_line' id='line_1_160' title="bbox 1275 2858 1949 2899; baseline -0.004 -8"><span class='ocrx_word' id='word_1_1360' title='bbox 1275 2862 1326 2891; x_wconf 89' lang='lat' dir='ltr'>bus</span> <span class='ocrx_word' id='word_1_1361' title='bbox 1340 2883 1351 2899; x_wconf 86' lang='lat'>,</span> <span class='ocrx_word' id='word_1_1362' title='bbox 1373 2868 1420 2890; x_wconf 93' lang='lat' dir='ltr'>aut</span> <span class='ocrx_word' id='word_1_1363' title='bbox 1432 2859 1577 2889; x_wconf 89' lang='lat' dir='ltr'>Dominiis</span> <span class='ocrx_word' id='word_1_1364' title='bbox 1591 2858 1648 2896; x_wconf 90' lang='lat' dir='ltr'>pati</span> <span class='ocrx_word' id='word_1_1365' title='bbox 1662 2858 1745 2896; x_wconf 82' lang='lat' dir='ltr'>posfit</span> <span class='ocrx_word' id='word_1_1366' title='bbox 1756 2859 1801 2889; x_wconf 90' lang='lat' dir='ltr'>vel</span> <span class='ocrx_word' id='word_1_1367' title='bbox 1814 2858 1949 2897; x_wconf 90' lang='lat' dir='ltr'>Injuriam</span> 
     </span>
    </p>

    <p class='ocr_par' dir='ltr' id='par_1_65' title="bbox 1269 2881 2343 3053">
     <span class='ocr_line' id='line_1_161' title="bbox 1305 2881 2340 2940; baseline 0.003 -10"><span class='ocrx_word' id='word_1_1368' title='bbox 1305 2898 1359 2938; x_wconf 84' lang='lat' dir='ltr'>Et,</span> <span class='ocrx_word' id='word_1_1369' title='bbox 1377 2899 1396 2929; x_wconf 94' lang='lat' dir='ltr'>si</span> <span class='ocrx_word' id='word_1_1370' title='bbox 1409 2897 1486 2938; x_wconf 91' lang='lat' dir='ltr'>quod</span> <span class='ocrx_word' id='word_1_1371' title='bbox 1499 2896 1686 2940; x_wconf 71' lang='lat' dir='ltr'>Dampnum,</span> <span class='ocrx_word' id='word_1_1372' title='bbox 1705 2896 1909 2940; x_wconf 78' lang='lat' dir='ltr'>Praejudicium</span> <span class='ocrx_word' id='word_1_1373' title='bbox 1924 2919 1934 2935; x_wconf 84' lang='lat'>‚</span> <span class='ocrx_word' id='word_1_1374' title='bbox 1953 2881 2043 2936; x_wconf 77' lang='lat' dir='ltr'>Vim,</span> <span class='ocrx_word' id='word_1_1375' title='bbox 2059 2897 2106 2929; x_wconf 89' lang='lat' dir='ltr'>vel</span> <span class='ocrx_word' id='word_1_1376' title='bbox 2118 2899 2258 2932; x_wconf 88' lang='lat' dir='ltr'>Fraudem</span> <span class='ocrx_word' id='word_1_1377' title='bbox 2272 2901 2340 2933; x_wconf 90' lang='lat' dir='ltr'>alter</span> 
     </span>
     <span class='ocr_line' id='line_1_162' title="bbox 1269 2935 2340 2979; baseline 0.001 -10"><span class='ocrx_word' id='word_1_1378' title='bbox 1269 2938 1347 2969; x_wconf 88' lang='lat' dir='ltr'>alteri</span> <span class='ocrx_word' id='word_1_1379' title='bbox 1361 2936 1458 2967; x_wconf 89' lang='lat' dir='ltr'>inferri</span> <span class='ocrx_word' id='word_1_1380' title='bbox 1472 2943 1519 2967; x_wconf 93' lang='lat' dir='ltr'>aut</span> <span class='ocrx_word' id='word_1_1381' title='bbox 1531 2944 1677 2974; x_wconf 86' lang='lat' dir='ltr'>procurari</span> <span class='ocrx_word' id='word_1_1382' title='bbox 1691 2935 1794 2966; x_wconf 90' lang='lat' dir='ltr'>viderit</span> <span class='ocrx_word' id='word_1_1383' title='bbox 1809 2957 1819 2973; x_wconf 92' lang='lat'>,</span> <span class='ocrx_word' id='word_1_1384' title='bbox 1835 2943 1881 2967; x_wconf 86' lang='lat' dir='ltr'>aut</span> <span class='ocrx_word' id='word_1_1385' title='bbox 1893 2936 2046 2973; x_wconf 85' lang='lat' dir='ltr'>concipere</span> <span class='ocrx_word' id='word_1_1386' title='bbox 2061 2936 2142 2974; x_wconf 78' lang='lat' dir='ltr'>possit</span> <span class='ocrx_word' id='word_1_1387' title='bbox 2153 2961 2163 2976; x_wconf 91' lang='lat'>,</span> <span class='ocrx_word' id='word_1_1388' title='bbox 2179 2939 2234 2978; x_wconf 79' lang='lat' dir='ltr'>ipsa</span> <span class='ocrx_word' id='word_1_1389' title='bbox 2247 2941 2281 2972; x_wconf 90' lang='lat'>&amp;</span> <span class='ocrx_word' id='word_1_1390' title='bbox 2297 2942 2340 2979; x_wconf 87' lang='lat' dir='ltr'>ip-</span> 
     </span>
     <span class='ocr_line' id='line_1_163' title="bbox 1270 2972 2343 3017; baseline 0.004 -10"><span class='ocrx_word' id='word_1_1391' title='bbox 1270 2979 1364 3007; x_wconf 81' lang='lat' dir='ltr'>sorum</span> <span class='ocrx_word' id='word_1_1392' title='bbox 1379 2974 1527 3014; x_wconf 87' lang='lat' dir='ltr'>quodlibet</span> <span class='ocrx_word' id='word_1_1393' title='bbox 1540 2984 1594 3012; x_wconf 89' lang='lat' dir='ltr'>pro</span> <span class='ocrx_word' id='word_1_1394' title='bbox 1609 2972 1693 3005; x_wconf 84' lang='lat' dir='ltr'>Poffe</span> <span class='ocrx_word' id='word_1_1395' title='bbox 1706 2973 1856 3013; x_wconf 87' lang='lat' dir='ltr'>impediet,</span> <span class='ocrx_word' id='word_1_1396' title='bbox 1875 2975 1926 3014; x_wconf 77' lang='grc' dir='ltr'>δε,</span> <span class='ocrx_word' id='word_1_1397' title='bbox 1944 2974 1964 3005; x_wconf 87' lang='lat' dir='ltr'>fi</span> <span class='ocrx_word' id='word_1_1398' title='bbox 1978 2975 2037 3006; x_wconf 86' lang='lat' dir='ltr'>hoc</span> <span class='ocrx_word' id='word_1_1399' title='bbox 2052 2976 2190 3014; x_wconf 88' lang='lat' dir='ltr'>impedire</span> <span class='ocrx_word' id='word_1_1400' title='bbox 2203 2980 2343 3017; x_wconf 83' lang='lat' dir='ltr'>nequive-</span> 
     </span>
     <span class='ocr_line' id='line_1_164' title="bbox 1273 3011 1757 3053; baseline -0.01 -7"><span class='ocrx_word' id='word_1_1401' title='bbox 1273 3016 1307 3046; x_wconf 86' lang='lat' dir='ltr'>rit</span> <span class='ocrx_word' id='word_1_1402' title='bbox 1344 3013 1514 3053; x_wconf 76' lang='lat' dir='ltr'>quamcitius</span> <span class='ocrx_word' id='word_1_1403' title='bbox 1526 3012 1602 3043; x_wconf 89' lang='lat' dir='ltr'>alteri</span> <span class='ocrx_word' id='word_1_1404' title='bbox 1617 3011 1757 3043; x_wconf 87' lang='lat' dir='ltr'>revelabit.</span> 
     </span>
    </p>

    <p class='ocr_par' dir='ltr' id='par_1_66' title="bbox 1273 3038 2340 3283">
     <span class='ocr_line' id='line_1_165' title="bbox 1310 3038 2338 3090; baseline 0.002 -6"><span class='ocrx_word' id='word_1_1405' title='bbox 1310 3038 1436 3090; x_wconf 76' lang='grc' dir='ltr'>ΪΤΕΜ,</span> <span class='ocrx_word' id='word_1_1406' title='bbox 1453 3050 1533 3090; x_wconf 79' lang='lat' dir='ltr'>quod</span> <span class='ocrx_word' id='word_1_1407' title='bbox 1556 3059 1613 3080; x_wconf 88' lang='lat' dir='ltr'>tarn</span> <span class='ocrx_word' id='word_1_1408' title='bbox 1634 3051 1710 3088; x_wconf 81' lang='lat' dir='ltr'>Nos,</span> <span class='ocrx_word' id='word_1_1409' title='bbox 1729 3050 1815 3089; x_wconf 75' lang='lat' dir='ltr'>quam</span> <span class='ocrx_word' id='word_1_1410' title='bbox 1838 3051 1924 3081; x_wconf 88' lang='lat' dir='ltr'>etiarn</span> <span class='ocrx_word' id='word_1_1411' title='bbox 1945 3050 2085 3083; x_wconf 88' lang='lat' dir='ltr'>Haeredes</span> <span class='ocrx_word' id='word_1_1412' title='bbox 2105 3052 2139 3084; x_wconf 91' lang='lat'>&amp;</span> <span class='ocrx_word' id='word_1_1413' title='bbox 2157 3052 2338 3086; x_wconf 81' lang='lat' dir='ltr'>Succeffores</span> 
     </span>
     <span class='ocr_line' id='line_1_166' title="bbox 1273 3088 2320 3130; baseline 0 -7"><span class='ocrx_word' id='word_1_1414' title='bbox 1273 3092 1363 3123; x_wconf 88' lang='lat' dir='ltr'>nostri</span> <span class='ocrx_word' id='word_1_1415' title='bbox 1374 3090 1501 3130; x_wconf 69' lang='lat' dir='ltr'>praedieti</span> <span class='ocrx_word' id='word_1_1416' title='bbox 1516 3112 1527 3128; x_wconf 89' lang='lat'>‚</span> <span class='ocrx_word' id='word_1_1417' title='bbox 1546 3088 1749 3119; x_wconf 86' lang='lat' dir='ltr'>Commodum</span> <span class='ocrx_word' id='word_1_1418' title='bbox 1759 3089 1793 3120; x_wconf 92' lang='lat'>&amp;</span> <span class='ocrx_word' id='word_1_1419' title='bbox 1802 3088 1956 3120; x_wconf 89' lang='lat' dir='ltr'>Honorem</span> <span class='ocrx_word' id='word_1_1420' title='bbox 1970 3091 2173 3129; x_wconf 88' lang='lat' dir='ltr'>cujuscumque</span> <span class='ocrx_word' id='word_1_1421' title='bbox 2188 3092 2320 3123; x_wconf 71' lang='lat' dir='ltr'>nostrum</span> 
     </span>
     <span class='ocr_line' id='line_1_167' title="bbox 1273 3115 2339 3171; baseline 0.003 -11"><span class='ocrx_word' id='word_1_1422' title='bbox 1273 3130 1408 3168; x_wconf 87' lang='lat' dir='ltr'>Imperii,</span> <span class='ocrx_word' id='word_1_1423' title='bbox 1428 3128 1618 3165; x_wconf 86' lang='lat' dir='ltr'>Regnorum,</span> <span class='ocrx_word' id='word_1_1424' title='bbox 1634 3127 1791 3171; x_wconf 76' lang='lat' dir='ltr'>Terrarum</span> <span class='ocrx_word' id='word_1_1425' title='bbox 1800 3128 1851 3166; x_wconf 73' lang='grc' dir='ltr'>,ὃς</span> <span class='ocrx_word' id='word_1_1426' title='bbox 1865 3126 2072 3160; x_wconf 89' lang='lat' dir='ltr'>Dominiorum</span> <span class='ocrx_word' id='word_1_1427' title='bbox 2087 3130 2246 3161; x_wconf 89' lang='lat' dir='ltr'>nostrorum</span> <span class='ocrx_word' id='word_1_1428' title='bbox 2266 3115 2339 3168; x_wconf 49' lang='lat' dir='ltr'>(cest</span> 
     </span>
     <span class='ocr_line' id='line_1_168' title="bbox 1273 3165 2340 3209; baseline 0.001 -10"><span class='ocrx_word' id='word_1_1429' title='bbox 1273 3169 1395 3199; x_wconf 86' lang='lat' dir='ltr'>santibus</span> <span class='ocrx_word' id='word_1_1430' title='bbox 1410 3167 1488 3198; x_wconf 92' lang='lat' dir='ltr'>Dolo</span> <span class='ocrx_word' id='word_1_1431' title='bbox 1503 3168 1536 3198; x_wconf 88' lang='lat'>&amp;</span> <span class='ocrx_word' id='word_1_1432' title='bbox 1552 3165 1648 3208; x_wconf 86' lang='lat' dir='ltr'>fraude</span> <span class='ocrx_word' id='word_1_1433' title='bbox 1661 3165 1899 3205; x_wconf 86' lang='lat' dir='ltr'>quibuscumque)</span> <span class='ocrx_word' id='word_1_1434' title='bbox 1917 3168 2130 3204; x_wconf 88' lang='lat' dir='ltr'>procurabimus</span> <span class='ocrx_word' id='word_1_1435' title='bbox 2153 3169 2229 3199; x_wconf 72' lang='lat' dir='ltr'>bona</span> <span class='ocrx_word' id='word_1_1436' title='bbox 2251 3169 2340 3209; x_wconf 86' lang='lat' dir='ltr'>Fide,</span> 
     </span>
     <span class='ocr_line' id='line_1_169' title="bbox 1273 3203 2340 3245; baseline 0.001 -7"><span class='ocrx_word' id='word_1_1437' title='bbox 1273 3208 1308 3238; x_wconf 89' lang='lat'>&amp;</span> <span class='ocrx_word' id='word_1_1438' title='bbox 1323 3206 1458 3238; x_wconf 76' lang='lat' dir='ltr'>Vaflallos</span> <span class='ocrx_word' id='word_1_1439' title='bbox 1477 3214 1510 3235; x_wconf 91' lang='lat' dir='ltr'>ac</span> <span class='ocrx_word' id='word_1_1440' title='bbox 1532 3203 1662 3235; x_wconf 86' lang='lat' dir='ltr'>Subditos</span> <span class='ocrx_word' id='word_1_1441' title='bbox 1682 3203 1790 3235; x_wconf 90' lang='lat' dir='ltr'>nostros</span> <span class='ocrx_word' id='word_1_1442' title='bbox 1803 3227 1812 3243; x_wconf 87' lang='lat'>,</span> <span class='ocrx_word' id='word_1_1443' title='bbox 1830 3204 1974 3245; x_wconf 75' lang='lat' dir='ltr'>praesentes</span> <span class='ocrx_word' id='word_1_1444' title='bbox 1989 3206 2023 3236; x_wconf 69' lang='grc' dir='ltr'>ὃ(</span> <span class='ocrx_word' id='word_1_1445' title='bbox 2036 3205 2144 3237; x_wconf 86' lang='lat' dir='ltr'>futuros</span> <span class='ocrx_word' id='word_1_1446' title='bbox 2159 3228 2169 3244; x_wconf 90' lang='lat'>‚</span> <span class='ocrx_word' id='word_1_1447' title='bbox 2187 3217 2340 3245; x_wconf 84' lang='lat' dir='ltr'>procurare</span> 
     </span>
     <span class='ocr_line' id='line_1_170' title="bbox 1274 3241 1995 3283; baseline -0.004 -7"><span class='ocrx_word' id='word_1_1448' title='bbox 1274 3246 1411 3277; x_wconf 88' lang='lat' dir='ltr'>faciemus</span> <span class='ocrx_word' id='word_1_1449' title='bbox 1426 3254 1478 3283; x_wconf 89' lang='lat' dir='ltr'>pro</span> <span class='ocrx_word' id='word_1_1450' title='bbox 1494 3243 1581 3274; x_wconf 89' lang='lat' dir='ltr'>Locis</span> <span class='ocrx_word' id='word_1_1451' title='bbox 1591 3243 1624 3274; x_wconf 87' lang='lat'>&amp;</span> <span class='ocrx_word' id='word_1_1452' title='bbox 1638 3241 1832 3280; x_wconf 87' lang='lat' dir='ltr'>Temporibus</span> <span class='ocrx_word' id='word_1_1453' title='bbox 1844 3245 1995 3281; x_wconf 87' lang='lat' dir='ltr'>oportunis.</span> 
     </span>
    </p>

    <p class='ocr_par' dir='ltr' id='par_1_67' title="bbox 1273 3280 2340 3521">
     <span class='ocr_line' id='line_1_171' title="bbox 1299 3280 2340 3322; baseline 0.002 -8"><span class='ocrx_word' id='word_1_1454' title='bbox 1299 3283 1383 3322; x_wconf 37' lang='grc' dir='ltr'>,ΙΤΕ</span> <span class='ocrx_word' id='word_1_1455' title='bbox 1394 3292 1439 3321; x_wconf 88' lang='lat' dir='ltr'>M,</span> <span class='ocrx_word' id='word_1_1456' title='bbox 1458 3282 1538 3320; x_wconf 83' lang='lat' dir='ltr'>quod</span> <span class='ocrx_word' id='word_1_1457' title='bbox 1553 3289 1649 3312; x_wconf 89' lang='lat' dir='ltr'>neuter</span> <span class='ocrx_word' id='word_1_1458' title='bbox 1662 3280 1791 3311; x_wconf 70' lang='lat' dir='ltr'>nostrum</span> <span class='ocrx_word' id='word_1_1459' title='bbox 1800 3291 1870 3320; x_wconf 82' lang='lat' dir='ltr'>,nec</span> <span class='ocrx_word' id='word_1_1460' title='bbox 1884 3282 1979 3320; x_wconf 89' lang='lat' dir='ltr'>aliquis</span> <span class='ocrx_word' id='word_1_1461' title='bbox 1991 3281 2192 3314; x_wconf 88' lang='lat' dir='ltr'>Successorum</span> <span class='ocrx_word' id='word_1_1462' title='bbox 2206 3284 2251 3315; x_wconf 91' lang='lat' dir='ltr'>vel</span> <span class='ocrx_word' id='word_1_1463' title='bbox 2265 3284 2340 3316; x_wconf 84' lang='lat' dir='ltr'>Hae-</span> 
     </span>
     <span class='ocr_line' id='line_1_172' title="bbox 1274 3319 2336 3360; baseline 0.002 -7"><span class='ocrx_word' id='word_1_1464' title='bbox 1274 3322 1375 3353; x_wconf 91' lang='lat' dir='ltr'>redum</span> <span class='ocrx_word' id='word_1_1465' title='bbox 1389 3321 1550 3352; x_wconf 89' lang='lat' dir='ltr'>nostrorum</span> <span class='ocrx_word' id='word_1_1466' title='bbox 1565 3319 1769 3358; x_wconf 64' lang='lat' dir='ltr'>praedidiorum</span> <span class='ocrx_word' id='word_1_1467' title='bbox 1786 3342 1796 3358; x_wconf 94' lang='lat'>,</span> <span class='ocrx_word' id='word_1_1468' title='bbox 1814 3321 1861 3358; x_wconf 88' lang='lat' dir='ltr'>qui</span> <span class='ocrx_word' id='word_1_1469' title='bbox 1876 3330 1928 3357; x_wconf 90' lang='lat' dir='ltr'>pro</span> <span class='ocrx_word' id='word_1_1470' title='bbox 1944 3329 2072 3358; x_wconf 87' lang='lat' dir='ltr'>tempore</span> <span class='ocrx_word' id='word_1_1471' title='bbox 2086 3322 2207 3360; x_wconf 87' lang='lat' dir='ltr'>fuerint,</span> <span class='ocrx_word' id='word_1_1472' title='bbox 2228 3323 2336 3355; x_wconf 83' lang='lat' dir='ltr'>Vaffal-</span> 
     </span>
     <span class='ocr_line' id='line_1_173' title="bbox 1274 3357 2335 3400; baseline 0.001 -8"><span class='ocrx_word' id='word_1_1473' title='bbox 1274 3362 1317 3392; x_wconf 92' lang='lat' dir='ltr'>los</span> <span class='ocrx_word' id='word_1_1474' title='bbox 1336 3369 1382 3392; x_wconf 87' lang='lat' dir='ltr'>aut</span> <span class='ocrx_word' id='word_1_1475' title='bbox 1405 3359 1538 3392; x_wconf 89' lang='lat' dir='ltr'>Subditos</span> <span class='ocrx_word' id='word_1_1476' title='bbox 1556 3358 1664 3389; x_wconf 88' lang='lat' dir='ltr'>nostros</span> <span class='ocrx_word' id='word_1_1477' title='bbox 1681 3381 1691 3396; x_wconf 88' lang='lat'>,</span> <span class='ocrx_word' id='word_1_1478' title='bbox 1704 3366 1749 3389; x_wconf 90' lang='lat' dir='ltr'>aut</span> <span class='ocrx_word' id='word_1_1479' title='bbox 1767 3357 1827 3389; x_wconf 89' lang='lat' dir='ltr'>suos</span> <span class='ocrx_word' id='word_1_1480' title='bbox 1840 3381 1849 3396; x_wconf 90' lang='lat'>,</span> <span class='ocrx_word' id='word_1_1481' title='bbox 1866 3368 1915 3396; x_wconf 87' lang='lat' dir='ltr'>per</span> <span class='ocrx_word' id='word_1_1482' title='bbox 1935 3359 1962 3389; x_wconf 91' lang='lat' dir='ltr'>se</span> <span class='ocrx_word' id='word_1_1483' title='bbox 1975 3382 1984 3397; x_wconf 83' lang='grc'>,</span> <span class='ocrx_word' id='word_1_1484' title='bbox 2001 3367 2048 3389; x_wconf 86' lang='lat' dir='ltr'>aut</span> <span class='ocrx_word' id='word_1_1485' title='bbox 2069 3368 2137 3389; x_wconf 87' lang='lat' dir='ltr'>curn</span> <span class='ocrx_word' id='word_1_1486' title='bbox 2154 3361 2229 3400; x_wconf 85' lang='lat' dir='ltr'>aliis,</span> <span class='ocrx_word' id='word_1_1487' title='bbox 2245 3362 2335 3393; x_wconf 86' lang='lat' dir='ltr'>Arma</span> 
     </span>
     <span class='ocr_line' id='line_1_174' title="bbox 1275 3396 2336 3437; baseline 0.001 -7"><span class='ocrx_word' id='word_1_1488' title='bbox 1275 3408 1374 3430; x_wconf 86' lang='lat' dir='ltr'>contra</span> <span class='ocrx_word' id='word_1_1489' title='bbox 1396 3399 1481 3430; x_wconf 90' lang='lat' dir='ltr'>alium</span> <span class='ocrx_word' id='word_1_1490' title='bbox 1496 3420 1506 3436; x_wconf 83' lang='lat'>,</span> <span class='ocrx_word' id='word_1_1491' title='bbox 1525 3396 1702 3428; x_wconf 80' lang='lat' dir='ltr'>Succeffores</span> <span class='ocrx_word' id='word_1_1492' title='bbox 1722 3396 1768 3427; x_wconf 91' lang='lat' dir='ltr'>vel</span> <span class='ocrx_word' id='word_1_1493' title='bbox 1789 3397 1924 3428; x_wconf 76' lang='lat' dir='ltr'>Haeredes</span> <span class='ocrx_word' id='word_1_1494' title='bbox 1944 3396 2074 3435; x_wconf 87' lang='lat' dir='ltr'>nostros,</span> <span class='ocrx_word' id='word_1_1495' title='bbox 2092 3405 2139 3428; x_wconf 90' lang='lat' dir='ltr'>aut</span> <span class='ocrx_word' id='word_1_1496' title='bbox 2151 3398 2226 3437; x_wconf 88' lang='lat' dir='ltr'>suos,</span> <span class='ocrx_word' id='word_1_1497' title='bbox 2243 3400 2336 3431; x_wconf 87' lang='lat' dir='ltr'>levare</span> 
     </span>
     <span class='ocr_line' id='line_1_175' title="bbox 1274 3435 2336 3476; baseline 0 -7"><span class='ocrx_word' id='word_1_1498' title='bbox 1274 3439 1320 3469; x_wconf 89' lang='lat' dir='ltr'>vel</span> <span class='ocrx_word' id='word_1_1499' title='bbox 1339 3438 1478 3469; x_wconf 89' lang='lat' dir='ltr'>Guerram</span> <span class='ocrx_word' id='word_1_1500' title='bbox 1495 3437 1589 3467; x_wconf 84' lang='lat' dir='ltr'>facere</span> <span class='ocrx_word' id='word_1_1501' title='bbox 1608 3435 1767 3473; x_wconf 65' lang='lat' dir='ltr'>permittet,</span> <span class='ocrx_word' id='word_1_1502' title='bbox 1785 3435 1829 3465; x_wconf 89' lang='lat' dir='ltr'>sed</span> <span class='ocrx_word' id='word_1_1503' title='bbox 1841 3435 1914 3473; x_wconf 89' lang='lat' dir='ltr'>ipsos</span> <span class='ocrx_word' id='word_1_1504' title='bbox 1929 3458 1939 3474; x_wconf 87' lang='lat'>,</span> <span class='ocrx_word' id='word_1_1505' title='bbox 1956 3436 1977 3466; x_wconf 93' lang='lat' dir='ltr'>si</span> <span class='ocrx_word' id='word_1_1506' title='bbox 1996 3435 2084 3465; x_wconf 87' lang='lat' dir='ltr'>Arma</span> <span class='ocrx_word' id='word_1_1507' title='bbox 2102 3436 2270 3476; x_wconf 88' lang='lat' dir='ltr'>levaverint,</span> <span class='ocrx_word' id='word_1_1508' title='bbox 2288 3446 2336 3469; x_wconf 87' lang='lat' dir='ltr'>aut</span> 
     </span>
     <span class='ocr_line' id='line_1_176' title="bbox 1273 3473 2334 3521; baseline -0.002 -13"><span class='ocrx_word' id='word_1_1509' title='bbox 1273 3477 1360 3521; x_wconf 81' lang='lat' dir='ltr'>levari</span> <span class='ocrx_word' id='word_1_1510' title='bbox 1378 3477 1496 3521; x_wconf 80' lang='lat' dir='ltr'>vellent,</span> <span class='ocrx_word' id='word_1_1511' title='bbox 1513 3474 1557 3506; x_wconf 87' lang='lat' dir='ltr'>seii</span> <span class='ocrx_word' id='word_1_1512' title='bbox 1576 3473 1720 3505; x_wconf 83' lang='lat' dir='ltr'>Guerram</span> <span class='ocrx_word' id='word_1_1513' title='bbox 1740 3474 1881 3513; x_wconf 86' lang='lat' dir='ltr'>facerent,</span> <span class='ocrx_word' id='word_1_1514' title='bbox 1899 3482 1945 3505; x_wconf 88' lang='lat' dir='ltr'>aut</span> <span class='ocrx_word' id='word_1_1515' title='bbox 1962 3474 2054 3505; x_wconf 86' lang='lat' dir='ltr'>facere</span> <span class='ocrx_word' id='word_1_1516' title='bbox 2068 3474 2334 3514; x_wconf 88' lang='lat' dir='ltr'>vellent,impediet</span> 
     </span>
    </p>

    <p class='ocr_par' dir='ltr' id='par_1_68' title="bbox 1286 3524 1444 3546">
     <span class='ocr_line' id='line_1_177' title="bbox 1286 3524 1444 3546; baseline -0.019 0"><span class='ocrx_word' id='word_1_1517' title='bbox 1286 3524 1347 3546; x_wconf 85' lang='lat' dir='ltr'>uxta</span> <span class='ocrx_word' id='word_1_1518' title='bbox 1360 3524 1444 3545; x_wconf 82' lang='lat' dir='ltr'>Vires:</span> 
     </span>
    </p>

    <p class='ocr_par' dir='ltr' id='par_1_69' title="bbox 1270 3526 2334 3744">
     <span class='ocr_line' id='line_1_178' title="bbox 1270 3526 2331 3592; baseline -0.002 -8"><span class='ocrx_word' id='word_1_1519' title='bbox 1270 3526 1282 3554; x_wconf 66' lang='lat' dir='ltr'>J</span> <span class='ocrx_word' id='word_1_1520' title='bbox 1312 3553 1350 3584; x_wconf 89' lang='lat' dir='ltr'>Et</span> <span class='ocrx_word' id='word_1_1521' title='bbox 1365 3576 1374 3592; x_wconf 93' lang='lat'>,</span> <span class='ocrx_word' id='word_1_1522' title='bbox 1389 3555 1419 3583; x_wconf 88' lang='lat' dir='ltr'>in</span> <span class='ocrx_word' id='word_1_1523' title='bbox 1440 3551 1514 3583; x_wconf 83' lang='lat' dir='ltr'>Casu</span> <span class='ocrx_word' id='word_1_1524' title='bbox 1537 3560 1595 3589; x_wconf 89' lang='lat' dir='ltr'>quo</span> <span class='ocrx_word' id='word_1_1525' title='bbox 1615 3549 1682 3580; x_wconf 90' lang='lat' dir='ltr'>alter</span> <span class='ocrx_word' id='word_1_1526' title='bbox 1701 3549 1833 3580; x_wconf 67' lang='lat' dir='ltr'>nostrum</span> <span class='ocrx_word' id='word_1_1527' title='bbox 1849 3572 1858 3589; x_wconf 81' lang='lat'>,</span> <span class='ocrx_word' id='word_1_1528' title='bbox 1875 3558 1922 3580; x_wconf 86' lang='lat' dir='ltr'>aut</span> <span class='ocrx_word' id='word_1_1529' title='bbox 1941 3549 2037 3588; x_wconf 85' lang='lat' dir='ltr'>aliquis</span> <span class='ocrx_word' id='word_1_1530' title='bbox 2051 3550 2265 3590; x_wconf 87' lang='lat' dir='ltr'>Successorum,</span> <span class='ocrx_word' id='word_1_1531' title='bbox 2284 3551 2331 3583; x_wconf 90' lang='lat' dir='ltr'>vel</span> 
     </span>
     <span class='ocr_line' id='line_1_179' title="bbox 1273 3588 2333 3628; baseline -0.003 -5"><span class='ocrx_word' id='word_1_1532' title='bbox 1273 3592 1431 3623; x_wconf 81' lang='lat' dir='ltr'>Haeredum</span> <span class='ocrx_word' id='word_1_1533' title='bbox 1449 3589 1610 3620; x_wconf 87' lang='lat' dir='ltr'>nostrorum</span> <span class='ocrx_word' id='word_1_1534' title='bbox 1633 3588 1834 3626; x_wconf 66' lang='lat' dir='ltr'>praedidtorum</span> <span class='ocrx_word' id='word_1_1535' title='bbox 1851 3611 1861 3627; x_wconf 91' lang='lat'>,</span> <span class='ocrx_word' id='word_1_1536' title='bbox 1879 3589 1935 3618; x_wconf 89' lang='lat' dir='ltr'>hoc</span> <span class='ocrx_word' id='word_1_1537' title='bbox 1959 3588 2051 3620; x_wconf 85' lang='lat' dir='ltr'>facere</span> <span class='ocrx_word' id='word_1_1538' title='bbox 2072 3600 2129 3619; x_wconf 92' lang='lat' dir='ltr'>non</span> <span class='ocrx_word' id='word_1_1539' title='bbox 2154 3590 2256 3628; x_wconf 58' lang='lat' dir='ltr'>posin,</span> <span class='ocrx_word' id='word_1_1540' title='bbox 2274 3591 2333 3621; x_wconf 86' lang='lat' dir='ltr'>boc</span> 
     </span>
     <span class='ocr_line' id='line_1_180' title="bbox 1272 3626 2334 3670; baseline -0.002 -10"><span class='ocrx_word' id='word_1_1541' title='bbox 1272 3631 1387 3670; x_wconf 85' lang='lat' dir='ltr'>quilibet</span> <span class='ocrx_word' id='word_1_1542' title='bbox 1401 3627 1533 3659; x_wconf 72' lang='lat' dir='ltr'>nostrum</span> <span class='ocrx_word' id='word_1_1543' title='bbox 1550 3626 1749 3658; x_wconf 77' lang='lat' dir='ltr'>Succefforum</span> <span class='ocrx_word' id='word_1_1544' title='bbox 1763 3627 1796 3657; x_wconf 90' lang='lat'>&amp;</span> <span class='ocrx_word' id='word_1_1545' title='bbox 1811 3626 1968 3657; x_wconf 86' lang='lat' dir='ltr'>Haeredum</span> <span class='ocrx_word' id='word_1_1546' title='bbox 1985 3627 2145 3657; x_wconf 82' lang='lat' dir='ltr'>nostrorum</span> <span class='ocrx_word' id='word_1_1547' title='bbox 2159 3629 2236 3658; x_wconf 82' lang='lat' dir='ltr'>alteri</span> <span class='ocrx_word' id='word_1_1548' title='bbox 2253 3637 2334 3658; x_wconf 91' lang='lat' dir='ltr'>reve-</span> 
     </span>
     <span class='ocr_line' id='line_1_181' title="bbox 1273 3665 2333 3706; baseline -0.002 -7"><span class='ocrx_word' id='word_1_1549' title='bbox 1273 3670 1364 3706; x_wconf 84' lang='lat' dir='ltr'>labit,</span> <span class='ocrx_word' id='word_1_1550' title='bbox 1383 3668 1415 3698; x_wconf 87' lang='lat'>&amp;</span> <span class='ocrx_word' id='word_1_1551' title='bbox 1438 3666 1531 3697; x_wconf 88' lang='lat' dir='ltr'>nostra</span> <span class='ocrx_word' id='word_1_1552' title='bbox 1553 3666 1586 3697; x_wconf 69' lang='grc' dir='ltr'>ὃ(</span> <span class='ocrx_word' id='word_1_1553' title='bbox 1604 3675 1704 3695; x_wconf 88' lang='lat' dir='ltr'>eorum</span> <span class='ocrx_word' id='word_1_1554' title='bbox 1729 3667 1882 3696; x_wconf 91' lang='lat' dir='ltr'>communi</span> <span class='ocrx_word' id='word_1_1555' title='bbox 1901 3665 2037 3695; x_wconf 73' lang='lat' dir='ltr'>Potentia</span> <span class='ocrx_word' id='word_1_1556' title='bbox 2058 3667 2091 3696; x_wconf 85' lang='lat'>&amp;</span> <span class='ocrx_word' id='word_1_1557' title='bbox 2114 3667 2195 3695; x_wconf 88' lang='lat' dir='ltr'>unitis</span> <span class='ocrx_word' id='word_1_1558' title='bbox 2219 3665 2333 3697; x_wconf 86' lang='lat' dir='ltr'>Viribus</span> 
     </span>
     <span class='ocr_line' id='line_1_182' title="bbox 1273 3704 2115 3744; baseline -0.006 -7"><span class='ocrx_word' id='word_1_1559' title='bbox 1273 3708 1336 3738; x_wconf 89' lang='lat' dir='ltr'>talia</span> <span class='ocrx_word' id='word_1_1560' title='bbox 1354 3708 1561 3744; x_wconf 84' lang='lat' dir='ltr'>Attemptantes</span> <span class='ocrx_word' id='word_1_1561' title='bbox 1576 3705 1830 3741; x_wconf 80' lang='lat' dir='ltr'>reprimemus,aut</span> <span class='ocrx_word' id='word_1_1562' title='bbox 1845 3704 1960 3741; x_wconf 88' lang='lat' dir='ltr'>reprimi</span> <span class='ocrx_word' id='word_1_1563' title='bbox 1975 3704 2115 3734; x_wconf 84' lang='lat' dir='ltr'>faciemus.</span> 
     </span>
    </p>

    <p class='ocr_par' dir='ltr' id='par_1_70' title="bbox 1271 3739 2338 4115">
     <span class='ocr_line' id='line_1_183' title="bbox 1310 3739 2336 3782; baseline -0.001 -7"><span class='ocrx_word' id='word_1_1564' title='bbox 1310 3745 1355 3775; x_wconf 80' lang='lat' dir='ltr'>IT</span> <span class='ocrx_word' id='word_1_1565' title='bbox 1367 3754 1384 3774; x_wconf 80' lang='lat' dir='ltr'>E</span> <span class='ocrx_word' id='word_1_1566' title='bbox 1395 3752 1422 3774; x_wconf 87' lang='grc' dir='ltr'><strong>Μ</strong></span> <span class='ocrx_word' id='word_1_1567' title='bbox 1432 3767 1441 3782; x_wconf 84' lang='grc'>,</span> <span class='ocrx_word' id='word_1_1568' title='bbox 1479 3742 1538 3774; x_wconf 82' lang='lat' dir='ltr'>uod</span> <span class='ocrx_word' id='word_1_1569' title='bbox 1558 3743 1622 3773; x_wconf 86' lang='lat' dir='ltr'>Nos</span> <span class='ocrx_word' id='word_1_1570' title='bbox 1645 3740 1742 3778; x_wconf 75' lang='lat' dir='ltr'>Reges</span> <span class='ocrx_word' id='word_1_1571' title='bbox 1761 3741 1893 3773; x_wconf 70' lang='lat' dir='ltr'>antediffl</span> <span class='ocrx_word' id='word_1_1572' title='bbox 1908 3765 1917 3779; x_wconf 86' lang='lat'>‚</span> <span class='ocrx_word' id='word_1_1573' title='bbox 1942 3741 2120 3771; x_wconf 89' lang='lat' dir='ltr'>Successores</span> <span class='ocrx_word' id='word_1_1574' title='bbox 2133 3740 2165 3770; x_wconf 75' lang='grc' dir='ltr'>δί</span> <span class='ocrx_word' id='word_1_1575' title='bbox 2180 3739 2336 3782; x_wconf 83' lang='lat' dir='ltr'>Haeredes,</span> 
     </span>
     <span class='ocr_line' id='line_1_184' title="bbox 1271 3778 2335 3818; baseline -0.003 -3"><span class='ocrx_word' id='word_1_1576' title='bbox 1271 3784 1383 3815; x_wconf 88' lang='lat' dir='ltr'>Subditi</span> <span class='ocrx_word' id='word_1_1577' title='bbox 1396 3785 1430 3814; x_wconf 88' lang='lat'>&amp;</span> <span class='ocrx_word' id='word_1_1578' title='bbox 1474 3781 1557 3812; x_wconf 82' lang='lat' dir='ltr'>affalli</span> <span class='ocrx_word' id='word_1_1579' title='bbox 1572 3780 1677 3818; x_wconf 86' lang='lat' dir='ltr'>nostri,</span> <span class='ocrx_word' id='word_1_1580' title='bbox 1694 3781 1727 3811; x_wconf 88' lang='lat'>&amp;</span> <span class='ocrx_word' id='word_1_1581' title='bbox 1742 3779 1940 3811; x_wconf 85' lang='lat' dir='ltr'>Succefforum</span> <span class='ocrx_word' id='word_1_1582' title='bbox 1951 3780 1984 3809; x_wconf 89' lang='lat'>&amp;</span> <span class='ocrx_word' id='word_1_1583' title='bbox 1999 3778 2152 3809; x_wconf 74' lang='lat' dir='ltr'>Haeredum</span> <span class='ocrx_word' id='word_1_1584' title='bbox 2170 3779 2335 3812; x_wconf 88' lang='lat' dir='ltr'>nostrorum</span> 
     </span>
     <span class='ocr_line' id='line_1_185' title="bbox 1272 3816 2334 3857; baseline -0.008 -4"><span class='ocrx_word' id='word_1_1585' title='bbox 1272 3825 1302 3853; x_wconf 91' lang='lat' dir='ltr'>in</span> <span class='ocrx_word' id='word_1_1586' title='bbox 1317 3822 1350 3852; x_wconf 87' lang='lat'>&amp;</span> <span class='ocrx_word' id='word_1_1587' title='bbox 1364 3820 1397 3852; x_wconf 88' lang='lat' dir='ltr'>ad</span> <span class='ocrx_word' id='word_1_1588' title='bbox 1415 3820 1582 3850; x_wconf 86' lang='lat' dir='ltr'>Romanum</span> <span class='ocrx_word' id='word_1_1589' title='bbox 1597 3818 1752 3855; x_wconf 88' lang='lat' dir='ltr'>Imperium</span> <span class='ocrx_word' id='word_1_1590' title='bbox 1767 3841 1776 3856; x_wconf 90' lang='lat'>,</span> <span class='ocrx_word' id='word_1_1591' title='bbox 1795 3819 1892 3857; x_wconf 86' lang='lat' dir='ltr'>Regna</span> <span class='ocrx_word' id='word_1_1592' title='bbox 1910 3840 1919 3856; x_wconf 89' lang='lat'>,</span> <span class='ocrx_word' id='word_1_1593' title='bbox 1936 3817 2056 3854; x_wconf 84' lang='lat' dir='ltr'>Terras,</span> <span class='ocrx_word' id='word_1_1594' title='bbox 2075 3816 2230 3856; x_wconf 72' lang='lat' dir='ltr'>Dominis,</span> <span class='ocrx_word' id='word_1_1595' title='bbox 2248 3818 2334 3850; x_wconf 70' lang='grc' dir='ltr'>ΟΜ..</span> 
     </span>
     <span class='ocr_line' id='line_1_186' title="bbox 1273 3854 2331 3898; baseline -0.006 -7"><span class='ocrx_word' id='word_1_1596' title='bbox 1273 3870 1356 3898; x_wconf 87' lang='lat' dir='ltr'>tates,</span> <span class='ocrx_word' id='word_1_1597' title='bbox 1375 3858 1479 3896; x_wconf 85' lang='lat' dir='ltr'>Villas,</span> <span class='ocrx_word' id='word_1_1598' title='bbox 1500 3858 1632 3896; x_wconf 88' lang='lat' dir='ltr'>Oppida,</span> <span class='ocrx_word' id='word_1_1599' title='bbox 1652 3859 1685 3888; x_wconf 68' lang='grc' dir='ltr'>ὃς</span> <span class='ocrx_word' id='word_1_1600' title='bbox 1702 3855 1799 3886; x_wconf 82' lang='lat' dir='ltr'>Castra</span> <span class='ocrx_word' id='word_1_1601' title='bbox 1814 3857 1919 3886; x_wconf 83' lang='lat' dir='ltr'>alterius</span> <span class='ocrx_word' id='word_1_1602' title='bbox 1932 3854 2062 3885; x_wconf 71' lang='lat' dir='ltr'>nostrum</span> <span class='ocrx_word' id='word_1_1603' title='bbox 2078 3854 2280 3887; x_wconf 84' lang='lat' dir='ltr'>Succefforum</span> <span class='ocrx_word' id='word_1_1604' title='bbox 2295 3859 2331 3890; x_wconf 72' lang='grc' dir='ltr'>ὃς</span> 
     </span>
     <span class='ocr_line' id='line_1_187' title="bbox 1273 3891 2329 3933; baseline -0.004 -4"><span class='ocrx_word' id='word_1_1605' title='bbox 1273 3897 1430 3930; x_wconf 83' lang='lat' dir='ltr'>Haeredurn</span> <span class='ocrx_word' id='word_1_1606' title='bbox 1446 3897 1606 3927; x_wconf 87' lang='lat' dir='ltr'>nostrorum</span> <span class='ocrx_word' id='word_1_1607' title='bbox 1619 3896 1713 3933; x_wconf 77' lang='lat' dir='ltr'>ialvo‚</span> <span class='ocrx_word' id='word_1_1608' title='bbox 1730 3894 1953 3931; x_wconf 76' lang='lat' dir='ltr'>secure,libere,</span> <span class='ocrx_word' id='word_1_1609' title='bbox 1971 3894 2004 3924; x_wconf 71' lang='lat' dir='ltr'>«Sc</span> <span class='ocrx_word' id='word_1_1610' title='bbox 2020 3891 2122 3931; x_wconf 85' lang='lat' dir='ltr'>absque</span> <span class='ocrx_word' id='word_1_1611' title='bbox 2138 3894 2329 3931; x_wconf 80' lang='lat' dir='ltr'>impedimen-</span> 
     </span>
     <span class='ocr_line' id='line_1_188' title="bbox 1273 3930 2334 3978; baseline -0.001 -13"><span class='ocrx_word' id='word_1_1612' title='bbox 1273 3947 1304 3969; x_wconf 92' lang='lat' dir='ltr'>to</span> <span class='ocrx_word' id='word_1_1613' title='bbox 1329 3945 1510 3974; x_wconf 88' lang='lat' dir='ltr'>quocumque</span> <span class='ocrx_word' id='word_1_1614' title='bbox 1530 3934 1635 3966; x_wconf 91' lang='lat' dir='ltr'>Venire</span> <span class='ocrx_word' id='word_1_1615' title='bbox 1651 3958 1660 3972; x_wconf 96' lang='lat'>,</span> <span class='ocrx_word' id='word_1_1616' title='bbox 1678 3943 1725 3978; x_wconf 76' lang='lat' dir='ltr'>per</span> <span class='ocrx_word' id='word_1_1617' title='bbox 1746 3943 1779 3963; x_wconf 91' lang='lat' dir='ltr'>ea</span> <span class='ocrx_word' id='word_1_1618' title='bbox 1800 3931 1953 3975; x_wconf 79' lang='lat' dir='ltr'>Transire,</span> <span class='ocrx_word' id='word_1_1619' title='bbox 1971 3932 2004 3962; x_wconf 86' lang='lat'>&amp;</span> <span class='ocrx_word' id='word_1_1620' title='bbox 2030 3932 2059 3960; x_wconf 91' lang='lat' dir='ltr'>in</span> <span class='ocrx_word' id='word_1_1621' title='bbox 2079 3932 2116 3960; x_wconf 89' lang='lat' dir='ltr'>eis</span> <span class='ocrx_word' id='word_1_1622' title='bbox 2131 3930 2286 3970; x_wconf 68' lang='lat' dir='ltr'>Expectare</span> <span class='ocrx_word' id='word_1_1623' title='bbox 2299 3934 2334 3966; x_wconf 68' lang='grc' dir='ltr'>δι’</span> 
     </span>
     <span class='ocr_line' id='line_1_189' title="bbox 1275 3968 2336 4012; baseline -0.003 -6"><span class='ocrx_word' id='word_1_1624' title='bbox 1275 3973 1502 4012; x_wconf 78' lang='lat' dir='ltr'>Mercaiidizare‚</span> <span class='ocrx_word' id='word_1_1625' title='bbox 1520 3983 1555 4004; x_wconf 87' lang='lat' dir='ltr'>ac</span> <span class='ocrx_word' id='word_1_1626' title='bbox 1568 3973 1604 4003; x_wconf 91' lang='lat' dir='ltr'>de</span> <span class='ocrx_word' id='word_1_1627' title='bbox 1619 3973 1657 4003; x_wconf 90' lang='lat' dir='ltr'>eis</span> <span class='ocrx_word' id='word_1_1628' title='bbox 1670 3972 1770 4007; x_wconf 73' lang='lat' dir='ltr'>hxire,</span> <span class='ocrx_word' id='word_1_1629' title='bbox 1787 3979 1899 3999; x_wconf 91' lang='lat' dir='ltr'>necnon</span> <span class='ocrx_word' id='word_1_1630' title='bbox 1915 3970 1948 4000; x_wconf 72' lang='grc' dir='ltr'>δε</span> <span class='ocrx_word' id='word_1_1631' title='bbox 1964 3969 1997 3998; x_wconf 91' lang='lat' dir='ltr'>ad</span> <span class='ocrx_word' id='word_1_1632' title='bbox 2008 3968 2090 3999; x_wconf 88' lang='lat' dir='ltr'>Lares</span> <span class='ocrx_word' id='word_1_1633' title='bbox 2105 3972 2232 4009; x_wconf 89' lang='lat' dir='ltr'>proprios</span> <span class='ocrx_word' id='word_1_1634' title='bbox 2247 3973 2336 4003; x_wconf 84' lang='lat' dir='ltr'>redire</span> 
     </span>
     <span class='ocr_line' id='line_1_190' title="bbox 1275 4007 2338 4052; baseline -0.003 -9"><span class='ocrx_word' id='word_1_1635' title='bbox 1275 4012 1409 4052; x_wconf 77' lang='lat' dir='ltr'>possimus</span> <span class='ocrx_word' id='word_1_1636' title='bbox 1420 4013 1452 4043; x_wconf 88' lang='lat'>&amp;</span> <span class='ocrx_word' id='word_1_1637' title='bbox 1468 4012 1572 4049; x_wconf 76' lang='lat' dir='ltr'>possint</span> <span class='ocrx_word' id='word_1_1638' title='bbox 1587 4034 1597 4049; x_wconf 88' lang='lat'>‚</span> <span class='ocrx_word' id='word_1_1639' title='bbox 1615 4019 1672 4041; x_wconf 82' lang='lat' dir='ltr'>tarn</span> <span class='ocrx_word' id='word_1_1640' title='bbox 1690 4018 1739 4047; x_wconf 90' lang='lat' dir='ltr'>per</span> <span class='ocrx_word' id='word_1_1641' title='bbox 1753 4007 1874 4037; x_wconf 84' lang='lat' dir='ltr'>Terram</span> <span class='ocrx_word' id='word_1_1642' title='bbox 1886 4029 1895 4045; x_wconf 91' lang='lat'>,</span> <span class='ocrx_word' id='word_1_1643' title='bbox 1914 4008 1996 4045; x_wconf 73' lang='lat' dir='ltr'>quam</span> <span class='ocrx_word' id='word_1_1644' title='bbox 2018 4017 2065 4045; x_wconf 89' lang='lat' dir='ltr'>per</span> <span class='ocrx_word' id='word_1_1645' title='bbox 2082 4007 2164 4039; x_wconf 88' lang='lat' dir='ltr'>Mare</span> <span class='ocrx_word' id='word_1_1646' title='bbox 2178 4010 2211 4040; x_wconf 73' lang='grc' dir='ltr'>δε</span> <span class='ocrx_word' id='word_1_1647' title='bbox 2228 4009 2338 4051; x_wconf 75' lang='lat' dir='ltr'>Aquas3</span> 
     </span>
     <span class='ocr_line' id='line_1_191' title="bbox 1273 4046 2334 4115; baseline -0.004 -33"><span class='ocrx_word' id='word_1_1648' title='bbox 1273 4051 1407 4087; x_wconf 69' lang='lat' dir='ltr'>solvmdo</span> <span class='ocrx_word' id='word_1_1649' title='bbox 1430 4049 1581 4082; x_wconf 84' lang='lat' dir='ltr'>Custumas</span> <span class='ocrx_word' id='word_1_1650' title='bbox 1595 4071 1605 4088; x_wconf 72' lang='lat'>2</span> <span class='ocrx_word' id='word_1_1651' title='bbox 1625 4047 1744 4081; x_wconf 78' lang='lat' dir='ltr'>Gabella</span> <span class='ocrx_word' id='word_1_1652' title='bbox 1758 4069 1770 4086; x_wconf 85' lang='grc'>,</span> <span class='ocrx_word' id='word_1_1653' title='bbox 1787 4048 1829 4115; x_wconf 51' lang='grc' dir='ltr'>εξ</span> <span class='ocrx_word' id='word_1_1654' title='bbox 1844 4046 1968 4077; x_wconf 82' lang='lat' dir='ltr'>Deveria</span> <span class='ocrx_word' id='word_1_1655' title='bbox 1983 4055 2035 4084; x_wconf 85' lang='lat' dir='ltr'>pro</span> <span class='ocrx_word' id='word_1_1656' title='bbox 2049 4054 2178 4085; x_wconf 83' lang='lat' dir='ltr'>tempore</span> <span class='ocrx_word' id='word_1_1657' title='bbox 2191 4048 2282 4078; x_wconf 80' lang='lat' dir='ltr'>debita</span> <span class='ocrx_word' id='word_1_1658' title='bbox 2300 4049 2334 4078; x_wconf 88' lang='lat'>&amp;</span> 
     </span>
    </p>

    <p class='ocr_par' dir='ltr' id='par_1_71' title="bbox 1821 4094 2336 4118">
     <span class='ocr_line' id='line_1_192' title="bbox 1821 4094 2336 4118; baseline -0.004 0"><span class='ocrx_word' id='word_1_1659' title='bbox 1821 4113 1825 4118; x_wconf 91' lang='lat'><em>.</em></span> <span class='ocrx_word' id='word_1_1660' title='bbox 1849 4095 1864 4112; x_wconf 87' lang='lat'><em>2</em></span> <span class='ocrx_word' id='word_1_1661' title='bbox 2265 4094 2336 4116; x_wconf 84' lang='lat' dir='ltr'>con-</span> 
     </span>
    </p>
   </div>
   <div class='ocr_carea' id='block_1_22' title="bbox 2376 2483 2467 2561">
    <p class='ocr_par' dir='ltr' id='par_1_72' title="bbox 2376 2483 2467 2561">
     <span class='ocr_line' id='line_1_193' title="bbox 2376 2483 2467 2513; baseline 0.011 -1"><span class='ocrx_word' id='word_1_1662' title='bbox 2376 2483 2396 2505; x_wconf 64' lang='lat'><em>*</em></span> <span class='ocrx_word' id='word_1_1663' title='bbox 2412 2484 2467 2513; x_wconf 72' lang='lat' dir='ltr'>ix:</span> 
     </span>
     <span class='ocr_line' id='line_1_194' title="bbox 2379 2533 2445 2561; baseline -0.015 0"><span class='ocrx_word' id='word_1_1664' title='bbox 2379 2533 2445 2561; x_wconf 85' lang='lat'>379·</span> 
     </span>
    </p>
   </div>
  </div>
 </body>
</html>
