2562 4274
681 181 792 223 ET
847 176 1108 220 ACTA
1189 145 1670 220 PUBLICA.

1 278 48 300 nn.
60 265 102 298 D.
153 266 239 305 Nos,
258 265 415 304 Henricus,
435 265 582 303 Thomas,
602 265 764 304 Johannes,
781 266 816 297 δε
837 264 1030 303 Humffidus,
1049 263 1119 294 dieti
1141 262 1179 293 Il-
1217 262 1312 292 forma
1328 261 1481 301 praedidta3
1502 262 1574 292 salvo
1587 264 1643 299 jure
1657 264 1814 300 cuiussibet.

0 315 75 348 1412.
116 305 268 336 lustriffirni
283 302 422 342 Principis
434 304 504 334 Nati
520 304 685 342 supradieti,

0 351 39 375 'em
56 353 83 380 4.
156 344 371 374 Confiderantes
386 344 420 374 δε
436 341 542 372 Mente
562 342 652 372 sedula
673 341 853 373 revolventes
876 341 966 371 dictas
993 341 1180 377 Oblationes,

118 383 152 414 &
167 383 231 413 alias
244 380 445 411 Promissiones
459 382 492 412 &
507 380 730 418 Conceffiones,
749 389 802 418 pro
816 388 894 418 parte
908 380 1052 410 distorum
1072 378 1180 409 Domi-

119 430 239 457 norum,
257 418 376 457 praefato
392 417 528 449 Domino
542 418 641 448 nostro
654 418 733 455 Regi
747 418 780 448 ὅ(
796 418 886 455 Patri,
909 418 1182 487 sicutlpraemittitur,

120 459 222 496 saetas,
240 459 269 488 in
284 457 429 488 dicitorum
445 456 568 487 Domini
587 456 676 487 nostri
697 457 786 496 Regis
807 458 840 488 &
862 457 957 496 Regni
1010 465 1130 486 onorem
1148 456 1182 486 &

123 495 325 527 Commodum
339 495 522 526 effeetualiter
537 495 636 526 cedere
651 497 680 525 in
704 495 851 534 futurum,
871 496 920 533 δε,
939 502 971 525 ut
991 505 1027 526 eo
1048 495 1137 531 magis
1154 495 1184 523 in

122 544 224 565 eorum
239 534 457 572 Benevolentia,
478 534 680 572 Subjeetione,
700 533 862 571 Fidelitate,
881 535 914 565 ὃς
932 533 1085 571 Propofito
1104 532 1184 562 dieio

122 572 258 604 Domino
273 572 372 603 nostro
384 573 477 612 Regi,
496 571 684 610 Haeredibus,
700 573 733 604 &
747 572 958 603 Succefforibus
971 572 1040 611 suis,
1057 571 1186 602 animen-

121 619 168 642 tur
181 612 214 643 &
229 611 397 649 confistant,

158 649 373 687 Promittimus,
391 659 445 688 pro
460 648 543 679 Parte
558 647 668 687 nostra,
686 649 766 687 quod
781 650 911 688 praefatos
925 649 1073 679 Dominos
1087 648 1186 678 Duces

124 688 159 720 &
174 688 322 726 Comites,
340 688 433 718 fideles
453 687 587 718 Subditos
608 688 642 718 &
667 687 799 718 Vassallos
818 689 910 719 eidem
931 688 1066 719 Domino
1088 687 1187 717 nostro

123 727 201 766 Regi
221 728 255 758 &
279 727 371 765 Patri,
401 726 435 757 ὃς
464 725 636 758 Haeredibus
662 725 733 765 suis,
750 726 916 766 existentes,
941 728 970 757 in
990 727 1034 756 sua
1055 724 1187 763 justitia,

123 774 222 796 contra
234 765 445 804 quoscumque,
463 774 546 802 prout
557 764 592 795 ad
606 764 675 794 Nos
687 767 801 803 attinet,
810 765 1022 802 Defendemus‚
1039 773 1072 794 ac
1082 763 1187 794 eisdem

122 804 271 834 Auxilium
286 805 320 835 ὃς
335 803 504 834 Succursum
517 803 610 834 debita
627 803 822 841 impendemus
859 805 928 834 sicut
942 805 976 835 &
993 811 1075 842 prout
1098 802 1188 832 fideli-

121 843 175 874 bus
189 842 314 874 Subditis
326 843 360 874 δε
373 842 497 873 Vassallis
509 841 578 872 dieti
594 841 718 873 Domini
734 842 821 873 nostri
830 828 921 882 ⁷Regis
935 840 1096 880 impendere
1110 839 1186 871 obli-

146 891 227 912 amur

126 891 146 921 g
162 903 334 959 Qio’dque,
350 922 380 951 in
395 920 538 951 dictorum
553 919 753 950 Dominorum
772 918 927 958 Johannis,
947 917 1062 955 Karoli,
1078 916 1185 955 Johan-

121 958 182 997 nis,
198 959 348 999 johannis,
364 961 397 991 δε
418 958 565 996 Bernardi,
589 958 709 988 Ducum
728 958 761 988 ὃς
783 957 934 988 Comitum
953 979 963 994 ‚
991 957 1136 993 fidelium,
1155 963 1186 986 ut

124 999 307 1035 praemittitur
320 1021 331 1037 ,
352 997 536 1029 Subditorum
554 997 587 1027 &
614 995 816 1033 Vassallorum,
839 995 1059 1033 Praejudiciurn,
1083 995 1186 1032 nullas,

123 1037 218 1074 aliquo
232 1046 378 1077 tempore,
397 1034 664 1066 Confoederationes
685 1034 740 1064 five
755 1033 948 1072 Concordias,
966 1044 1033 1064 cum
1053 1032 1186 1071 Johanne

125 1079 203 1106 Duce
226 1076 405 1112 Burgundiae,
428 1075 531 1109 Natis,
555 1071 700 1101 Fratribus
716 1095 725 1111 ,
743 1081 790 1104 aut
815 1076 940 1111 Cognatis
956 1072 1014 1112 fitis
1043 1074 1187 1102 Germanis

125 1114 369 1153 quibuscumque,
387 1111 511 1142 indebite
525 1110 675 1149 faciemus,

165 1152 243 1191 Qae
255 1152 363 1183 Omnia
375 1152 409 1183 ὃς
422 1148 537 1186 Singula
552 1147 736 1181 Universitati
751 1149 851 1181 vestrae
865 1149 1031 1181 deducimus
1047 1159 1095 1189 per
1109 1148 1188 1179 Prae-

123 1190 221 1222 sentes.

165 1267 200 1299 In
215 1275 338 1307 quorum
353 1266 489 1297 omnium
503 1264 717 1296 Testimonium
738 1274 821 1304 atque
843 1266 929 1297 fidem
945 1266 1033 1303 Nos,
1052 1264 1192 1303 Jacobus,

127 1306 234 1345 Εέὶοῑ,
252 1306 368 1342 Petrus,
386 1304 527 1342 Galefius,
542 1303 687 1343 Johannes
703 1304 908 1342 &Johannes,
926 1305 1058 1342 Nuncii,
1075 1303 1189 1333 Procu-

128 1353 233 1376 ratores
246 1368 255 1383 ,
278 1345 311 1376 ὃς
334 1343 553 1374 Ambaffiatores
577 1343 726 1381 antediffl,
741 1344 808 1373 huic
830 1343 907 1374 Parti
927 1342 1083 1374 endentatae
1100 1340 1194 1381 Sigilla

128 1383 224 1414 nostra
239 1382 424 1420 apposuimus.

165 1421 236 1452 Dat.
262 1423 292 1451 in
311 1424 436 1451 Civitate
454 1420 656 1450 Londoniarum
674 1418 763 1450 Anno
781 1417 877 1449 Reoni
897 1419 982 1458 dieti,
1003 1417 1194 1450 metuendisii-

131 1462 172 1491 mi
191 1460 318 1491 Domini
339 1459 443 1498 nostri,
469 1458 558 1497 Regis
575 1457 690 1489 decimo
713 1458 810 1496 tertio,
828 1442 937 1489 Kslenfis
954 1457 1028 1489 Maii
1049 1457 1094 1488 die
1115 1457 1194 1489 vice-

131 1499 212 1530 fimo.

237 1575 290 1606 Sub
315 1573 414 1612 Sigillt's
430 1578 545 1604 omnium
562 1573 802 1614 Commrffizriorum
815 1575 1006 1613 praedic‘lorum
1024 1574 1056 1604 de
1071 1582 1131 1603 cera
1148 1582 1196 1601 ru—

289 1613 339 1643 bea
349 1613 529 1652 pendentibus
547 1625 565 1642 a
586 1614 676 1644 caudis
687 1621 862 1651 pergamenae.

0 1751 99 1781 =V111;
484 1739 512 1767 ²³?
527 1743 586 1774 Pro
610 1741 688 1774 Filio
714 1743 837 1788 Reginae.

0 1801 15 1814 '¹
61 1812 67 1818 .

0 1799 61 1861 (dri.
76 1826 116 1857 D.
138 1828 281 1885 REX,
298 1837 349 1866 per
363 1827 467 1858 Literas
482 1827 538 1857 suas
552 1827 700 1865 Parentes,
739 1837 767 1857 er
788 1836 879 1857 unum
900 1825 1021 1857 Annum
1039 1828 1199 1867 duraturas,

4 1882 90 1912 1412.
212 1867 338 1907 Suscepit
352 1867 380 1896 in
399 1865 506 1896 salvum
521 1866 554 1896 &
567 1866 696 1896 securum
741 1865 903 1896 onduemm
917 1865 1015 1903 suum,
1033 1876 1068 1897 ac
1085 1867 1114 1896 in
1128 1867 1200 1897 Pro-

0 1916 36 1941 in.
55 1922 100 1950 ¹3-
133 1906 302 1943 restionem,
321 1904 509 1942 Tuitionem,
527 1903 778 1934 &Defenfionem
792 1904 849 1934 suas
863 1904 1007 1942 speciales,
1026 1906 1155 1943 Egidium
1167 1906 1199 1935 de

0 1956 18 1979 ι,
34 1962 61 1987 4·
136 1947 300 1982 Bretaigne,
318 1942 425 1972 Filium
440 1941 600 1973 Cariffimae
614 1941 759 1972 Consortis
767 1942 854 1981 Regis
864 1942 909 1972 Re
930 1943 1003 1980 inae,
1021 1945 1051 1973 in
1058 1944 1198 1983 Regnum

0 1993 120 2026 -Μηῌζ,
136 1982 223 2022 Regis
248 1982 377 2021 Angliae,
395 1990 477 2019 penes
499 1980 653 2024 Personam
675 1980 779 2019 Regis,
798 1991 867 2011 cum
892 1951 1002 2023 &igit-iti
1018 1981 1146 2013 Personis
1164 1984 1198 2013 ὃς

0 2031 20 2055 f.
34 2037 64 2063 4,
137 2021 259 2052 totidem
272 2020 358 2059 Equis
371 2020 402 2048 in
415 2019 563 2049 Comitiva
577 2020 638 2056 sua,
654 2028 687 2049 ac
703 2019 789 2049 Bonis
804 2020 837 2050 δε
859 2018 999 2049 Herneliis
1013 2020 1067 2051 suis
1086 2021 1199 2060 quibus-

0 2075 21 2095 τ.
39 2076 82 2102 ¹4·
134 2069 277 2098 cumque,
295 2058 454 2095 veniendo,
470 2057 577 2088 ibidem
592 2058 747 2096 morando,
761 2059 795 2089 &
808 2057 1056 2098 perhendinando,
1071 2060 1105 2091 ὃς
1121 2061 1200 2091 exin-

136 2098 174 2130 de
187 2099 222 2129 ad
236 2097 355 2136 Propria
372 2096 534 2134 redeundo,

171 2136 290 2167 Proviso
306 2135 415 2172 semper
429 2133 509 2173 quod
531 2133 662 2166 Personae
682 2134 826 2174 praedie'tae
846 2143 920 2167 extra
942 2135 1082 2173 Regnum
1105 2135 1198 2175 Regis

133 2175 250 2215 'Angliae
270 2173 395 2204 Bannitae
413 2183 473 2203 non
491 2173 624 2212 existant,
640 2182 694 2204 nec
716 2173 796 2212 quod
819 2175 868 2211 ipfi
889 2176 1059 2213 quicquam,
1076 2177 1154 2214 quod
1170 2178 1201 2208 in

134 2214 223 2253 Regis
246 2212 292 2242 seu
306 2211 409 2252 Populi
431 2212 471 2242 sui
489 2211 661 2249 Dampnum
684 2212 729 2242 vel
752 2211 954 2251 Praejudicium
974 2213 1073 2245 cedere
1095 2215 1202 2254 valeat,

132 2258 299 2288 attemptent
314 2251 360 2281 seu
373 2251 529 2287 attemptari
541 2250 645 2281 faciant
659 2251 761 2288 quovis
775 2251 877 2281 modo.

167 2290 258 2329 sseste
274 2288 355 2329 Rege
369 2288 441 2327 apud
456 2288 733 2329 Westmonasterium,
751 2290 888 2321 vicesimo
901 2289 948 2320 die
965 2289 1050 2321 Maii.

746 2368 800 2398 Per
817 2366 900 2406 ipspm
918 2370 1023 2406 Regem.

397 2498 456 2529 Pro
480 2492 642 2527 Monachis
665 2493 701 2527 de
723 2495 931 2528 Normannia.

0 2593 64 2627 Xnn.
73 2592 116 2624 D.

4 2642 90 2673 1412.

0 2676 38 2702 tn.
55 2681 98 2710 13.

135 2578 278 2636 REX,
295 2589 344 2618 per
368 2579 473 2610 Literas
488 2580 545 2610 suas
559 2579 703 2618 PatenteS,
721 2590 770 2617 per
783 2589 876 2611 unum
900 2580 1022 2611 Annum
1042 2581 1200 2620 duraturas,

216 2619 332 2658 suscepit
347 2619 376 2648 in
390 2619 495 2649 salvum
509 2619 541 2649 ὃς
559 2618 689 2648 securum
703 2618 893 2649 Conductum
910 2620 1007 2657 suum,
1025 2629 1058 2650 ac
1077 2622 1106 2650 in
1129 2620 1201 2651 Pro-

134 2658 308 2696 teffionem,
326 2656 500 2687 Tuitionem
513 2679 522 2695 ,
545 2657 578 2687 &
602 2656 806 2687 Defenfionem
826 2657 883 2687 suas
904 2657 1049 2697 speciales,
1068 2658 1200 2700 <Quinque

133 2695 184 2726 vel
194 2699 246 2726 Sex
260 2695 408 2725 Monachus
427 2695 463 2726 de
481 2695 609 2726 Abbatiis
627 2695 662 2725 de
678 2695 838 2725 Cormeillz
857 2695 891 2725 δί
911 2697 1006 2727 Sancti
1026 2696 1147 2737 Georgii
1163 2699 1199 2730 de

0 2716 89 2779 ἷξῖῃ,
132 2734 322 2771 Bankerville,
336 2734 381 2764 vel
397 2733 462 2764 alibi
476 2735 505 2764 in
523 2734 719 2772 Normannia,
738 2743 806 2764 cum
821 2733 876 2764 Sex
891 2733 1081 2777 Servientibus
1094 2737 1125 2765 in
1135 2735 1198 2766 Co-

1 2772 48 2826 52'
91 2771 101 2780 ⁰
136 2774 239 2804 mitiva
253 2773 314 2811 sua,
332 2782 446 2803 necnon
468 2772 572 2817 Equis,
590 2772 689 2810 Bonis,
707 2773 741 2803 &
768 2772 911 2803 Hernesus
942 2774 994 2803 suis
1012 2775 1198 2813 quibuscum-

157 2822 207 2849 ue,
224 2813 254 2842 in
266 2811 314 2841 Re
335 2820 402 2840 num
417 2810 505 2849 Regis
518 2810 649 2849 Angliae,
665 2820 718 2850 pro
725 2812 808 2841 certis
816 2810 910 2841 Caufis
924 2811 1197 2853 &Materiis,cum,

165 2849 290 2882 ariffimo
333 2848 525 2888 onsanguineo
545 2848 655 2888 Regis,
674 2849 818 2879 Edwardo
836 2852 911 2879 Duce
930 2850 1051 2880 Eborum
1073 2853 1198 2883 traditan-

133 2889 177 2958 }is
196 2888 484 2956 &·c⁰¹{1¹unifff³ndi⁸'
505 2887 667 2926 veniendo,
684 2887 792 2918 ibidem
815 2888 974 2928 morando,
991 2889 1026 2920 &
1043 2890 1143 2921 exinde
1161 2891 1196 2922 ad

161 2937 194 2957 ro
217 2937 254 2958 ria
269 2936 298 2957 re
319 2936 373 2957 eun
394 2936 414 2955 o

169 2937 290 2996 Ppoviso
307 2949 517 3002 semper²quod
540 2962 673 2994 Personae
688 2963 833 3003 {medietas
853 2972 928 2995 extra
947 2964 1084 3004 Regnum
1107 2965 1196 3007 Regis

132 3002 244 3042 Angliae
256 3003 383 3033 Bannitae
396 3013 454 3033 non
468 3001 601 3039 existant,
618 3012 673 3033 nec
688 3002 742 3042 Ipfi
762 3004 934 3041 quicquam,
959 3004 1036 3043 quod
1058 3006 1089 3035 in
1107 3004 1197 3044 Regis

134 3041 182 3072 seu
201 3041 304 3078 Populi
315 3041 355 3071 sui
368 3041 540 3080 Dampnum
563 3040 608 3072 vel
629 3040 830 3079 Praejudicium
853 3041 953 3073 cedere
972 3043 1077 3081 valeat,
1096 3052 1198 3074 attem-

132 3086 214 3118 ptent
229 3079 275 3109 seu
288 3080 445 3118 attemptari
458 3079 561 3109 faciant
574 3080 675 3117 quovis
688 3080 786 3110 modo.

168 3115 256 3149 Teste
273 3117 360 3156 Rege
375 3117 449 3156 apud
466 3117 742 3158 Westmonasterium,
757 3118 821 3157 xxiij
841 3116 887 3149 die
907 3116 989 3148 Maii.

761 3197 815 3225 Per
834 3194 915 3234 ipfiem
934 3197 1039 3233 Regem.

403 3335 454 3366 De
476 3332 664 3377 Restitutione
683 3335 916 3381 Temporalium.

0 3429 64 3463 hm,
80 3430 120 3463 D·
185 3419 270 3459 EX,
285 3419 427 3451 Escaetori
437 3418 486 3463 suo
500 3419 528 3448 in
543 3417 692 3463 Comitatu
701 3418 909 3457 Gloucestriae,
922 3429 956 3450 ac
964 3419 1104 3452 Marchiae
1111 3421 1196 3453 Wal-

205 3460 268 3498 liae,
285 3459 379 3490 eidem
395 3457 555 3488 Comitatui
569 3457 739 3496 adjacentis,
755 3457 889 3488 Salutem.

0 3479 102 3547 axn41¹23
164 3497 267 3542 Cum,
290 3496 465 3528 Venerabilis
483 3496 584 3535 Pater,
601 3495 717 3525 Thomas
736 3494 876 3535 Episcopus
897 3497 1106 3538 Wj‘gornienfis,
1129 3498 1195 3530 Ele-

0 3551 102 3624 sstffig.
132 3538 279 3612 ffiffgffi?
288 3573 391 3605 factam
404 3575 434 3604 in
449 3573 574 3604 Ecclesia
587 3572 777 3603 Conventuali
792 3573 865 3604 beati
889 3572 964 3603 Petri
985 3573 1194 3615 Gloucestriae‚

0 3627 27 3653 H·
41 3634 71 3660 4,
132 3612 250 3644 Ordinis
281 3613 376 3645 Sancti
400 3613 564 3649 Benediffi,
587 3612 643 3642 suae
669 3611 813 3648 Diocefis,
830 3612 866 3642 de
880 3634 891 3650 ,
915 3611 1021 3643 diledto
1044 3613 1145 3644 Nobis
1162 3615 1192 3644 in

0 3671 15 3690 ‚⁸
32 3672 58 3691 2,
133 3651 270 3690 Christo,
288 3655 387 3682 Fratre
404 3654 517 3690 Hugone
539 3653 672 3688 Morton,
692 3649 843 3681 Monacho
863 3650 983 3688 ejusdem
1007 3650 1143 3690 Domus,
1162 3653 1193 3683 in

0 3707 28 3729 n,
51 3709 93 3737 17·
132 3690 277 3721 Abbatem
293 3690 370 3721 Loci
383 3690 470 3728 illius,
746 3727 751 3732 ι

168 3727 227 3759 Cui
242 3729 317 3766 prius
331 3728 461 3766 Regium
475 3728 623 3759 Assensum
637 3727 817 3758 adhibmmus
832 3727 865 3757 &
879 3727 1006 3758 favorem
1015 3750 1024 3766 ,

168 3765 409 3804 confirmaverit,
422 3768 490 3798 sicut
504 3777 553 3807 per
569 3767 674 3797 Literas
687 3766 815 3797 Patentes
837 3765 919 3803 ipsius
938 3765 1089 3805 Episcopi,
1106 3767 1191 3798 nobis

129 3803 197 3834 inde
211 3805 348 3843 directas,
365 3805 465 3836 Nobis
480 3805 606 3844 constat,

168 3841 254 3880 Nos,
271 3841 531 3874 Confirmationem
556 3844 630 3873 illam
651 3851 847 3881 acceptantes,
865 3841 957 3872 eidem
974 3841 1078 3874 EIecsto
1098 3843 1190 3875 Tem-

131 3880 237 3919 poralia
251 3878 379 3912 Abbatiae
392 3882 478 3920 illius,
497 3892 581 3922 prout
597 3884 684 3912 moris
696 3883 754 3920 est,
772 3881 973 3919 Restituimu53

166 3918 204 3948 Et
217 3918 282 3948 ideo
296 3920 350 3948 tibi
366 3919 551 3960 Praecipimus
565 3921 644 3959 quod
657 3921 749 3952 eidem
762 3920 878 3957 Εἰεξὶο,

169 3955 261 3994 Cujus
274 3957 446 3988 Fidelitatem
455 3982 465 3996 ,
481 3959 579 3989 Nobis
591 3968 645 3997 pro
655 3959 877 3996 Temporalibus
890 3957 1031 3995 praedietis
1047 3957 1188 3997 debitam,

133 4005 183 4066 ἦν
209 3995 343 4062 &lile-etum
366 3997 445 4026 nobis
463 3998 492 4026 in
517 3996 633 4028 Christo
646 4020 657 4035 ,
683 3998 828 4028 Abbatem
852 3995 888 4027 de
913 3996 1101 4035 Teukesbury
1125 3998 1189 4035 capi

175 4043 209 4064 an
230 4042 353 4070 avimus,

166 4071 354 4112 [Temporalia
365 4071 499 4111 praedicta
512 4083 579 4106 curn
593 4075 765 4114 pertinentiis
778 4074 809 4107 in
822 4072 926 4107 Bauiva
939 4080 1003 4113 tua,
1023 4073 1140 4106 Liberes
1159 4073 1190 4107 in

2230 196 2248 222 Ῐ
2260 197 2284 234 5

2300 260 2378 290 Ann.
2394 259 2438 291 D.'

1255 300 1346 331 Teste
1366 300 1447 339 Rege
1465 301 1540 339 apud
1554 300 1827 342 westmonasterium,
1845 303 1919 341 xxvij
1937 302 1983 333 dle
2003 301 2083 334 Maii.
2302 307 2412 373 Hau}-

1220 386 1387 418 Consimilia
1402 386 1500 418 Brevia
1522 387 1680 426 dii-iguntur
1705 389 1897 421 Escaetoribus
1917 391 2070 430 subscriptis
2083 414 2092 429 ,
2116 391 2166 422 sub
2184 389 2284 421 eadem

1612 426 1706 464 Data,
1725 429 1874 466 videlicet,

1281 500 1423 541 Eftaetori
1440 505 1474 532 R.
1491 506 1521 532 in
1540 505 1611 531 Com.
1630 505 1755 542 PVJgorn.

1277 541 1416 581 Estaetori
1442 544 1475 570 R.
1502 545 1533 571 in
1559 544 1631 570 Com.
1659 541 1829 580 Herefhrdiae
1855 553 1885 572 ac
1913 544 2049 575 Marchiae
2074 544 2184 575 Walliae
2202 545 2286 574 eldem

1242 583 1314 610 Com.
1334 580 1494 617 adjacentis.

1281 619 1421 656 Estaetori
1437 621 1470 646 R.
1490 621 1519 648 in
1538 621 1609 647 Com.
1630 617 1707 647 Suth.

1282 656 1421 694 Escaetori
1440 659 1474 685 R.
1493 660 1522 686 in
1541 660 1613 686 Com.
1633 656 1718 694 Salop.

1284 694 1422 733 Eftaetori
1440 697 1473 724 R.
1492 699 1520 724 in
1537 698 1611 725 Com.
1631 694 1737 733 Wltes]

1263 770 1302 801 Et
1318 770 1480 801 mandatum
1496 771 1537 802 est
1557 770 1712 810 Militibus,
1730 771 1790 803 ὅτε.

1382 894 1410 922 ²*
1426 899 1475 930 De
1496 896 1629 944 Pafflzgio
1647 907 1702 943 pro
1724 899 1915 945 Franczgenis
1940 899 2131 944 Prifhmzriis.
2308 889 2424 964 *xgr*

2308 974 2386 1005 Anu.
2401 972 2444 1005 D·v

1230 980 1316 1035 RE
1325 980 1371 1018 X,
1391 980 1564 1013 Custodibus
1577 981 1695 1022 Paffagii
1711 985 1738 1013 in
1753 983 1846 1015 Portu
1860 985 2035 1024 Sandewici,
2052 986 2185 1016 Salutem.

1335 1019 1510 1051 Mandamus
1530 1022 1611 1052 vobis
1632 1022 1713 1059 quod
1732 1023 1867 1063 Holynere
1890 1025 2038 1063 Wayylant
2054 1047 2063 1062 ,
2089 1025 2122 1055 ὃς
2142 1023 2287 1053 Robertum
2334 1023 2419 1052 1412.

1226 1061 1383 1088 Normaunt
1397 1060 1432 1089 de
1448 1059 1648 1098 Normannia,
1666 1061 1700 1091 &
1714 1061 1781 1091 alios
1802 1062 1918 1102 Septem
1938 1064 2038 1094 Socios
2058 1063 2120 1093 suos
2141 1063 2290 1100 Francige-
2311 1057 2362 1080 Aa.
2383 1063 2426 1090 ¹3·

1228 1107 1293 1136 nas,
1312 1096 1481 1128 Prisonarios
1493 1109 1581 1137 nuper
1597 1109 1646 1137 per
1660 1100 1793 1139 quosdam
1808 1101 1912 1141 Ligeos
1930 1101 2044 1133 nostros
2064 1102 2142 1140 supra
2158 1100 2241 1132 Mare
2255 1102 2292 1132 de
2315 1095 2349 1118 Η*
2362 1103 2391 1127 4·
2446 1135 2449 1141 ,

1230 1135 1341 1166 Guerra
1355 1145 1470 1175 captos,
2199 1145 2201 1147 ’
2313 1130 2414 1166 Cla¹¹s¹
2423 1139 2448 1168 3·Α

1271 1175 1350 1213 Qu,
1368 1176 1403 1205 de
1426 1175 1552 1218 Licentia
1568 1175 1677 1213 nostra,
1700 1176 1792 1208 versus
1812 1187 1901 1215 partes
1922 1179 2114 1210 Normanniae
2129 1203 2139 1219 ,
2163 1182 2220 1211 [ἔπη
2238 1190 2292 1220 pro
2315 1173 2349 1195 H.
2363 1178 2391 1203 4·

1231 1212 1491 1252 Redemptionibus
1509 1216 1633 1250 ipsorum
1649 1215 1871 1246 Prisonariorum
1883 1241 1892 1255 ,
1911 1220 1996 1257 quam
2010 1229 2061 1256 pro
2074 1219 2296 1257 Redemptioni-
2315 1216 2351 1236 m·
2365 1215 2394 1241 4·

1232 1252 1284 1281 bus
1297 1252 1487 1289 quorumdam
1502 1253 1620 1282 aliorum
1633 1252 1786 1284 Sociorum
1800 1255 1914 1286 suorum
1930 1257 2153 1288 Prisonariorum
2163 1282 2172 1296 ,
2192 1260 2220 1288 in
2233 1257 2296 1288 Pri-

1233 1289 1298 1320 sona
1314 1313 1323 1328 ,
1350 1290 1420 1334 infra
1440 1290 1578 1333 Regnum
1602 1291 1730 1321 nostrum
1754 1293 1878 1333 Angliae,
1903 1304 1933 1325 ut
1950 1295 2069 1334 dicitur,
2095 1297 2296 1335 detentorum,

1233 1328 1406 1367 quaerendis,
1423 1329 1457 1359 &
1472 1329 1575 1358 eudem
1589 1328 1688 1366 Ligeis
1702 1330 1802 1361 nostris
1816 1332 1968 1371 solvendis,
1986 1335 2141 1371 profetituri
2153 1335 2230 1374 sunt,

1272 1365 1306 1403 In
1324 1366 1412 1397 Portu
1426 1367 1580 1405 praedieto,
1595 1369 1687 1397 versus
1702 1376 1792 1408 partes
1806 1371 1968 1409 praediCtas,
1988 1374 2017 1402 in
2037 1374 2132 1411 aliquo
2152 1373 2222 1405 Vase
2243 1384 2299 1405 vo-

1236 1414 1301 1436 cato
1316 1405 1508 1443 Fissherbote,
1527 1415 1573 1436 aut
1595 1406 1689 1444 aliquo
1711 1407 1766 1437 alio
1788 1407 1876 1446 Vase,
1895 1408 1994 1440 Nobis
2014 1421 2065 1450 pro
2085 1413 2167 1442 certis
2189 1413 2298 1451 Viagiis

1236 1444 1354 1482 nostris,
1380 1446 1408 1474 in
1428 1446 1561 1481 proximo
1583 1443 1734 1482 faciendis,
1753 1444 1888 1476 deservire
1910 1458 1970 1477 non
1996 1450 2124 1488 valente,
2147 1450 2236 1482 libere
2260 1452 2294 1483 &

1235 1484 1338 1521 absque
1352 1483 1559 1521 impedimento
1572 1483 1667 1521 aliquo
1679 1484 1792 1514 transire
1803 1486 1982 1523 permittatis,

1256 1523 1381 1591 b[aliquo
1398 1521 1538 1553 Mandato
1552 1521 1666 1560 nostro,
1684 1523 1767 1554 vobis
1780 1525 1855 1561 prius
1870 1525 1899 1553 in
1913 1526 2087 1555 contrarium
2099 1526 2224 1565 directo,
2238 1538 2300 1559 non

1235 1570 1255 1591 o
1302 1569 1374 1591 ante.

1271 1599 1354 1630 Dum
1369 1608 1464 1631 tamen
1473 1600 1584 1638 aliqua,
1603 1599 1702 1630 Nobis
1726 1600 1771 1630 seu
1794 1599 1900 1640 Regno
1919 1601 2019 1633 nostro
2034 1601 2146 1642 Angliae
2167 1605 2299 1642 praejudi3

1236 1639 1332 1676 cialia,
1347 1639 1441 1669 secum
1456 1649 1517 1668 non
1532 1639 1658 1669 deferant
1673 1640 1773 1677 quovis
1788 1642 1886 1670 modo.

1272 1677 1363 1708 Teste
1377 1676 1459 1717 Rege
1473 1678 1546 1715 apud
1566 1676 1844 1717 Wstmonasterium,
1859 1687 1913 1708 xxx
1929 1678 1974 1709 die
1993 1679 2074 1710 Maii.

1238 1807 1287 1839 De
1310 1806 1444 1838 Servitia
1469 1805 1609 1846 (inerme,
1636 1805 1734 1850 juxta
1756 1806 2061 1851 Appunffmzmenta,
2090 1817 2146 1854 pro
2172 1808 2304 1842 Auxilio

1597 1856 1772 1900 Principum
1795 1856 1937 1888 francie.

1241 1938 1715 2000 CESTEENDENTURE,
2324 1944 2456 1981 Anna

1326 1979 1349 2009 F
1357 1989 1376 2009 A
1388 1988 1458 2010 [τε
1487 1989 1613 2018 parentre
1635 1979 1733 2010 nostre
1757 1982 1905 2010 Saveraine
1921 1982 2046 2018 Seigneur
2066 1980 2090 2011 le
2113 1984 2168 2019 Ray
2183 2005 2192 2020 ,
2216 1982 2300 2012 d’une
2345 1995 2431 2015 1421.

1238 2026 1315 2056 part,
1332 2019 1382 2057 &‚
1400 2020 1451 2048 son
1466 2019 1618 2050 Treschier
1631 2019 1712 2056 Filz,
1731 2018 1878 2050 Monfieur
1900 2019 2014 2050 Thomas
2036 2018 2189 2060 Sencffchkzll
2207 2022 2299 2051 d’En-
2321 2018 2376 2052 Aa]
2396 2035 2440 2062 13.

1235 2054 1368 2095 gleterre,
1385 2057 1491 2088 d’autre
1503 2067 1580 2096 part,
2323 2068 2356 2090 H,
2373 2073 2402 2099 4,

1278 2094 1540 2127 TEsMOIGNE
1560 2108 1631 2136 que,
2326 2106 2399 2129 Penes

1277 2133 1376 2164 Come
1391 2158 1400 2173 ,
1424 2135 1462 2166 les
1483 2135 1620 2167 Puiffints
1641 2135 1801 2175 Seigneurs,
1816 2134 1851 2165 les
1873 2137 1947 2166 Dtlcs
1967 2136 1999 2166 de
2021 2140 2124 2176 Berry,
2150 2136 2305 2175 d'Orliem,
2326 2140 2416 2169 cleric.

1240 2172 1274 2203 ὅ(
1295 2174 1327 2202 de
1340 2173 1482 2212 Bourbon,
1499 2175 1538 2205 les
1561 2179 1675 2205 Countes
1695 2175 1866 2212 d’Alencon,
1883 2176 1916 2205 &
1939 2176 2128 2214 d'Armynac,
2145 2177 2178 2207 &
2202 2177 2227 2206 le
2249 2180 2306 2206 Sire
2328 2177 2390 2207 Pell.
2438 2187 2441 2190 ⁴

1239 2211 1308 2254 dele
1322 2214 1411 2255 Bret,
1430 2214 1502 2244 aient
1516 2214 1601 2245 offert
1617 2224 1632 2244 a
1645 2214 1740 2244 nostre
1753 2214 1793 2243 dit
1808 2213 1964 2256 Soveraine
1976 2214 2109 2253 Seigneur
2121 2215 2146 2244 le
2164 2214 2251 2254 Roy,
2268 2215 2304 2245 de

1240 2249 1281 2279 lui
1297 2250 1431 2289 Liverer,
1451 2262 1465 2282 a
1481 2252 1544 2283 lour
1559 2252 1655 2291 Poair,
1672 2253 1722 2282 son
1746 2251 1862 2282 Duchie
1882 2251 1918 2281 de
1938 2252 2096 2291 Guyenne,
2114 2263 2201 2284 come
2220 2254 2306 2284 foialx

1242 2287 1352 2319 Vaffalx
1365 2291 1399 2320 ὃς
1415 2290 1516 2330 Lieges
1529 2291 1626 2322 doient
1638 2293 1719 2328 faire,

1280 2326 1430 2359 Defirantz
1443 2330 1565 2367 d'avoir,
1583 2340 1598 2359 a
1619 2330 1683 2360 lour
1699 2329 1906 2367 Supportncion
1926 2338 1962 2358 en
1983 2338 2016 2358 ce
2032 2328 2110 2367 Fait,
2131 2329 2216 2359 Mille
2237 2329 2307 2360 Ho-

1242 2375 1303 2396 mes
1319 2366 1450 2398 d’Armes
1469 2369 1503 2398 &
1525 2368 1612 2398 Trois
1634 2368 1718 2398 Mille
1737 2368 1860 2399 Archers
1879 2366 2088 2406 d'Engleterre,
2105 2378 2132 2398 as
2149 2367 2307 2407 Coustages

1240 2404 1279 2449 du
1300 2404 1360 2435 ditz
1380 2405 1480 2443 Ducs,
1498 2405 1628 2444 Counts,
1645 2408 1678 2438 ὃς
1696 2406 1776 2443 Sire,
1796 2416 1849 2443 pur
1867 2405 1962 2450 Troys
1988 2405 2076 2457 Moys
2097 2416 2175 2445 apres
2195 2416 2252 2446 que
2270 2408 2310 2439 les

1242 2444 1304 2474 ditz
1317 2442 1418 2475 Gentz
1432 2445 1561 2475 d'Armes
1576 2446 1610 2476 &
1625 2444 1750 2476 Archers
1763 2444 1871 2474 serront
1883 2453 1992 2474 arnvez
2006 2454 2020 2473 a
2037 2444 2135 2484 bloys‚

1279 2482 1324 2513 Le
1339 2483 1419 2513 susdit
1432 2482 1528 2514 nostre
1540 2484 1693 2514 Soveraine
1708 2483 1846 2520 Seigneur
1864 2482 1891 2512 le
1912 2482 1979 2522 Roy
2002 2483 2036 2512 ad
2060 2482 2206 2514 Ordonne
2226 2484 2308 2515 d'en-

1242 2521 1339 2558 voier,
1357 2521 1476 2552 deffouz
1489 2522 1514 2552 la
1526 2522 1719 2552 Governance
1734 2524 1771 2552 de
1785 2521 1836 2551 son
1857 2521 1898 2552 dit
1917 2520 2055 2551 treschere
2081 2521 2104 2551 F
2106 2522 2144 2551 ilz
2158 2523 2308 2562 Thomas,

1241 2569 1292 2597 par
1307 2559 1377 2590 celle
1391 2560 1486 2598 cause,
1506 2559 1592 2590 Mille
1604 2560 1717 2590 Homes
1733 2560 1883 2596 d’Armes,
1898 2560 1931 2590 δε
1947 2560 2043 2598 Troys
2057 2559 2140 2589 Mille
2156 2561 2308 2600 Archiers‚

1240 2598 1335 2628 selonc
1349 2598 1594 2638 l’Appointment,
1616 2608 1744 2638 parentre
1758 2598 1852 2628 nostre
1866 2599 1906 2628 dit
1917 2598 2051 2636 Seigneur
2065 2599 2090 2628 le
2111 2597 2199 2639 Roy,
2218 2600 2251 2630 ὃ(
2270 2600 2310 2631 les

1242 2635 1302 2667 ditz
1313 2637 1536 2669 Ambaffiatours
1549 2638 1596 2668 des
1609 2639 1668 2668 ditz
1681 2638 1779 2674 Ducs,
1796 2636 1943 2675 Countes,
1959 2639 1993 2668 δε
2006 2636 2069 2666 Sire
2088 2646 2106 2666 E
2117 2645 2138 2666 N
2150 2647 2173 2668 T
2198 2647 2217 2668 F
2226 2648 2245 2668 A
2255 2647 2309 2676 1T,

1279 2675 1355 2715 Ensy
1370 2677 1428 2715 est,
1447 2686 1519 2706 mon
1532 2676 1574 2707 dit
1587 2676 1722 2714 Seigneur
1736 2675 1868 2705 Thomas
1880 2675 2030 2706 Demorez
2044 2675 2077 2706 ὃς
2091 2675 2240 2714 Retenuz,
2257 2676 2308 2707 de-

1240 2724 1302 2745 vers
1316 2714 1366 2744 son
1380 2714 1422 2746 dit
1438 2715 1572 2754 Seigneur
1585 2716 1619 2747 ὃς
1637 2715 1732 2745 Pierre
1745 2714 1770 2744 le
1784 2714 1869 2754 Roy,
1885 2713 1935 2744 son
1950 2713 2119 2744 Lieutenant
2134 2724 2186 2752 pur
2201 2715 2239 2744 lui
2254 2716 2309 2751 fai-f

1241 2762 1270 2783 re
1286 2752 1403 2784 Service
1414 2753 1450 2784 de
1462 2754 1574 2784 Guerre
1588 2764 1616 2784 es
1631 2753 1736 2784 Parties
1751 2763 1799 2790 par
1813 2753 1849 2783 de
1862 2753 1905 2790 la,
1924 2762 1975 2790 pur
1995 2752 2138 2782 Receiure
2158 2753 2191 2784 &
2206 2753 2306 2784 Reco-

1240 2792 1314 2861 vAerir
1334 2792 1366 2830 (fi
1381 2792 1458 2823 Dieu
1470 2792 1551 2830 plest)
1571 2792 1598 2823 sa
1611 2792 1669 2823 dite
1685 2791 1819 2830 Duchie,
1835 2792 1958 2831 ovesque
1974 2799 2043 2821 touz
2054 2790 2092 2821 ses
2100 2790 2252 2823 Droitures
2267 2793 2302 2824 δε

1240 2839 1833 2947 ρξὲῗὲἒῖἕὲὲΑἯεὲἒῖῗυῖξῐῗεςες
1853 2867 2307 2946 detisngztspfflsssffrslz

1241 2948 1275 2978 &
1291 2947 1441 2986 Baneretz,
1460 2948 1494 2979 δε
1509 2947 1587 2987 Vynt
1607 2948 1640 2978 &
1656 2947 1717 2986 Oyt
1735 2930 1880 2976 Chivalers
1898 2944 1976 2976 deins
1990 2929 2103 2976 mesme²
2115 2946 2141 2976 le
2165 2945 2304 2976 Nombre

1239 2986 1392 3023 accontez)
1412 2988 1445 3018 ὅς
1460 2986 1544 3017 Mille
1557 2987 1590 3016 &
1605 2985 1692 3026 Cynk
1706 2984 1802 3016 Centz
1816 2984 1939 3014 Archers
1953 2984 1990 3014 de
2005 2984 2030 3015 la
2043 2983 2100 3014 dite
2114 2984 2149 3014 N
2151 2984 2253 3014 ombre
2266 2985 2303 3015 de

1241 3024 1327 3055 Mille
1341 3025 1456 3056 Homes
1467 3025 1617 3063 d’Armes,
1634 3025 1668 3055 &
1683 3024 1770 3054 Trois
1788 3022 1872 3053 Mille
1892 3022 2029 3060 Archers,
2044 3022 2110 3052 bien
2135 3024 2169 3054 &
2191 3033 2302 3053 conve-

1240 3063 1403 3095 nablement
1417 3064 1561 3101 Montez,
1581 3063 1709 3101 Armez,
1725 3063 1758 3094 ὃς
1775 3062 1891 3093 Arraiez
1911 3070 1964 3099 pur
1986 3061 2012 3092 la
2028 3060 2139 3092 Guerre
2151 3084 2161 3099 ,
2184 3071 2271 3093 come
2287 3071 2304 3093 a

1240 3101 1304 3132 lour
1318 3102 1397 3134 Estat
1410 3103 1581 3141 appertient,

1280 3140 1320 3175 Et
1331 3151 1384 3181 pur
1400 3141 1473 3172 deux
1486 3140 1590 3180 Moys,
1609 3150 1645 3170 en
1660 3139 1751 3172 alantz
1764 3139 1798 3170 &
1813 3138 1919 3177 paffant
1933 3148 1982 3179 par
1995 3138 2087 3182 Terre
2100 3138 2134 3170 &
2149 3147 2197 3178 par
2216 3137 2302 3168 Mere

1242 3179 1342 3210 devers
1363 3181 1389 3211 le
1406 3181 1447 3211 dit
1464 3179 1537 3210 Lieu
1555 3180 1590 3210 de
1612 3179 1712 3218 Bloys,
1735 3179 1870 3217 prendra,
1886 3178 1922 3208 de
1941 3175 2037 3207 nostre
2057 3177 2098 3207 dit
2121 3176 2258 3213 Seigneur
2276 3177 2302 3207 le

1241 3218 1327 3258 Roy,
1345 3218 1393 3250 son
1409 3220 1470 3250 ditz
1485 3218 1546 3248 Filz
1561 3218 1693 3248 Thomas
1706 3226 1758 3256 pur
1772 3216 1836 3256 Luy
1852 3216 1985 3254 mesmes,
2004 3216 2038 3246 δε
2053 3225 2105 3253 pur
2118 3215 2238 3245 chescun
2254 3215 2304 3245 des

1240 3256 1302 3287 ditz
1317 3256 1451 3295 Contez,
1468 3256 1586 3294 BatonS,
1607 3256 1762 3294 Baneretz,
1779 3256 1813 3286 &
1827 3254 1988 3292 Chivalers,
2006 3253 2103 3290 Gages
2116 3252 2301 3284 accustumez

1240 3296 1337 3326 selonc
1352 3297 1415 3327 lour
1431 3296 1545 3334 Estatz,
1563 3296 1596 3326 &
1611 3305 1663 3333 pur
1675 3294 1797 3326 chescun
1812 3294 1861 3324 des
1874 3293 1931 3323 ditz
1950 3301 2038 3322 autres
2059 3292 2171 3322 Homes
2186 3291 2248 3330 Dys
2264 3293 2300 3323 &

1238 3333 1299 3374 Oyt
1314 3334 1434 3366 Deniers
1446 3336 1471 3365 le
1481 3336 1565 3374 jour,
1583 3334 1617 3364 &
1632 3343 1686 3372 pur
1699 3333 1822 3364 chescun
1833 3331 1880 3362 des
1891 3331 1951 3362 ditz
1965 3330 2086 3362 Archers
2094 3329 2184 3361 Noef
2192 3330 2301 3361 deniers

1237 3374 1264 3406 le
1272 3375 1361 3414 Jour,
2186 3407 2192 3413 ,

1274 3415 1328 3445 Sur
1341 3414 1379 3445 les
1392 3421 1486 3452 queux
1499 3411 1595 3452 Gages
1608 3411 1671 3442 doit
1684 3410 1777 3441 icellui
1790 3408 1937 3440 Monfieur
1951 3407 2083 3438 Thomas
2101 3407 2243 3438 Receiure
2259 3417 2297 3438 en

1239 3452 1324 3484 Main
1338 3452 1439 3490 Mille,
1457 3450 1543 3491 Cyni<
1558 3450 1672 3487 Centz,
1690 3449 1813 3480 Seffante
1829 3449 1862 3479 &
1876 3448 1980 3492 quinze
1993 3447 2107 3490 Liures,
2123 3446 2156 3476 &
2180 3446 2297 3477 sembla-

1238 3492 1285 3522 ble
1298 3492 1389 3523 Some
1403 3492 1524 3523 receiura
1542 3491 1562 3520 il
1580 3499 1596 3519 a
1615 3489 1641 3520 la
1662 3487 1763 3526 Meer,
1778 3495 1864 3525 quant
1879 3486 1898 3516 11
1919 3495 1937 3523 y
1951 3495 2032 3516 avera
2044 3484 2092 3516 fait
2104 3484 2130 3515 sa
2145 3483 2295 3526 Monstre,

1235 3531 1269 3561 &
1281 3531 1317 3562 de
1329 3531 1354 3561 la
1363 3529 1487 3561 Refidue
1499 3529 1518 3558 il
1532 3537 1612 3559 avera
1625 3525 1790 3557 sufficeantz
1805 3524 2005 3564 Affignmentz
2014 3546 2023 3562 ,
2038 3523 2076 3554 les
2087 3532 2179 3562 queux
2193 3533 2229 3553 ne
2242 3526 2295 3552 icr-

1235 3568 1561 3638 Υοὲῑὲῗζὲτὲἒῗέιῖἓὲἳὲ
1570 3575 1612 3635 <fiii
1625 3565 1780 3634 §fgrelsiffig
1789 3600 1921 3632 Thomas
1935 3599 2049 3638 d’estre,
2065 3599 2186 3643 ovesque
2197 3598 2220 3628 sa
2236 3597 2293 3628 dite

1234 3645 1382 3683 Retenue,
1395 3656 1434 3676 ou
1448 3644 1519 3675 Port
1539 3643 1576 3673 de
1597 3642 1806 3680 Southampton
1816 3663 1825 3679 ,
1843 3641 1869 3670 le
1884 3640 1962 3670 fisme
1979 3638 2051 3682 Jour
2065 3639 2101 3684 de
2112 3638 2207 3676 Juillet
2225 3645 2292 3675 pro-
2306 3636 2326 3657 *¹⁵
2338 3639 2421 3676 VIII,

1234 3685 1318 3715 chein
1331 3691 1451 3721 venant,
1469 3683 1504 3712 de
1517 3691 1534 3722 y
1549 3682 1616 3712 faire
1628 3681 1683 3711 lors
1701 3681 1726 3711 la
1741 3677 1876 3710 Monstro
1889 3678 1924 3721 de
1937 3677 1974 3708 ses
1988 3677 2046 3708 ditz
2061 3677 2147 3717 Cenz
2162 3675 2290 3721 d'Armes
2307 3680 2371 3714 746,

1233 3725 1268 3755 &
1283 3723 1421 3760 Archers,
1440 3722 1542 3752 devant
1555 3719 1646 3757 celluy
1660 3729 1700 3749 ou
1714 3727 1785 3749 ceux
1797 3726 1889 3756 queux
1903 3716 1920 3746 il
1930 3716 2020 3756 plerra
2035 3726 2050 3746 a
2064 3714 2157 3744 nostre
2171 3713 2211 3743 dit
2226 3713 2288 3743 Sei-

1232 3771 1321 3801 gneur
1336 3761 1361 3793 le
1374 3761 1443 3800 Roy
1457 3769 1473 3789 a
1486 3768 1520 3789 ce
1535 3759 1637 3788 limitet
1652 3758 1686 3788 δε
1697 3757 1833 3793 assigner,
2145 3789 2150 3794 ι

1271 3800 1349 3839 Qiel
1361 3801 1427 3837 J'our
1439 3807 1519 3829 avera
1541 3796 1632 3836 iceluy
1652 3795 1800 3826 Monfieur
1813 3793 1958 3836 Thomas,
1975 3801 2026 3830 pur
2041 3791 2080 3832 les
2103 3789 2207 3833 Milles
2221 3787 2288 3833 Ho-

1231 3849 1291 3869 mes
1307 3838 1457 3874 d’Armes,
1475 3837 1509 3867 &
1527 3836 1625 3872 Troys
1646 3833 1730 3864 Mille
1749 3833 1870 3863 Archers
1889 3831 2003 3867 sulditz,
2021 3829 2164 3873 sufficeant
2185 3827 2288 3865 hskip-

1230 3878 1315 3916 peson
1327 3886 1380 3914 pur
1395 3875 1458 3915 Oyt
1471 3874 1554 3905 Mille
1569 3873 1707 3912 Chivalx,
1722 3882 1750 3902 as
1763 3870 1920 3909 Coustages
1940 3868 2034 3899 nostre
2053 3867 2094 3896 dit
2109 3866 2247 3903 Seigneur
2261 3867 2288 3897 le

1224 3917 1275 3948 Ro
2248 3942 2254 3947 .

1263 3926 1345 3985 Eyt'le
1357 3952 1399 3982 dit
1420 3951 1568 3982 Monfieur
1581 3950 1710 3982 Thomas
1730 3955 1929 3979 commenceia
1951 3944 2001 3974 son
2012 3943 2144 3986 Teme,
2162 3941 2209 3972 des
2227 3941 2287 3972 ditz

1227 3994 1301 4024 deux
1323 3990 1428 4030 Moys,
1446 4001 1498 4028 pur
1515 3990 1579 4029 Luy
1599 3990 1633 4021 &
1654 3988 1680 4018 sa
1704 3987 1762 4018 dite
1781 3986 1926 4020 Retenue‚
1943 3983 1968 4013 le
1990 3981 2030 4011 dit
2045 3981 2117 4020 Jour
2138 3979 2174 4010 de
2194 3979 2288 4011 Mon-

1226 4032 1297 4068 stre,

1270 4070 1326 4107 Et,
1343 4077 1420 4108 apres
1438 4076 1492 4107 que
1507 4067 1533 4099 le
1547 4065 1588 4098 dit
1607 4063 1754 4097 Monfieur
1766 4062 1896 4095 Thomas
1915 4059 1949 4091 ὃς
1970 4058 1997 4091 sa
2019 4057 2075 4090 dite
2090 4057 2289 4126 Retenuersggz
