2562 4274
189 95 266 148 178

44 181 122 213 Am.
133 178 176 210 D.

64 228 152 255 1420.

43 262 107 285 Hm.
126 266 152 292 5.

44 294 64 313 ⁸*
82 297 138 324 IX.

42 342 109 371 9¹3-

515 258 542 285 *
567 263 625 294 Pro
642 262 774 293 Franciae
788 263 916 308 Regina.

213 354 252 386 A
273 348 363 394 nistre
391 347 479 383 Chier
501 351 538 386 (ῥ’
571 345 636 380 bien
661 349 744 380 Ame
770 345 904 389 Maistre
933 348 1105 381 Particuler
1136 348 1172 382 de
1194 351 1226 383 la

559 399 704 430 Monnoie
719 395 755 429 de
772 397 896 444 Troyes‚

220 487 323 531 Depar
352 484 378 516 le
398 485 454 517 Καὶ
475 482 689 530 d’Angleterre
705 484 843 515 Heritier
859 484 896 520 φ’·
916 484 1025 528 Regent
1043 480 1079 515 de
1095 485 1221 519 France.

43 573 95 599 An.
115 568 142 597 8.
256 572 327 599 Hier
343 568 381 604 ὠ·
398 567 458 599 bien
471 571 555 599 Ame.

42 614 78 637 H.
100 618 126 642 5.
286 607 337 638 Ila
354 607 411 638 este
428 607 570 637 Ordonne
585 617 640 646 que
658 605 734 636 Belle
756 607 834 635 Mere
855 605 883 635 la
897 608 986 646 Royne
1003 606 1035 636 de
1048 609 1150 637 France
1162 617 1247 646 pren-

40 651 81 673 Ex
90 645 154 673 Bia-I.
187 647 254 684 dra,
272 656 321 684 par
339 646 462 681 chaselm
486 645 576 685 Moys
592 669 602 684 ‚
623 655 638 675 a
664 644 871 677 Commencier
888 654 923 674 au
940 646 1062 682 premier
1075 646 1137 684 jour
1155 648 1194 678 de
1211 657 1246 679 ce

42 689 100 712 Cet.
120 688 171 711 Ca·
187 687 294 724 present
306 695 387 725 moys
402 682 549 724 defuit-ig,
563 683 608 714 sur
622 682 829 714 l'Emolument
845 682 880 713 de
894 683 919 713 la
929 682 1246 729 MonnoyedeTroyes

41 722 133 758 ligula.
185 724 278 759 (d'ont
291 734 307 754 a
321 724 429 762 present
443 722 513 754 estes
526 723 644 763 Maistre
658 721 830 759 Particulier)
851 721 876 751 la
889 721 1010 753 Somme
1021 722 1057 754 de
1072 733 1100 753 ιι.
1120 723 1197 755 Mill.
1211 726 1245 756 F.

42 764 80 789 D·
95 770 124 798 Σ.
223 762 303 831 {ct->iit
325 810 360 831 ce
378 810 434 838 que
456 799 538 830 droiz
561 798 621 837 est,
643 809 699 837 que
723 798 761 829 let
791 798 858 829 Faiz
878 798 914 829 de
932 798 1005 830 Beau
1020 798 1092 831 Pere
1108 801 1142 832 &
1156 801 1247 833 d'Elle

184 839 275 872 soient
292 839 418 878 preferez
434 849 448 868 a
461 846 526 869 tous
539 847 641 874 autres,

221 877 313 909 Nous
325 887 396 908 vous
412 876 558 907 Mandons
574 877 607 907 ὅ(
625 875 802 914 Enjoignons
812 874 1017 912 expreffement
1033 886 1090 914 que
1105 876 1144 906 les
1159 876 1207 907 diz
1216 878 1245 908 ii.

186 916 265 948 Mill.
284 915 315 946 F.
332 926 404 946 vous
426 914 475 944 des
499 914 620 945 Deniers
638 938 647 951 ,
673 923 777 943 venans
799 913 834 943 de
854 912 1060 945 l'Emolument
1081 914 1117 945 de
1130 915 1156 945 la
1169 916 1246 947 dicte

187 954 359 994 Monnoye,
377 953 476 989 Paiez,
494 953 529 983 de
543 952 630 990 Moys
646 962 681 982 en
698 951 754 982 Mo
774 961 802 988 ς,
820 962 835 981 a
852 950 947 982 nostre
962 951 1038 983 dicte
1052 952 1131 983 Belle
1147 956 1245 993 Mere,

186 1004 227 1025 ou
245 1004 261 1023 a
284 994 322 1024 ses
345 990 427 1022 Gens
450 993 484 1022 &
504 990 629 1021 Officers
647 999 719 1028 pour
767 990 802 1020 lle
815 1013 824 1027 ,
848 999 883 1020 en
898 999 1016 1028 prenant
1029 991 1126 1023 vostre
1138 991 1248 1032 Aequit

185 1033 230 1064 sur
245 1041 279 1062 ce
294 1054 304 1070 ,
330 1030 394 1061 sanz
410 1040 428 1070 y
443 1029 502 1060 fere
520 1029 617 1060 Faulte
630 1051 640 1067 ‚
666 1028 866 1067 Rompement
881 1051 892 1068 ‚
915 1038 954 1059 ou
974 1028 1163 1068 Quass'ement
1179 1054 1190 1070 ,
1203 1032 1248 1063 sur

187 1071 279 1102 Peine
296 1068 333 1100 de
349 1068 375 1100 le
388 1068 558 1099 Recouvrer
578 1068 621 1098 sur
635 1077 715 1098 vous.

224 1108 335 1139 Donne
352 1118 388 1138 en
404 1107 501 1138 nostre
516 1106 580 1146 00st
594 1106 700 1136 devant
714 1109 779 1136 Sens
792 1105 818 1136 le
833 1106 868 1136 ix.
883 1105 956 1144 Jour
971 1106 1008 1138 de
1019 1106 1117 1148 Juing.

189 1269 196 1272 ,
327 1239 376 1271 De
393 1237 519 1283 Treugis
538 1233 687 1282 capiendis
700 1247 769 1268 cum
788 1233 979 1280 Adverfhrio
999 1239 1110 1271 Scotiae.

43 1315 170 1357 Ann.Dss
188 1307 403 1386 HEnricus,
427 1322 484 1353 Dei
503 1322 589 1366 gratia
601 1344 610 1359 ‚
634 1323 694 1350 Rex
711 1319 824 1364 Angliae
842 1318 881 1354 ὠ
897 1322 1038 1367 Francia,
1054 1321 1088 1353 &
1103 1322 1249 1354 Dominus

41 1373 151 1432 25²3·
190 1358 1251 1436 ευηοὲἒὼξῧέὶῗηῗπῗιξίἓῗὲῑὲῗῖἓῗὲἓζ“ωεῖ“ἓιῡςΒὲἕὲῗωἿὲἶζὲἐ

43 1446 78 1470 ιι.
99 1451 125 1477 5.
187 1441 312 1477 ibidem,
330 1439 464 1470 salutem.
822 1420 833 1437 ³

42 1486 106 1508 Scor.
129 1480 154 1508 8.
204 1507 207 1511 .
225 1480 323 1512 Sciatis
336 1477 416 1516 quod
433 1476 501 1507 Nos

44 1525 79 1550 H.
91 1528 120 1554 5,
135 1529 173 1547 m.
223 1517 273 1548 De
300 1516 445 1547 Fidelitate
461 1540 471 1554 ,
494 1499 760 1552 Circumspectione
774 1536 784 1552 ‚
809 1512 843 1544 &
865 1512 1004 1546 Industria
1025 1514 1123 1547 vestris
1140 1516 1249 1556 plenius

45 1567 72 1588 2.
188 1556 380 1592 confidentes,

223 1595 314 1627 Vobis
326 1594 436 1632 plenam
446 1617 456 1630 ,
473 1591 592 1622 Tenore
606 1590 789 1622 Praesentium
799 1614 809 1628 ,
830 1589 1058 1624 Committimus
1072 1593 1248 1624 Potestatem

187 1634 221 1666 ad
237 1634 380 1671 Treugas,
398 1641 450 1669 pro
463 1630 579 1667 Nobis,
597 1629 713 1667 Terris,
732 1628 878 1660 Dominus
889 1653 898 1668 ‚
915 1630 1057 1671 subditis,
1077 1631 1189 1671 Ligeis‚
1205 1633 1248 1663 A-

188 1674 288 1709 micis,
307 1673 339 1702 δε
361 1670 502 1701 Fidelibus
523 1669 622 1699 nostris
638 1692 647 1706 ,
675 1677 743 1699 cum
761 1668 936 1709 Adverfhrio
957 1669 1044 1709 nostro
1059 1673 1172 1709 Scotiae‚
1192 1681 1246 1709 pro

187 1713 224 1743 Se
235 1735 244 1749 ,
262 1710 455 1746 Hominibus,
473 1708 585 1745 Terris,
604 1707 768 1749 Dominus,
785 1706 854 1746 suis,
872 1707 908 1738 de
917 1707 1041 1739 Duobus
1054 1709 1201 1740 Mensibus
1217 1711 1245 1740 in

188 1749 273 1782 Duos
291 1748 404 1779 Menses
415 1747 557 1777 duraturas
567 1769 577 1784 ,
595 1745 795 1783 particulariter
808 1747 841 1776 &
854 1747 1035 1786 generaliter,
1052 1747 1246 1786 Capiendum,

185 1791 221 1822 &
240 1788 374 1820 Nomine
387 1785 486 1817 nostro
497 1784 727 1816 Custodiendum
739 1807 748 1819 ‚
767 1783 800 1814 &
813 1783 962 1816 Custodiri
982 1785 1161 1826 faciendum,

226 1828 429 1859 Promittentes
461 1824 531 1855 Nos
555 1823 663 1854 Ratum
678 1846 688 1860 ,
719 1822 844 1854 Gratum
860 1847 871 1862 ,
893 1824 927 1855 δε
949 1823 1080 1855 Firmum
1107 1826 1249 1857 habituros

189 1865 327 1907 quicquid
343 1887 353 1902 ,
376 1863 512 1895 Nomine
526 1862 626 1893 nostro
639 1885 648 1900 ‚
665 1862 694 1891 in
708 1861 801 1894 forma
816 1862 967 1902 praedieta,
986 1863 1108 1896 feceritis
1122 1866 1152 1895 in
1169 1864 1248 1895 Prae.-

188 1906 288 1937 miffis·

226 1944 263 1976 Et
279 1929 343 1974 i'deo
360 1942 442 1972 vobis
461 1939 632 1971 Mandamus
647 1938 725 1977 quod
741 1939 816 1970 circa
836 1939 981 1970 Praemissa
996 1940 1141 1980 diligenter
1158 1942 1250 1973 inten-

188 1984 276 2022 datis,
293 1983 326 2014 ὃς
342 1991 374 2012 ea
386 1979 568 2011 effeciualiter
582 1978 685 2010 faciatis
700 1979 734 2010 &
749 1977 877 2016 expleatis
891 1980 919 2008 in
934 1978 1031 2011 forma
1041 1980 1186 2020 praedicta.

226 2059 261 2090 In
284 2059 363 2097 cujus
388 2058 427 2101 rei
446 2055 662 2087 Testimonium
683 2055 730 2102 has
745 2055 852 2086 Literas
865 2054 974 2086 nostras
987 2056 1045 2087 fieri
1059 2057 1180 2102 fecimus
1194 2057 1250 2089 Pa-

186 2095 662 2170 ffirggmqeufirgtffirzffiagpraefate
676 2094 802 2132 charde)
817 2093 923 2147 Custos
937 2095 1158 2128 Westmarchrae
1176 2106 1249 2135 prae-

222 2213 313 2247 Teste
330 2209 480 2252 Humfredo
495 2214 570 2246 Duce
591 2209 758 2249 Gloucellriae
781 2209 911 2241 Custode
932 2210 1045 2251 Angliae
1071 2212 1145 2251 apud
1168 2211 1254 2252 West-

188 2253 374 2293 monasterium
389 2253 428 2282 xi.
442 2250 487 2282 die
499 2249 594 2290 Junii,
611 2249 701 2280 Anno
716 2247 812 2289 Regni
824 2249 914 2280 nostri
928 2250 1044 2282 octavo.

927 2329 981 2357 Per
996 2327 1148 2359 Concilium.

413 2461 462 2492 De
480 2458 583 2492 Salvis
601 2456 798 2492 Conduflibus
818 2457 1022 2492 concedendis.

57 2549 135 2580 Arm.
151 2547 182 2580 D
196 2547 249 2602 R
259 2540 340 2580 EX,
358 2542 477 2580 eisdem,
496 2543 628 2574 Salutem.

71 2597 157 2626 1420,
287 2583 334 2612 Ad
359 2581 586 2612 Concedendum
603 2604 613 2619 ‚
638 2583 671 2613 &
693 2582 829 2613 Nomine
842 2581 941 2612 nostro
957 2581 1130 2613 Faciendum
1147 2582 1257 2614 Literas

49 2631 101 2656 An.
117 2627 144 2656 8.
194 2619 270 2651 Salvi
285 2620 457 2651 conductas
470 2630 503 2650 ac
519 2620 743 2650 Assecurationes
763 2621 932 2675 quibuscum
954 2630 989 2652 ue
1004 2620 1130 2652 Personis
1147 2622 1251 2660 (cujus-

49 2670 84 2694 Η,
104 2675 131 2701 5,
198 2668 323 2697 cumque
344 2658 436 2689 Status
450 2681 458 2696 ,
481 2657 617 2695 Gradus,
633 2668 679 2689 aut
694 2658 878 2689 Concitionis
895 2630 1022 2695 exiliant)
1039 2659 1131 2690 modis
1145 2661 1178 2691 &
1193 2661 1254 2690 for-

50 2705 114 2732 Jbid.
196 2699 249 2728 mis
266 2698 365 2735 quibus
381 2698 463 2728 vobis
482 2697 580 2727 melius
592 2696 731 2728 videbitur
750 2697 879 2734 expedire
888 2700 904 2733 ²,
923 2696 995 2727 infra
1010 2696 1252 2728 Westmarchiam

218 2736 363 2767 rtediCtam
383 2746 494 2767 exnunc
517 2736 640 2768 venturis
654 2758 663 2774 ‚
678 2736 792 2767 Tenore
810 2735 1012 2774 Praesentium,
1030 2735 1252 2767 Committimus

222 2774 452 2852 Οὸῗιὶέἑᾞιῖἀεη]
470 2812 558 2843 salvos
581 2811 752 2843 Concludius
767 2821 799 2842 ac
819 2811 1047 2843 Assecurationes
1065 2812 1150 2843 talem
1170 2814 1253 2853 vigo-

195 2861 256 2882 rem
270 2853 400 2889 optinere
413 2851 543 2883 volumus
554 2874 563 2889 ,
581 2851 691 2889 qualem
703 2849 861 2882 habuiffent
875 2850 894 2880 s1
910 2860 962 2880 nos
976 2850 1025 2889 ipsi
1041 2851 1156 2882 eosdem
1169 2851 1253 2882 Con-

194 2890 480 2960 ccsgtfffirrrgugi.tdmus
494 2950 503 2966 ,
522 2927 600 2959 bona
615 2927 671 2958 fide
685 2951 695 2966 ,
712 2928 745 2959 &
761 2929 790 2957 in
806 2927 896 2958 verbo
911 2926 1023 2967 Regio,
1043 2927 1114 2959 Nos
1125 2927 1252 2967 Rarum,

52 2977 71 2996 ιι
92 2977 144 3004 ιχ,
197 2965 340 3006 Gratum,
355 2968 390 2999 &
410 2967 540 2997 Firmum
559 2967 698 3005 perpetuis
717 2966 909 3004 Temporibus
933 2969 948 2983 *⁵
965 2967 1106 2998 habituros
1118 2968 1252 3005 quicquid

54 3026 85 3051 9¹
92 3026 118 3051 4·
197 3016 247 3074 Ber
263 3016 336 3074 voss,
365 3014 395 3037 ut
411 3004 569 3044 praedicitur
584 3028 593 3043 ‚
619 3005 729 3037 Actum
743 3029 753 3044 ‚
778 3004 920 3043 Gestum,
935 3014 981 3036 aut
996 3005 1115 3036 Fadium
1128 3006 1211 3037 fuerit
1225 3007 1255 3036 in

223 3050 383 3121 ‘ffimsshj¹3's,
400 3082 463 3114 εις.

233 3121 321 3151 Teste
341 3120 493 3161 Humfrea'o
515 3123 589 3150 Duce
611 3117 776 3162 GloufzfflrIae
802 3118 932 3151 Custode
953 3120 1064 3159 Angliae
1078 3121 1151 3159 apud
1169 3121 1256 3162 Wst-

200 3159 384 3198 monasterium
397 3159 552 3191 undecimo
567 3158 612 3188 die
622 3157 709 3196 Junii.

928 3197 982 3225 Per
999 3196 1151 3228 Concilium.

370 3327 523 3373 Potestates
540 3328 699 3374 Seneftallo
721 3329 941 3373 Aequittanniae
960 3327 1092 3373 conceffae.

423 3417 472 3449 De
490 3413 662 3461 Recipiendo
680 3411 806 3447 Rebelles
824 3411 868 3445 ad
885 3415 1040 3446 Gratiam.

148 3517 189 3548 0-
205 3499 669 3577 RN

59 3566 166 3622 2523·
243 3579 292 3610 De
307 3579 467 3622 Fidelitate,
486 3574 767 3621 circumspectione,
788 3575 821 3606 sc
836 3573 996 3618 Industria,
1012 3573 1106 3618 dileeti
1119 3574 1153 3606 ει
1166 3573 1259 3619 οεάειῑς

60 3637 94 3660 H.
106 3618 142 3668 ‘5'-
208 3617 308 3649 Militis
328 3617 417 3648 nostri
429 3639 439 3655 ,
462 3614 604 3655 Johanms
614 3610 732 3652 sztoft,
751 3612 1083 3651 SenescaniAquitamae,
1101 3612 1256 3650 plurimum

62 3674 129 3701 msc.
145 3671 173 3699 s,
205 3655 391 3700 confidentes,
955 3689 960 3694 .
996 3689 1000 3694 .

242 3694 343 3725 Eidem
364 3690 521 3725 Senescallo
542 3689 577 3720 ad
598 3698 699 3719 omnes
721 3689 754 3720 &
776 3687 899 3724 fingulos
918 3687 1053 3718 Inimicos
1072 3689 1105 3719 &
1127 3689 1259 3720 Rebeues

206 3733 317 3763 nostros
339 3732 375 3763 de
399 3731 516 3762 Ducatu
538 3727 636 3759 nostro
659 3727 837 3765 Aquitann'oe
854 3748 864 3764 ,
894 3727 942 3763 qui
960 3726 995 3756 ad
1017 3727 1106 3764 ipsum
1120 3728 1258 3767 Senescal-

207 3770 266 3799 lum
282 3770 410 3801 nostrum
423 3770 521 3801 venire
536 3768 569 3798 ὅ(
584 3766 692 3797 Gratiae
706 3765 810 3795 nosti-te
822 3765 962 3794 humiliter
980 3765 1007 3794 se
1027 3765 1191 3796 submittere
1205 3776 1259 3796 vo-

208 3808 325 3846 luerint,
342 3809 377 3839 ad
390 3808 509 3838 eandem
518 3805 647 3836 Gratiam
664 3804 789 3834 nostram
807 3802 1018 3840 recipiendum,
1036 3813 1068 3833 ac
1085 3804 1187 3835 eisdem
1199 3803 1262 3834 Re—

205 3846 323 3876 bellibus
335 3848 366 3877 &
383 3846 508 3876 Inimicis
524 3844 624 3875 nostris
633 3843 734 3874 Terras
751 3844 783 3873 ὃ(
797 3842 976 3871 Tenementa
989 3841 1033 3871 sua
1047 3851 1100 3880 pro
1109 3843 1165 3880 pria
1182 3841 1264 3873 Con-

208 3884 381 3920 cedendum,
400 3885 527 3921 plenam,
545 3882 663 3913 Tenore
682 3881 865 3911 Praesentium
881 3902 890 3917 ‚
904 3878 1100 3911 Concedimus
1118 3882 1151 3911 ὃς
1167 3881 1265 3911 Com-

210 3923 345 3951 mittimus
356 3921 543 3956 Potestatem3
1042 3955 1048 3961 θ

244 3960 407 3989 Dominico
428 3961 459 3989 &
483 3958 632 3987 Domanio
654 3956 755 3987 nostris
777 3954 909 3988 Ducatfis
922 3954 1050 3993 pis-sedi&
1064 3979 1073 3993 ‚
1090 3965 1124 3987 ac
1134 3955 1205 3993 Jure
1217 3964 1267 3986 cu-

207 3998 317 4037 jussibet
330 4021 339 4036 ‚
356 3997 462 4035 semper
482 3996 558 4027 salvis
568 3997 601 4027 &
615 3995 762 4027 reservatis.

62 3713 192 3745 H.5.m.7.

653 77 1878 131 CONVENTIONES‚LITERAE‚

1322 165 1356 197 In
1373 166 1467 204 cnjus,
1485 166 1546 196 ὅτε.
1562 165 1610 196 has
1623 165 1731 196 Literas
1745 163 1852 195 nostras
1870 163 1997 196 Parentes
2009 162 2069 194 fieri
2083 164 2118 196 δε
2135 162 2242 203 Magni
2256 164 2347 206 sigim
2359 163 2438 196 Ann.
2453 162 2496 195 D.

1285 204 1375 236 nostri
1388 205 1548 234 munimine
1561 203 1681 235 fecimus
1694 203 1862 243 confignari.
2389 213 2477 242 1420.

1324 242 1393 274 Dat.
1409 246 1441 272 in
1455 239 1565 272 Palatio
1573 245 1650 280 Regis
1665 242 1740 281 apud
1755 240 2013 282 Wstmonasterium
2023 240 2198 273 duodecimo
2206 242 2344 282 dieJunii.
2360 245 2421 271 Hm.
2439 252 2476 284 5..

1774 321 1828 349 Per
1841 321 1934 349 Breve
1946 319 1979 349 de
1999 320 2118 349 Privato
2135 319 2233 359 sigillo.

1616 441 1664 473 De
1684 441 1855 487 Recipiendo
1871 444 2041 490 Homagia.

1286 527 1343 582 R
1353 525 1380 557 E
1392 525 1439 564 X,
1455 524 1566 570 &qut
1578 524 1664 569 fitpra
1675 524 1755 570 usque
1770 526 1824 564 ibi,
1839 527 2032 567 confidentes,
2052 527 2091 564 &⁶
2106 529 2236 570 tuncfic,
2356 530 2433 562 Ann.
2449 531 2489 564 D.

1384 564 1593 609 Affignavimus
1611 564 1699 601 ipsum
1722 574 1804 602 elque
1816 589 1826 602 ,
1854 566 1974 598 Tenore
1995 566 2178 600 Praesentium
2195 591 2205 606 ,
2226 567 2339 607 plenam
2383 579 2471 610 1420.

1282 600 1503 634 Committimus
1514 601 1691 633 Potestatem
1705 603 1739 634 ὃς
1749 603 1958 637 Auctoritatem
1971 605 2135 646 specialem,
2153 615 2211 638 tam
2228 607 2263 637 ad
2272 605 2340 637 Ho-
2356 612 2408 636 An.
2427 610 2455 638 8.

1283 643 1408 681 magium
1425 643 1535 671 Comitis
1547 641 1579 671 de
1591 645 1656 680 Foys
1671 641 1702 679 (fi
1718 641 1899 680 Homagium
1915 642 1983 673 illud
2001 645 2083 675 nobis
2096 646 2189 677 facere
2204 645 2339 683 voluerit)
2358 651 2392 674 H.
2411 657 2437 683 5.

1282 689 1369 717 quam
1384 681 1419 711 ad
1433 680 1578 720 Homagia
1596 680 1716 711 aliorum
1735 690 1988 719 quorumcumque
2002 681 2135 714 Ducatfis
2147 684 2236 716 nostri
2252 684 2343 722 Aqui·
2358 686 2420 714 zbid.

1283 721 1404 758 tanniae‚
1422 719 1581 758 hujusmodi
1603 718 1748 758 Homagia
1771 719 1863 750 facere
1885 718 2043 750 volentium
2057 743 2068 759 ,
2091 721 2228 754 Nomine
2244 723 2344 754 nostro

1282 756 1494 797 Recipiendum
1510 757 1545 789 δε
1562 757 1790 789 Admittendum.

1318 796 1352 826 In
1369 797 1464 835 cujus,
1482 795 1542 831 &a
1560 804 1591 827 ut
1597 795 1690 838 ficpra.

1321 834 1389 867 Dat.
1408 844 1440 867 ut
1452 836 1540 874 supra.

1786 875 1840 903 Per
1855 876 1949 905 Breve
1961 873 1993 904 de
2007 876 2126 905 Privato
2140 874 2240 914 Sigillo.

1397 1000 1446 1032 De
1462 997 1599 1044 Hospitio
1615 997 1753 1046 affignato
1764 1010 1819 1046 pro
1838 999 1999 1046 Senefialla
2017 1003 2222 1048 Aquitanniae.

1290 1083 1379 1139 RE
1390 1082 1421 1114 X
1447 1083 1610 1122 Omnibus,
1629 1083 1664 1114 ad
1678 1094 1767 1123 quos,
1785 1085 1845 1116 &c.
1865 1084 1999 1117 Salutem.
2362 1083 2438 1114 Ann.
2448 1083 2491 1115 D.

1385 1123 1484 1153 Sciatis
1503 1123 1582 1161 quod
1597 1147 1606 1160 ,
1632 1122 1668 1153 de
1689 1123 1786 1154 Gratia
1808 1124 1903 1155 nostra
1921 1125 2052 1163 speciali,
2078 1126 2290 1165 Affignavimus
2312 1130 2346 1160 &
2388 1132 2475 1162 1420·

1286 1156 1488 1192 Concessimus
1502 1184 1511 1200 ‚
1533 1161 1653 1192 Dile&o
1674 1162 1707 1194 &
1733 1162 1821 1193 Fideli
1840 1162 1928 1193 Militi
1942 1163 2059 1202 nostro,
2077 1165 2205 1204 Johanni
2222 1170 2259 1197 Ti
2275 1174 2301 1197 to
2316 1176 2349 1206 t,
2362 1166 2414 1189 An.
2431 1163 2460 1191 3-

1286 1196 1444 1230 Senescallo
1470 1200 1652 1238 Aquitanniae
1666 1221 1677 1238 ,
1704 1200 1840 1232 Castrum
1863 1202 1896 1233 8(
1911 1200 2016 1233 Villam
2030 1201 2065 1234 de
2077 1204 2177 1243 Sparte
2191 1215 2244 1244 pro
2297 1217 2346 1238 ora
2362 1205 2395 1228 H.
2421 1209 2437 1236 5
2443 1222 2449 1229 ·

1287 1235 1332 1267 sua
1345 1239 1378 1269 &
1391 1238 1527 1276 Hospitio
1539 1239 1588 1269 suo
1598 1262 1608 1278 ‚
1626 1249 1659 1270 ac
1673 1240 1730 1277 ejus
1744 1240 1871 1270 Familiae
1881 1264 1890 1280 ‚
2358 1240 2425 1268 lbid.

1320 1277 1458 1307 Habenda
1473 1278 1605 1315 quamdiu
1619 1277 1695 1308 idem
1709 1279 1879 1310 Senescallus
1891 1280 1920 1309 in
1934 1279 2059 1318 partibus
2081 1280 2263 1321 Aquitanniae
2277 1285 2347 1314 exti-

1286 1318 1350 1347 terit
1367 1325 1401 1346 ex
1417 1316 1506 1347 Causa
1523 1316 1624 1347 Officii
1638 1316 1676 1347 sui
1694 1317 1849 1355 supradieti.

1324 1354 1358 1386 In
1369 1355 1463 1393 cujus,
1480 1354 1540 1391 &c.
1557 1363 1590 1385 ut
1599 1354 1694 1395 ficpra.

1343 1393 1430 1428 'Dat
1449 1394 1580 1433 utsupra.

1362 1448 1365 1452 »
1787 1434 1842 1462 Per
1856 1435 1949 1464 Breve
1963 1434 1996 1465 de
2009 1437 2128 1466 Privato
2143 1436 2244 1475 Sigillo.

1459 1560 1486 1586 ἅ
1509 1562 1568 1593 Pro
1585 1559 1747 1606 Officiariis
1767 1563 1798 1592 in
1816 1563 1943 1595 Ducam
1961 1563 2166 1608 Aquitanniae.
2363 1571 2380 1588 ⁴
2402 1571 2456 1599 lx.

2386 1619 2395 1636 1
2424 1629 2432 1636 ⁵

1287 1643 1343 1699 R
1355 1643 1381 1675 E
1393 1643 1424 1675 X
1445 1644 1608 1684 Omnibus,
1627 1645 1660 1675 ad
1678 1654 1766 1684 qum,
1782 1647 1843 1678 &e
1862 1645 1995 1677 Salutem.
2361 1618 2442 1678 Ἇῐξῃ.
2453 1645 2494 1677 D.

1382 1683 1482 1714 Sciatis
1505 1684 1585 1722 quod
1610 1683 1811 1715 Concessimus
1828 1684 1907 1722 quod
1925 1684 2068 1716 Officiarii
2083 1685 2189 1725 nostri,
2207 1687 2235 1718 in
2244 1687 2344 1720 Duca-
2383 1694 2471 1724 1420·

1285 1726 1314 1762 tu
1328 1720 1429 1752 nostro
1445 1723 1626 1761 Aquitanniae
1635 1746 1645 1760 ,
1660 1722 1840 1762 praeferantur
1853 1723 1889 1752 de
1901 1723 1970 1762 hiis,
1985 1733 2050 1762 quae
2062 1723 2097 1754 ad
2105 1723 2215 1757 Officia
2228 1726 2274 1758 sua
2283 1737 2348 1765 per·
2361 1729 2414 1753 An.
2433 1724 2461 1753 8-

1283 1765 1393 1799 nuent,
1408 1762 1442 1792 &
1457 1761 1519 1792 haec
1532 1760 1721 1799 imposterum
1734 1763 1925 1792 observentur.
2362 1768 2398 1790 H.
2419 1771 2446 1797 5.

1321 1797 1359 1828 Et
1373 1800 1468 1838 quod,
1486 1799 1605 1831 dilec‘ms
1619 1800 1652 1831 ὅ(
1667 1799 1754 1830 fidelis
1770 1799 1856 1830 Miles
1868 1799 1982 1838 noster,
1995 1799 2141 1840 Johannes
2156 1800 2281 1842 Tiptqft,
2298 1802 2350 1834 Se-
2361 1801 2428 1830 [bid.

1285 1837 1418 1876 nescallus
1435 1839 1633 1878 Aquitanniae‚
1651 1848 1781 1877 tempore
1795 1839 1892 1869 futuro
1902 1861 1910 1877 ‚
1929 1848 1987 1876 prae
2000 1840 2134 1870 omnibus
2150 1840 2206 1870 aliis
2219 1840 2349 1874 Perlbnis

1284 1875 1438 1919 specialiter
1454 1878 1617 1916 praeferatur
1629 1901 1638 1916 ,
1662 1878 1696 1909 &
1719 1878 1813 1915 primo
1834 1876 2005 1915 persolvatur
2021 1878 2057 1908 de
2069 1888 2106 1909 eo
2124 1879 2202 1916 quod
2219 1879 2253 1910 ad
2270 1879 2349 1911 Offi-

1286 1923 1365 1945 cium
1381 1916 1461 1947 suum
1476 1917 1612 1955 pertinet,
1622 1916 1756 1954 quamdiu
1766 1917 1794 1946 in
1809 1915 1913 1946 eodem
1923 1915 2035 1948 Officio
2049 1925 2180 1948 oneratus
2193 1918 2306 1958 existat,
2315 1919 2351 1950 &-

1286 1954 1365 1990 quod
1381 1953 1442 1993 Ipse
1459 1955 1494 1985 de
1506 1965 1559 1993 eo,
1570 1955 1649 1994 quod
1664 1954 1713 1985 fibi
1728 1964 1781 1993 pro
1797 1963 1926 1992 ternpore
1939 1956 2105 1992 praeteritoa
2114 1964 2189 1986 retro
2202 1955 2244 1987 est
2259 1957 2352 1988 &de-

1286 1991 1397 2031 bitum,
1415 1992 1604 2025 sufficientem
1622 1993 1849 2032 Affignationem
1861 1993 1976 2032 habeat,
1992 1995 2026 2026 &
2040 2004 2096 2032 pro
2111 2004 2148 2025 eo
2161 2004 2351 2029 contentetur.

1325 2031 1358 2062 In
1374 2033 1468 2071 cujus,
1484 2033 1545 2064 διε.
1564 2041 1594 2063 ut
1607 2032 1695 2072 supra.

1359 2070 1449 2102 Teste
1465 2080 1495 2102 ut
1507 2071 1594 2110 supra.

1792 2111 1847 2140 Per
1860 2111 1953 2140 Breve
1968 2109 2002 2140 de
2013 2111 2134 2141 Privato
2146 2109 2247 2150 Sigillo.

1289 2235 1339 2268 De
1363 2232 1596 2281 Impcfitionibus
1621 2238 1653 2267 in
1681 2237 1884 2315 Αᾳιιὶιιιηκίιιιί
1893 2261 1903 2276 ,
1930 2245 1988 2280 pro
2003 2234 2182 2280 ‘Defensione
2200 2233 2352 2281 ejusdem,

1736 2294 1860 2330 reclplen
1883 2295 1920 2316 ls-

1292 2368 1420 2426 REX
1431 2392 1440 2408 ,
1461 2368 1582 2400 Dileftis
1595 2369 1629 2401 &
1645 2368 1787 2400 Fidelibus
1806 2369 1873 2405 suis,
1889 2367 2019 2408 Johanm·
2034 2365 2160 2408 Τίμα-β’,
2180 2368 2282 2408 Militi,
2300 2369 2352 2401 Se-
2367 2370 2444 2402 Ann.
2455 2371 2496 2403 D.

1366 2408 1485 2439 nescallo
1505 2408 1685 2447 Aquitanniae
1700 2432 1710 2446 ,
1733 2411 1832 2439 Comiti
1851 2408 1884 2438 de
1906 2407 2053 2447 Longville
2063 2407 2302 2446 Constabulario,
2317 2409 2350 2440 &
2392 2419 2481 2449 1420.

1290 2443 1396 2484 Majori
1413 2446 1485 2478 Burd
1522 2448 1601 2486 aliae‚
1618 2446 1756 2478 Salutem.
2362 2453 2416 2478 Aa.
2433 2450 2461 2479 8.

1326 2485 1426 2517 Sciatis
1440 2496 1499 2524 quo
1533 2485 1601 2517 Nos
2362 2492 2397 2516 H.
2416 2497 2447 2524 5.

1328 2523 1387 2593 Dfiei
1400 2525 1545 2556 Fidelitate
1561 2547 1571 2563 ‚
1598 2510 1863 2563 Circumspefflone
1876 2547 1887 2562 ‚
1911 2524 1947 2555 &
1967 2521 2102 2553 Industria
2124 2521 2222 2553 vestris
2243 2522 2351 2561 plenius
2365 2526 2429 2555 lbid.
2444 2536 2480 2555 m.

1289 2569 1347 2592 con
1389 2573 1467 2594 entes
2389 2586 2396 2594 .

1328 2586 1536 2640 Affignavir’nus
1553 2611 1606 2632 vos
1618 2624 1629 2640 ‚
1655 2610 1690 2632 ac
1704 2601 1804 2638 vobis,
1824 2600 1943 2630 Tenore
1959 2598 2161 2637 Praesentium‚
2180 2598 2354 2630 Committi-
2367 2574 2385 2602 5

1291 2647 1354 2669 mus
1369 2639 1562 2678 potestatem,
1577 2639 1612 2670 ad
1627 2639 1817 2678 quascumque
1832 2638 2030 2707 Imssositionec
2043 2660 2052 2676 ,
2070 2637 2151 2675 super
2168 2636 2306 2669 Civitates
2318 2639 2353 2670 δι·

1291 2676 1399 2716 Burgos
1420 2678 1533 2708 nostros
1548 2700 1558 2716 ,
1580 2685 1626 2708 aut
1650 2678 1731 2708 aliam
1753 2677 1860 2708 bassam
1903 2685 2001 2707 atriam
2017 2675 2158 2714 nostram,
2177 2678 2205 2706 in
2220 2676 2353 2707 Partibus

1292 2716 1473 2754 Aquitanniae
1494 2717 1594 2754 positas
1607 2741 1617 2754 ,
1646 2716 1792 2746 concessas
1807 2739 1817 2754 ‚
1843 2717 1876 2747 &
1889 2724 2029 2753 receptas,
2046 2715 2092 2744 vel
2105 2714 2294 2753 imposterum
2310 2725 2356 2745 ra-

1291 2756 1458 2786 tionabiliter
1471 2755 1630 2794 ponendas,
1648 2755 1845 2786 concedendas
1879 2755 1913 2786 &
1926 2753 2116 2792 recipiendas,
2131 2763 2186 2791 pro
2201 2753 2355 2783 Defenfio-

1291 2803 1326 2824 ne
1347 2792 1473 2824 Partium
1496 2794 1604 2824 illarum
1621 2816 1631 2832 ‚
1657 2795 1690 2826 &
1706 2803 1759 2832 pro
1774 2777 1941 2823 Resistentia
1956 2791 2146 2822 Inimicorum
2165 2791 2353 2836 nostrorum,

1289 2831 1326 2862 de
1344 2833 1515 2864 avisamento
1531 2832 1658 2863 Concilii
1675 2832 1762 2862 nostri
1777 2832 1905 2870 ibidem,
1916 2829 2151 2868 Percipiendum,
2170 2838 2252 2867 prout
2265 2831 2352 2860 vobis

1289 2872 1323 2901 ὃς
1337 2871 1419 2902 ἀίξὶο
1435 2870 1573 2902 Concilio
1587 2871 1687 2902 nostro
1701 2871 1814 2909 melius,
1829 2871 1907 2909 juxta
1919 2870 1993 2900 sanas
2005 2868 2184 2899 discretiones
2199 2868 2302 2899 vestras
2314 2869 2349 2899 &

1291 2909 1412 2947 ejusdem
1431 2910 1556 2941 Concilii
1571 2910 1659 2940 nostri
1668 2933 1677 2948 ‚
1693 2920 1746 2947 pro
1760 2908 1933 2941 Commodo
1949 2906 2049 2938 nostro
2061 2907 2095 2938 &
2109 2906 2269 2938 Salvatione
2278 2906 2348 2947 Par-

1291 2950 1362 2979 tium
1380 2949 1577 2986 praedidlarum
1611 2949 1751 2980 videbitur
1764 2947 1938 2978 faciendum·
2288 2956 2290 2958 ·

1329 2987 1366 3018 Et
1382 2987 1448 3017 ideo
1465 2988 1546 3018 vobis
1559 2972 1732 3018 Mandamus
1750 2985 1920 3030 quodcirca
1931 2970 2077 3028 i'raemissfa
2090 2982 2234 3024 diligenter
2250 2984 2349 3042 ἕξει]-

1291 3025 1376 3064 datis,
1394 3036 1427 3057 ac
1440 3037 1470 3056 ea
1483 3027 1587 3057 faciatis
1598 3027 1630 3057 δε
1644 3034 1819 3063 exequamini
1831 3033 1859 3053 in
1873 3024 1965 3054 forma
1980 3022 2131 3060 praedusta:
2273 3048 2277 3050 .
2295 3032 2303 3038 ·

1330 3064 1443 3095 Damus
1466 3075 1560 3095 autem
1582 3063 1713 3094 universis
1737 3063 1770 3093 ὃ(
1794 3062 1903 3100 singulis
1926 3062 2020 3101 Ligeis
2039 3062 2072 3092 δε
2095 3059 2352 3104 Subditisnostris

1294 3102 1420 3134 Partium
1437 3103 1561 3138 illarum,
1579 3102 1699 3132 Tenore
1714 3101 1916 3138 Praesentitim,
1935 3099 2051 3130 firmiter
2065 3101 2094 3129 in
2103 3098 2354 3137 Mandat1s‚quod

1293 3143 1393 3180 vobis,
1411 3143 1439 3171 in
1454 3141 1628 3171 Executione
1645 3139 1875 3178 Praemissorum,
1892 3146 2020 3177 pareant,
2035 3137 2170 3169 obediant
2180 3160 2190 3176 ,
2205 3138 2239 3169 &
2255 3139 2351 3168 inten-

1294 3179 1378 3218 dant,
1397 3188 1480 3217 prout
1494 3179 1585 3209 decet.

1329 3218 1363 3248 In
1381 3219 1475 3255 cujus,
1491 3218 1552 3248 &c-
2328 3252 2333 3257 ¹

1349 3256 1437 3300 '‘Dat.
1454 3257 1483 3285 in
1502 3254 1611 3285 Palatio
1632 3257 1709 3294 Regis
1732 3254 1807 3294 apud
1831 3253 2088 3294 Wstmonasterium
2106 3252 2282 3284 duodecimo
2305 3251 2351 3283 die

1308 3304 1376 3324 unu.

1288 3293 1305 3334 J
1783 3334 1837 3362 Per
1853 3333 1945 3361 Breve
1963 3329 1996 3361 de
2011 3331 2131 3360 Privato
2145 3328 2246 3368 sigillo.

1541 3469 1591 3501 De
1610 3467 1685 3500 Stilo
1702 3467 1803 3513 Szgilli
1821 3468 1909 3512 Regis
1927 3461 2107 3497 innovando.

1295 3553 1487 3614 HEnricuf
1506 3575 1517 3591 ,
1542 3551 1600 3583 Dei
1650 3552 1703 3596 aria
1716 3576 1726 3590 ,
1749 3549 1937 3595 RextAngliae
1951 3570 1962 3587 ,
1986 3550 2082 3592 Heres
2096 3544 2134 3581 &⁴
2149 3546 2346 3590 Regem-Regni
2361 3554 2438 3587 Anu.
2455 3555 2500 3588 D·

1384 3595 1504 3621 Franctae
1515 3613 1525 3629 ‚
1536 3592 1583 3634 ¹&
1641 3600 1753 3621 ominus
1776 3590 1926 3633 Hibermae
1941 3609 1950 3624 ‚
1966 3585 2072 3616 dileeto
2087 3584 2156 3622 fibi,
2170 3585 2286 3613 Henrtco
2302 3587 2350 3614 So·
2383 3604 2473 3634 1420.

1294 3641 1366 3668 mer,
1385 3629 1563 3660 Cancellauo
1580 3629 1629 3659 suo
1645 3630 1681 3660 de
1693 3629 1844 3660 Scaccario
1854 3650 1863 3664 ‚
1878 3625 2032 3667 Salutem...
2129 3661 2134 3666 ι
2363 3638 2416 3662 An·
2432 3635 2460 3662 3·

1330 3669 1470 3698 Volumus
1488 3669 1521 3698 &
1539 3668 1620 3698 vobis
1635 3690 1644 3705 ,
1667 3668 1703 3698 de
1723 3666 1893 3698 avisamento
1906 3661 2032 3705 Concilii
2046 3659 2347 3705 nostri,·Mandam·us
2362 3676 2394 3700 H.
2436 3693 2443 3700 ,

1314 3707 1371 3737 uod
1392 3706 1451 3736 vilis
1466 3705 1666 3744 Praesentibus,
1685 3715 1753 3736 cum
1767 3704 1848 3735 omni
1861 3701 2049 3745 Festinanone
2065 3698 2205 3743 poffibill,
2221 3699 2258 3730 de
2276 3699 2348 3731 Stilo
2367 3713 2438 3740 Com,
2455 3709 2484 3738 dg

1307 3745 1381 3784 ‘igilli
1394 3744 1481 3774 nostri
1496 3745 1525 3773 in
1534 3743 1670 3774 Custodia
1683 3743 1772 3775 vestra
1785 3739 2030 3783 existentis,-hanc
2039 3737 2210 3769 Dustronem
2226 3738 2263 3776 (F
2264 3746 2353 3768 RAN-
2368 3750 2484 3777 femin,

1297 3791 1376 3818 elAE)
1395 3783 1496 3821 deleri,
1512 3783 1545 3813 ὃς
1560 3783 1628 3814 loco
1651 3782 1773 3820 ejusdem
1793 3779 1856 3810 istas
1868 3777 2020 3808 Diehones
2040 3776 2247 3821 (HaereshRegmj
2262 3779 2354 3820 prap-
2367 3787 2456 3815 sandi

1298 3826 1361 3866 ‘f'ae’
1378 3821 1424 3889 ἶΕΙ
1448 3814 2307 3891 &agg-313...-15333335,‚ffigggfflffinffiffln
2321 3815 2355 3844 ¹¹'
2369 3827 2431 3858 ²⁶³⁶·
2443 3825 2471 3852 '³'

1299 3861 1682 3937 ΙιυξέείῗὲΡΞ-ιῖῗὲζβίάοηὸἳῑξ
1691 3896 1788 3926 Glauce
1819 3880 1859 3937 ’ise
1870 3891 2000 3922 Custode
2017 3892 2128 3932 Angliae
2139 3892 2214 3937 apud
2231 3890 2359 3932 Wstmo-
2373 3868 2443 3893 SCM.

1304 3936 1449 3977 nasturium
1465 3935 1580 3969 decimo
1594 3944 1695 3974 quarto
1709 3934 1755 3965 die
1785 3941 1843 3964 unu
1851 3954 1861 3970 ‚
1880 3930 1968 3966 Anno
1981 3929 2078 3970 Regni
2095 3930 2186 3964 nostrl
2199 3930 2316 3967 octavo.

2283 4021 2366 4060 αρε
