2562 4274
790 143 912 199 ΕΤ

24 247 98 283 A‘nn.
112 245 154 278 D.
169 246 199 276 in
214 245 293 277 dieto
307 244 415 283 Regno
431 242 558 274 Franciae
572 234 730 280 redditum,⁷
737 243 840 282 expulsi
855 243 888 274 &
900 242 1067 274 exhaeredati
1080 243 1231 280 extiterint,

46 295 127 325 1415.

27 331 86 355 Hm.
102 334 130 363 5.

34 2601 55 2619 ⁴
69 2602 121 2630 IX.

34 2640 97 2668 282.

47 3502 124 3535 Ann.
137 3502 179 3534 D.
193 3492 250 3548 R

71 3549 157 3581 1415.

50 3584 103 3608 An.
121 3590 144 3617 3.

50 3623 85 3646 H.
101 3627 128 3653 5.

169 295 207 315 im
229 295 256 315 er
277 293 303 314 et
324 293 371 314 um

210 295 360 361 Ξερῑυιὲετ
380 306 450 358 iniis,
466 319 500 349 de
515 318 617 350 affensu
634 318 830 350 Dominorum
845 319 1032 357 Spiritualium
1047 321 1079 350 &
1094 319 1228 359 Tempo-

170 362 266 392 ralium
290 360 326 390 de
346 358 449 389 eodem
473 357 674 395 parliamento,
700 357 734 387 ad
757 357 983 395 Requisitioncm
1006 358 1226 388 Communitatis

172 399 329 442 praediffitae,
348 407 396 435 per
415 396 484 426 Nos
502 396 670 426 Ordinatum
684 397 820 433 extiterit,

214 436 307 475 Quod
327 445 428 465 omnes
451 434 637 465 Pofleffiones
651 434 827 464 Prioraruum
845 434 1091 473 Alienigenarum,
1110 434 1136 464 in
1154 443 1226 472 prae-

175 476 254 506 dicto
271 474 377 513 Regno
389 472 488 504 nostro
504 473 630 511 Angliae,
648 471 824 502 existentium
840 473 868 502 in
884 472 1018 502 Manibus
1034 472 1228 511 nostris,No-

176 515 217 544 bis
231 514 264 544 &
280 512 450 543 Haeredibus
464 512 564 542 nostris
578 520 751 541 remanerent
765 512 853 550 imper
875 520 990 549 etuum,

213 551 345 588 Exceptis
362 552 443 581 certis
458 549 672 580 Posseffionibus
686 549 842 587 hujusmodi
885 551 1039 579 rioratuum
1054 548 1229 587 Alienigena-

177 600 241 621 rum
265 591 294 619 in
316 589 448 627 praedidla
470 588 656 618 ordinatione
676 588 833 624 expressatis
855 588 887 618 ὃ(
912 587 1071 624 declaratis,
1096 598 1129 617 ac
1154 588 1230 617 salvis

178 628 286 665 semper
311 628 533 666 quibuscumque
558 626 650 664 Ligeis
676 626 774 656 nostris
788 650 798 665 ,
822 636 878 658 tam
904 626 1094 664 Spiritualibus
1111 648 1119 663 ,
1143 628 1229 664 quarn

177 666 209 697 T
211 667 412 704 emporalibus,
429 665 508 695 Statu
529 665 561 694 &
583 663 773 704 Pofl'eflione,
793 675 863 703 quos
876 665 923 704 ipsi
937 665 1039 695 adtunc
1054 666 1082 693 in
1095 666 1231 702 aliquibus

177 706 334 742 hujusmodi
352 702 570 734 Poffeffionibus
585 703 755 740 habuerunt,

213 744 300 773 Prout
315 752 362 781 per
377 742 594 772 Ordinationem
614 743 776 780 praedifflm
790 741 898 780 plenius
912 741 1013 778 poterit
1027 749 1174 777 apparere,

212 781 280 812 Nes
295 783 364 820 am,
383 781 419 811 de
433 780 530 811 Gratia
545 781 637 810 nostra
653 780 777 818 speciali,
795 779 1003 815 ConceffimuS,
1019 778 1124 808 dilersto
1139 777 1231 807 Cleri-

176 830 214 851 co
234 791 350 855 morito,
369 819 499 858 Johanni
521 818 677 859 Ikelyngton
699 818 865 848 Rectoriam
879 818 914 848 de
930 818 1061 855 Geyron,
1082 818 1111 845 in
1126 815 1232 846 Comi-

175 867 233 892 tatu
259 858 435 889 Norffolciae
457 868 524 888 cum
546 858 730 896 pertinentiis,
747 867 780 887 ac
802 856 957 887 Ecclesiam
979 854 1175 885 Parochialem
1196 855 1232 884 de

176 897 294 936 Geyton
308 897 469 937 praedidiam
480 920 489 935 ,
508 906 595 936 nuper
608 895 743 925 Prioratui
758 895 813 924 sive
829 894 942 923 Domui
955 893 990 923 de
1005 893 1112 923 Welles
1125 893 1231 924 Alieni-

173 945 254 975 genae
269 938 297 966 in
313 936 414 966 eodem
428 935 578 966 Comitatu
594 934 630 963 ab
642 935 760 970 antiquo
777 933 986 971 Apropriaram,
1005 941 1119 961 necnon
1134 932 1232 961 omni-

175 974 262 1004 moda
282 974 436 1013 Decimas,
452 973 632 1009 Oblationes,
656 971 873 1008 Obventiones,
891 969 1107 1008 Emolumenta,
1125 971 1159 1001 ὃ(
1180 970 1233 1000 alia

174 1011 305 1043 Proficua
323 1014 355 1044 &
372 1012 598 1043 Commoditates
616 1019 819 1048 quaecumque,
838 1010 871 1039 ad
887 1009 995 1039 easdem
1014 1008 1181 1038 Rastoriam
1197 1010 1229 1039 &

175 1051 330 1082 Ecclefiam
357 1051 534 1090 pertinentia,
553 1050 586 1079 &
611 1049 647 1078 de
669 1047 772 1078 eisdem
797 1057 915 1086 quoquo
937 1047 1026 1077 modo
1042 1047 1228 1084 imposterum

196 1098 367 1120 rovenicntra

175 1099 194 1130 p
213 1128 257 1158 Ac
279 1129 362 1158 etiam
375 1112 522 1165 ²quandam
542 1124 673 1155 Annuam
690 1124 859 1155 Pensionem
875 1123 992 1154 Decem
1007 1124 1039 1154 &
1055 1122 1135 1154 Oc'to
1150 1122 1231 1154 Mar-

172 1175 270 1196 carum
285 1166 320 1196 de
336 1166 443 1197 Vicaria
461 1165 495 1194 de
512 1163 650 1194 Moreton
661 1186 670 1201 ,

215 1205 343 1235 Necnon
358 1204 498 1241 quandam
514 1203 596 1232 aliam
615 1202 746 1231 Annuam
763 1201 931 1231 Penfionem
949 1200 1142 1238 Qatlraginta
1156 1199 1230 1229 Soli-

172 1243 275 1274 dorurn
289 1242 324 1273 de
339 1241 462 1272 Ecclesia
477 1241 511 1270 de
527 1241 642 1279 Alveley
659 1242 687 1270 in
703 1239 850 1270 Comitatu
866 1238 1000 1276 Eli'exiae,

209 1280 245 1311 Et
258 1280 397 1319 quandam
412 1280 492 1310 aliam
509 1279 642 1309 Annuam
658 1278 825 1308 Pensionem
840 1278 1033 1316 Quadraginta
1048 1275 1210 1306 Solidorum
1220 1298 1229 1312 ,

172 1318 208 1349 de
222 1318 346 1349 Ecclesia
356 1318 391 1348 de
407 1318 429 1348 F
432 1319 570 1349 ulbourne
583 1319 611 1347 in
623 1317 771 1347 Comitatu
785 1316 976 1354 Cantcbrigite
985 1338 994 1354 ,

209 1357 410 1388 provenientes
417 1380 426 1393 ,
612 1378 613 1381 η
955 1391 963 1396 <

206 1395 345 1426 Prioratui
358 1397 394 1426 de
412 1394 547 1426 Paunscid
557 1417 566 1432 ,
583 1395 613 1425 in
628 1393 731 1424 eodem
744 1392 890 1422 Comitatu
907 1391 1027 1422 Essexiae
1043 1391 1229 1428 Alienigenae,

174 1435 210 1465 ab
232 1437 347 1473 antiquo
368 1434 489 1465 limiliter
504 1435 667 1471 pertinentes
680 1434 714 1463 ὃς
729 1431 917 1469 appendentes
927 1453 936 1468 ,
1206 1467 1210 1472 ⁵

212 1473 340 1503 Necnon
365 1473 544 1503 omnimodas
565 1471 714 1508 Decimas,
732 1471 802 1500 infra
828 1468 956 1499 Villatam
977 1467 1012 1497 de
1033 1467 1120 1506 Seynt
1136 1466 1228 1497 Mane

173 1511 284 1541 Beiwes
298 1511 484 1549 imposterum
499 1511 714 1547 contingentes,
730 1510 759 1538 in
773 1508 911 1545 praedi&o
926 1507 1074 1536 Comitatu
1092 1506 1231 1543 Eflexiae,

175 1550 208 1581 ὅ(
223 1550 315 1579 eidem
331 1550 469 1580 Prioratui
484 1549 520 1578 de
532 1548 667 1578 Paunfeld
681 1547 801 1577 similiter
816 1546 1006 1583 Pertinentes,

210 1588 288 1626 Quae
308 1588 423 1626 quidem
448 1587 598 1623 Rectoria,
616 1586 760 1623 Ecclefia,
785 1584 953 1621 Penfiones,
979 1584 1012 1614 &
1035 1582 1168 1614 Decimae
1190 1582 1226 1614 de

168 1627 286 1663 antiquo
299 1626 411 1656 fuerunt
426 1625 556 1655 Parcellae
571 1623 780 1655 Poffeffionum
796 1623 921 1653 Abbatis
934 1620 972 1657 ὠ
985 1626 1139 1651 Conventus
1155 1625 1225 1651 San-

169 1665 207 1694 l‘t‘i
231 1663 360 1701 Stephani
380 1665 412 1694 de
435 1663 554 1693 Cadamo
573 1664 602 1692 in
624 1663 806 1693 Normannia
822 1661 1015 1698 Alienigenae‚
1034 1661 1066 1691 ὃ(
1081 1662 1110 1691 in
1130 1669 1229 1690 manus

170 1702 292 1732 Domini
307 1703 344 1732 E.
358 1712 446 1740 nuper
458 1705 534 1740 Regis
550 1700 679 1740 Angliae,
694 1700 798 1731 Proavi
814 1700 919 1737 nostri,
935 1700 1082 1730 occalione
1095 1699 1226 1736 Guerrae,

170 1742 242 1771 inter
264 1740 355 1778 ipsum
380 1740 523 1771 Proavurn
546 1740 673 1770 nostrum
697 1740 731 1769 δε
750 1739 812 1769 illos
832 1739 868 1769 de
884 1738 997 1768 Francia
1014 1747 1116 1775 motae,
1134 1738 1228 1767 seiiitae

170 1780 325 1817 eXtiterint,
349 1780 383 1810 δε
408 1779 506 1810 Nobis
525 1779 558 1809 δε
579 1778 749 1808 Haeredibus
768 1777 885 1815 nostris,
910 1778 1011 1807 virtute
1035 1776 1229 1807 Ordinationis

168 1818 329 1856 praedifftae,
347 1819 376 1847 in
392 1818 578 1848 Parliamento
593 1816 691 1847 nostro
707 1816 863 1856 praedidto,
882 1823 911 1845 ut
924 1815 1117 1855 praemittitur,
1131 1815 1229 1854 fafftae,

169 1865 312 1887 remanere
323 1855 471 1893 deberent,

207 1894 348 1925 Habenda
375 1895 407 1925 &
428 1894 569 1925 Tenenda
589 1894 682 1925 eidem
701 1893 831 1931 Johanni
843 1902 894 1930 pro
907 1891 1052 1922 Termino
1066 1891 1141 1922 Vitae
1153 1891 1230 1929 suae,

172 1933 273 1970 absque
291 1932 386 1971 aliquo
401 1932 499 1963 Nobis
514 1933 578 1963 inde
593 1933 753 1970 reddendo,
767 1931 956 1969 supportando
970 1932 1004 1960 &
1019 1930 1150 1960 faciendo
1165 1940 1232 1960 om-

172 1972 217 2001 nia
233 1971 344 2008 Onera,
361 1971 465 2003 eisdem
482 1970 647 2009 Reetoriae‚
666 1971 819 2007 Eccleliae,
837 1969 1029 2006 Penfionibus‚
1049 1969 1081 1999 &
1097 1969 1231 1999 Decimis

170 2011 383 2049 incumbentia,
398 2010 532 2049 quamdiu
546 2009 732 2048 Refimriam,
750 2008 923 2046 Ecclesiam,
941 2006 1108 2045 sturiones,
1123 2009 1155 2038 δε
1169 2006 1231 2038 De-

172 2049 261 2078 cimas
276 2049 333 2078 illas
347 2049 383 2078 fic
400 2049 525 2078 habuerit

208 2086 314 2125 Aliqua
328 2086 520 2126 Affignatione
530 2071 708 2118 i’rioratuum
716 2085 946 2124 Alienigenarum
956 2106 966 2122 ‚
979 2092 1025 2114 aut
1034 2083 1232 2115 Proficuorum

909 2132 961 2160 pro
978 2123 1112 2160 Expenfis
1127 2123 1232 2163 Hospi-

171 2125 205 2156 &
220 2125 436 2156 Reventionum
450 2125 629 2156 Prioratuum
644 2126 871 2164 Alienigenarum

763 2164 767 2168 ⁴
843 2163 850 2192 l
867 2146 1101 2192 Ordinationibus
1115 2163 1145 2192 in
1159 2172 1234 2193 con-

174 2165 206 2195 tii
232 2163 337 2202 nostri,
355 2164 411 2195 five
436 2164 573 2203 aliquibus
594 2164 649 2195 aliis
670 2164 782 2195 Statutis
805 2173 841 2194 ve

175 2203 289 2234 trarium
301 2203 380 2233 faeti-.-
390 2226 400 2241 ,

210 2241 268 2272 Aut
292 2251 328 2271 eo
344 2240 424 2279 quod
441 2240 477 2271 de
494 2240 596 2272 Valore
612 2240 779 2278 Rectoriae‚
804 2238 958 2276 Ecclesiae,
984 2238 1028 2268 seu
1043 2238 1233 2271 Decimarum

173 2279 390 2318 praedietarum,
408 2280 436 2309 in
451 2280 631 2317 praesentibus
647 2280 747 2310 Literis
764 2279 873 2308 mentio
886 2278 960 2307 faeta
976 2287 1036 2307 non
1053 2278 1161 2316 existit,

212 2318 270 2348 Aut
292 2327 328 2347 eo
346 2318 426 2355 quod
438 2317 570 2354 praedidta
588 2318 726 2348 Prioratus
742 2317 797 2347 sive
811 2316 927 2346 Domus
942 2314 987 2345 seu
1006 2316 1095 2353 aliqua
1109 2316 1233 2348 Parcella

173 2356 342 2386 eorumdem
361 2356 396 2385 de
418 2357 545 2393 Antiquo
563 2355 727 2387 Dominico
748 2355 876 2386 Coronae
891 2353 994 2384 nostrae
1007 2353 1124 2385 existant
1138 2355 1183 2385 vel
1197 2355 1235 2386 de

175 2394 276 2426 Nobis
288 2394 381 2434 aliquo
397 2395 487 2424 modo
502 2403 661 2432 teneantur,

214 2432 270 2463 Seu
291 2443 328 2462 eo
348 2433 427 2471 quod
451 2433 576 2469 praediffi
590 2432 730 2462 Prioratus
744 2432 800 2463 five
818 2431 932 2461 Domus
946 2430 991 2461 vel
1006 2431 1095 2470 aliqua
1111 2430 1235 2463 Parcella

176 2472 342 2502 eorumdem
365 2481 412 2511 per
437 2470 524 2509 Nos,
540 2480 587 2501 aut
606 2471 802 2510 Progenitores
826 2468 956 2507 nostros,
975 2470 1019 2499 seu
1039 2480 1087 2509 per
1109 2470 1232 2508 aliquam

173 2510 254 2540 aliam
270 2509 438 2547 Personam,
451 2509 562 2540 eisdem
580 2509 690 2539 Abbati
706 2509 744 2544 (ῤ’
760 2510 915 2538 conventui
929 2509 957 2538 in
973 2518 1073 2545 puram
1087 2508 1120 2538 ὃς
1135 2519 1235 2547 perpe-

175 2557 253 2579 tuam
270 2548 460 2579 Elemosmam
475 2549 531 2579 dati
548 2549 650 2578 fuerint
668 2548 713 2579 vel
724 2547 866 2587 assignati,
1223 2577 1226 2578 γ

177 2601 180 2602 ’
212 2590 228 2604 ²*
241 2586 300 2617 Aut
314 2597 350 2617 eo
365 2586 444 2625 quod
461 2586 599 2617 Prioratus
614 2587 670 2617 five
685 2586 800 2616 Domus
816 2587 943 2624 praeditsti
958 2586 1002 2617 vel
1018 2585 1106 2624 aliqua
1122 2584 1234 2616 Parcel-

173 2625 198 2656 la
217 2626 383 2657 eorumdem
408 2625 444 2661 de
466 2625 489 2655 F
492 2625 640 2656 undatione
654 2626 775 2664 ejusdem
790 2625 920 2655 Abbatiae
933 2626 1049 2655 existant
1064 2624 1108 2653 vel
1126 2624 1236 2662 existat,

175 2665 220 2733 gu
245 2665 378 2703 aliquibus
398 2664 453 2694 aliis
472 2664 585 2695 Statutis
605 2665 661 2695 sive
683 2663 932 2701 ordinationibus,
952 2665 980 2693 in
1004 2663 1179 2694 contrarium
1195 2662 1236 2693 fa-

208 2712 245 2739 rs,

214 2741 274 2771 Aut
297 2750 330 2771 ea
349 2740 427 2779 quod
449 2740 541 2771 ditibus
565 2739 707 2771 Prioratus
728 2740 784 2771 five
804 2739 920 2770 Domus
936 2748 982 2770 aut
1000 2739 1092 2776 aliqua
1112 2739 1236 2770 Parcella

176 2779 342 2810 eorumdem
358 2778 478 2818 praefatis
493 2778 604 2808 Abbati
620 2777 658 2813 ὠ
670 2782 831 2816 Conventus,
849 2778 882 2808 ad
899 2778 1006 2809 Divina
1021 2777 1167 2815 Oblequia
1181 2779 1235 2807 ibi-

176 2818 242 2848 dem
262 2818 404 2855 facienda,
423 2817 608 2855 celebranda,
626 2818 659 2848 &
673 2817 880 2854 continuanda,
899 2817 943 2846 seu
960 2817 994 2846 ad
1011 2815 1236 2853 Hospitalitatem

172 2866 222 2886 aut
245 2857 279 2886 ad
302 2856 351 2886 alra
371 2855 481 2885 Pietatis
503 2855 601 2893 Opera
621 2856 692 2885 inibi
711 2856 884 2886 sustentanda
906 2857 939 2887 ὃς
955 2854 1158 2894 supportanda,
1175 2855 1238 2886 data

174 2895 299 2932 fuerint,
319 2894 468 2931 concessa,
482 2894 526 2924 vel
543 2894 718 2932 assignanda,

217 2932 271 2962 Seu
296 2943 332 2963 eo
353 2933 432 2971 quod
457 2932 585 2972 praedidti
598 2932 741 2963 Prioratus
755 2932 810 2962 sive
825 2932 941 2962 Domus
957 2939 1003 2962 aut
1018 2932 1106 2968 aliqua
1119 2931 1241 2962 Parcella

179 2971 350 3001 eorumdem
369 2973 397 3001 in
412 2971 534 3009 Manus,
550 2970 682 3001 cariffimi
697 2970 819 3000 Domini
835 2971 867 3001 ὃ(
883 2972 979 3000 Patris
997 2969 1090 3008 nostri,
1109 2979 1155 3000 aut
1169 2970 1242 3000 Pro-

180 3009 346 3044 genitorum
365 3010 410 3039 vel
430 3009 672 3041 Praedecefforum
693 3008 825 3046 suorum,
842 3009 989 3039 occafione
1005 3007 1125 3038 Guerrae
1139 3009 1242 3046 praedi-

179 3047 238 3076 ibe
248 3068 258 3083 ,
274 3047 353 3077 ‘seifiti
368 3048 497 3086 fuerunt,
513 3056 559 3078 aut
579 3047 797 3086 quomodolibet
817 3047 895 3077 seiliri
905 3047 1078 3083 debuerunt,

219 3084 278 3115 Aut
301 3085 357 3114 aliis
381 3085 477 3116 Cauiis
494 3087 540 3117 seu
553 3086 763 3118 vOccafionibus
780 3086 1005 3124 quibuscumque
1024 3094 1084 3116 non
1102 3084 1241 3115 obstanti-

185 3124 253 3192 bulsn
273 3161 369 3198 cujus,
387 3161 448 3192 &c.

236 3198 326 3230 Teste
342 3199 424 3239 Rege
437 3199 509 3239 apud
526 3200 944 3241 Wstmonasterium‚vicefimo
959 3201 1061 3239 quinto
1080 3198 1126 3230 die
1137 3198 1226 3238 Junii.

804 3279 858 3307 Per
874 3277 956 3316 ipsum
974 3279 1079 3314 Regem.

187 3405 237 3438 De
262 3399 450 3449 deliberando
469 3403 609 3435 Fratrem
625 3399 799 3448 Johannem
817 3399 977 3434 Mathcwe
996 3412 1083 3434 extra
1099 3404 1238 3434 Turrim.

252 3487 339 3526 EX,
357 3486 577 3518 Constabulario
597 3486 697 3517 Turris
717 3485 821 3517 nostrae
841 3485 1017 3528 Londoniae,
1034 3487 1080 3518 vel
1103 3487 1160 3525 ejus
1182 3486 1242 3516 Lo-

179 3547 186 3552 ·
271 3527 444 3558 cumtenenti
461 3525 566 3556 ibidem
576 3547 585 3562 ,
599 3525 733 3556 Salutem.

228 3564 402 3596 Mandamus
420 3565 501 3596 vobis
519 3563 599 3603 quod
620 3563 744 3594 Fratrem
758 3561 916 3601 Johannem
932 3562 1092 3600 Mathewe,
1112 3563 1243 3593 Canoni-

190 3614 261 3635 cum
274 3602 421 3635 Prioratus
436 3603 532 3634 Sancti
545 3602 681 3642 Johannis
696 3600 880 3640 Evangelistae
895 3601 930 3631 de
939 3600 1117 3642 Kermerdyn
1125 3602 1153 3631 in
1163 3601 1247 3631 Wal-

48 3657 135 3694 Claus.
157 3642 248 3694 §¹¹³³
266 3651 397 3680 captum,
414 3643 447 3673 &
470 3643 499 3671 in
518 3642 607 3671 Turri
626 3641 777 3679 praedicta,
795 3640 844 3670 sub
869 3639 1007 3670 Custodia
1028 3640 1134 3678 vestra,
1151 3639 1247 3669 deten-

53 3699 86 3721 H.
102 3704 130 3730 5·

45 3742 82 3759 m.
101 3742 144 3762 22.

193 3689 273 3719 tum,
292 3689 321 3710 ut
343 3681 462 3724 dieitur,
481 3679 585 3724 dileeto
607 3680 706 3724 Nobis
725 3681 754 3709 in
778 3676 910 3715 Christo,
926 3678 1039 3721 Abbati
1054 3680 1086 3708 de
1109 3677 1245 3722 Walthfzm

193 3719 306 3763 Sanetae
325 3718 444 3762 Crucis,
462 3719 496 3749 ad
517 3719 607 3763 ipsum
629 3729 659 3762 in
673 3717 776 3748 Domo
787 3717 831 3760 sna
845 3716 994 3760 praedfflia,
1011 3717 1155 3762 quousque
1171 3716 1245 3746 aliud

191 3757 206 3786 ὲ
222 3756 464 3829 Νὼᾚρὲἶιῗὲω
480 3753 1046 3826 Βεὲιὲἓ’3ξίἳῗέῃῗὼὲἓῖἷιξέἓέἷέἓῖζῖἒὲδ’
1063 3755 1138 3786 ¹²¹V⁶
1155 3754 1188 3785 ἃ
1204 3755 1246 3785 se-

192 3804 316 3862 cu'xfesllit
333 3805 418 3872 {elge
435 3805 508 3873 affici
524 3807 647 3875 Itisyntonzi
665 3819 800 3865 vicesimo
817 3831 892 3862 sexto
908 3829 953 3861 die
966 3816 1056 3868 Junii.

861 3908 915 3937 Per
929 3905 1011 3945 ipficm
1027 3908 1130 3945 Regem.

987 157 1249 197 ACTA

1284 3297 1408 3353 REX
1429 3297 1592 3334 Omnibus,
1611 3295 1645 3326 ad
1664 3305 1753 3334 quos,
1770 3295 1830 3326 &c.
1844 3293 1978 3325 Salutem.

1336 157 1808 200 PUBLICA.
2246 177 2323 217 135

2320 245 2403 287 Ann.
2419 246 2461 278 D.

2351 292 2436 324 1415.

2329 328 2392 351 Heu.
2409 332 2436 359 5.

1385 333 1435 364 De
1459 330 1642 364 conducendo
1652 332 1794 377 filemnes
1810 331 2040 376 Ambaffiatores
2054 336 2194 368 Franciae.

1270 415 1392 484 RES}
1411 415 1558 447 Univerfis
1580 416 1612 448 &
1633 417 1749 456 singulisj
1770 418 2027 457 Locatenentibus,
2053 419 2211 451 Admirallis
2223 443 2234 458 ,
2254 421 2379 451 &c‚An.
2400 422 2427 456 3ss

1367 465 1380 484 a
1393 464 1477 485 utem.
2330 461 2363 484 H.
2401 479 2406 485 ,

1265 490 1400 535 &Sciatis
1420 491 1498 532 quod
1522 491 1589 522 Nos
1609 493 1774 532 suscepimus
1786 494 1838 530 &,
1853 503 1901 530 per
1926 493 2092 533 Praesentes,
2110 495 2270 535 suscipimus
2287 498 2315 527 in
2332 466 2420 523 Frage.
2435 502 2463 533 3ss

1265 527 1370 573 salvum
1390 531 1423 561 &
1448 531 1575 563 securum
1598 530 1785 562 ConduClum
1810 532 1936 561 nostrum
1950 555 1958 570 ,
1983 543 2016 563 ac
2037 535 2064 563 in
2086 533 2315 574 Proteetionem,
2330 539 2363 562 H·
2380 542 2408 567 5-

1266 566 1455 606 Tuitionem‚
1479 570 1511 600 &
1539 569 1743 599 Defenfionem
1768 569 1873 599 nostras
1900 570 2041 608 speciales,
2066 570 2264 604 Reverendum
2288 575 2316 604 in
2329 583 2365 601 m.
2382 580 2426 606 17·

1269 603 1386 647 Christo
1402 607 1530 646 Patrem,
1549 607 1731 637 Guillielmum
1747 607 1972 646 Archiepfiopurri
1991 610 2211 650 Bitturicenfim‚
2232 611 2316 642 Con-

1269 644 1397 675 siliarium
1420 645 1589 685 Adversarii
1610 646 1690 685 nostri
1711 649 1846 683 Franciae,
1862 648 1995 684 tuumque
2009 647 2149 678 solennem
2167 650 2319 680 Ambaxia-

1269 689 1362 724 torem
1375 683 1407 713 δε
1424 684 1576 715 Nuncium
1594 684 1759 722 specialem,
1775 685 1808 715 ad
1822 683 1947 714 nostram
1961 684 2135 715 Praesentiam
2147 710 2155 724 ,
2173 697 2225 726 pro
2241 697 2318 728 parte

1269 720 1349 762 ipsius
1369 721 1526 764 Adversarii
1552 722 1658 761 nostri,
1673 723 1712 753 ob
1733 732 1820 753 certas
1839 722 1940 753 Causas
1958 723 1992 754 &
2013 722 2162 762 MateriaS,
2187 735 2317 757 reveren-

1269 765 1338 787 t1am
1358 758 1415 788 Dei
1428 762 1460 791 ὃς
1479 761 1657 791 evitationem
1671 761 1811 791 effusionis
1823 760 1967 800 Sanguinis
1980 759 2109 791 Humani
2124 766 2233 794 notorie
2247 775 2319 796 con-

1269 805 1427 834 cernentes,
1443 799 1473 827 in
1493 799 1572 828 brevi
1591 798 1804 836 destinandum,
1820 809 1886 829 cum
1907 799 2054 836 Sexaginta
2071 799 2212 839 Personis,
2229 803 2316 841 cujus-

1269 843 1395 872 cumque
1418 835 1528 874 Statfis,
1551 836 1701 875 Nationis,
1726 845 1772 868 aut
1792 836 1973 868 Conditionis
1991 836 2127 874 existant,
2141 838 2321 876 Equestribus

1269 873 1312 903 vel
1337 872 1530 913 Pedestribus,
1547 876 1576 905 in
1593 874 1740 906 Comitiva
1755 875 1799 905 sua
1809 898 1818 913 ,
1834 875 1956 905 Armatis
1970 875 2014 905 vel
2029 885 2088 905 non
2102 876 2240 914 Armatis,
2255 879 2319 908 insi-

1270 912 1329 941 mul
1348 913 1392 943 vel
1416 922 1465 952 per
1487 921 1590 952 parteS,
1607 923 1660 952 pro
1681 914 1837 951 veniendo,
1854 922 1912 944 tam
1934 923 1983 950 per
2010 913 2151 951 Terram,
2166 915 2253 953 quarn
2271 925 2319 953 per

1271 949 1370 994 Mare,
1389 951 1491 990 libere,
1509 960 1584 991 tute,
1601 953 1634 983 ὃς
1648 951 1744 983 secure
1757 962 1807 989 per
1820 961 1918 983 omnes
1931 951 2082 989 Civitates,
2100 952 2195 990 Villas,
2212 952 2323 993 Castra,

1268 989 1300 1019 &
1316 989 1366 1020 alia
1384 989 1462 1021 Loca
1476 990 1569 1022 nostra
1581 1000 1788 1030 quaecumque,
1805 999 1861 1020 tam
1877 990 1972 1029 Regni
1989 990 2074 1020 nostri
2088 991 2216 1030 Angliae,
2233 993 2320 1030 quam

1266 1028 1331 1057 alibi
1349 1028 1460 1059 Ditioni
1474 1028 1580 1059 nostrae
1593 1030 1714 1067 subjeeta
1725 1051 1734 1067 ,
1753 1029 1928 1067 ubicumque
1942 1029 2004 1066 fint,
2022 1038 2092 1059 cum
2108 1039 2207 1061 eorum
2223 1029 2322 1068 Equis,

1268 1066 1427 1106 Hernesiis,
1451 1067 1551 1106 Bonis,
1570 1067 1665 1106 Auro,
1687 1068 1726 1098 Ar
1747 1067 2004 1105 ento,Jocalibus,
2023 1066 2131 1106 Libris,
2149 1068 2183 1098 &
2207 1067 2322 1099 Catallis

1267 1104 1318 1135 suis
1331 1106 1572 1144 quibuscumque,
1587 1116 1700 1137 necnon
1752 1106 1864 1144 avigiis,
1882 1105 2004 1143 Nautis,
2022 1104 2195 1144 Marinariis,
2212 1105 2322 1138 Merci-

1268 1145 1385 1181 moniis,
1412 1145 1615 1183 Apparatibus‚
1639 1147 1673 1175 &
1699 1145 1932 1183 Applicamentis,
1957 1145 1991 1175 δε
2015 1142 2167 1175 Officiariis
2190 1144 2321 1176 Navium

1267 1182 1376 1212 suarum
1387 1206 1396 1220 ,
1413 1183 1449 1212 ad
1462 1182 1712 1214 Transfretandum
1728 1184 1758 1212 in
1771 1182 1905 1222 Regnum
1916 1182 2048 1214 nostrum
2063 1182 2191 1222 Angliae,
2208 1184 2241 1215 &
2254 1183 2321 1215 inde

1267 1221 1296 1250 in
1317 1220 1339 1248 F
1341 1221 1463 1251 ranciam
1480 1221 1661 1258 revertendo,

1310 1258 1346 1289 Et
1370 1258 1436 1288 ideo
1455 1260 1551 1296 vobis,
1569 1259 1602 1289 δε
1617 1258 1745 1288 vestrum
1760 1259 1895 1298 cuilibet,
1915 1267 1999 1297 prout
2013 1258 2046 1290 ad
2061 1269 2127 1290 eum
2144 1260 2320 1297 pertinuerit,

1270 1295 1389 1327 Tenore
1410 1295 1610 1333 Praesentium,
1635 1296 1820 1333 Praecipimus
1841 1299 1874 1329 &
1895 1297 2082 1335 Mandamus,
2100 1298 2253 1329 distrifflus
2273 1297 2322 1328 ln-

1269 1335 1433 1377 jungentes,
1454 1337 1580 1374 quatinus
1594 1335 1783 1372 supradictum
1795 1335 1974 1365 Guillielmum
1988 1336 2237 1376 Archiepifiopum,
2254 1345 2327 1376 prae-

1269 1376 1357 1403 lentes
1374 1373 1478 1404 Literas
1492 1373 1616 1411 nostras,
1631 1373 1676 1404 vel
1693 1374 1812 1403 Vidimus
1825 1375 1990 1411 earumdem,
2008 1374 2057 1404 sub
2070 1375 2166 1414 Sigillo
2178 1376 2323 1406 autentico

1269 1411 1428 1450 conferstas,
1446 1413 1527 1442 vobis
1543 1412 1744 1450 exhibentem,
1770 1421 1839 1443 cum
1857 1412 1907 1441 illis
1928 1412 1965 1442 de
1987 1412 2030 1442 sua
2052 1413 2220 1452 Comitiva,
2236 1413 2321 1451 usque

1266 1451 1300 1481 ad
1325 1450 1492 1481 Numerum
1512 1450 1715 1488 supradictum,
1736 1450 1857 1481 Armatis
1877 1449 1921 1480 vel
1935 1460 1994 1480 non
2013 1451 2151 1490 Armatis,
2167 1451 2228 1486 &c.
2243 1458 2274 1481 ut
2290 1455 2320 1481 in

1269 1488 1418 1528 hujufinodi
1432 1491 1465 1520 de
1476 1490 1615 1519 conduclu
1633 1492 1748 1519 Literis.

1305 1528 1339 1558 ln
1354 1536 1476 1567 quorum
1495 1529 1627 1558 omnium
1643 1527 1860 1558 Testimonium
1876 1525 1943 1564 ipsas
1957 1525 2063 1557 nostras
2078 1526 2225 1565 praesentes
2243 1526 2321 1559 Lite-

1268 1576 1309 1597 ras
1327 1565 1385 1596 fieri
1404 1566 1523 1596 fecimus
1538 1566 1681 1604 Patentes,
1697 1566 1731 1597 &
1747 1565 1834 1604 Sigilli
1853 1564 1941 1594 nostri
1960 1566 2119 1595 munimine
2133 1566 2267 1595 roborari.

1306 1604 1374 1636 Dat.
1388 1605 1462 1643 apud
1475 1607 1629 1635 Civitatum
1645 1603 1761 1643 nostram
1774 1607 1810 1632 W
1804 1609 1901 1643 ynton.
1915 1604 2052 1635 vicesimo
2066 1613 2147 1634 nono
2164 1604 2210 1634 die
2221 1603 2308 1642 Junii.

1932 1682 1987 1710 Per
2000 1680 2082 1720 ipfiem
2093 1683 2198 1719 Regem.

2347 1757 2362 1774 ¹*
2381 1758 2433 1785 lx.

1274 1759 1289 1776 *
1310 1757 1480 1790 Consimiles
1502 1757 1609 1790 Literas
1632 1756 1722 1803 Regis
1744 1758 1780 1788 de
1800 1758 1875 1790 {alvo
1891 1756 2049 1789 Conduecu
2066 1757 2170 1788 habent
2185 1755 2326 1795 subscripti
2346 1796 2396 1834 283

1308 1796 1505 1867 indclllomitiva
1519 1797 1579 1836 sua,
1597 1806 1645 1836 per
1659 1797 1736 1828 idem
1752 1805 1862 1838 tempus
1876 1795 2034 1834 duraturas,
2051 1796 2101 1826 sub
2118 1795 2217 1828 eadem
2233 1794 2328 1833 Data,

1309 1846 1338 1867 vi
1359 1847 1374 1867 e
1395 1844 1459 1874 cet,

1311 1911 1501 1981 P'·Episs⁰p¹s“
1518 1913 1673 1983 Lexgcvien.
1693 1910 1888 1950 Confiliarius,
1903 1910 1962 1947 &c.
1983 1917 2015 1941 ut
2022 1909 2128 1950 fhpra,
2144 1920 2214 1943 cum
2230 1911 2327 1949 Qun·

1294 1960 1327 1980 ua
1349 1958 1404 1980 ruta
1442 1961 1470 1981 er
1481 1960 1544 1981 onis
1614 1961 1640 1981 c.

1273 1959 1292 1988 q
1313 1959 1473 2019 ligodowicus
1488 1974 1579 2019 comer
1600 1988 1772 2019 Vindocinen.
1796 1987 1919 2027 Magnus
1939 1986 2074 2027 Magister
2093 1986 2226 2025 Domus,
2245 1985 2328 2017 Con-

1272 2026 1435 2067 sanguineus
1458 2029 1491 2059 &
1511 2025 1691 2058 Confiliarius
1709 2026 1894 2066 Adversirii,
1913 2025 1972 2062 (ἔφα.
1995 2033 2027 2055 ut
2042 2025 2144 2065 fiepra,
2163 2035 2232 2057 curn
2247 2025 2328 2056 Cen-

1272 2075 1334 2096 tum
1350 2066 1383 2096 &
1403 2065 1596 2105 Quadraginta
1610 2065 1758 2104 Personis,
1774 2066 1835 2096 δίε.

1311 2102 1432 2134 Karalus
1450 2107 1581 2134 Dominus
1597 2105 1629 2134 de
1647 2107 1755 2134 Turiaso
1771 2103 1856 2135 Miles
1870 2102 2073 2135 Cambellarius
2086 2103 2119 2134 &
2131 2101 2328 2140 Consiliarius,

1272 2144 1334 2175 &c.
1349 2153 1415 2174 cum
1429 2143 1577 2182 Sexaginta
1589 2143 1730 2180 Personis,
1750 2143 1811 2173 &c.

1312 2183 1468 2221 Braquetus
1484 2185 1616 2212 Dominus
1637 2182 1669 2211 de
1690 2185 1874 2223 Braquemont
1897 2179 2000 2219 Mile8‚
2018 2178 2079 2215 &a
2102 2186 2134 2210 ut
2143 2178 2241 2219 fiaepra,
2259 2187 2329 2210 curn

1275 2220 1407 2258 Triginta
1423 2219 1567 2258 Personis,
1585 2221 1645 2251 &c.

1313 2257 1452 2297 Magister
1474 2257 1620 2297 Johannes
1645 2257 1760 2288 Andree
1782 2256 1961 2288 Confiliarius
1979 2257 2013 2287 &
2031 2256 2198 2288 Secretarius
2212 2255 2330 2286 Adver-

1269 2296 1342 2336 fizrii
1352 2300 1431 2334 Regis
1445 2299 1566 2326 Franciae
1577 2319 1586 2334 ,
1604 2297 1665 2328 &c.
1680 2306 1750 2327 cum
1762 2295 1875 2326 Decem
1889 2295 2035 2333 Personis,
2054 2296 2114 2326 &c.

1277 2334 1453 2405 &Magister
1471 2337 1604 2366 Gouterus
1625 2333 1711 2373 Colli,
1724 2332 1784 2369 ἀι.
1806 2339 1837 2364 ut
1849 2331 1952 2375 snpra,
1969 2342 2039 2364 cum
2061 2333 2176 2365 Decem
2189 2331 2331 2373 Personis,

1313 2383 1338 2404 c.

1629 2502 1687 2532 Pro
1708 2501 1819 2546 Regina
1829 2524 1839 2541 ‚
1860 2499 1978 2532 Matre.

1276 2584 1394 2641 REX
1410 2584 1571 2623 Omnibus,
1588 2584 1622 2615 ad
1636 2593 1722 2623 quos,
1740 2584 1800 2615 &c.
1817 2582 1950 2613 Salutem.

1384 2624 1480 2654 Sciatis
1497 2624 1595 2662 quod,
1612 2623 1657 2660 (de
1672 2621 1770 2652 Gratia
1782 2621 1876 2652 nostra
1888 2620 2008 2659 speciali)
2019 2619 2217 2650 Conceffimus
2233 2620 2266 2650 &
2283 2619 2332 2650 Li·
2352 2589 2430 2620 Am*
2444 2589 2486 2619 D'

1344 2663 1349 2668 ,
1482 2662 1487 2668 ,
1638 2662 1641 2666 ,
1830 2661 1834 2666 ,
2194 2662 2197 2666 ,
2376 2636 2460 2667 1415.

1276 2671 1396 2693 centiam
1412 2661 1569 2698 Dedimus,
1587 2660 1733 2692 cariffimae
1748 2660 1836 2690 Matri
1850 2660 1962 2697 nostrae‚
1978 2658 2119 2696 Johannae
2132 2661 2239 2696 Regmae
2254 2662 2331 2695 Ang.
2353 2671 2405 2694 An.
2424 2677 2448 2703 3,

1276 2701 1355 2737 quod
1369 2701 1440 2741 ipsa,
1457 2710 1524 2731 cum
1546 2700 1738 2737 Hominibus,
1755 2699 1961 2736 Servientibus,
1977 2698 2010 2728 δε
2026 2697 2164 2727 Ministris
2176 2697 2243 2734 suis,
2262 2698 2332 2727 infra
2350 2710 2384 2732 H.
2403 2714 2432 2739 5,

1276 2738 1376 2772 Castra
1390 2739 1483 2769 nostra
1497 2738 1533 2769 de
1541 2738 1727 2777 Wyndesore,
1742 2735 1950 2777 Walyngford,
1961 2734 2230 2774 Berkhamstede,&
2247 2735 2335 2766 Hert·
2355 2748 2413 2772 Par.
2433 2753 2462 2779 3,

1275 2778 1361 2818 ford,
1377 2778 1421 2809 vel
1440 2787 1530 2808 unum
1543 2786 1643 2808 eorum
1654 2776 1731 2815 quod
1747 2775 1813 2814 fibi,
1831 2784 1886 2813 pro
1900 2774 2072 2806 avisamento
2086 2774 2152 2812 suo,
2169 2774 2279 2804 meilius
2291 2775 2334 2804 vi·
2359 2786 2392 2810 H.
2410 2791 2437 2816 5,

1277 2817 1373 2847 deatur
1391 2817 1569 2855 eligendum,
1587 2815 1657 2846 dum
1678 2815 1707 2844 in
1725 2814 1852 2853 praesenti
1865 2812 1966 2853 Viagio
1978 2812 2094 2850 nostro,
2111 2812 2178 2843 Deo
2192 2813 2289 2848 dante,
2307 2813 2335 2841 in
2354 2828 2377 2857 p,
2402 2829 2425 2847 1,

1278 2857 1398 2894 partibus
1424 2855 1607 2885 ultramarinis
1636 2852 1756 2882 Moram
1785 2853 1946 2882 traxerimus
1958 2873 1968 2888 ,
2003 2851 2079 2881 licite
2101 2852 2206 2881 morari
2236 2850 2337 2889 possit,
2355 2869 2391 2887 m,
2421 2866 2444 2884 1,

1280 2896 1380 2933 absque
1396 2893 1601 2930 impedimento
1615 2891 1719 2929 nostri,
1734 2898 1781 2922 aut
1796 2889 2094 2927 Constabulariorum,
2112 2888 2336 2927 Officiariorum‚

1281 2933 1327 2964 seu
1342 2931 1543 2962 Ministrorum
1555 2929 1717 2961 nostrorum
1734 2937 1990 2967 quorumcumque.

1317 2971 1447 3041 In‘fgilnes
1455 2971 1543 3047 Ῐζέἓὲ
1550 3006 1624 3047 apud
1639 3010 1675 3035 W
1670 3007 1815 3048 yntoniam
1825 3004 1983 3036 Tricefimo
1993 3004 2041 3036 die
2050 3004 2143 3043 Junii.

1912 3082 1966 3111 Per
1980 3080 2064 3120 ipſstm
2078 3083 2183 3119 Regem.

1483 3210 1533 3242 De
1547 3204 1715 3240 Traffando
1729 3217 1798 3238 cum
1817 3206 1926 3239 Omina
1943 3203 2140 3253 Glendourdy.

1398 3336 1495 3366 Sciatis
1508 3335 1586 3373 quod
1601 3334 1684 3372 Nos,
1898 3371 1903 3376 Ι
2007 3369 2013 3375 ¹
2095 3369 2100 3374 ρ
2161 3370 2166 3375 .
2316 3370 2322 3375 ·
2358 3303 2487 3380 Αέῗὲἐὶ

1318 3374 1367 3406 De
1390 3374 1535 3412 fidelitate,
1549 3371 1821 3409 circumspectione,
1842 3371 1875 3402 &
1896 3368 2047 3407 industria,
2073 3368 2169 3400 dileco
2192 3369 2225 3401 &
2249 3368 2335 3400 fidelis
2351 3384 2403 3408 An.
2422 3391 2447 3416 3·

1279 3413 1387 3451 nostri,
1404 3412 1521 3442 Gilbertr
1532 3411 1628 3443 Talbot
1642 3410 1776 3441 Chivaler
1788 3410 1896 3448 plenius
1907 3407 2081 3439 considentes
2090 3430 2100 3444 ,
2350 3424 2376 3447 H

1320 3451 1528 3482 Commisimus
1551 3451 1584 3481 ὃς
1604 3449 1796 3488 deputavimus
1816 3447 1905 3484 ipsum
1927 3445 2078 3476 Gilbertm
2091 3445 2125 3476 ad
2137 3445 2335 3476 Comunican-

1281 3490 1350 3520 dum
1376 3491 1409 3521 &
1432 3489 1626 3520 Tractandum
1648 3497 1716 3517 cum
1732 3489 1832 3516 Owino
1845 3484 2012 3525 Glendourdy
2028 3484 2063 3514 de
2076 3483 2181 3514 Wallia
2196 3483 2231 3515 de
2246 3484 2279 3515 &
2295 3483 2336 3513 su-

1282 3538 1331 3569 per
1347 3529 1427 3558 certis
1440 3527 1586 3564 Materiis‚
1605 3526 1722 3563 praefato
1734 3524 1855 3555 Gilberto
1867 3533 1915 3562 per
1930 3522 1998 3552 Nos
2015 3522 2163 3561 injunffis,

1318 3566 1354 3596 Et
1375 3575 1434 3596 tam
1458 3566 1492 3596 ad
1518 3565 1684 3602 praedictum
1704 3566 1832 3593 Owinum
1846 3585 1854 3599 ,
1877 3562 1962 3601 quarn
1987 3561 2054 3592 alios
2067 3561 2198 3591 Rebelles
2225 3557 2335 3589 nostros

1280 3604 1435 3635 Wallenses
1451 3627 1461 3643 ,
1491 3603 1526 3633 ad
1556 3602 1755 3633 Obedientiam
1784 3602 1818 3632 &
1846 3599 1956 3630 Gratias
1983 3598 2089 3630 nostras
2103 3622 2113 3636 ,
2137 3599 2156 3628 si
2177 3598 2203 3627 se
2227 3596 2260 3640 ad
2277 3606 2335 3640 'eas

1283 3644 1437 3681 petendum
1456 3641 1625 3681 optulerint,
1642 3641 1760 3671 nomine
1779 3637 1877 3670 nostro
1894 3637 2111 3670 Admittendum
2130 3637 2164 3668 &
2180 3635 2335 3672 Rec1p1en-

1280 3682 1351 3712 dum
2318 3702 2323 3707 ,

1320 3704 1369 3750 Et'
1377 3719 1428 3748 alia
1447 3718 1544 3748 omnia
1564 3718 1597 3748 ὃς
1618 3716 1722 3755 singula
1741 3715 1915 3746 Faciendum
1939 3715 1973 3745 δε
1987 3712 2203 3754 Exercendum,
2222 3720 2286 3749 quae
2305 3711 2336 3741 in

1281 3756 1430 3788 Praemiffis
1451 3757 1484 3787 ὃς
1504 3757 1580 3787 circa
1601 3765 1634 3787 ea
1656 3754 1806 3786 necessaria
1824 3754 1925 3785 fuerint
1945 3752 1989 3784 ieu
2008 3750 2227 3791 quomodolibet
2247 3758 2336 3787 opor-

1280 3805 1345 3828 tuna

1317 3818 1515 3865 Pr’omittentes
1531 3833 1600 3864 Nos
1612 3832 1740 3869 Ratum,
1754 3830 1889 3867 Gratum,
1905 3829 1939 3860 &
1955 3827 2082 3858 Firmum
2095 3825 2238 3869 'habituros
2254 3826 2337 3870 quic-

1281 3872 1349 3912 quid
1372 3871 1503 3912 praefatus
1526 3871 1661 3902 Gilbertux
1674 3871 1773 3902 fecerit
1786 3871 1815 3900 in
1828 3866 1994 3903 Praemiffis,
2009 3864 2053 3896 vel
2067 3864 2160 3904 aliquo
2175 3862 2337 3895 Praemiffo-

1278 3921 1351 3942 rum.

1319 3949 1602 4026 Iq'glilriusieggcapud
1616 3984 1737 4026 Castrum
1751 3985 1828 4020 Regis
1840 3981 1872 4013 de
1890 3978 2041 4019 Porchellre
2054 3978 2169 4017 Qinto
2184 3978 2230 4011 die
2239 3977 2258 4018 J
2260 3979 2316 4010 ulii.

2290 4056 2334 4083 De

2379 3428 2458 3491 isaia.
