2562 4274
137 105 193 141 60

0 180 64 211 4⁰¹¹-
79 177 121 209 D·
136 187 238 225 sonne,
253 186 376 224 ferions,
394 184 426 216 ὃς
440 183 498 214 fere
512 182 666 221 pourions,
684 182 704 212 fi
720 180 829 220 presens
844 180 877 211 &
892 189 928 210 en
941 177 1088 210 Personne
1103 182 1120 213 y
1131 167 1198 201 esti-

11 226 99 257 1414,
138 236 208 263 ons,
225 226 250 264 ja
265 224 315 256 soit
329 234 362 256 ce
378 234 412 262 qe
427 223 453 252 le
469 223 524 252 Cas
537 220 655 260 requeist
672 219 862 250 Mandement
876 218 936 256 plus
949 214 1081 256 especial‚
1099 251 1104 256 .

0 261 57 286 ΗΜ·
78 266 106 293 5-
176 264 215 294 Et
236 263 433 300 Prornettons‚
450 261 492 292 sur
514 259 701 298 l'Obligation
715 259 749 289 &
763 257 936 296 Ypotheque
951 255 987 286 de
1001 261 1061 284 noz
1075 250 1173 286 Boens,
1188 256 1205 277 a

660 80 1461 138 CONVENTIONES,
1535 78 1938 131 LITERAE,

1242 175 1297 199 reat
1307 191 1316 207 ‚
1334 169 1364 212 in
1388 169 1491 207 Locis,
1507 170 1541 200 &
1561 167 1722 205 Portubus,
1739 166 1788 198 ubi
1805 166 1897 204 magis
1909 162 2040 205 expedire
2055 161 2216 201 videbitur,
2233 161 2314 194 debi-
2330 161 2407 194 Ann.
2420 159 2463 195 D.

1242 209 1271 236 te
1288 217 1451 246 capiantur,
1467 209 1501 240 &
1516 206 1583 238 fiant
1598 216 1604 236 :
2348 209 2436 241 1414.

23 2357 39 2376 ὓ
48 2358 99 2387 [Χ.
107 2356 154 2393 87.

140 313 207 334 aver
230 303 263 333 δε
288 312 343 339 que
364 300 452 330 Nous
470 308 590 334 aurons,
616 297 774 337 Agreable,
797 297 905 334 ferme,
929 295 962 326 ὅ(
985 290 1099 323 Estable
1121 294 1205 322 tout,

141 351 273 383 quan-que
287 338 437 382 (ξε-(31101115
450 336 639 374 deffusdittes,
655 336 727 367 leurs
743 333 978 370 circumstances,
997 332 1030 362 &
1043 325 1207 395 depggdggi

141 390 193 448 32³3
206 378 338 454 ’ἕὲἑέἷὲῗ
347 378 565 446 efflares&
600 368 1127 451 11ἶ11ῗὲῗ1“1ἕῖἳ«ζ1ἷεὲῗ1ἷῗέἓ’”ῤ1ῗᾉς
1141 401 1210 446 ne-

143 457 249 498 sentes,
265 454 452 498 115101ον003
470 452 504 484 de
526 461 617 483 toutes
637 451 780 491 charges,
799 452 832 484 &
848 449 1018 487 obligations
1031 445 1066 474 de
1082 442 1209 473 Caution

146 492 451 570 &gaggssstlssrhbstm
473 529 563 560 soubz
576 528 670 559 nostre
684 528 745 559 Seel
753 550 763 566 ,
782 528 807 558 le
821 528 877 558 xiv.
891 526 961 565 Jour
974 522 1009 553 de
1024 518 1192 552 Decembre
1202 538 1212 554 ,

149 571 204 602 l'an
217 570 253 600 de
266 569 362 600 nostre
377 569 480 609 Regne
501 569 615 607 primer.

196 646 299 685 Ehan,
315 649 376 676 Duc
389 646 421 676 de
436 648 602 683 Bretaigne,
620 648 703 674 Conte
719 643 751 673 de
766 639 922 681 Montfort,
940 637 978 675 ἄν
993 639 1025 668 de
1041 634 1197 669 Richc’mon?
1205 653 1214 668 2

207 686 308 716 Savoir
323 686 433 716 Falsons
447 695 502 723 que
515 684 620 722 Nous,

188 723 327 755 Confians
341 734 356 754 a
371 724 442 766 plain
458 723 505 754 des
521 723 607 760 Sens,
624 721 751 758 sanante,
766 720 895 758 loyaute,
915 718 948 749 &
965 717 1062 748 bonne
1075 713 1214 751 dilige-nce

154 761 191 793 de
199 786 213 807 ⁹.
224 772 284 794 noz
305 764 370 795 bien
389 771 473 793 amez
493 762 526 792 &
549 761 639 792 feaulx
659 758 846 795 Conselllers,
863 759 956 796 Henry
977 757 1012 797 dia
1037 751 1105 784 Inch
1119 748 1215 782 nostre

153 800 289 833 Chtvaler
304 802 337 833 ὃ(
352 800 552 836 Cliambellan,
570 801 603 830 δε
619 799 731 829 Mestre
743 800 849 827 Pierres
867 796 898 824 de
913 792 1078 833 l’Honital,
1188 826 1193 832 .

189 840 317 879 Yceulx,
333 841 366 872 &
380 839 500 871 cbascun
514 838 606 869 d’eulz
620 848 667 876 par
684 837 748 876 soy,
766 837 800 867 &
815 843 886 873 pour
899 834 925 863 le
943 841 1024 870 tout,
1043 839 1132 861 avons
1146 827 1218 863 Fau,

153 877 290 918 Institue,
307 878 460 916 Ordenne,
479 879 512 909 &
527 876 651 915 Establi,
670 876 719 912 δε,
739 884 787 912 par
800 883 846 904 ces
859 871 1016 907 Presentes,
1033 869 1154 904 FaisonS,
1169 864 1216 896 In·

155 917 294 957 stituons,
313 918 345 948 &
363 915 565 955 Establiffons,
583 916 616 947 δε
640 913 814 945 Ordennons
829 920 888 942 noz
901 909 1090 945 Procureurs,
1109 907 1142 937 &
1156 913 1218 934 cer-

155 957 225 989 tains
241 957 384 996 Meffages
399 955 431 986 es
445 955 570 993 eciaulx‚

165 1031 168 1033 ,
195 996 226 1027 Ο
248 995 347 1026 Povair
368 994 403 1025 de
455 992 589 1024 emander
611 993 645 1023 &
665 990 806 1027 Requerir
827 998 842 1018 a
856 997 923 1018 aver
938 986 964 1017 la
980 981 1218 1017 Deliverance&

157 1033 280 1065 Rendue
300 1033 354 1064 dez
373 1031 513 1062 Veffeaux
526 1031 558 1061 δε
572 1029 684 1066 Navir,
703 1028 782 1060 Biens
797 1027 830 1057 &
845 1025 982 1061 Deniers,
1001 1024 1034 1055 ὃς
1049 1023 1104 1054 dez
1118 1020 1219 1056 Gens,

156 1073 282 1104 s’aucuns
295 1072 356 1102 sont
369 1071 509 1107 deoenuz,
524 1068 559 1099 dc
572 1067 668 1098 nostre
681 1066 754 1097 Paiis
765 1064 979 1102 d'Engleterre,
1088 1099 1092 1103 ²

196 1111 244 1140 De
266 1109 406 1146 Prendre,
425 1109 571 1144 Recever,
590 1108 623 1137 ὃ(
647 1107 786 1142 Accepter
807 1104 854 1134 lez
873 1102 928 1134 dits
949 1100 1048 1139 Gens,
1062 1098 1165 1136 Brem,
1185 1095 1219 1127 &

160 1148 318 1188 Vess'eaux,
333 1149 365 1179 &
382 1148 405 1177 la
420 1147 607 1178 Deliverance
620 1143 754 1181 d'iceulx,

195 1186 232 1218 Et
246 1187 300 1217 dez
313 1186 419 1216 Choses
435 1185 564 1216 Receues
578 1185 680 1222 Qiter
696 1183 728 1214 &
746 1182 867 1212 Donner
883 1179 1060 1218 Qittance,
1199 1213 1205 1217 -

197 1224 247 1256 De
269 1226 426 1265 Appointer
448 1225 490 1255 sur
511 1224 537 1254 le
550 1223 598 1254 fait
611 1221 723 1255 d'icelle
735 1220 908 1252 Delivrance
917 1241 928 1257 ,
946 1215 1127 1256 Composer,
1143 1221 1222 1252 paci-

161 1263 228 1302 fier,
245 1264 414 1303 Tranliger,
431 1263 462 1294 ὃς
480 1262 622 1300 Acorder,

199 1303 248 1335 De
277 1304 392 1342 Qitter
407 1327 416 1341 ,
448 1302 594 1333 Retnettre
618 1301 652 1332 ὅ(
673 1298 818 1330 Pardoner
831 1319 842 1336 ,
871 1305 945 1336 pour
968 1295 1001 1326 &
1022 1303 1059 1324 en
1079 1290 1166 1322 Nom
1185 1288 1222 1320 de

160 1341 250 1372 Nous
260 1365 268 1379 ,
284 1344 316 1373 ὃ(
331 1342 365 1372 de
381 1350 439 1372 noz
451 1342 578 1380 Subgiz,
592 1340 625 1370 ὃς
640 1338 676 1369 de
693 1338 850 1372 Procurer,
863 1335 1010 1374 Negocier
1024 1332 1056 1362 &
1080 1330 1164 1366 Fere,
1186 1328 1223 1359 de

163 1381 198 1412 &
215 1381 257 1410 sur
271 1381 316 1412 lez
330 1380 435 1411 Choses
447 1379 538 1410 demis
551 1378 632 1408 dittes
641 1400 650 1415 ,
667 1377 737 1407 leurs
750 1373 977 1406 circumstancet.
986 1395 995 1410 ,
1013 1371 1047 1401 ὃ(
1061 1367 1222 1408 dependan-

164 1429 236 1457 cez,
253 1428 350 1451 toutez
369 1419 408 1450 les
422 1417 531 1449 Choses
544 1417 577 1448 δε
592 1415 745 1452 clral'cune,
786 1424 821 1445 ue
836 1412 940 1448 Nous,
957 1420 994 1440 en
1009 1407 1105 1439 nostre
1121 1415 1224 1445 propre

164 1457 321 1496 Personne,
344 1458 447 1489 ferions
470 1457 502 1488 ἃ
524 1456 582 1486 fere
601 1456 751 1492 pourions,
782 1465 790 1482 1
832 1451 918 1482 resens
939 1450 972 1480 ὃ(
992 1458 1027 1478 en
1051 1445 1223 1484 Personney

165 1495 286 1534 estions·‚
303 1498 332 1536 ja
345 1497 407 1536 soyt
422 1506 456 1526 ce
469 1506 522 1534 que
538 1495 563 1524 le
577 1493 633 1524 Cas
649 1491 767 1531 requeist
780 1491 804 1520 lla
818 1489 971 1520 andement
983 1487 1043 1524 plus
1056 1485 1183 1525 especial,

201 1535 240 1566 Et
259 1536 458 1572 Promettons,
476 1538 517 1565 iur
535 1532 736 1572 l'Obligation,
753 1531 786 1560 ὅ(
807 1529 960 1566 Ypoteque
981 1525 1018 1555 de
1042 1534 1093 1554 nos
1113 1522 1196 1554 Biens
1209 1530 1224 1552 a

163 1583 247 1611 aver,
264 1575 297 1605 &
317 1584 371 1613 que
393 1573 480 1604 Nous
500 1582 619 1608 aurona,
643 1569 798 1609 Agreable,
816 1567 936 1602 Ferme,
957 1565 990 1596 δε
1013 1561 1126 1594 Estable
1145 1569 1225 1597 tout,

162 1622 237 1652 quan
259 1623 294 1644 ue
316 1624 343 1643 es
365 1612 467 1642 chol'cz
486 1610 670 1646 dcssm'dittes,
691 1609 762 1638 leurs
784 1604 1004 1637 circumstances
1018 1603 1051 1633 &
1066 1599 1226 1637 dependam

163 1650 594 1721 {3³2²sfissrffaassiss'z‘sssstssgfiss
608 1644 896 1722 ffiffir‘r'leffffit}
908 1640 1158 1710 ἶίῗῧῗέἐῗῗεὲἓ
1166 1646 1227 1714 ῗῖἕὲ

164 1713 415 1766 chascunDd‘e'ulx,
433 1738 467 1757 en
490 1728 527 1756 les
542 1727 679 1762 relevant,
697 1726 749 1761 δε,
767 1732 816 1766 par
841 1730 895 1751 cez
908 1718 1070 1762 Presentes,
1088 1718 1130 1747 les
1140 1715 1229 1760 Rele-

165 1777 238 1812 vons
256 1768 292 1799 de
313 1775 402 1798 toutes
424 1765 567 1805 charges,
591 1765 624 1796 δε
643 1763 827 1800 obligations
848 1759 884 1789 de
906 1757 1032 1789 Caution
1054 1757 1088 1788 &
1109 1754 1230 1786 Satisda-

164 1815 237 1839 uon.

202 1882 312 1914 Donne
332 1893 347 1914 a
367 1885 498 1913 Ancenix
507 1904 516 1919 ,
533 1880 623 1912 soubz
639 1877 734 1909 nostre
747 1876 830 1915 Seel,
843 1875 869 1907 le
882 1874 1011 1906 Disesrne
1022 1872 1095 1912 jour
1108 1869 1212 1903 d'Aust
1220 1893 1232 1910 ‚

163 1921 232 1954 1’An
247 1921 333 1960 Mill,
352 1921 557 1961 Qatrecents,
573 1919 606 1951 δε
621 1918 741 1948 Troize.

202 1998 291 2031 PRO
317 1998 640 2030 Rapitur-mna
664 2001 717 2024 ετ
737 1991 1092 2023 REFoRMATIONE
1120 1987 1233 2020 Artem-

165 2045 327 2077 ptatorum,
343 2047 400 2068 tam
422 2047 469 2076 per
493 2036 635 2072 Terram,
650 2041 737 2072 quarn
751 2041 801 2070 per
818 2029 918 2068 Mare,
936 2038 987 2069 per
1002 2027 1139 2061 Subditos
1152 2027 1234 2057 unius

167 2077 256 2108 Partis
278 2077 356 2115 super
379 2076 412 2107 &
427 2084 527 2106 contra
543 2073 676 2105 Subditos
691 2070 815 2108 alterius,
829 2077 929 2100 contra
945 2068 1024 2104 vim,
1039 2066 1182 2104 formam,
1199 2065 1233 2097 &

168 2114 310 2148 effectum
330 2115 526 2154 Treugarum,

206 2154 298 2194 Inter,
317 2154 422 2184 inclit-:e
442 2151 606 2189 memoriae,
624 2148 790 2186 Principem
808 2149 957 2176 Hearicum
981 2143 1124 2187 Quartum
1140 2151 1230 2180 nuper

169 2194 266 2231 Regem
286 2191 398 2231 Angliae
410 2215 418 2229 ,
443 2192 480 2222 de
501 2190 569 2221 Dat.
589 2188 728 2219 vicelimo
749 2188 843 2225 primo
865 2184 909 2215 die
925 2183 1031 2214 Menlis
1045 2181 1234 2219 Decembris,

170 2232 260 2263 Anno
282 2231 377 2271 Regni
399 2231 437 2261 sui
459 2230 564 2261 Tertio
587 2227 702 2259 decimo
716 2248 726 2262 ,
748 2225 782 2256 &
804 2221 1024 2254 Illustriffimum
1046 2221 1236 2259 Principem,

170 2270 328 2310 Johannem
345 2273 443 2300 Ducem
459 2270 633 2304 Britanniae,
650 2267 779 2295 Comitem
794 2260 1000 2299 Alontisfortir,

214 2310 252 2341 Et
267 2309 381 2340 aliarum
397 2308 595 2346 Treugarum,
938 2338 944 2344 .

212 2349 343 2387 *Nuper
363 2349 450 2384 inter,
469 2343 682 2377 Sereniffimum
705 2343 734 2372 in
759 2338 878 2371 Christo
897 2338 1064 2376 Principem
1081 2338 1115 2369 ὃς
1128 2335 1239 2367 Domi-

173 2399 243 2421 num
259 2387 405 2423 nostrum,
424 2388 586 2421 Hmrimm,
606 2381 663 2412 Dei
684 2379 790 2418 gratia,
805 2382 901 2416 Regem
916 2376 1029 2414 Angliae
1043 2375 1080 2410 &
1097 2378 1237 2415 Franciae,

175 2427 213 2463 ὠ
230 2429 373 2458 Dominum
389 2424 529 2455 Hibernia:
546 2419 715 2452 modernum
725 2442 734 2456 ,
752 2418 784 2448 &
801 2417 951 2455 praefatum
964 2418 1110 2445 Dominum
1124 2417 1238 2453 Ducem,

176 2466 212 2497 de
228 2465 285 2496 Dat
295 2464 410 2494 .Tertio
424 2463 468 2494 die
481 2461 618 2501 januarii,
630 2458 717 2489 Anno
730 2456 812 2495 ipsius
826 2455 950 2487 Domini
965 2453 1054 2484 nostri
1069 2453 1157 2492 Regis
1173 2463 1238 2484 mo-

176 2505 256 2537 derni
291 2504 363 2532 rimo

217 2514 289 2573 Aliae
303 2525 431 2570 initarum
446 2540 478 2570 δε
495 2538 684 2573 firmatarum,
701 2534 734 2566 &
749 2533 842 2564 adhuc
859 2530 1060 2570 pendentium,

210 2579 371 2618 specialiter
388 2578 561 2617 Deputatos,

214 2620 246 2650 T
256 2628 272 2648 r:
284 2627 326 2648 §T
336 2628 353 2647 A
363 2625 417 2646 TU
430 2625 452 2646 R
472 2615 568 2653 quod,
585 2613 619 2644 ad
643 2609 873 2643 Satisfaciendum
896 2607 1041 2650 QereliS,
1061 2607 1094 2637 &
1110 2605 1240 2636 Deman-
1287 2615 1292 2618 ·

177 2659 221 2690 dis
240 2657 384 2696 ipsorum,
400 2656 446 2693 qui
467 2663 565 2684 contra
587 2654 664 2688 vim,
678 2650 820 2687 formam,
845 2650 878 2678 &
897 2648 1033 2676 enectum
1053 2645 1233 2683 Treugarum

201 2697 379 2727 raedictarum
398 2694 424 2724 se
444 2691 520 2722 laesos
538 2693 571 2723 &
587 2688 817 2728 dampnificatos,
835 2694 892 2715 tam
906 2686 935 2715 in
951 2685 1089 2723 personis,
1106 2693 1193 2721 quam
1209 2693 1237 2712 in

178 2708 283 2773 Bonis,
300 2732 524 2773 praetendebant,
547 2739 578 2760 ac
597 2727 748 2767 plenariam
769 2726 802 2756 ὃς
824 2724 949 2754 debitam
966 2722 1103 2760 justitiam
1125 2722 1164 2752 eis
1183 2722 1240 2751 exi-

180 2774 308 2806 bendum
324 2773 355 2802 &
372 2770 532 2802 faciendum
547 2769 575 2798 111
591 2764 747 2805 911011111113,
765 2762 828 2801 post
844 2762 947 2803 auditas
962 2761 1099 2798 Querelas
1111 2769 1241 2796 conque-

180 2814 206 2845 ri
220 2812 394 2848 volentium,
407 2810 440 2841 Sc
457 2810 484 2838 in
499 2807 601 2844 scriptis
615 2804 755 2840 redactas,
769 2800 975 2838 nonnullolque
988 2801 1017 2830 Τ
1020 2797 1243 2837 raetatu5,Con-

181 2853 355 2887 saltationes,
373 2850 406 2880 &
427 2846 567 2883 Consilia,
581 2843 779 2874 deliberatione
798 2840 951 2870 communi
970 2839 1003 2868 &
1027 2837 1151 2874 matura,
1171 2839 1241 2868 inter

183 2901 232 2922 eos
252 2888 366 2924 habita,
383 2883 613 2917 Concordandos
626 2885 659 2913 &
678 2878 902 2911 Concludendos
913 2877 1039 2907 invicem
1057 2875 1241 2915 censuerunt,

184 2940 218 2960 ac
235 2926 447 2959 concordarunt
462 2926 495 2956 ὃς
511 2920 706 2954 concluserunt
721 2918 855 2955 finaliter,
867 2915 917 2947 sub
934 2915 1024 2946 modo
1038 2915 1071 2946 ὅ(
1085 2915 1177 2945 forma
1193 2917 1242 2954 qui

184 2969 354 3007 sequuntur,

224 3044 238 3077 1
248 3053 270 3074 N
292 3052 310 3073 P
318 3052 342 3072 R
351 3051 363 3072 1
373 3049 400 3071 M
409 3050 420 3070 1
432 3050 444 3070 s

227 3084 306 3123 Qia
322 3062 600 3114 nonnulli'Arriculi,
620 3075 677 3105 sive
693 3072 843 3112 Qierelae,
858 3071 904 3102 seu
918 3067 1155 3106 Dem2ndae‚hac
1170 3070 1244 3106 vice,

189 3123 223 3155 &
242 3120 384 3153 retroaetis
403 3116 593 3154 temporibus,
615 3113 761 3144 ministrati
784 3111 913 3145 fuerunt,
931 3109 998 3138 hinc
1012 3108 1045 3138 δε
1061 3107 1141 3145 inde,
1159 3108 1195 3138 de
1211 3109 1244 3139 &

192 3163 272 3200 super
294 3157 471 3194 Atremptatis
485 3153 641 3192 hujusmodi
651 3174 660 3189 ,
679 3151 756 3187 super
771 3149 874 3188 quibus
884 3148 954 3178 dieti
970 3146 1168 3176 Procuratores
1207 3146 1246 3176 le-

191 3202 299 3232 nariam
323 3197 577 3230 Informationem,
593 3190 692 3226 absque
711 3188 873 3218 Vocatione
892 3187 924 3216 &
948 3185 1161 3215 Examinatione
1205 3195 1249 3215 ar-

193 3240 287 3271 tium,
301 3245 368 3274 quas
389 3244 430 3264 res
449 3233 599 3268 tangebat,
614 3226 779 3264 debitisque,
792 3224 1034 3262 Inquilitionibus,
1053 3223 1082 3253 in
1109 3222 1249 3253 Portubus

193 3279 229 3309 &
252 3275 338 3306 Locis
363 3274 411 3303 ubi
432 3271 507 3302 dist,
528 3269 702 3307 Attemptata
720 3265 909 3305 proceflerant
930 3262 963 3293 &
983 3261 1055 3292 faeta
1068 3261 1249 3300 dicebantur,

192 3316 297 3350 habere
311 3322 371 3342 non
384 3317 512 3350 poterant
521 3331 531 3346 ,
1029 3339 1033 3343 .

234 3351 264 3383 C
272 3362 291 3382 o
301 3359 322 3380 N
332 3359 376 3380 co
384 3358 406 3380 R
417 3358 438 3378 D
448 3357 468 3378 A
477 3355 499 3376 T
507 3354 529 3376 u
539 3354 567 3376 M
583 3343 625 3376 est
646 3344 716 3373 inter
733 3340 934 3371 Procuratores
949 3337 1098 3377 praedrstos
1110 3337 1250 3376 utriusque

193 3392 285 3425 Partis
297 3390 331 3420 &
345 3386 557 3427 AppunSratum
566 3406 575 3420 ,
590 3381 670 3420 quod
684 3389 782 3409 omnes
795 3379 828 3410 &
842 3377 938 3420 singuli
952 3377 1084 3414 Articuli,
1108 3376 1254 3415 Querelae,

197 3432 232 3464 &
254 3427 414 3460 Demandae
435 3424 470 3454 de
486 3422 630 3462 proesenti,
648 3419 731 3449 dietis
749 3414 1000 3453 Procuratoribus,
1018 3417 1054 3446 ab
1068 3425 1138 3453 una,
1157 3415 1203 3446 vel
1216 3415 1252 3444 ab

194 3471 247 3503 alia
261 3468 344 3500 Parte
355 3487 365 3502 ‚
382 3462 540 3497 ministrati,

236 3507 305 3546 Ipsi,
320 3503 467 3539 videlicet,
484 3501 533 3538 qui
548 3508 598 3537 per

199 3557 234 3578 ex
246 3553 322 3584 parte
337 3542 462 3574 Britaniae
477 3537 729 3578 ministrabuntur,
747 3533 882 3574 praesatis,

198 3581 452 3617 Procuratoribus,
469 3586 522 3616 pro
536 3583 610 3614 parte
625 3573 754 3617 Angliae,

238 3623 276 3654 Et
297 3620 363 3659 ipsi,
380 3618 528 3652 videlicet,
548 3612 686 3649 Articuli,
705 3609 857 3648 Querelae,
879 3608 924 3639 seu
946 3606 1122 3643 Demandae,
1138 3607 1187 3645 qui
1206 3616 1256 3643 per

201 3660 406 3700 Qerelanres,
425 3655 535 3691 Laesos,
555 3652 598 3682 vel
625 3647 866 3685 Dampnfficatos,
882 3657 916 3676 ex
940 3654 1016 3685 parte
1035 3646 1162 3683 Angliae,
1179 3644 1253 3674 offe-

202 3709 313 3736 rentur,
329 3697 412 3727 dic'ris
433 3689 681 3725 procuratoribus,
701 3689 817 3715 Henrico
835 3686 868 3716 &
884 3687 981 3722 Petro,
997 3693 1049 3721 pro
1061 3692 1137 3722 parte
1149 3683 1256 3714 Britan—

203 3741 275 3776 nice>
295 3746 323 3767 ut
339 3733 531 3773 praemittitur,
549 3726 726 3762 constitutis,
744 3725 911 3760 liberentur,

242 3776 328 3806 Penes
342 3773 456 3804 eosdem
469 3770 668 3800 Procuratores
683 3762 845 3793 dimittendi
858 3762 890 3791 ἃ
906 3759 1055 3791 remansuri
1067 3758 1160 3791 donec
1173 3760 1209 3790 de
1222 3759 1256 3790 δε

204 3815 282 3849 super
302 3813 402 3842 eisdem
417 3808 565 3842 Articulis,
583 3802 731 3842 Qerelis,
748 3801 792 3831 seu
808 3798 980 3843 Demandis,
1000 3797 1083 3835 plene
1098 3799 1130 3828 &
1144 3799 1257 3836 debite,

206 3852 257 3882 sub
271 3851 360 3879 modo
374 3851 405 3880 ἃ
418 3847 511 3878 foi-ma
526 3843 697 3880 subscriptis,
714 3840 780 3870 fiant
793 3838 986 3876 InquthtlorlOE
1000 3845 1049 3874 per
1063 3835 1257 3867 Conservato-

207 3899 249 3920 πα·
274 3888 410 3925 utriusque
432 3886 534 3921 Parriz,
550 3883 596 3914 seu
611 3882 828 3920 Procuratores,
844 3884 891 3906 aut
903 3873 1134 3917 Commissarioe,
1149 3874 1184 3906 ad
1198 3875 1256 3905 hoc

206 3927 359 3965 specialiter
375 3923 547 3961 deputandos
561 3932 567 3950 z
599 3920 634 3950 Et
650 3917 729 3956 quod
742 3914 934 3953 Inquisitiones
947 3912 1104 3956 hujusmodi
1117 3913 1186 3943 hinc
1196 3935 1206 3951 ,
1223 3913 1258 3943 ad

205 3967 330 4003 primum
346 3964 423 3992 diem
447 3961 533 3998 Maii,
551 3958 616 3998 post
633 3958 736 3987 Datam
752 3953 934 3985 Praesentium
946 3975 956 3988 ,
969 3952 1102 3990 proximo
1115 3951 1259 3991 futurum,

207 4013 277 4035 eum
297 4000 517 4033 continuatione
534 3999 568 4030 &
587 3995 791 4036 Prorogatione
803 3992 915 4024 dierum
929 3989 1119 4028 sequentium,
1137 3989 1157 4020 fi
1172 3998 1260 4030 opor-

613 3495 809 3535 Qerelantes,
830 3493 940 3531 Laesos,
957 3491 1004 3523 vel
1018 3490 1258 3529 Dampnificatos,

899 3531 1024 3571 Johanm'
1032 3552 1042 3568 ,
1058 3530 1091 3561 δί
1106 3528 1237 3568 Johanni
1245 3553 1256 3568 ,

1279 245 1315 276 Et
1327 246 1407 285 quod
1422 256 1522 277 omnes
1538 247 1570 277 &
1584 245 1680 284 finguli
1690 268 1699 283 ,
1715 245 1784 284 qui,
1800 242 1880 281 super
1894 241 1975 273 dietis
1992 240 2244 280 Artemptatis‚aut
2259 251 2310 272 eo·
2325 244 2388 270 Heu.
2415 249 2445 276 5.

1243 292 1306 314 rum
1319 293 1471 324 praetextu,
1489 283 1650 325 Culpabiles
1662 282 1834 321 deprehendi
1847 290 1998 320 poterunt,
2017 290 2066 318 per
2081 280 2313 319 conservatores,

1245 322 1301 352 sive
1322 322 1543 354 Commiffarios
1561 322 1734 361 antedicstos,
1749 328 1797 353 aut
1818 319 1982 350 Officiarios
1993 319 2124 350 locorum
2139 319 2247 351 arestari
2262 319 2313 350 de-

1246 362 1349 399 beant,
1367 362 1400 393 &
1417 361 1513 393 secure
1528 360 1682 399 custodiri,

1284 398 1362 443 Bona
1381 401 1465 430 etiam
1485 409 1690 438 quaecumque,
1711 398 1746 428 fic
1767 397 1871 437 Capta,
1887 396 2029 434 Spoliara,
2047 396 2105 427 five
2127 397 2314 436 Depraedara,

1247 438 1424 482 ubicumque
1444 438 1489 469 vel
1509 439 1539 468 in
1552 446 1803 475 quorumcumque
1820 436 1947 466 manibus
1962 436 2074 474 reperiri
2087 444 2237 475 poterunt,
2252 446 2314 467 are-

1249 476 1313 520 stari
1331 476 1467 521 debeant,
1485 477 1519 507 &
1542 477 1573 506 in
1597 485 1694 506 manus
1711 474 1856 505 diCtorum
1879 473 2140 513 Conservatorum,
2158 475 2203 505 seu
2219 475 2315 506 Corn-

1251 515 1459 559 mrffariorum,
1477 523 1524 546 aut
1545 513 1762 545 Officiariorum
1787 513 1938 550 locorum,
1964 513 1984 543 fi
2006 521 2115 551 extent,
2139 522 2185 544 aut
2204 514 2318 552 reperiri

1251 563 1391 592 poterint,

1290 593 1342 624 Sin
1353 601 1466 636 autern,
1483 600 1584 623 eorum
1599 600 1682 622 verus
1697 589 1804 627 Valor,
1821 589 1855 619 &
1870 588 2040 621 AEstimatio
2053 590 2163 621 realiter
2175 590 2265 630 tradi,
2283 590 2318 622 &

1252 632 1378 676 liberari,
1398 631 1430 661 &
1445 640 1502 674 *per
1523 639 1572 660 eos
1590 629 1667 660 salvo
1687 628 1821 660 custodiri
1837 627 1870 657 &
1884 630 2056 667 conservari,
2073 629 2118 660 seu
2132 629 2228 660 saltem
2241 628 2318 660 suffi-

1250 680 1329 740 lciaebns
1339 710 1344 715 .
1354 670 1509 708 SecuritaS,
1525 668 1560 699 de
1580 667 1668 698 Bonis
1690 667 1770 707 ipfis,
1784 674 1946 698 aureorum
1962 667 2185 707 AEstimatione,
2203 669 2267 708 capi
2283 669 2318 700 &

1271 721 1285 741 a
1297 719 1361 746 .er1,

1290 748 1335 778 Ad
1352 747 1439 791 finem
1454 746 1488 777 &
1503 744 1643 776 effeetum
1657 742 1738 784 quod
1752 743 1954 782 Querelantes,
1967 743 2186 784 Dampnificati,
2201 747 2235 777 δε
2252 745 2319 777 Lae-

1254 787 1272 818 fi
1287 786 1437 825 supradicti
1449 785 1672 822 consequantur,
1690 785 1723 815 &
1739 781 1859 814 habeant
1871 783 1993 822 Justitiae
2008 784 2266 824 complementum,
2283 785 2319 816 &

1255 825 1348 866 debita
1363 826 1395 856 ὃς
1411 825 1529 863 plenaria
1543 822 1714 859 Restitutio,
1732 822 1768 851 de
1784 820 1941 859 Dampnis,
1960 822 1994 852 δε
2007 820 2093 851 Bonis
2103 823 2241 862 praefatis,
2260 823 2321 855 fieri

1256 863 1356 902 poffit,
1376 863 1422 894 seu
1436 862 1472 893 de
1485 863 1524 892 eis
1537 862 1663 893 convrue
1677 859 1795 891 satisfieri
1811 871 1879 891 cum
1895 859 2011 890 effectu.

1290 902 1337 946 -ΙΤ
1348 910 1420 938 ΕΜ,
1438 901 1538 945 quod,
1555 885 1636 945 (11ᾇο
1658 899 1732 937 Die,
1750 898 1809 929 five
1830 898 1958 937 Diebus,
1976 896 2200 929 Conservatores
2216 901 2322 938 11193111-

1257 940 1314 979 Cri,
1326 940 1388 984 'sive
1409 938 1607 970 Commiffaru
1628 938 1770 983 utriusque
1793 937 1898 974 Partis,
1914 939 1947 968 ad
1970 937 2027 967 hoc
2045 936 2201 976 specialiter
2219 938 2267 968 De
2287 949 2322 970 u-

1257 978 1350 1017 tandi,
1364 979 1400 1009 de
1421 978 1454 1009 &
1472 978 1552 1015 super
1574 977 1688 1014 smgulls
1707 975 1826 1015 querelis
1839 977 1871 1007 δι
1887 975 2046 1007 Demandis
2057 975 2218 1016 supradietis
2233 948 2326 1008 inign-

1258 1023 1344 1055 matt,
1362 1017 1391 1047 in
1412 1015 1502 1060 Insula
1516 1015 1553 1046 de
1564 1015 1715 1054 Gerneze,
1733 1015 1777 1045 vel
1793 1015 1878 1053 alibi,
1895 1016 1945 1045 ubi
1960 1015 2129 1054 expedierit,
2147 1016 2324 1047 conveniant

1258 1056 1295 1087 de
1315 1056 1347 1087 ὅ(
1367 1055 1447 1093 super
1461 1054 1566 1085 elsdem
1581 1053 1713 1092 Qierelis
1726 1053 1759 1084 &
1776 1053 1951 1092 Demandis,
1968 1054 2001 1084 δε
2015 1054 2089 1091 aliis,
2107 1055 2254 1085 materiam
2270 1050 2326 1086 At4

1259 1102 1464 1138 temptatorum
1486 1092 1692 1131 praedictorum
1711 1092 1949 1122 concernentibus
1959 1102 2046 1132 ,quae
2070 1091 2103 1121 ad
2126 1101 2239 1131 tempus
2258 1092 2329 1124 illud

1260 1132 1320 1164 fieri
1340 1133 1374 1164 &
1399 1131 1550 1164 ministrari
1564 1131 1728 1168 contingat,
1748 1129 2014 1168 plenamJustitiam
2032 1130 2135 1162 faciant
2146 1131 2228 1162 dietis
2243 1130 2328 1163 Con-

1261 1171 1460 1210 querentibus,
1480 1169 1717 1208 Dampnificatis,
1732 1169 1766 1200 &
1786 1168 1870 1198 Laefis
1891 1177 1897 1196 z

1297 1210 1335 1241 Et
1353 1210 1435 1250 quod
1455 1211 1484 1240 in
1500 1207 1650 1239 Praemisfis
1662 1208 1719 1239 fine
1734 1206 1851 1244 strepitu
1865 1207 1898 1238 ὃ(
1915 1205 2002 1246 figura
2014 1205 2120 1245 Judicii
2133 1207 2247 1240 indilate
2258 1218 2327 1247 pro-

1261 1249 1391 1285 cedatur,
1407 1249 1459 1286 &,
1476 1255 1560 1286 prout
1581 1246 1683 1278 melius
1697 1247 1730 1278 &
1749 1244 1959 1286 expedientius,
1976 1245 2212 1285 Qierelantibus,
2231 1247 2327 1278 Dam-

1262 1287 1418 1357 pnifificatis,
1434 1288 1468 1319 &
1491 1286 1577 1317 Laesis
1597 1283 1756 1324 hujusmodi
1778 1283 1927 1316 remediari
1947 1285 2067 1323 poterit,
2090 1285 2124 1316 &
2145 1284 2330 1317 essentialiter

1274 1336 1323 1358 atis
1344 1336 1394 1357 eri.

1300 1364 1314 1395 I
1323 1373 1374 1396 Ta
1384 1372 1431 1402 M,
1448 1363 1530 1404 quod
1550 1372 1650 1394 omnes
1664 1363 1698 1394 &
1714 1361 1830 1401 singuli,
1851 1360 2058 1402 Dampnificati
2070 1362 2103 1393 ὃς
2121 1361 2211 1402 Laefi,
2228 1370 2332 1394 contra

1262 1403 1387 1434 formam
1405 1403 1585 1442 Treugarum
1605 1401 1820 1442 praedifimrum,
1845 1402 1893 1440 qui
1912 1400 2041 1439 pridem,
2058 1410 2125 1431 ante
2145 1401 2334 1440 Appuneffla-

1245 1456 1250 1459 -
1263 1444 1374 1473 tionem
1388 1442 1554 1480 praesentem
1563 1465 1572 1479 ,
1590 1440 1712 1480 querelas
1732 1440 1790 1471 suas
1803 1441 1849 1470 seu
1864 1439 2030 1470 Demandas
2039 1462 2048 1477 ,
2062 1449 2161 1470 coram
2171 1440 2334 1479 judicibus,

1264 1481 1536 1518 Conservatoribus,
1551 1488 1599 1510 aut
1613 1479 1671 1510 aliis
1692 1477 1862 1516 officiariis,
1883 1479 1963 1508 unius
1974 1477 2063 1508 Partis
2079 1479 2123 1509 vel
2136 1479 2257 1519 alterius,
2265 1480 2333 1511 hac-

1266 1528 1346 1551 tenus
1372 1519 1435 1550 sunt
1462 1518 1625 1557 Prosecuti,
1649 1527 1701 1556 ac,
1721 1527 1781 1547 non
1803 1517 1859 1547 fine
1898 1517 2009 1548 ravibus
2030 1526 2133 1548 eorum
2155 1516 2334 1558 Laboribus,

1266 1558 1448 1599 Sumptibus,
1465 1558 1499 1588 &
1521 1556 1671 1595 Expenfis,
1690 1556 1864 1594 Sententias,
1913 1564 2021 1593 cereta,
2036 1556 2082 1586 seu
2099 1555 2237 1588 Mandata
2257 1560 2270 1573 *
2287 1557 2334 1587 di·-

1266 1597 1358 1635 versa,
1377 1597 1413 1627 de
1428 1597 1462 1627 &
1476 1605 1528 1634 pro
1540 1594 1736 1625 Restitutione
1751 1594 1900 1624 Bonorum
1913 1594 2046 1632 suorum,
2065 1594 2100 1625 &
2116 1593 2334 1628 Reformatione

1268 1636 1514 1674 Atternptatorum
1526 1633 1702 1672 hujusmodi,
1715 1632 1754 1663 ab
1767 1633 1806 1663 eis
1819 1632 2006 1670 impetrarunt
2018 1633 2051 1664 &
2064 1633 2252 1665 obtinuerunt
2265 1634 2337 1666 libe-

1269 1676 1300 1706 re
1327 1675 1361 1706 &
1384 1674 1486 1713 absque
1505 1671 1713 1717 impedimento
1734 1680 1920 1709 quocumque
1941 1670 2003 1702 suos
2015 1670 2163 1702 Processus
2176 1673 2339 1712 hujusmodi

1270 1722 1453 1750 continuare,
1471 1712 1504 1742 St
1527 1711 1654 1748 ulterius,
1671 1710 1758 1750 usque
1777 1710 1811 1740 ad
1832 1708 1944 1740 finalem
1958 1709 1992 1740 &
2005 1710 2111 1740 realem
2126 1709 2339 1744 Executionem

1271 1752 1305 1783 &
1329 1750 1552 1781 Restitutionem
1574 1749 1737 1786 Bonorum,
1755 1747 1977 1786 Dampuorum,
1995 1747 2187 1785 Expensarum
2207 1750 2241 1781 &
2265 1752 2340 1782 inte.

1272 1789 1342 1822 reffe
1358 1790 1472 1820 suorum
1489 1787 1634 1827 prosequi,
1653 1787 1703 1817 ubi
1716 1787 1750 1818 &
1764 1795 1903 1824 quantum
1917 1787 1957 1816 eis
1967 1787 2111 1817 videbitur
2123 1789 2213 1827 magis
2225 1789 2342 1828 expedi-

1273 1840 1320 1867 re,
1339 1828 1467 1867 praesenti
1482 1826 1756 1868 Appunctuamento
1772 1826 1802 1855 in
1823 1825 1857 1855 ali
1878 1834 1917 1855 uo
1929 1834 1990 1855 non
2006 1824 2147 1857 obstante.

1310 1868 1383 1899 Ιτε
1393 1876 1422 1898 Μ
1431 1890 1441 1906 ,
1459 1868 1493 1897 &
1506 1865 1588 1904 quod
1599 1866 1728 1903 interim,
1751 1865 1835 1903 usque
1845 1873 1862 1894 a
1900 1868 2026 1902 primum
2039 1864 2116 1894 diem
2133 1864 2204 1895 Maii
2217 1864 2345 1904 supradi-‘

1274 1907 1371 1945 (stum,
1389 1906 1474 1944 fiant,
1491 1905 1559 1935 hinc
1581 1904 1615 1935 &
1635 1903 1718 1941 inde,
1736 1901 1978 1933 Proclamationes
1991 1903 2146 1942 generales,
2165 1904 2193 1934 in
2206 1905 2345 1936 omnibus

1275 1946 1363 1978 Locis
1383 1946 1418 1977 &
1439 1944 1579 1974 Portubus
1599 1943 1740 1982 utriusque
1754 1940 1859 1980 Partis,
1877 1941 1927 1972 ubi
1940 1941 2072 1979 expedire
2087 1942 2245 1982 videbitur,
2261 1944 2346 1983 quod

1273 1994 1377 2016 omnes
1395 1984 1430 2015 &
1442 1983 1541 2023 singuli
1549 2004 1559 2020 ,
1578 1982 1644 2020 qui,
1662 1988 1799 2017 praetextu
1813 1981 1972 2018 aliquorum
1986 1980 2234 2018 Attemptatorum
2245 2005 2256 2021 ,
2270 1992 2346 2014 con-

1276 2033 1317 2055 tra
1329 2024 1408 2061 vim,
1424 2022 1568 2058 formam,
1586 2021 1620 2052 ὃ(
1633 2019 1772 2051 effectum
1787 2018 1967 2057 Treugarum
1980 2020 2199 2058 praedictarum,
2218 2021 2238 2051 sl
2250 2022 2278 2051 in
2295 2021 2348 2052 ali--⁴

1298 2072 1337 2093 uo
1350 2060 1510 2099 Gravatos,
1529 2058 1642 2097 Laesos,
1659 2058 1704 2090 seu
1722 2056 1953 2098 Dampnificatos
1965 2057 1992 2088 se
2007 2057 2206 2097 persenserint,
2224 2059 2282 2098 ipse
2295 2063 2349 2092 eoi

1297 2111 1345 2132 ern
1360 2108 1506 2139 tempore,
1525 2107 1623 2129 coram
1636 2096 1718 2128 dietis
1735 2095 1990 2128 Conservatoribus
2004 2096 2050 2128 seu
2063 2095 2270 2129 Commiffariis
2283 2107 2349 2138 per-

1277 2139 1405 2170 sonaliter
1415 2162 1425 2177 ,
1438 2138 1486 2171 vel
1526 2147 1556 2169 er
1570 2136 1773 2168 Procuratores
1786 2135 1972 2174 sufficienter,
1990 2144 2192 2176 compareant,
2211 2147 2280 2168 cum
2293 2138 2348 2170 suis

1276 2178 1438 2210 Evidentiis
1457 2178 1492 2209 δε
1553 2175 1748 2213 orationibus,
1765 2184 1830 2214 quas
1845 2175 1894 2207 fibi
1910 2174 2068 2213 profuturas
2082 2176 2158 2206 cons
2172 2177 2296 2215 exerint,
2310 2176 2348 2208 ad

1276 2217 1415 2250 effeetum
1430 2216 1534 2247 debitae
1551 2214 1681 2255 Iustitiae,
1700 2213 1925 2245 Reforrnationis
1936 2213 2083 2254 plenariae,
2100 2213 2133 2246 δε
2180 2215 2349 2254 epararionrs

1277 2257 1354 2288 realis
1366 2255 1558 2296 peremptorie
1569 2252 1812 2291 consequendum.

1314 2295 1348 2326 In
1391 2304 1494 2325 uorum
1515 2293 1649 2325 omnium
1668 2291 1884 2323 Testimonium
1905 2289 2104 2322 Procuratores
2126 2291 2278 2332 praedieci,
2326 2301 2347 2325 0

1279 2343 1356 2373 parte
1400 2334 1508 2364 ritaniae
1515 2356 1525 2371 ‚
1543 2332 1616 2363 hanc
1636 2330 1682 2361 ΙΝ
1692 2339 1712 2361 o
1722 2339 1741 2360 r:
1751 2339 1774 2360 N
1784 2340 1807 2361 τ
1815 2339 1838 2362 υ
1850 2339 1874 2361 R
1884 2339 1903 2360 A
1913 2337 1941 2360 M
1950 2352 1961 2369 ‚
1979 2330 2037 2363 five
2052 2329 2196 2363 Cedulam
2202 2354 2214 2371 ‚
2231 2301 2348 2372 81εῶῐο-

1280 2384 1344 2406 rurn
1359 2373 1474 2404 suorum
1486 2372 1660 2411 appositione
1674 2369 1853 2400 roborarunt.
2344 2365 2348 2368 ’

1319 2413 1389 2444 Dat.
1408 2411 1510 2451 Anno,
1535 2410 1612 2448 Die,
1630 2409 1664 2440 &
1679 2408 1797 2447 Mense,
1816 2409 1850 2440 &
1864 2407 1951 2439 Loco
1963 2407 2132 2446 supradietis.

1546 2485 1644 2526 Sigillis
1657 2485 1719 2515 cerd
1735 2485 1819 2516 rubri
1831 2484 1970 2525 expreffis,
1985 2483 2028 2519 ,ό
2034 2482 2212 2523 pendentibus
2223 2482 2243 2514 ἃ
2258 2483 2350 2515 caudis

1601 2527 1782 2563 Pergamenae.

1415 2671 1463 2703 De
1489 2666 1662 2702 Tractando
1689 2678 1759 2699 cum
1783 2662 2057 2709 Ambaffiatoribus
2075 2667 2217 2701 Franciae.

1287 2754 1593 2824 ΚΕῃίζωφῐηηίδυε,
1616 2751 1651 2783 ad
1672 2761 1756 2792 quos,
1774 2751 1835 2782 &c.
1855 2749 1980 2783 Salutem
1999 2751 2027 2782 in
2049 2750 2184 2783 Domino
2204 2749 2349 2791 stmpiter-

2352 1562 2481 1597 *1x,88.

2369 2749 2447 2782 Ann.
2458 2751 2500 2783 D.

2388 2798 2476 2829 ¹414-

1322 2831 1402 2863 Cum
1419 2841 1510 2870 nuper
1524 2827 1713 2868 Adversarius
1726 2827 1813 2869 noster
1827 2830 1950 2858 Franciae
1966 2827 2351 2868 Ambaffiatores,Nunci0s,
2366 2833 2419 2857 Aa.
2439 2839 2464 2859 1.

1286 2872 1318 2903 ὅ(
1335 2870 1552 2901 Commiffarios
1561 2868 1624 2898 suos
1631 2890 1641 2906 ,

2365 2872 2434 2903 H5

1323 2909 1476 2947 Videlicet,
1493 2907 1694 2939 Reverendum
1709 2916 1740 2936 111
1755 2904 1888 2936 Christro
1899 2903 2031 2942 Patrem,
2047 2903 2210 2934 Dominum
2229 2904 2351 2935 Wlliel-
2368 2889 2454 2935 Fr'anc'.

1285 2959 1375 2986 mum,
1400 2946 1590 2977 Permiffione
1608 2944 1735 2982 Divina,
1756 2941 1966 2987 Bitturicepsem
1981 2941 2231 2982 Archiepafiopmn,
2258 2945 2351 2974 Karo-
2373 2953 2395 2973 1.
2428 2949 2461 2972 H.
2470 2955 2498 2981 5.

1285 2987 1340 3017 lum
1370 2990 1516 3017 Dominum
1538 2985 1569 3014 de
1589 2983 1618 3014 Ia
1642 2986 1714 3025 Bryt
1735 2981 1988 3021 Consangumeum
2007 2980 2088 3011 suum
2109 2981 2142 3012 ὃς
2163 2980 2352 3014 Constabula-
2366 2992 2404 3012 m.
2420 2991 2462 3011 11.

1288 3027 1361 3096 {ium
1376 3049 1386 3065 ,
1411 3026 1444 3056 &
1474 3023 1650 3062 Magistsum
1679 3024 1827 3052 Gouterum
1854 3018 1905 3049 Col
1930 3018 2119 3050 Secretarium
2136 3042 2147 3058 ,
2170 3019 2352 3053 Consiliarios

1300 3074 1366 3101 uos,

1330 3102 1376 3132 Ad
1403 3101 1543 3141 Regnum
1573 3098 1704 3130 nostrum
1725 3095 1838 3136 Angliae
1859 3096 2034 3127 transmiserit
2047 3119 2057 3134 ,
2083 3094 2117 3126 ad
2138 3095 2336 3129 Tractandum

1289 3140 1561 3176 Comunimndum‚
1581 3139 1615 3169 &
1635 3134 1899 3174 Concludendum,
1925 3135 1981 3165 una
1999 3134 2166 3173 nobiscum,
2191 3135 2236 3166 seu
2255 3121 2357 3168 Com:

1292 3179 1420 3210 rniffariis
1438 3177 1555 3215 nostris,
1572 3186 1621 3213 en,
1638 3185 1703 3214 quae
1717 3173 1850 3213 Bonum,
1866 3172 1992 3212 Pacem,
2007 3175 2041 3205 &
2056 3172 2305 3209 Tranquillitatem
2320 3185 2354 3206 u-

1290 3217 1411 3255 triusque
1424 3216 1522 3255 Regni
1540 3223 1714 3245 concernere
1729 3212 1936 3252 possunt‚ficut
1950 3213 1984 3243 δε
2001 3220 2084 3252 prout
2100 3213 2129 3242 in
2147 3211 2247 3243 Literis
2258 3212 2354 3244 Com-

1293 3255 1430 3286 miffionis
1446 3251 1620 3293 Advershrii
1638 3251 1720 3293 nost-n·
1734 3251 1865 3291 praediffi
1879 3252 1917 3281 eis
1931 3251 1998 3282 inde
2013 3250 2094 3282 factis
2105 3250 2214 3290 plenius
2225 3253 2357 3284 contine·

1289 3304 1439 3377 turlpfique
1455 3328 1690 3368 Ambaffiatores,
1706 3329 1781 3360 vivae
1797 3329 1878 3360 vocis
1889 3327 2018 3366 oraculo,
2043 3328 2074 3358 in
2087 3325 2237 3358 Praesentia
2250 3327 2357 3368 nostra,

1293 3372 1417 3403 seriolius
1431 3370 1633 3407 exposuerunt,

1334 3409 1519 3439 Univerfitati
1537 3406 1637 3438 vestrae
1654 3414 1756 3437 notum
1775 3406 1895 3437 facimus
1911 3403 1991 3444 quod
2009 3403 2095 3442 Nos,

1333 3447 1385 3478 Ob
1406 3447 1588 3478 reverentiam
1609 3445 1684 3482 Dei,
1702 3446 1750 3482 qui
1767 3445 1802 3475 ad
1826 3444 1931 3475 Pacem
1947 3441 2112 3473 firmandam
2124 3440 2232 3472 Bellum
2243 3441 2356 3482 sponta-

1298 3496 1366 3517 neus
1385 3487 1463 3523 iniit,
1480 3486 1513 3515 ad
1535 3484 1694 3514 evitandam
1707 3484 1854 3522 Sanguinis
1869 3481 2022 3513 Christiani
2042 3479 2228 3518 effusionem,
2247 3481 2355 3520 aliaque

1299 3524 1434 3562 Dampna
1447 3522 1630 3564 irreparabilia
1639 3545 1649 3560 ,
1663 3531 1728 3560 quae
1739 3522 1808 3552 dirae
1823 3520 2000 3551 Guerrarum
2013 3528 2063 3549 vor
2098 3518 2156 3548 ines
2167 3518 2355 3558 deduxerunt,

1298 3564 1332 3594 &
1351 3562 1494 3594 deducent
1516 3561 1699 3593 verifimiliter
1719 3561 1747 3590 in
1768 3560 1898 3591 futurum
1941 3557 1959 3587 fi
1984 3556 2079 3587 Reme
2099 3557 2158 3585 ium
2179 3556 2209 3586 in
2227 3566 2258 3587 ea
2277 3565 2356 3594 parte

1298 3611 1463 3638 congruum
1477 3600 1632 3631 nullatenus
1643 3607 1813 3639 apponatur,
1831 3598 1865 3628 &
1879 3582 1917 3628 ad
1928 3595 2017 3625 finem
2029 3593 2109 3632 quod
2123 3593 2209 3633 Nos,
2225 3602 2357 3634 tempore

1297 3640 1412 3677 nostro,
1430 3638 1530 3669 nostris
1544 3638 1660 3668 subditis
1672 3637 1777 3668 Pacem
1789 3643 1991 3674 praeparemus,

1336 3677 1383 3708 Ad
1397 3677 1592 3708 Trat‘hndum
1601 3700 1611 3714 ,
1629 3673 1883 3707 Comunicandum
1914 3672 1948 3703 δε
1962 3669 2198 3708 procedendum,
2214 3671 2250 3702 de
2264 3672 2298 3703 &
2311 3671 2356 3704 su-

1298 3726 1348 3759 per
1374 3716 1499 3746 Materiis
1516 3715 1681 3753 antediffis,
1696 3715 1750 3745 una
1769 3721 1837 3743 cum
1857 3695 1961 3740 eisdem
1982 3708 2249 3748 Ambasfiatoribus‚
2264 3709 2358 3742 Nun-

1298 3758 1363 3826 fiism,
1377 3755 1415 3823 gc:
1429 3754 1636 3822 (ssomsmiffariis
1646 3753 1713 3784 (11ἀί
1726 3747 1914 3789 Adversarii,
1926 3746 2035 3778 nostros
2050 3747 2223 3785 praebuimus
2235 3749 2357 3781 consen-

1313 3806 1330 3825 1]
1425 3804 1441 3823 a
1463 3803 1497 3823 en
1510 3803 1559 3824 um

1332 3829 1426 3862 Unde
1443 3831 1527 3870 Nos,
1566 3815 1576 3831 '

1336 3868 1386 3901 De
1405 3869 1569 3909 prudentia,
1583 3866 1837 3906 circumspeccione
1874 3861 2007 3907 fidelitate
2022 3862 2056 3893 δε
2069 3861 2221 3901 industria,
2238 3861 2359 3896 1111εᾶ0-

1299 3918 1365 3940 rum
1386 3907 1567 3945 nostrorum,
1595 3906 1768 3938 Venerabilis
1791 3906 1820 3934 in
1838 3887 1957 3933 &bristo
1978 3899 2082 3939 Patris,
2108 3899 2232 3932 Domini
2252 3902 2360 3934 Thema

1300 3944 1495 3990 Dunelmenfis.
1508 3947 1536 3974 E
1553 3945 1644 3983 iscopi,
1662 3943 1771 3975 Ricards·
1794 3943 1904 3973 comitis
1920 3941 2066 3969 Warwicae
2080 3939 2213 3970 cariffimi
2231 3938 2362 3971 Consan-
2411 3956 2413 3958 ·

1300 3986 1395 4027 guinei
1407 3984 1512 4022 nostri,
1577 3982 1710 4023 Magistri
1725 3982 1838 4013 Hennes·
1853 3981 1937 4011 Wre
1952 3978 1984 4010 iu
1998 3986 2121 4018 utroque
2128 3978 2199 4019 Jure
2212 3977 2363 4012 Licentiati

2264 4014 2363 4055 Cano,
