2562 4274
202 111 254 161 76

681 88 1469 139 CONVENTIONES,

1526 81 1920 131 LITERAE,

46 194 121 226 Ann.
136 191 176 224 D.
192 201 320 232 quocum
344 200 378 221 ue
394 188 492 221 colore
506 186 648 223 fecerunt,
667 184 700 215 &
713 192 826 215 exnunc
841 182 934 213 facere
956 180 1142 218 praesument,
1164 186 1199 209 ac
1217 177 1269 208 Se-
1307 174 1490 212 cedentium,
1506 182 1630 211 quorum
1649 169 1782 203 Consilio
1795 169 1933 211 Regnum
1957 165 2087 200 nostrum
2108 166 2224 202 aberitis
2241 167 2277 202 &
2297 169 2373 213 saga-
2391 164 2468 198 Ann.
2476 163 2519 197 D.

68 241 154 272 1414.
193 241 268 263 creta
280 232 312 262 δε
326 229 450 261 Consilia
464 225 558 256 nostra
573 235 607 256 ac
623 224 722 262 Regni
734 221 825 252 nostri
842 220 1020 258 revelarunt,
1039 220 1072 250 &
1085 225 1198 249 exnunc
1218 226 1262 246 re·
1303 214 1366 246 cius

47 276 110 301 Heu.
131 280 158 307 5.

51 1711 135 1738 Nx.

56 1749 117 1777 128.

194 271 286 302 velare
301 265 523 309 praesumpserint

232 309 271 339 Et
285 308 320 338 ad
334 304 495 344 hujusmodi
508 286 654 339 Personas,
664 309 698 330 ac
714 299 780 330 alios
793 297 961 329 Proditores
978 295 1091 326 nostros
1107 293 1259 332 quoscum-

195 358 269 418 gige,
288 347 317 376 in
335 346 387 413 haic
403 351 494 381 parte,
510 341 623 378 debite,
646 339 724 377 juxta
743 347 845 368 eorum
866 337 1032 373 Demetita,
1055 332 1260 372 Castigandum

249 385 358 416 Punien
380 392 428 413 um

382 404 535 488 Qi'erelas,
553 416 659 448 Placita
670 438 680 454 ,
698 414 732 446 δε
750 414 875 445 Debatas
898 419 1051 451 praenotata
1077 408 1263 441 Audiendum

197 463 230 493 δε
245 461 407 491 Terminan
429 468 496 495 um,
514 457 548 488 ὃ(
565 455 665 485 debito
680 453 736 484 fine
751 452 1003 488 Terminandum,
1026 449 1182 481 secundum
1206 447 1264 478 Le·-

195 509 262 541 gem
276 499 309 530 &
323 495 567 528 Consuetudinem
581 493 705 524 Partium
719 493 753 523 ὃς
768 491 903 522 Dominii

233 538 278 568 Ac
295 537 380 568 etiam
393 535 428 566 ad
445 534 554 571 Vigiles
568 533 602 564 &
615 533 696 569 alios,
713 531 746 561 ad
759 527 981 570 explorandum,
1000 527 1033 557 ὅτ.
1050 526 1119 557 Nos
1133 526 1166 557 ὃ(
1182 523 1266 555 Fide-

196 577 236 608 les
249 575 378 614 nostros,
396 584 449 612 pro
466 572 642 603 Defensione
660 569 755 600 nostra
770 570 802 600 &
817 568 911 607 Regni
927 566 1034 603 nostri,
1059 573 1159 595 contra
1174 562 1264 593 hosti-

198 616 236 646 les
251 613 379 645 Incursus
393 613 585 644 inimicorum
599 608 761 640 nostrorum
779 607 905 643 Scotiae,
922 605 941 635 si
954 604 1042 642 quise
1058 602 1095 634 ad
1115 602 1196 633 Mala
1216 602 1265 631 ali-

196 663 253 692 qua
267 653 352 684 nobis
363 652 411 683 seu
427 650 534 690 Regno
562 649 661 679 nostro
685 645 812 677 facienda
834 646 929 675 venire
950 643 1112 682 contigerit,
1136 641 1267 672 Praemu-

197 692 357 729 niendum,
370 691 527 728 sumptibus
542 688 696 727 Ligeorum
713 684 877 715 nostrorum
894 682 1019 713 Partium
1034 680 1212 718 earumdem,
1230 678 1266 709 de

197 730 318 763 Affensu
336 732 370 761 &
384 728 539 759 Voluntate
552 726 597 757 sua
611 749 622 765 ,
649 732 734 763 prout
753 732 834 754 antea
857 722 964 752 ibidem
984 719 1186 751 rationabiliter
1207 717 1266 748 fieri

198 769 364 807 consuevit,
383 766 603 804 Ordinandum,
622 764 655 796 &
673 761 904 798 Praeficiendum,

237 807 276 839 Et
292 807 326 837 ad
343 816 445 837 omnes
457 804 603 836 Homines
619 801 833 838 Defensabiles‚
854 801 882 829 in
898 797 1092 829 Comitatibus
1114 795 1266 827 Cumbriae

201 847 236 878 &
251 844 522 882 Westmerlandiae,
539 853 573 874 ac
594 841 788 872 Marchiarum
812 837 1013 876 praedkfftarum
1030 859 1040 874 ,
1062 837 1135 865 inter
1158 833 1269 864 AEtates

199 885 353 916 Sexdecim
368 885 401 915 ὃ(
415 883 561 951 Sexagnta
575 880 727 911 Annorum
739 876 886 908 existentes
899 898 909 914 ,
940 875 1011 907 infra
1035 874 1192 904 Libertates
1209 895 1220 910 ,
1234 873 1268 903 ὃ(

200 932 277 955 exrra
292 933 340 963 per
355 923 417 953 Vos
433 922 466 952 &
514 928 641 958 eputatos
657 916 782 955 vestros,
799 912 1004 951 Arraiandum,

237 962 277 994 Et
292 963 327 993 ad
338 970 440 993 omnes
451 958 596 990 Homines
609 957 643 988 ad
658 957 762 993 Arma,
781 954 933 990 Armatos,
951 950 1142 988 Hobelarios,
1160 950 1194 980 ὃ(
1220 948 1270 979 Sa-

200 1001 326 1069 }ittarios
338 1002 347 1035 (
357 999 506 1037 videlicet,
525 996 681 1037 quemlibet
694 1003 796 1025 eorum
807 993 886 1030 juxta
902 988 988 1020 statiis
1001 989 1042 1020 sui
1057 988 1268 1026 exigentiam&

227 1039 356 1070 acultates
370 1038 445 1073 suas)
466 1036 561 1067 Armis
573 1032 801 1071 competentibus
813 1029 928 1067 muniri,
947 1030 980 1059 δε
998 1029 1028 1058 in
1045 1025 1269 1065 Milleni5,Cen-

201 1078 293 1116 tenis,
310 1078 343 1108 &
358 1075 489 1107 Vintenis
503 1075 589 1112 poni,
606 1074 639 1104 ὃς
658 1082 725 1110 eos,
743 1070 780 1100 sic
797 1069 948 1105 Armatos,
965 1066 1118 1105 Artaiatos,
1136 1066 1170 1096 &
1194 1063 1265 1095 Mu-

200 1116 291 1153 nitos,
310 1116 339 1144 in
354 1115 528 1144 Arraiatione
543 1110 708 1151 hujusmodi
722 1108 810 1140 teneri
827 1105 1057 1144 faciendum,lta
1073 1105 1155 1143 quod
1170 1113 1269 1134 omnes

200 1153 360 1193 hujusmodi
377 1152 522 1183 Homines
539 1151 573 1182 ad
590 1150 678 1180 Arma
692 1172 702 1186 ,
723 1148 849 1185 Armati,
875 1144 1044 1182 Hobelarii,
1067 1146 1100 1175 &
1129 1143 1267 1183 Sagittarii

198 1192 326 1230 prompti
339 1192 390 1222 lint
405 1192 438 1222 &
452 1190 538 1231 parati
551 1188 586 1220 ad
599 1186 843 1219 Proficiscendum
860 1209 870 1223 ,
897 1185 926 1214 in
950 1182 1158 1214 Defenfionem
1185 1181 1267 1211 Mar-

198 1231 372 1262 chiarum&
387 1229 488 1266 Regni
503 1227 592 1259 nostri
609 1225 830 1268 praedictorum,
853 1223 983 1261 quotiens
1000 1231 1033 1252 ex
1054 1221 1193 1251 Hostium
1220 1220 1268 1249 In-

198 1270 324 1301 cursibus
339 1268 504 1300 Periculum
518 1266 631 1306 aliquod
651 1266 816 1301 immineat,
833 1263 866 1294 &
885 1262 964 1299 super
985 1261 1043 1291 hoc
1063 1270 1111 1298 per
1131 1269 1202 1298 vos,
1224 1259 1270 1290 seu

198 1308 360 1352 Deputates
373 1306 501 1346 vestros,
519 1314 554 1337 ex
568 1313 646 1344 parte
659 1302 772 1342 nostra,
790 1302 823 1333 ὃς
841 1302 958 1331 nomine
970 1298 1190 1337 nostrofiuerint
1198 1308 1269 1336 pra:-

202 1356 321 1385 muniti,

238 1385 277 1416 Et
293 1386 328 1416 ad
343 1394 444 1416 omnes
459 1381 622 1422 hujusmodi
637 1380 782 1411 Homines
795 1379 828 1410 ad
849 1378 952 1416 Arma,
972 1375 1100 1406 Armatos
1110 1398 1120 1413 ‚
1138 1374 1269 1405 Hobela-

201 1425 273 1463 rios,
290 1426 324 1455 &
344 1424 505 1461 Sagittarios
517 1423 551 1452 ad
565 1421 612 1459 se,
627 1421 656 1450 in
672 1420 775 1450 Forma
793 1417 944 1459 praedieta,
964 1414 1168 1450 Arraiandum,
1186 1415 1218 1445 &
1236 1415 1266 1443 in

198 1463 405 1494 Defensionem
418 1461 611 1492 Marchiarum
629 1457 844 1497 praedid'tarum,
861 1465 894 1486 ac
911 1454 1005 1493 Regni
1018 1454 1129 1491 nostri,
1144 1454 1176 1483 &
1186 1452 1270 1482 Fide-

196 1502 271 1532 lium
284 1500 448 1532 nostrorum
460 1523 470 1538 ,
485 1500 618 1538 quotiens
629 1499 662 1528 &
675 1497 789 1535 quando
805 1493 969 1533 indiguerit,
987 1493 1019 1523 ὃς
1038 1501 1120 1531 prout
1134 1501 1187 1529 pro
1209 1492 1270 1522 Sal-

197 1541 314 1571 vatione
329 1542 362 1571 &
379 1539 555 1570 Defenfione
571 1535 767 1567 Marchiarum
785 1557 795 1571 ,
811 1532 968 1571 Regni,&
984 1530 1140 1569 Ligeorum
1158 1529 1271 1561 nostro-

198 1589 264 1610 rum
277 1578 420 1617 ejusdem,
436 1577 536 1608 melius
547 1575 676 1613 expedire
698 1574 856 1610 videbitur,
881 1571 1048 1609 congregari
1068 1572 1101 1601 ὅ(
1124 1570 1214 1608 uniri,
1231 1570 1265 1600 &

200 1618 232 1647 in
250 1617 424 1649 Defensione
438 1614 606 1646 eorumdem
624 1612 835 1649 Marchiarum,
853 1610 949 1648 Regni
973 1610 1006 1639 &
1029 1608 1190 1645 Ligeorum
1215 1618 1270 1638 no-

202 1656 346 1694 strorum,
364 1654 522 1695 proficisci,
536 1653 602 1711 dssici
640 1653 673 1683 δι’.
694 1652 818 1688 morari,
837 1659 885 1688 per
908 1647 1164 1678 Incarcerationem
1190 1645 1268 1676 Cor-

233 423 364 454 Necnon

921 488 1134 528 praediCmrum,

199 1704 304 1735 porum
324 1695 439 1725 suorum
457 1716 467 1730 ,
490 1702 524 1723 ac
591 1675 766 1729 Captionem
789 1688 946 1719 Terrarum
965 1687 999 1717 &
1019 1687 1269 1717 Tenementorum

200 1735 315 1765 suorum
332 1735 361 1763 in
374 1740 492 1763 manum
504 1729 649 1768 nostram,
668 1729 702 1759 ὃς
718 1729 774 1758 aliis
788 1728 842 1758 viis
861 1728 895 1759 ὃς
915 1725 1008 1756 modis
1035 1725 1135 1764 quibus
1154 1723 1269 1762 melitis,

198 1782 254 1812 pro
271 1770 476 1804 Salvatione&
504 1768 680 1800 Defenfione
698 1765 893 1797 Marchiarum
906 1787 916 1803 ,
940 1764 1052 1802 Regni,
1075 1764 1108 1794 &
1132 1763 1271 1794 Fidelium

199 1810 364 1842 nostrorum
377 1809 582 1848 praedictorum
594 1831 603 1845 ,
617 1808 647 1838 iri
663 1807 716 1837 hac
731 1814 826 1844 parte,
846 1803 975 1842 expedire
993 1802 1116 1834 videritis
1128 1825 1139 1841 ,
1160 1801 1271 1832 distrin-

200 1852 232 1890 gi
249 1852 282 1882 &
298 1849 432 1887 compelli
446 1846 606 1878 faciendum
617 1869 627 1885 ,

241 1888 449 1928 Affignavimus
466 1886 578 1923 insuper
598 1894 651 1915 vos

201 1928 284 1965 stras,
302 1937 335 1958 ac
350 1925 520 1956 Mandatum
534 1925 567 1955 &
582 1906 756 1954 potestatem
768 1921 911 1959 generale,
930 1920 964 1950 ad
983 1928 1086 1950 omnes
1107 1919 1140 1950 &
1157 1919 1276 1957 singulas

201 1966 337 1997 Personas
346 1988 355 2002 ‚
371 1974 435 2004 quae
448 1965 483 1994 ad
496 1963 598 1993 Fidem
612 1964 646 1994 &
660 1961 837 2001 Ligmntiam
854 1958 962 1989 nostias
977 1958 1004 1989 se
1016 1966 1185 1988 convertere
1195 1979 1205 1995 ,
1223 1967 1274 1987 ve‹

203 2007 265 2036 nire
275 2027 284 2044 ,
303 2005 336 2035 &
352 2004 458 2033 morari
473 2002 613 2033 voluerint
623 2024 633 2040 ,
649 2009 709 2032 tam
721 1999 779 2029 illas
794 1998 964 2037 (videlicet)
981 2007 1046 2035 quse
1063 1996 1099 2026 ab
1113 1996 1217 2026 eisdem
1227 1995 1250 2026 F
1252 1995 1276 2024 i-

203 2045 242 2075 de
259 2044 292 2075 &
310 2042 452 2080 Ligeantia
467 2039 652 2077 recesserunt,
675 2039 762 2078 quam
785 2038 847 2068 alias
872 2035 1005 2066 Personas
1048 2036 1220 2074 uascumque
1243 2032 1278 2064 ad

203 2083 315 2114 easdem
333 2081 433 2111 Fidem
448 2081 481 2112 &
498 2079 680 2116 Ligeantiam
695 2077 794 2108 venire
811 2076 844 2107 δε
861 2075 967 2105 morari
996 2083 1035 2104 vo
1045 2082 1138 2112 entes,
1164 2073 1199 2104 ad
1227 2072 1277 2103 Fi-

203 2122 271 2153 dem
288 2120 321 2152 &
337 2119 518 2157 Ligeantiam
533 2117 639 2148 nostras
674 2116 726 2148 viis
739 2115 772 2146 &
785 2113 876 2144 modis
897 2113 1124 2152 quibuscumque
1142 2110 1226 2142 licitis
1243 2110 1278 2142 &

205 2160 347 2197 honestis,
365 2159 399 2190 &
412 2166 498 2197 prout
513 2156 595 2187 vobis
607 2139 749 2187 videbitur
762 2152 797 2184 ad
809 2151 966 2184 Honorem
979 2150 1111 2182 nostrum
1138 2151 1202 2181 fore
1225 2159 1273 2181 ex-

206 2199 338 2240 pediens,
357 2196 432 2228 Reci
456 2194 583 2235 iendum,

243 2237 282 2268 Et
306 2236 411 2267 eisdem
463 2234 565 2265 erfonis
583 2233 617 2264 &
635 2240 733 2263 earum
753 2228 870 2261 cuilibet
894 2227 992 2260 Cartas
1015 2227 1051 2260 de
1072 2227 1279 2259 Pardonatione

206 2277 283 2308 Vitae
297 2275 330 2307 ὃς
344 2273 567 2311 Membrorum,
586 2273 615 2302 in
632 2279 817 2309 quocumque
829 2267 921 2307 Casu,
939 2269 1060 2298 nornine
1078 2265 1277 2306 nostro,Con-

208 2314 388 2352 cedendum,
407 2313 440 2343 &
454 2311 524 2343 Nos
541 2313 579 2341 eis
603 2310 638 2341 &
661 2317 760 2339 earum
782 2307 899 2339 cuilibet
920 2305 1081 2345 hujusmodi
1101 2306 1200 2337 Carras
1214 2329 1224 2344 ,
1243 2305 1277 2336 ad

208 2353 449 2394 significationem
464 2349 586 2382 vestram
595 2372 606 2388 ,
620 2349 672 2379 sub
689 2347 803 2386 Magno
817 2345 921 2383 Sigillo
936 2344 1037 2376 nostro
1052 2344 1113 2375 fieri
1130 2345 1277 2382 faciemus,

247 2392 380 2423 Necnon
393 2390 429 2420 ad
447 2390 575 2458 Treussas
587 2397 640 2426 pro
656 2385 770 2423 Nobis,
793 2385 909 2423 Terris,
939 2383 1106 2422 Dominiis,
1134 2382 1280 2422 Subditis,

210 2431 322 2471 Ligeis,
341 2429 449 2460 Amicis
485 2429 519 2460 ὃ(
561 2426 679 2457 idelibus
696 2424 796 2455 nostris
809 2424 930 2461 ibidem,
950 2433 1019 2454 cum
1032 2422 1204 2453 Adversariis
1227 2433 1281 2453 no-

210 2470 290 2508 stris,
309 2471 339 2500 in
350 2468 432 2498 dietis
445 2451 591 2503 Partibus,
612 2474 664 2501 pro
678 2462 731 2500 Se,
748 2462 943 2500 Hominibus,
961 2461 1062 2492 Terris
1077 2484 1087 2499 ,
1115 2462 1150 2492 ὃ(
1174 2461 1280 2492 Domi-

210 2509 264 2539 niis
278 2508 345 2544 suis,
363 2516 413 2547 per
426 2503 534 2535 Unum
546 2505 591 2535 vel
609 2502 694 2533 Duos
709 2500 823 2531 Menses
845 2500 1005 2537 duraturas,
1022 2522 1027 2537 z
1066 2500 1231 2531 rticulariter
1248 2501 1281 2531 &

210 2546 388 2586 generaliter,
406 2542 606 2580 Capiendum,
620 2543 670 2579 δε,
688 2541 807 2570 nomine
828 2538 940 2577 nostro,
970 2538 1017 2569 Cu
1044 2538 1201 2569 odiendum
1219 2561 1229 2576 ,
1248 2539 1282 2570 &

214 2585 351 2617 custodiri
363 2581 536 2619 faciendum,

253 2622 458 2654 Promittentes
473 2619 542 2650 Nos
556 2618 684 2655 Ratum,
701 2615 838 2654 Gratum,
855 2616 888 2647 &
904 2614 1035 2646 Firmum
1047 2614 1190 2645 habituros
1202 2616 1284 2653 quic-

213 2661 298 2702 quid,
310 2660 435 2700 ,nomine
451 2657 570 2694 nostro,
587 2658 617 2686 in
635 2656 729 2686 forma
743 2654 916 2694 supradicta,
934 2654 1053 2685 feceritis
1069 2655 1098 2683 in
1115 2653 1283 2692 Praemiffis3

253 2700 292 2732 Et
307 2700 374 2730 ideo
390 2697 471 2728 vobis
484 2695 656 2726 Mandamus
673 2693 753 2732 quod
771 2694 849 2724 circa
861 2692 1005 2723 Praemissa
1027 2691 1173 2732 diligenter
1190 2693 1284 2722 inten—

216 2739 284 2770 datis
294 2762 303 2776 ,
321 2739 354 2769 &
369 2747 401 2767 ea
416 2733 599 2766 effeetualiter
612 2732 718 2764 faciatis
731 2732 765 2762 &
782 2731 912 2771 expleatis
927 2732 957 2761 in
969 2731 1062 2761 forma
1076 2730 1224 2769 praedicta:

256 2776 367 2808 Damus
381 2775 465 2805 etiam
482 2773 565 2804 vobis
587 2772 719 2810 plenam,
743 2768 862 2801 Tenore
885 2769 1085 2808 Praesentium,
1109 2768 1284 2800 Potestatem

216 2816 252 2848 ad
267 2816 367 2854 aliquas
380 2813 493 2844 idoneas
509 2812 542 2842 δε
555 2809 725 2842 sufficientes
739 2808 889 2847 Personas,
913 2807 947 2838 ad
968 2808 1068 2838 omnia
1089 2807 1232 2838 Praemiffa
1250 2808 1284 2838 ὃ(

217 2854 323 2894 singula
357 2854 387 2883 in
404 2850 525 2882 absentia
540 2848 631 2880 vestra
652 2851 666 2879 a
689 2848 812 2887 partibus
833 2847 975 2885 praedicitis
982 2869 992 2885 ,
1019 2846 1210 2884 Faciendum,
1228 2845 1285 2877 Ex-

218 2876 409 2929 cercendum,
427 2891 459 2921 &
476 2887 680 2926 Exequendum
698 2887 782 2917 Loco
795 2886 899 2924 vestri,
916 2885 967 2916 sub
981 2884 1081 2926 Sigillo
1095 2884 1190 2917 vestro
1198 2883 1284 2915 Con-

217 2929 390 2963 stitueudum
402 2953 412 2968 ,
430 2926 662 2959 Substituendum
672 2949 683 2964 ,
699 2927 733 2957 &
750 2924 970 2963 Deputandum:

260 2971 372 3002 Damus
383 2967 443 2998 insu
465 2976 493 2996 er
507 2965 640 2996 universis
655 2965 689 2995 &
712 2964 821 3002 singulis
839 2962 1067 3001 Archiepiscopis
1087 2984 1097 3000 ,
1122 2961 1288 3001 Episcopis,

220 3009 381 3041 Abbatibus
396 3029 407 3045 ,
452 3005 588 3043 rioribus,
608 3003 759 3041 Ducibus,
782 3001 968 3039 Comitibus,
992 3000 1164 3039 Batonibus,
1184 2997 1286 3031 Militi-

221 3049 294 3088 bus,
310 3046 354 3076 Ca
376 3046 488 3082 itaneis,
505 3042 686 3079 Castellanis,
703 3040 877 3072 Custodibus
893 3039 1061 3071 Castrorum
1074 3040 1108 3070 &
1128 3039 1287 3070 Fortalitio-

221 3096 306 3126 rum,
364 3084 501 3121 ajoribus,
518 3080 762 3118 Vicecomitibus,
781 3079 905 3118 Ballivis,
923 3077 1196 3117 Ministris,Ligeis,
1212 3077 1288 3108 Sub-

222 3125 303 3164 ditis,
322 3123 356 3154 &
370 3121 514 3152 Fidelibus
529 3119 647 3157 nostris,
664 3127 721 3158 tarn
734 3117 804 3148 infra
820 3117 991 3156 Libertates,
1010 3118 1096 3155 quam
1109 3126 1184 3147 extra
1199 3138 1211 3155 ,
1227 3115 1288 3146 Te—

224 3174 295 3195 nore
309 3160 510 3197 Praesentium,
528 3157 644 3188 firmiter
659 3158 689 3187 in
706 3156 851 3187 Mandatis
866 3156 946 3194 quod
958 3156 1059 3194 vobis,
1076 3156 1105 3185 in
1123 3153 1292 3192 Praemisiis,

227 3202 350 3268 norning
361 3198 459 3229 nostro
476 3221 487 3237 ,
512 3196 645 3227 faciendis
667 3196 701 3227 δε
722 3194 891 3234 exequendis
905 3217 914 3233 ,
939 3203 1050 3232 pareant
1070 3195 1104 3226 &
1126 3192 1293 3232 intendant,

230 3248 316 3280 prout
352 3246 422 3269 ecet.

709 1884 742 1914 &
759 1882 842 1913 vobis
866 1880 1089 1912 Committimus
1111 1878 1199 1911 Vices
1219 1889 1274 1910 no-

268 3276 304 3308 In
322 3277 400 3312 cuius
435 3276 497 3307 ὅτε.

286 3313 378 3346 Teste
394 3298 480 3352 §ege
494 3311 567 3352 apud
585 3310 716 3351 Leycqstr.
733 3310 848 3341 decimo
867 3312 969 3349 quinto
985 3309 1031 3340 die
1047 3308 1126 3340 Maii.

848 3389 901 3417 Per
918 3386 999 3426 ipsicm
1017 3389 1121 3424 Regem.

451 3517 501 3549 De
525 3512 708 3559 Praeficiendo
732 3515 877 3545 Comitem
899 3515 929 3544 in
950 3514 1080 3545 Ducem.

95 3625 177 3657 -Ann‘
187 3623 230 3656 D·
245 3601 365 3662 REX
379 3600 527 3632 Omnibus
541 3598 576 3628 ad
589 3609 678 3638 quos,
696 3599 757 3630 &c.
773 3597 909 3628 Salutem.

119 3672 206 3702 1414.

100 3707 154 3731 An.
170 3712 196 3731 2.

102 3745 132 3769 Η
158 3748 185 3777 5.

104 3782 165 3807 Pae.
185 3787 211 3804 2.

106 3820 144 3845 Η.
164 3826 189 3851 5.

106 3861 133 3892 p.
143 3864 167 3881 2.
183 3863 219 3881 m.

111 3901 156 3930 32.

284 3638 612 3716 Οὐωὸἓίἓζὶὲυὲἒὶῖυω
627 3677 661 3707 &
674 3673 826 3713 Dignitatis
840 3673 941 3712 Regiae
957 3672 1108 3712 Fastigium
1130 3671 1304 3711 Sapientium

246 3719 281 3750 ὃ(
295 3718 467 3749 Sublimium
483 3713 616 3746 consistat
629 3713 807 3743 multitudine
821 3711 1024 3749 Personarum,
1040 3712 1073 3742 &
1087 3720 1123 3740 eo
1136 3712 1222 3749 magis
1243 3709 1305 3739 Re-

248 3758 295 3795 gni
310 3756 454 3795 Regimen
467 3754 631 3790 roboratur,
644 3761 703 3792 quo
717 3752 807 3789 plures
819 3750 868 3780 sibi
892 3750 1038 3780 subsistunt
1058 3748 1197 3788 Nobiles,
1214 3746 1308 3779 Status
1338 3756 1414 3777 man.

248 3797 282 3826 ὃ(
295 3794 468 3825 Eminentiae
481 3791 628 3829 Celfiores,

284 3832 353 3862 Nos
371 3833 470 3871 igitur,

289 3870 335 3900 Ad
351 3869 518 3907 Praemiffa,
542 3870 572 3898 in
592 3867 719 3908 praesenti
741 3866 934 3897 Parliamento
955 3863 1073 3902 nostro,
1099 3865 1172 3903 apud
1199 3863 1306 3904 Leyce·

251 3906 345 3938 striam
359 3916 546 3945 convocato,
565 3907 668 3938 nostrae
680 3905 909 3937 considerationis
924 3903 1056 3934 intuitum
1069 3901 1229 3942 dirigentes,

291 3945 331 3976 Et
344 3946 470 3976 volentes
483 3945 600 3983 proinde
614 3945 766 3983 Sceptrum
779 3943 828 3974 Re
850 3944 930 3980 ium,
955 3950 1012 3970 tam
1033 3940 1191 3978 adjectione
1214 3951 1307 3972 novo-

251 3993 317 4014 rum
335 3982 493 4014 Honorum
504 4007 514 4019 ,
529 3986 614 4021 quarn
627 3983 821 4014 restauratione

866 3989 976 4012 ererum
991 4004 1000 4017 ,
1024 3978 1145 4009 securius
1168 3980 1311 4018 stabilire,

1379 214 1461 252 dirigi
1475 211 1560 249 possit
1577 213 1605 242 in
1622 211 1744 248 Dubiis,
1764 210 1798 241 ὃς
1810 209 1905 240 fulciri
1924 206 2068 248 Suffragiis
2081 209 2112 239 in
2123 208 2260 248 adverIiS,
2408 219 2497 250 1414.

1340 251 1523 282 Carissimum
1538 250 1663 281 Fratrem
1686 249 1818 280 nostrum
1841 247 2004 287 Johannem
2025 248 2058 277 de
2078 248 2250 293 Lancastre,
2268 257 2355 287 quem
2385 253 2450 279 Han.
2467 259 2496 286 5.

1300 300 1361 321 tarn
1376 289 1522 320 Nobilitas
1535 288 1675 326 Generis,
1693 297 1782 327 quam
1799 286 1924 317 Morum
1940 285 2077 317 Scientiae
2091 286 2125 317 &
2140 285 2275 326 Virtutis,
2293 298 2326 319 ac
2333 273 2375 318 Ε.ἰ

1300 329 1445 371 legantiae,
1464 329 1497 359 ὃ(
1509 327 1705 366 Strenuitatis,
1720 327 1828 365 aliaque
1843 348 1853 364 ,
1868 325 1973 356 merito
1997 325 2196 357 comendanda
2209 349 2220 365 ,
2242 325 2375 358 Probita-

1301 377 1364 399 tum
1378 367 1500 404 Insignia
1513 367 1546 397 &
1563 366 1673 404 Flores,
1698 365 1891 403 multipliciter
1913 363 2120 402 perornarunt,
2145 365 2174 396 iri
2197 369 2326 395 Comitem
2343 367 2376 396 de

1300 405 1444 444 Kendale,
1462 405 1494 435 &
1508 403 1610 434 deinde
1622 407 1651 433 in
1677 407 1780 434 Ducem
1803 401 1959 442 Bedfhrdiae
1973 424 1984 440 ,
2008 402 2039 431 in
2058 403 2163 433 eodem
2185 402 2378 436 Parliamento

1302 444 1416 489 nostro,
1435 441 1541 487 assensu
1555 440 1743 487 'Praelatorum
1758 443 1792 474 ὃς
1806 442 1983 486 Procerum,
2000 450 2034 472 ac
2059 440 2285 474 communitatis
2310 443 2373 475 Re-

1302 480 1931 558 ἕῃ1143ῘέΟαῖΓὲἷᾶἓιιέοῑὲἒῗῗῖῐὲωὕκῖἔῖἓῗεν
1954 518 2114 549 Gladiorum
2136 519 2312 560 Cinffuram,
2330 521 2371 556 &-

1302 565 1397 598 Cappae
1414 558 1613 598 Appofitionem
1625 581 1634 596 ,
1652 569 1683 602 af
1698 560 1727 589 V
1727 561 1791 596 irgae
1806 568 1894 588 aureae
1908 558 2111 597 Traditionem,
2123 558 2303 598 personaliter
2319 563 2371 590 In·

1301 599 1460 637 vestivimus
1470 620 1481 636 ,
1498 605 1530 627 ut
1546 596 1587 626 est
1602 606 1708 635 moris,

1338 637 1369 667 Η
1381 647 1400 667 A
1409 646 1428 666 B
1439 645 1457 666 E
1466 644 1489 666 N
1499 645 1521 666 D
1533 644 1554 665 A
1564 635 1602 679 ¹&
1618 634 1650 665 Τ
1659 644 1677 665 E
1688 643 1711 679 ¹³3
1720 644 1738 665 Ε
1749 643 1772 665 N
1783 643 1805 665 D
1815 643 1836 665 A
1849 634 1969 674 praefato
1984 633 2073 667 Fratri
2089 634 2189 667 nostro
2202 636 2298 675 Stilos,
2304 635 2374 667 Ho⁴

1302 686 1384 707 nores
1392 699 1402 714 ,
1420 674 1607 720 &.Nomma
1621 673 1760 711 praedieta
1771 674 1807 717 ad
1821 674 1880 711 ejus
1894 673 2041 705 dumtaxat
2058 672 2158 707 Vitam
2178 676 2349 706 naturalem:

1344 715 1396 753 Et,
1413 723 1442 744 ut
1457 713 1534 744 idem
1553 713 1648 743 Frater
1663 711 1774 749 noster,
1792 721 1868 750 1uxra
1878 711 2048 743 Nominum
2061 713 2194 753 suorum,
2212 723 2244 746 ut
2258 715 2376 755 praefer·

1303 763 1364 792 tur,
1382 754 1415 784 &
1429 752 1590 796 Honorum
1603 751 1782 788 decentiam,
1800 750 1902 781 melius
1914 751 1948 782 &
1962 750 2196 784 honorificentius
2215 754 2305 786 valeat
2326 755 2372 784 in-

1303 793 1472 836 cumbentia
1486 791 1534 822 fibi
1547 789 1646 820 Onera
1665 792 1681 807 ¹
1700 788 1862 828 supportare
1898 787 2041 819 Dedimus
2060 789 2095 820 &
2115 790 2318 824 Conceffimus
2333 794 2373 823 ei-
2385 783 2406 806 '¹‘
2425 784 2481 813 IX?

1303 832 1372 862 dem
1388 830 1474 861 Fratri
1488 827 1768 872 nostro·(videlicet)
1782 837 1836 865 pro
1855 811 1936 858 (sicto
1954 826 2034 858 Statu
2049 826 2175 866 Comitis
2188 829 2299 870 Viginti
2319 831 2370 861 Li.
2389 835 2452 861 129.

1304 871 1384 907 bras,
1400 869 1434 899 &
1447 878 1501 907 pro
1516 867 1654 906 praedieto
1668 867 1747 898 Statu
1761 866 1857 897 Ducis
1869 864 2062 905 Qiadraginta
2076 866 2194 906 Libras,
2249 871 2370 909 rcipien-

1305 909 1352 939 das
1364 908 1473 946 singulis
1491 907 1599 944 Annis,
1616 916 1670 946 pro
1683 907 1807 936 termino
1820 905 1896 936 Vitae
1909 904 1982 942 suae,
1997 904 2035 935 de
2048 903 2191 943 Exitibus,
2242 908 2356 939 roficuis

1306 947 1426 983 Firmis,
1444 944 1668 984 Emolumentis,
1685 944 1718 976 &
1732 943 1996 976 Commoditatibus
2009 941 2176 976 Comitatus
2198 933 2374 978 Bedfordiae'

1305 986 1339 1017 ad
1357 983 1438 1014 Festa
1452 983 1552 1028 Sancti
1568 983 1717 1027 Michaelis
1734 984 1768 1014 &
1783 982 1919 1021 Paschae,
1935 992 1984 1022 per
1999 983 2118 1021 aequales
2131 983 2282 1015 Portiones
2296 1007 2308 1024 ,
2324 970 2377 1024 pei3

1305 1033 1405 1092 malnus
1420 1021 1610 1092 Vicecgcmitis
1624 1020 1792 1053 Comitatus
1807 1022 1877 1052 illius
1891 1031 1946 1060 pro
1963 1029 2095 1062 tempore
2108 1021 2261 1056 existentis.

1359 1072 1378 1091 n
1392 1071 1426 1091 cu
1459 1071 1470 1090 s
1561 1084 1567 1090 .

1361 1070 1457 1132 TestjtiJ
1464 1070 1635 1139 §egecapud
1651 1097 1782 1138 Leycestr.
1798 1097 1917 1130 decimo
1931 1097 2009 1130 sexto
2024 1097 2070 1130 die
2084 1099 2167 1131 Maii.

1942 1176 1999 1206 Per
2012 1175 2095 1215 r'pficm
2112 1179 2217 1215 Regem.

1570 1339 1620 1372 De
1642 1332 1860 1370 Pardondtione
1872 1346 1929 1383 pro
1947 1334 2112 1370 Lollardis.

1309 1432 1502 1487 HEnricus,
1527 1425 1587 1458 Dei
1602 1425 1687 1471 gratia
1701 1448 1712 1464 ,
1729 1428 1792 1469 Rex.
1810 1425 1925 1464 Angliae
1948 1423 1987 1461 ό»
2009 1429 2148 1466 Franciae,
2173 1428 2214 1465 &
2243 1433 2376 1462 Dominus
2386 1424 2465 1456 Arm.
2478 1425 2522 1457 Di

1382 1468 1525 1499 Hiberniae
1535 1489 1545 1505 ,
1565 1465 1712 1509 Omnibus
1725 1463 1836 1495 Ballivis
1849 1468 1884 1496 &
1900 1465 2044 1497 Fidelibus
2055 1465 2130 1506 suis,
2148 1467 2184 1499 ad
2210 1479 2282 1508 quos
2301 1480 2376 1510 prae-
2405 1472 2494 1504 1414.

1307 1508 1396 1539 sentes
1412 1508 1516 1538 Literae
1532 1512 1728 1543 pervenerint,
1747 1503 1881 1534 Salutem.
2385 1507 2438 1531 Aa.
2449 1514 2478 1533 2.

1346 1546 1445 1577 Sciatis
1458 1544 1555 1584 quod,
2385 1547 2422 1570 H.
2447 1551 2476 1579 5.

1347 1584 1430 1615 Cum
1444 1582 1542 1615 diversi
1559 1581 1672 1612 Subditi
1687 1581 1721 1612 &
1737 1579 1820 1620 Ligei
1830 1580 1920 1612 nostri
1933 1582 1943 1613 s
1953 1580 2032 1618 quod
2047 1581 2223 1621 dolendum)
2240 1585 2274 1616 ad
2297 1585 2483 1617 insti-Pata.

1309 1625 1453 1663 gationem
1465 1623 1498 1654 &
1514 1620 1683 1651 instintstum
1699 1618 1866 1663 callidissimi
1879 1619 1981 1650 Hostis
1994 1621 2028 1651 &
2042 1622 2144 1653 versuti
2157 1624 2191 1654 &
2207 1624 2320 1656 suorum
2329 1624 2418 1658 Se-H-
2437 1627 2467 1654 5·-

1311 1663 1463 1731 313¹?ssssssss
1468 1658 1846 1731 ’333‘25‘3350613‘23‘13323325
1847 1658 2212 1735 fflsslgifflfffissssnsssnae
2222 1662 2415 1732 ¹3⁰⁶“ffi223

1840 1720 1850 1734 ‚
2419 1718 2427 1725 .
2461 1718 2469 1724 .

1311 1741 1344 1771 &
1361 1739 1565 1781 Praedicantes,
1584 1734 1774 1780 inMortem
1797 1733 1924 1766 nostram
1947 1758 1957 1775 ,
1979 1746 2012 1766 ac
2033 1723 2209 1770 divertorutii
2231 1711 2383 1773 chgriigeosz

1312 1788 1410 1847 ‘⁰¹13‘sp
1416 1774 2044 1854 ‘23¹,3333‘312¹¹33322?1{{ffi{?¹f255355‚⁰
2051 1775 2299 1856 ’[6ῗῇἒῆρῖξέ
2313 1820 2318 1826 ·

1315 1855 1349 1887 &
1363 1855 1518 1894 repulsam,
1536 1861 1621 1894 prout
1644 1850 1829 1882 Catholicum
1850 1849 1946 1883 decuit
1960 1836 2134 1891 'Prin⁷cipem
2150 1878 2159 1892 ,
2175 1856 2210 1886 δε
2229 1828 2385 1890 ξυὶη-ξζεωῗέ

1313 1896 1487 1935 susceptione
1501 1892 1632 1936 Coronae
1644 1890 1767 1935 nostrae,
1790 1890 1860 1921 sicut
1880 1892 1977 1922 caeteri
1997 1891 2087 1922 incliti
2107 1891 2309 1934 Progeriiaores
2328 1906 2384 1928 no-

1314 1933 1376 1971 stri,
1393 1933 1427 1964 ad
1443 1933 1499 1963 hoc
1513 1931 1617 1962 astrieii
1632 1930 1751 1960 Vinculo
1759 1931 1924 1968 juramenti,

1352 1972 1496 2010 Nequiter
1512 1969 1727 2008 imaginaverint
1740 1969 1773 1999 ὅ(
1789 1969 2032 2008 conspiraverint,
2049 1978 2133 2008 prout
2146 1971 2246 2004 diversi
2261 1973 2374 2006 illorum

1315 2011 1419 2080 exlgac
1433 2009 1516 2041 causa
1526 2010 1585 2047 jam
1600 2009 1687 2038 morti
1701 2006 1807 2039 addieti
1823 2009 1857 2039 &
1873 2007 2032 2048 adjudicati,
2049 2011 2164 2041 notorie
2179 2010 2241 2043 sunt
2253 1998 2387 2054 confeffi}

1390 2059 1422 2079 os

1352 2073 1537 2119 Arteridentes
1556 2085 1675 2125 qualiter
1695 2084 1826 2116 nonnulli
1841 2107 1851 2124 ,
1867 2084 1981 2116 forsitan
2003 2086 2063 2118 satis
2081 2087 2190 2120 Fideles
2210 2089 2298 2122 nostri
2350 2091 2388 2123 de

1316 2127 1486 2171 Praemiffis,
1505 2135 1538 2156 ex
1551 2126 1622 2156 odio
1635 2126 1668 2156 &
1684 2124 1805 2162 malitia,
1820 2124 1867 2154 vel
1885 2125 2090 2157 informatione
2104 2127 2211 2160 sinistra
2231 2130 2264 2161 &
2292 2114 2392 2162 rii'inus

1316 2165 1400 2212 isera,
1415 2176 1444 2195 in
1459 2166 1586 2209 futurum
1599 2164 1635 2194 de
1649 2164 1727 2194 facili
1742 2162 1848 2207 impeti
1861 2163 1895 2194 &
1918 2163 2070 2204 Accusari,
2093 2166 2284 2206 multipliciter
2329 2177 2391 2202 tam

1317 2216 1346 2236 in
1361 2205 1540 2245 Corporibus
1549 2225 1558 2242 ,
1577 2203 1664 2242 quam
1677 2201 1780 2240 Bonis,
1796 2201 1876 2242 quod
1890 2202 2047 2243 nollemus,
2063 2205 2250 2238 verisimiliter
2263 2193 2392 2248 laeiiipo-

1321 2253 1416 2275 terunt
1432 2244 1466 2274 &
1481 2243 1585 2279 vexari,

1356 2282 1394 2313 Et
1408 2282 1536 2313 volentes
1548 2281 1678 2321 proinde,
1695 2289 1714 2315 '3

1342 2321 1409 2366 'Ob
1426 2322 1496 2352 illius
1510 2322 1715 2358 reverentiam,
1730 2320 1780 2358 qui
1794 2319 1878 2350 nobis
1889 2319 1924 2350 de
1945 2319 2071 2358 pluribus
2090 2317 2284 2355 Inimicorum
2313 2333 2388 2363 prae-

1320 2360 1466 2404 ditStorum
1481 2362 1597 2397 repente
1613 2359 1750 2390 Tutelam
1768 2358 1907 2389 concessit
1923 2359 1956 2389 &
1973 2357 2149 2399 Vistoriam,
2166 2371 2200 2393 ac
2214 2363 2317 2401 cuntis,
2337 2363 2389 2394 sibi

1320 2399 1579 2443 Delinquentibus,
1598 2400 1636 2428 ne
1651 2409 1700 2428 eos
1715 2407 1783 2428 cum
1797 2397 1849 2428 suis
1861 2397 1957 2438 perdat
1973 2397 2171 2438 Iniquitatibus
2184 2401 2218 2432 &
2239 2399 2362 2432 Deliciis

1320 2437 1525 2477 indulgentiam
1560 2437 1671 2468 raestare
1682 2437 1750 2467 velit
1764 2437 1797 2467 ὅτ,
1813 2435 1934 2474 Pacem,
2376 2424 2388 2441 ²

1360 2476 1419 2507 Pro
1436 2477 1649 2521 tranquilitate,
1667 2476 1827 2514 securitate,
1845 2476 1879 2506 &
1897 2475 1990 2514 quiete
2002 2474 2119 2514 Phihppi
2134 2477 2258 2507 Turnonr
2271 2477 2307 2510 de
2327 2478 2390 2510 Da-

1322 2526 1421 2547 ventre
1438 2516 1602 2555 providere,

1361 2554 1413 2585 ΡΑ
1426 2561 1711 2584 RDONAVIMUS
1737 2553 1771 2583 δε
1792 2551 2043 2582 Rammius
2066 2552 2158 2583 eidem
2181 2553 2303 2594 Philippo
2324 2554 2387 2586 Siz-

1323 2602 1370 2623 c’r
1384 2600 1440 2637 ΑΝ
1462 2592 1582 2636 ΡΛεις
1601 2592 1722 2636 nostrae,
1738 2599 1802 2630 quae
1826 2589 1860 2620 ad
1884 2588 1953 2620 Nos
1973 2591 2092 2630 pertinet
2104 2613 2115 2629 ‚
2139 2600 2194 2629 pro
2212 2594 2391 2625 omnimodis

1322 2631 1533 2678 eroditionibus
1545 2653 1554 2668 ,
1570 2640 1619 2670 per
1635 2630 1741 2674 ipsum,
1759 2637 1823 2668 erga
1835 2627 1922 2667 Nos,
1940 2629 1974 2660 &
1993 2628 2169 2668 Ligeanriam
2185 2631 2262 2662 suam
2302 2632 2349 2664 seu
2360 2642 2390 2664 a·

1322 2670 1371 2699 lias
1387 2670 1630 2713 qualitercumque
1645 2678 1674 2698 in
1688 2669 1740 2697 hac
1755 2676 1831 2705 parte
1863 2676 1927 2698 ante
1950 2664 2129 2700 Vicesimum
2147 2656 2287 2701 oetavun'i
2311 2672 2391 2703 diem

1323 2708 1422 2738 Martii
1436 2709 1570 2745 proximo
1588 2707 1776 2750 praeteritum,
1793 2689 1873 2736 faeiis
1887 2706 1920 2736 &
1937 2708 2114 2746 perpetratis,
2135 2708 2211 2739 unde
2227 2707 2395 2749 Indiam-is,

1322 2746 1474 2791 Recitatus,
1493 2745 1538 2776 vel
1549 2745 1713 2789 fippellatus
1725 2743 1835 2781 existit,
1849 2755 1883 2775 ac
1897 2745 1981 2775 etiam
1995 2745 2165 2785 Utlagariis,
2180 2747 2199 2778 si
2234 2757 2278 2778 uae
2296 2749 2325 2778 in
2345 2748 2388 2786 ip-

1323 2785 1383 2815 sum
1398 2785 1452 2815 hiis
1467 2784 1662 2815 occasionibus
1675 2783 1779 2813 fuerint
1792 2783 2001 2822 promulgatae,
2017 2785 2053 2816 &
2071 2784 2185 2817 firmam
2232 2796 2315 2817 acem
2333 2797 2389 2818 no—

1325 2823 1409 2853 stram
1423 2824 1449 2853 ei
1462 2822 1528 2853 inde
1542 2821 1840 2859 Concmnmus,

1357 2861 1543 2906 Dumtamen
1556 2861 1632 2905 idern
1648 2859 1785 2898 Philippus
1805 2861 1840 2890 ad
1862 2858 1943 2891 Loca
1961 2857 2134 2901 privilegiata
2155 2871 2192 2893 ex
2212 2862 2297 2893 causis
2317 2872 2392 2902 prae-

1323 2900 1414 2945 missis
1423 2910 1483 2931 non
1498 2900 1599 2939 fugerit
1613 2924 1623 2937 ,
1641 2909 1695 2930 nec
1715 2900 1745 2928 in
1767 2897 1882 2929 Prisona
1896 2907 1931 2929 ex
1947 2897 2034 2930 causis
2051 2900 2195 2937 praedietis
2207 2901 2324 2940 existat,
2342 2903 2390 2934 seu

1323 2949 1375 2977 pro
1390 2939 1494 2970 eisdem
1509 2939 1594 2969 causis
1610 2937 1752 2968 Arestatus
1765 2938 1800 2968 &
1814 2939 1844 2968 in
1858 2937 1971 2968 Prisona
1983 2936 2078 2967 nostra
2097 2938 2226 2970 detentus
2239 2950 2300 2971 non
2319 2940 2373 2972 fuit

1323 2988 1376 3008 nec
1391 2979 1428 3008 ab
1442 2977 1541 3022 eadem
1556 2976 1670 3007 Prisona
1687 2986 1736 3014 per
1759 2975 2019 3013 Manucaptionem
2035 2975 2090 3007 sive
2105 2978 2134 3007 iri
2155 2977 2269 3009 Balliam
2283 2963 2394 3010 delibe3

1324 3025 1396 3047 ratus
1410 3015 1526 3054 existat,
1543 3024 1591 3046 aut
1606 3016 1637 3045 in
1651 3014 1765 3045 Prisona
1779 3023 1813 3044 ex
1828 3014 1912 3044 causis
1925 3012 2065 3051 praediffis
2075 3014 2205 3048 detentus
2226 3027 2288 3048 non
2308 3018 2363 3050 fuit

1329 3065 1384 3086 nec
1398 3057 1434 3086 ab
1449 3056 1549 3085 eadem
1567 3054 1660 3085 evasit.
2381 3041 2396 3059 ³

1364 3094 1396 3124 In
1413 3095 1491 3133 cujus
1506 3094 1545 3124 rei
1561 3091 1778 3123 Testimonium
1795 3089 1844 3121 has
1859 3089 1968 3121 Literas
1987 3089 2095 3123 nostras
2115 3091 2176 3124 fieri
2199 3093 2319 3126 fecimus
2340 3093 2394 3128 Pa-

1327 3140 1424 3164 tentes.

1367 3170 1459 3215 Teste
1473 3169 1584 3207 meipso
1597 3167 1672 3209 apud
1688 3166 1819 3207 Leycestr.
1844 3166 1983 3199 vicesimo
2003 3168 2050 3199 die
2072 3167 2166 3209 Maii,
2189 3171 2279 3203 Anno
2301 3170 2399 3212 Regni

1331 3208 1419 3240 nostri
1433 3208 1580 3239 Secundo.

1968 3247 2024 3276 Per
2035 3244 2120 3286 ipficm
2134 3250 2238 3285 Regem.

1334 3322 1506 3355 Consimiles
1525 3322 1633 3353 Literas
1647 3320 1736 3360 Regis
1749 3320 1785 3351 de
1807 3320 2015 3366 Pardonatione
2037 3323 2141 3355 habent
2163 3323 2326 3364 subscripti,
2344 3323 2396 3356 sub

1645 3359 1722 3391 Dani
1740 3358 1905 3400 subscnpta3
1921 3362 2070 3401 videlicet,

1375 3437 1520 3477 Johannes
1539 3437 1653 3473 Wyther
1669 3436 1824 3483 n'Personla
1839 3437 1975 3470 Ecclesiae
1987 3438 2023 3469 de
2038 3436 2246 3478 Wydyngton‚
2269 3437 2333 3471 alias
2355 3439 2399 3471 di-

1336 3477 1399 3508 &us
1414 3477 1559 3544 {ohannes
1575 3478 1639 3517 Wyt
1659 3486 1718 3505 erin
1731 3475 1870 3508 Clericus.

1373 3516 1415 3554 Jo
1435 3525 1517 3544 annes
1531 3513 1616 3554 Affer
1629 3515 1662 3544 de
1677 3518 1786 3545 Dautre
1801 3515 1834 3545 de
1851 3518 2007 3546 Daventre.

1376 3553 1490 3583 Thomas
1506 3552 1598 3592 Smyth
1614 3552 1745 3587 Serviens
1760 3553 1882 3584 Busteler
1895 3554 1930 3585 de
1945 3552 2099 3592 Spoustretf
2112 3551 2148 3583 de
2161 3551 2320 3592 coventre,
2335 3554 2401 3586 alias

1339 3593 1431 3623 dietus
1445 3591 1559 3621 :thomas
1572 3590 1730 3636 Golffiayth
1745 3593 1782 3624 de
1795 3590 1958 3631 Coventre,
1975 3591 2037 3622 alias
2057 3590 2148 3622 didius
2169 3589 2283 3621 Thomas
2304 3592 2403 3634 Baste-

1340 3631 1380 3661 ler
1394 3640 1484 3669 nuper
1499 3630 1629 3661 Serviens
1646 3632 1791 3671 Johannes
1807 3629 1936 3669 Busteler.

1378 3669 1508 3699 Ricardus
1524 3667 1607 3708 Whyt
1618 3671 1655 3702 de
1668 3671 1802 3702 Eborum
1815 3668 1972 3698 Plommer.

1377 3706 1541 3738 Willielmus
1557 3711 1678 3749 Semper,
1703 3710 1768 3740 alias
1787 3706 1880 3739 dietus
1904 3703 2071 3736 Willielmns
2094 3708 2200 3753 Semper
2223 3705 2403 3750 Travelyng—

1409 3784 1526 3816 ohannes
1544 3789 1637 3825 Agret
1647 3786 1771 3817 Persona
1785 3782 1919 3816 Ecclefiae
1930 3781 1968 3813 de
1981 3781 2168 3822 Isuampstede
2195 3784 2343 3825 Latymer.

1407 3823 1526 3854 ohannes
1538 3824 1646 3864 Jeffrey
1664 3825 1699 3856 de
1715 3823 1832 3855 Bladon.

1380 3860 1527 3900 Johannes
1539 3865 1606 3904 Syby
1619 3865 1655 3894 de
1670 3862 1759 3893 Parva
1772 3859 1969 3897 Miflendene,
1986 3858 2049 3889 alias
2066 3859 2160 3892 dietus
2180 3860 2294 3892 nomas
2315 3859 2407 3903 Sebely

1343 3899 1380 3931 de
1391 3900 1645 3940 Wycombehethe
1659 3901 1798 3932 Fletcher.

1379 3938 1526 3977 Johannes
1542 3941 1654 3971 Fraunk
1666 3939 1702 3970 de
1716 3938 1864 3969 Comitatu
1879 3935 2008 3967 Eborum
2023 3934 2201 3976 capellanus.

1382 3977 1402 3996 ¹¹¹¹
1421 3976 1568 4014 Johannes
1583 3977 1682 4018 chylde
1695 3977 1732 4007 de
1746 3976 1882 4006 London.
1901 3974 2091 4015 Goldsmyth,
2111 3977 2176 4009 alias
2187 3976 2280 4012 distas
2294 3975 2409 4016 Johan-
2423 3989 2442 4009 it
2451 3990 2504 4018 Ιχ,

252 4022 288 4056 &
302 4020 469 4054 Numerum
483 4030 582 4061 augere
597 4021 754 4054 Nobilium
765 4043 774 4060 ,
793 4020 944 4060 praesertim
961 4018 996 4049 de
1016 4017 1110 4058 stirpe
1129 4017 1221 4058 Regia
1242 4027 1308 4057 pro}
1343 4026 1390 4047 nes
1402 4014 1485 4048 child
1498 4016 1578 4050 Civis
1590 4017 1624 4049 &
1637 4015 1784 4048 Aurifaber
1798 4013 1935 4045 London.

2419 4038 2497 4079 -130.

2369 4054 2413 4085 1³⁴1
