2562 4274
790 120 898 164 ET
982 122 1237 163 ACTA
1320 118 1787 160 PUBLICA.

2237 128 2309 170 131

24 212 99 244 Ann.
113 207 153 240 D.
170 210 237 248 diri3
256 208 454 242 nichilominus
468 205 557 238 Diem
570 204 689 247 ejusdem
706 208 914 240 Conventionis
930 228 939 244 ‚
957 205 993 236 de
1007 207 1133 239 Partium
1149 217 1219 237 con-
1256 213 1381 241 cumque
1399 203 1489 234 Portu
1507 203 1578 233 infra
1598 202 1728 234 Ballivam
1751 210 1830 233 tuam
1852 201 1970 232 inveniri
1983 206 2133 240 poterunt,
2150 199 2183 230 ad
2203 198 2303 231 Deser-
2321 198 2396 229 Arm.
2410 197 2453 231 D.

46 257 131 288 1419.

28 295 90 318 Hm.

55 2533 75 2553 t
90 2532 146 2561 rx.

52 2580 119 2609 79¹·

79 3255 167 3287 1419.

56 3291 110 3317 An.
125 3296 152 3321 7.

57 3330 94 3353 H.
112 3334 141 3361 5.

59 3367 120 3391 Pat.
139 3371 167 3398 7.

58 3406 92 3429 H.
102 3411 171 3436 5.m.

60 3441 105 3468 26.
127 3441 153 3468 d.

170 250 248 280 sensu
268 255 426 288 prorogatae
439 270 449 285 ,
475 248 622 284 Tempora
644 247 772 276 nondum
792 247 864 277 fasta
887 243 1062 283 penderent,
1082 246 1218 284 Neglexit

106 296 135 324 5·
169 291 240 318 Pars
262 285 379 325 adversa
400 286 555 315 convenire
582 287 663 315 certis
690 285 834 315 Terminis
855 306 865 321 ,
889 284 924 313 ad
950 283 1005 313 hoc
1028 283 1064 313 de
1092 285 1218 314 Patrium

172 325 314 356 Consensu
332 321 462 361 StatutiS,
486 321 627 353 illudendo
643 322 742 362 Regi,
769 322 941 352 Terminum
960 322 1109 360 diligenter
1126 322 1219 352 obser-

169 365 254 398 vanti.

211 399 364 432 Recusavlt
380 398 489 436 insuper
510 399 586 436 (licet
604 408 653 437 per
663 398 773 428 dictum
788 397 902 433 Regem
920 397 1156 428 exhortationibus
1177 396 1222 427 so·-

174 440 255 470 licitis
277 448 309 468 ac
328 436 467 468 Instantiis
487 439 632 475 oportunis
646 437 679 468 &
694 437 861 474 importunis
877 437 1013 474 requisita)
1031 436 1221 474 appunftuare

174 478 265 508 Diem
278 486 332 514 pro
344 476 504 506 earumdem
520 475 642 507 Partium
660 474 862 505 Conventione
875 474 1016 511 personali.

211 514 267 553 Et,
285 522 386 551 praeter
407 513 470 544 haec
483 538 492 551 ,
514 512 763 544 Ambaffiatoribus
778 514 857 550 ipsius
873 513 977 550 Regis,
992 521 1045 550 pro
1058 511 1223 543 maturando

175 553 257 584 Pacis
278 553 415 591 negotio,
439 552 531 582 versus
555 551 700 588 praefatum
725 551 917 581 Adversarium
932 551 1011 580 variis
1026 550 1222 588 Temporibus

176 590 335 623 transmissis
350 614 360 629 ,
384 591 547 627 aliquotiens
566 589 652 620 aditus
666 613 675 627 ,
707 589 873 628 aliquotiens
892 591 961 619 vero
982 589 1145 619 desideratus
1166 598 1225 618 non

178 629 384 661 concedebatur
397 627 514 658 auditus.

216 667 342 704 Adhaee,
362 667 430 696 cum
449 666 609 696 memoratis
628 664 750 704 adversae
771 668 863 695 Partis
887 664 1015 695 Articulis
1029 664 1156 703 fuissent,
1175 672 1227 702 pro

179 706 262 737 Parte
284 705 354 735 dicti
373 703 462 742 Regis
476 728 485 740 ,
502 703 573 734 datae
588 703 808 743 Responsiones,
823 704 923 741 quibus
939 703 1101 733 credebatur
1114 703 1227 733 Partem

178 743 318 774 adversam
340 743 444 772 merito
463 742 588 772 debuisse
609 744 789 780 contentari,
812 743 922 772 asseruit
942 742 1139 771 nichilominus
1163 740 1229 770 Pars

179 781 311 849 praegilffa
327 780 533 818 Responsiones
544 780 617 810 datas
631 780 687 810 effe
699 779 850 811 Generales
860 803 868 817 ,
888 779 993 817 Vagas,
1011 777 1230 815 Irrationabiles,

177 823 211 852 &
290 829 379 849 curas.

217 857 256 888 Et
269 879 278 895 ,
302 857 371 888 curn
388 880 397 895 ,
422 866 471 894 per
493 855 627 886 Oratores
646 855 715 885 dieti
739 855 825 893 Regis
841 879 849 892 ,
868 853 959 884 fuisset
975 853 1107 884 instanter
1119 854 1154 883 ab
1172 853 1230 893 ipsa

180 894 263 926 Parte
277 895 392 927 adversa
405 896 522 932 petitum
531 918 540 932 ,
558 904 691 932 quatenus
704 893 872 923 eorumdem
888 892 1114 929 Responsionum
1131 892 1230 923 Gene-

183 934 300 964 ralitates
312 956 322 972 ,
348 934 381 964 &
403 933 594 963 Obscuritates
609 956 618 970 ,
645 933 678 962 δε
703 930 777 961 Vitia
795 931 920 970 apperire
933 939 1041 961 curaret
1052 953 1061 967 ,
1079 931 1112 960 ad
1127 930 1229 960 Finem

184 981 233 1010 ut,
252 972 302 1002 hiis
318 971 416 1002 auditis
431 994 441 1009 ,
458 979 607 1008 oportunae
622 969 824 999 Declarationis
839 970 955 1005 auxilie,
972 970 1005 999 &
1020 969 1077 999 aliis
1094 969 1230 999 Rationa-

184 1010 286 1041 bilibus
310 1012 361 1040 viis
374 1032 384 1048 ‚
410 1008 566 1046 hujusmodi
578 1007 768 1038 obscuritates
781 1008 812 1037 ὃ(
832 1007 904 1037 Vitia
921 1008 952 1044 (fi
968 1017 1022 1044 qua
1037 1007 1150 1044 fuerint)
1167 1007 1232 1037 sub-

184 1055 382 1087 moverentur,
401 1046 435 1076 ad
450 1047 528 1084 quod
545 1045 703 1077 faciendum
719 1045 783 1075 Pars
803 1045 873 1075 dieti
892 1044 977 1083 Regis
997 1045 1100 1075 obtulit
1114 1046 1140 1075 se
1155 1056 1232 1083 para-

184 1095 243 1118 tam
255 1109 264 1124 ,
281 1086 368 1116 noluit
384 1085 450 1115 Pars
466 1084 595 1120 adversa,
614 1084 657 1114 sed
673 1084 797 1121 expresse
811 1083 943 1113 recusavit
958 1084 1014 1114 hoc
1028 1083 1127 1113 facere.

224 1124 293 1155 Nec
310 1123 424 1154 finaliter
447 1123 474 1152 in
495 1123 567 1153 aliud
586 1122 718 1152 Medium
741 1122 830 1152 voluit
846 1122 998 1159 declinare,
1017 1122 1065 1151 nisi
1083 1121 1162 1158 quod
1181 1120 1233 1151 suis

185 1163 326 1202 praedietis
349 1161 480 1193 Articulis
501 1161 566 1191 Pars
589 1160 675 1199 Regis
696 1158 873 1197 responderet
890 1166 978 1197 pure,
1004 1160 1182 1197 simpliciter,
1200 1160 1233 1188 δε

184 1201 337 1232 affimative
352 1223 362 1239 ,
384 1199 496 1230 eosdem
517 1199 701 1230 concedendo
715 1210 724 1236 3
743 1199 860 1228 afferens
875 1200 952 1235 quod
963 1219 972 1234 ,
989 1197 1089 1234 absque
1103 1208 1137 1226 eo
1155 1196 1235 1234 quod

184 1240 287 1271 eisdem
307 1238 344 1270 sic
366 1237 577 1276 responderetur
590 1262 600 1276 ,
624 1238 758 1268 inchoato
781 1236 860 1267 Pacis
881 1237 1029 1266 Tractatui
1042 1237 1161 1273 amplius
1176 1245 1235 1265 non

184 1285 304 1311 vacaret.

223 1316 371 1346 Caeterum
381 1338 390 1354 ,
408 1314 610 1353 praedistorum
628 1313 819 1345 Articulorum
833 1312 927 1351 series,
939 1311 1010 1342 inter
1024 1312 1074 1342 alia
1088 1310 1236 1350 nonnulla,

187 1356 299 1393 requirit
321 1354 400 1392 quod
423 1354 513 1384 dietus
536 1354 596 1384 Rex
615 1353 641 1383 se
655 1352 771 1390 suosque
784 1352 921 1382 Haeredes
936 1351 1091 1381 illibertaret
1105 1351 1138 1381 ad
1152 1351 1217 1388 Jura
1227 1375 1237 1388 ,

186 1394 360 1430 Principatus
375 1414 384 1430 ‚
410 1393 443 1422 &
466 1393 607 1422 Dominia
627 1393 655 1421 in
670 1390 769 1420 eisdem
786 1390 918 1420 Articulis
932 1389 1088 1427 deiignata,
1108 1400 1186 1427 quse,
1203 1399 1236 1418 ex

188 1431 302 1461 Divinae
324 1430 520 1470 Diipolitionis
538 1429 678 1467 Munere,
696 1423 777 1458 nullis
791 1437 914 1459 coartato
932 1427 1100 1465 Limitibus,
1119 1437 1152 1457 ex
1166 1428 1237 1458 No-

189 1471 230 1501 vis
245 1469 334 1499 forsan
349 1468 463 1505 Caufis,
479 1470 517 1498 eis
530 1468 640 1505 possent
660 1468 756 1497 futuris
772 1466 967 1504 Temporibus
982 1467 1133 1503 pertinere,

225 1507 271 1538 Ac
294 1507 374 1545 quod
396 1506 462 1536 Rex
484 1506 538 1544 ipse
559 1507 615 1536 suas
638 1506 744 1536 Literas
765 1506 797 1536 δε
813 1505 959 1541 Sigillum,
978 1505 1054 1541 cujus
1069 1503 1238 1542 appensione

188 1546 354 1576 muniuntur
369 1567 379 1583 ‚
404 1554 468 1582 quae
485 1554 569 1582 penes
581 1543 671 1581 ipsum
692 1543 803 1581 Regem
820 1543 902 1580 Legis
916 1542 1018 1571 habent
1035 1541 1190 1581 Vigorem,
1208 1543 1237 1571 in

187 1584 362 1614 contrarium
384 1592 569 1620 utrorumque
589 1580 728 1612 veniendo
744 1605 754 1620 ,
772 1581 932 1612 voluntario
946 1579 1060 1610 Conatu
1077 1580 1238 1619 repelleret,

188 1630 272 1661 prout
288 1621 408 1658 superius
422 1620 463 1650 est
481 1619 636 1657 expressum
647 1642 657 1658 ,

229 1661 306 1698 Qae
329 1658 423 1690 revera
436 1680 446 1695 ,
473 1657 492 1687 si
508 1658 604 1688 fierent
617 1682 626 1695 ,
654 1658 687 1689 &
705 1656 846 1687 Humanis
864 1656 896 1686 &
918 1656 1098 1687 Naturalibus
1116 1658 1240 1696 Legibus

189 1707 275 1738 grave
293 1695 490 1734 Praejudicium
514 1697 722 1734 importarent,
746 1695 779 1726 ὃ(
801 1693 948 1726 Maculam
975 1705 1125 1725 enormem
1156 1695 1240 1726 infer-

186 1745 249 1767 rent
262 1734 367 1772 Regiae
382 1732 531 1773 Dignitatis
546 1733 670 1764 Honori.

227 1775 393 1813 roirca,
413 1773 530 1810 praefato
544 1771 626 1810 Rege
637 1773 689 1802 hiis
701 1772 780 1803 suum
795 1771 948 1810 denegante
959 1771 1133 1802 Consensum
1142 1796 1151 1809 ,
1171 1771 1240 1801 No-

188 1811 240 1843 luit
255 1820 357 1842 extunc
374 1811 418 1841 sed
434 1811 542 1841 Renuit
559 1812 630 1840 Pars
646 1810 813 1849 Adveifizrii
828 1809 953 1847 praedicti
970 1810 1073 1840 Pacem
1097 1820 1165 1840 cum
1181 1809 1242 1839 Re-

190 1859 227 1890 ge
248 1849 420 1880 concludere
434 1871 443 1887 ,
468 1857 514 1880 aut
532 1849 696 1880 renovando
721 1848 800 1879 Pacis
813 1849 960 1878 Tradiatui
974 1849 1116 1879 intendere
1133 1849 1178 1879 vel
1194 1858 1243 1879 va·

191 1897 271 1926 care3
290 1897 372 1925 quam
396 1897 459 1917 uam
480 1887 592 1925 reliquis
614 1886 746 1917 omnibus
770 1886 953 1916 Petitionibus
974 1889 1007 1917 &
1024 1887 1156 1917 Articulis
1170 1896 1242 1924 prae-

191 1927 255 1958 fatae
272 1926 358 1957 Partis
410 1934 443 1955 ex
465 1925 633 1962 supradictus
649 1947 659 1962 ,
682 1934 734 1962 pro
750 1924 832 1954 Bono
846 1924 924 1954 Pacis
935 1947 944 1962 ‚
960 1925 985 1955 se
1002 1925 1148 1955 liberaliter
1163 1925 1244 1955 incli-

192 1965 319 2002 naverit,
335 1965 364 1993 in
378 1973 445 1994 eum
462 1963 588 1993 Modum
604 1963 698 2000 quod,
716 1963 751 1993 de
769 1963 910 2000 Ratione,
934 1963 1048 1992 diffiteri
1064 1973 1123 1993 non
1139 1964 1243 2001 poterit

194 2005 265 2033 Pars
287 2001 406 2040 adverfiz
423 2001 530 2032 nullam
552 2003 583 2031 in
608 2001 641 2032 ea
665 2000 747 2032 Parte
773 2000 938 2031 differendae
955 2001 1034 2032 Pacis
1050 2001 1243 2032 Occasionem

193 2041 245 2071 fibi
259 2039 424 2071 remaniiffe.

232 2079 287 2116 Et,
307 2079 372 2109 licet
392 2076 498 2116 praefati
520 2078 608 2117 Regis
627 2078 817 2108 innocentiam
841 2088 856 2107 a
879 2077 1010 2115 Ruptura
1025 2078 1149 2108 inchoati
1163 2076 1245 2108 Pacis

192 2116 348 2186 ,Tffifiiaffitifils
363 2118 535 2160 comprobet
553 2115 694 2147 evidenter
709 2116 838 2154 praeclara
854 2116 931 2147 series
948 2116 1160 2146 Praemifforum
1171 2139 1182 2154 ,

272 2166 296 2185 ic
304 2165 326 2185 11
337 2165 465 2192 ominus,

233 2193 281 2224 Ut
295 2194 350 2224 suae
366 2193 472 2223 Mentis
481 2191 716 2223 perseverantiam
732 2193 759 2222 in
776 2200 880 2230 optatae
896 2193 976 2223 Pacis
992 2191 1109 2223 Affe&u
1124 2201 1246 2231 operum

197 2231 362 2263 inconcussa
370 2231 543 2262 exhibitione
557 2230 722 2261 monstraret
731 2254 740 2269 ,

236 2269 304 2300 Post
318 2269 477 2299 diffoiuram
490 2269 612 2307 praefatae
627 2267 836 2300 Conventionis
852 2270 885 2300 &
900 2270 1080 2309 Treugarum
1091 2291 1101 2307 ,
1122 2269 1178 2307 ejus
1197 2278 1248 2298 oc-

200 2308 310 2339 cafione
332 2309 462 2338 initarum
477 2331 488 2344 ,
515 2307 696 2344 Compagem
711 2330 720 2345 ,
746 2308 861 2345 ipsoque
881 2309 917 2338 ab
934 2309 1015 2337 omni
1029 2307 1248 2345 praecedentium

200 2347 389 2377 Oblationum
405 2346 513 2376 suarum
528 2355 601 2376 nexu
614 2346 693 2383 plena
711 2346 851 2376 Libertate
867 2347 975 2383 potito,

238 2384 309 2416 Post
331 2385 476 2415 obtentam
498 2384 607 2421 infiiper
624 2407 633 2422 ,
651 2384 760 2414 coelesti
775 2385 899 2422 Favore,
917 2384 1020 2414 Villam
1036 2383 1111 2414 suam
1127 2383 1159 2413 de
1176 2385 1248 2413 Pon-

201 2422 282 2463 teifi’,
300 2432 378 2460 quae,
399 2423 500 2452 veluta
522 2422 622 2452 tlffima
643 2421 757 2460 Clavis,
772 2424 846 2452 viam
865 2423 920 2453 sine
934 2422 975 2452 lm
997 2422 1141 2452 edimento
1159 2423 1245 2459 aperit

200 2462 234 2492 ad
256 2470 356 2492 eorum
378 2460 472 2499 Regni
496 2431 650 2491 Civitatem
669 2461 822 2498 (videlicet)
843 2461 963 2501 Part-'firm
977 2472 1016 2489 em
1031 2483 1041 2498 ,
1063 2472 1078 2491 a
1102 2470 1157 2498 qua
1168 2460 1250 2490 distat

199 2499 260 2531 solo
272 2500 387 2536 Septem
403 2499 560 2530 Leucarum
576 2498 693 2536 Itinere,

236 2539 255 2558 ¹¹⁵
275 2537 402 2567 Rursum
418 2560 427 2575 ,
454 2547 507 2575 pro
531 2537 644 2567 vitando
662 2537 811 2574 Sanguinis
826 2536 976 2567 Christiani
991 2536 1109 2566 Diluvio
1120 2559 1128 2574 ,
1148 2535 1250 2566 obtulit

199 2575 337 2615 Adverfie
360 2577 442 2605 Parti
457 2576 483 2605 se
495 2598 504 2613 ,
524 2576 574 2605 sub
593 2575 791 2605 Oblationibus
814 2575 865 2605 illis
886 2574 1056 2611 ampliffimis
1073 2599 1082 2613 ,
1101 2585 1165 2612 quas
1176 2575 1250 2604 fece-

201 2624 243 2645 rat
261 2616 289 2644 in
303 2614 485 2652 praecedentis
501 2613 582 2644 Pacis
597 2614 748 2650 Tradiam,
764 2623 889 2650 paratum
903 2614 960 2644 effe
976 2615 1009 2645 &
1024 2613 1085 2644 fore
1100 2613 1134 2643 ad
1143 2613 1248 2643 Pacem

201 2663 269 2684 cum
285 2652 364 2682 dieto
380 2650 554 2692 Adversarii]
567 2651 817 2689 concludendum;

239 2691 326 2722 Salvis
338 2699 429 2720 tamen
440 2713 449 2727 ,
467 2693 516 2727 ὅς,
535 2690 604 2720 ultra
620 2690 780 2727 Praemissa,
800 2690 937 2720 reservatis
958 2689 1006 2719 sibi
1022 2688 1156 2726 praedicta
1171 2688 1250 2718 Villa

201 2729 233 2759 de
250 2728 386 2768 Pontezfi,
404 2739 436 2759 ac
451 2728 548 2758 Terris
563 2729 712 2766 omnibus,
730 2727 828 2766 Villis,
848 2728 1011 2765 fortalitiis,
1029 2727 1178 2757 Dominiis
1188 2750 1198 2765 ,
1215 2729 1249 2758 &

202 2768 306 2804 Locis,
324 2777 339 2797 a
361 2767 494 2805 praedie'ta
513 2766 586 2796 Villr'i
598 2789 608 2805 ,
630 2776 664 2797 ex
689 2775 803 2804 utraque
823 2766 860 2796 sui
883 2776 959 2804 parte
972 2789 981 2803 ,
1000 2766 1090 2796 versus
1104 2765 1250 2796 Ducatum

202 2806 396 2836 Normanniae,
417 2805 577 2841 conquisitis
590 2827 600 2842 ,
627 2806 659 2836 &
681 2805 731 2835 hiis
747 2828 756 2842 ,
776 2814 839 2842 quae
856 2806 941 2843 usque
954 2804 987 2834 ad
1003 2804 1106 2833 Pacem
1122 2804 1251 2841 finalem,

200 2846 271 2888 inter
292 2843 329 2874 Se
347 2843 380 2874 ὃ(
401 2842 597 2874 Adversarium
611 2842 691 2874 suum
706 2844 884 2881 conclusam,
901 2843 990 2881 ipsum
1007 2844 1183 2881 contingeret
1197 2843 1252 2872 ob-

201 2890 296 2914 tinere.

1019 2918 1149 2957 Explicit.

203 3063 253 3107 De
267 3059 427 3105 Navibus,
437 3061 481 3094 ad
494 3060 711 3108 impediendum
731 3063 826 3093 Scotos
837 3087 845 3101 ‚
860 3063 890 3091 in
908 3060 1090 3104 Succurshm
1105 3059 1250 3106 Dalphini

216 3105 237 3120 “⁴
523 3110 713 3154 mmfimrvs,
731 3107 933 3154 providendis.

208 3195 262 3252 R
273 3193 298 3225 E
309 3193 339 3224 X
368 3192 542 3224 Vicecomiti
557 3193 715 3230 Devoniae,
734 3192 866 3223 Salutem.

303 3233 382 3271 Qia
396 3241 448 3270 pro
461 3240 540 3262 certo
554 3231 705 3261 didicimus
719 3232 797 3269 qubd
813 3230 972 3269 Dauphinus
981 3254 990 3269 ,
1007 3230 1088 3261 Filius
1105 3231 1252 3271 Adverfii-

205 3274 239 3300 rii
253 3270 334 3310 nostri
347 3273 468 3300 Francia>
484 3293 493 3306 ,
517 3269 618 3299 diversa
640 3268 738 3299 Naves
754 3270 786 3299 &
801 3269 887 3307 Vasa,
904 3271 938 3299 ad
951 3270 1164 3301 Transeundum
1174 3295 1183 3306 ,
1202 3280 1251 3307 per

204 3308 334 3340 Costeras
353 3308 439 3338 Maris
459 3307 772 3349 occidentales-Regni
797 3307 883 3337 nostri
904 3308 1014 3346 Angliae
1028 3331 1037 3347 ‚
1055 3308 1145 3338 versus
1159 3308 1252 3338 Partes

203 3347 323 3382 Scotiae,
341 3346 376 3377 ad
398 3346 563 3376 Numerum
584 3344 724 3375 Gentium
745 3345 779 3374 ad
803 3345 891 3375 Arma
915 3348 947 3377 &
971 3346 1198 3383 Sagittariorum,
1217 3347 1252 3377 de

205 3385 297 3416 Scotis
313 3385 438 3415 Inimicis
458 3383 557 3414 nostris
571 3393 629 3412 non
650 3383 796 3412 modicum
807 3406 817 3416 ,
836 3384 865 3412 in
882 3383 980 3413 Naves
993 3386 1025 3415 &
1041 3384 1108 3414 Vasa
1121 3385 1251 3423 praedic'ta

204 3423 413 3462 Recipiendum
451 3424 483 3453 ὃς
499 3431 547 3452 eos
558 3421 591 3450 ad
608 3420 701 3451 Partes
714 3420 857 3458 Franciae,
874 3421 909 3451 ad
925 3421 1033 3451 dietum
1049 3423 1251 3461 Adversarium

201 3462 317 3502 nostrum
339 3463 409 3500 (quo
441 3460 520 3497 absit)
537 3458 754 3490 Fortificandum
765 3483 775 3497 ,
793 3458 1020 3498 Adducendum,
1037 3461 1160 3491 ordinari
1176 3462 1251 3492 fece-

201 3501 237 3532 rit
240 3502 285 3569 ἐς
303 3500 464 3539 praeparari,

274 3549 308 3569 os

239 3562 331 3607 Scoti}
346 3577 379 3608 &
404 3575 530 3606 Inimicis
552 3572 691 3612 praedid‘tis
713 3573 825 3603 viriliter
843 3571 980 3611 resistere,
1000 3573 1032 3604 &
1050 3583 1148 3604 eorum
1165 3573 1250 3604 Mali-

201 3615 252 3646 tias
263 3616 296 3647 &
309 3615 465 3646 Protervias
479 3614 602 3644 celeriter
616 3612 767 3651 reprimere
780 3613 813 3643 &
832 3613 977 3643 refraenare
995 3612 1120 3642 volentes
1130 3635 1140 3650 ,
1163 3622 1194 3643 ut
1209 3622 1249 3643 te-

201 3662 318 3690 nemur,

240 3691 391 3727 Quandarn
414 3691 558 3721 Armatam
580 3689 720 3719 Gentium
736 3710 745 3724 ,
771 3687 804 3717 ad
825 3686 969 3718 essendum
992 3687 1071 3726 supra
1095 3687 1195 3725 Mare,
1219 3690 1246 3718 in

204 3726 331 3759 Costeris
350 3729 489 3769 praedic'tis
503 3751 513 3767 ,
528 3728 562 3758 ad
580 3728 706 3763 Navigia
719 3727 808 3756 versus
821 3726 947 3756 Scotiam
963 3726 999 3756 sic
1011 3726 1177 3757 transeundo
1193 3728 1249 3757 im—

203 3765 354 3804 pedienda,
371 3767 406 3796 de
421 3768 589 3797 avisamento
603 3765 730 3796 Concilii
744 3763 849 3801 nostri,
864 3763 993 3794 duximus
1007 3764 1217 3803 Ordinandam,

242 3802 449 3841 Cupientetque
463 3806 498 3835 de
510 3804 656 3835 sufficienti
676 3802 822 3839 Navigi0‚
842 3804 870 3832 in
884 3802 989 3841 Regno
1005 3802 1102 3833 nostro
1117 3802 1227 3843 Angliae
1237 3825 1247 3841 ,

202 3850 256 3879 pro
275 3841 388 3872 Armata
400 3843 529 3879 praedieta
540 3844 664 3873 celeriter
676 3842 830 3878 provideri,

240 3878 442 3917 Affignavimus
456 3881 504 3910 Te
520 3882 567 3918 (de
581 3881 660 3918 cujus
676 3879 815 3909 Fidelitate
828 3880 861 3910 ὃς
876 3876 1011 3908 Industria
1027 3878 1140 3915 plenum
1156 3877 1246 3909 confi—

202 3915 305 3960 dimus)
320 3916 353 3946 ad
367 3915 448 3946 Octo
464 3918 499 3947 Ν
501 3929 564 3949 aves
578 3921 611 3952 &
626 3919 797 3955 Balingeras,
815 3927 883 3947 cum
897 3926 993 3947 earum
1012 3917 1151 3954 Apparatu
1170 3917 1246 3948 suffi—

202 3963 307 3991 cienti,
324 3964 440 3991 quarum
459 3957 591 3992 quaelibet
613 3957 705 3988 Navis
726 3956 757 3986 sit
772 3955 892 3998 Portagii
912 3955 1056 3993 Sexaginta
1070 3954 1245 3994 Doliorum,

203 3993 237 4024 &
254 3992 382 4030 quaelibet
401 3991 610 4030 Balingerarum
628 3994 737 4034 Viginti
754 3993 912 4026 Doliorutn
927 3993 960 4026 ὅς
978 3993 1064 4031 ultra,
1083 3995 1158 4028 acin
1171 4004 1243 4033 quo-

233 4034 305 4062 Tom.
318 4033 366 4063 IV.
388 4032 421 4061 P.
437 4032 494 4061 111.

1256 243 1390 271 viendum
1404 242 1501 271 Nobis
1515 241 1592 278 supra
1606 240 1704 278 Mare,
1720 249 1753 271 ex
1769 239 1858 270 Causa
1872 240 2020 278 praedicta,
2038 248 2090 276 pro
2106 237 2235 268 Denariis
2251 248 2305 268 nc·
2340 247 2427 276 1419.

1259 279 1334 316 stris,
1352 281 1379 308 in
1396 281 1448 310 hac
1463 287 1540 317 parte
1557 279 1751 309 rationabiliter
1765 278 1912 308 Solvendis
1925 300 1934 315 ,
1954 278 2009 308 sine
2024 277 2155 307 dilatione
2172 275 2303 307 Arestan-
2320 280 2383 304 Hm.
2401 284 2429 311 5.

1258 316 1327 346 dum
1349 319 1381 348 ὃς
1405 317 1583 354 Capiendum
1597 339 1607 352 ,
1631 317 1663 346 &
1679 327 1721 347 eas
1740 316 1774 346 ad
1791 316 1891 346 Portus
1907 316 1963 346 sive
1982 315 2121 352 Portum,
2139 314 2209 344 infra
2224 313 2306 344 Balli-

1259 365 1323 384 vam
1336 356 1514 392 praedffihm,
1531 355 1579 385 ubi
1593 353 1750 391 Capitaneis
1763 353 1883 391 Navigii
1897 353 2023 391 praedicti
2038 353 2134 383 melius
2151 352 2213 383 sore
2229 352 2307 383 vide-

1259 393 1348 430 bitur,
1367 403 1433 423 cum
1449 393 1531 422 omni
1543 392 1680 422 celeritate
1692 391 1815 430 poffibili
1828 391 2056 428 Adducendum,

1298 430 1332 460 Et
1346 432 1411 461 ideo
1426 431 1496 461 Tibi
1514 430 1697 468 Praecipimus
1711 429 1789 466 quod
1802 430 1876 460 circa
1893 430 2037 459 Praemiffa
2056 428 2201 467 diligenter
2216 429 2308 459 inten-

1260 467 1321 504 das,
1338 479 1371 499 ac
1388 479 1419 499 ea
1430 469 1510 499 facias
1524 469 1557 499 &
1571 468 1711 505 exequaris
1724 470 1751 496 in
1767 467 1858 496 forma
1870 467 2021 505 praedksta,

1298 506 1406 537 Damus
1428 515 1522 536 autem
1545 505 1676 536 universis
1697 507 1729 537 ὃ(
1746 505 1859 541 singulis
1877 505 2116 542 Vicecomitibus,
2135 503 2314 541 Maioribus,

1263 543 1498 582 Constabulariis,
1516 543 1641 579 Ballivis,
1652 542 1806 580 Ministris,
1825 553 1857 572 ac
1873 542 1946 580 aliis,
1965 552 2087 580 quorum
2101 541 2229 578 interest,
2248 542 2312 572 Te-

1264 593 1333 612 nore
1348 582 1528 613 praesentium
1538 605 1547 620 ,
1566 581 1679 612 firmiter
1692 582 1719 610 in
1739 579 1880 610 Mandatis
1893 581 1972 617 quod
1986 580 2075 618 Tibi,
2094 581 2122 609 in
2135 580 2312 610 Executione

1263 620 1475 650 Praetnifforum
1496 643 1506 658 ,
1534 619 1711 650 intendentes
1738 618 1812 655 sint,
1837 617 2021 649 Consulentes
2038 640 2048 656 ,
2065 619 2097 650 &
2118 618 2286 649 Auxiliantes
2296 618 2314 655 ¹,

1264 667 1347 696 prout
1363 658 1452 688 decet.

1302 697 1335 726 ln
1349 696 1443 733 cujus,
1461 696 1523 726 &c-

1303 733 1392 764 Teste
1408 733 1540 772 Johanne
1553 735 1627 762 Duce
1644 729 1799 768 Beajfordiae
1814 730 1943 762 Custode
1958 730 2069 770 Angliae
2085 731 2158 770 apud
2172 730 2314 769 Suthampq

1265 777 1328 810 ton,
1347 771 1523 802 duodecimo
1539 770 1585 801 die
1601 770 1728 809 Augusti.

1993 846 2046 874 Per
2064 843 2215 874 Concilium,

1270 921 1359 980 RE
1371 920 1402 953 X
1429 919 1602 953 Vicecomiti
1619 920 1796 958 Cornubiae,
1815 918 1948 950 Salutem.

1366 961 1461 999 Qiia,
1478 959 1538 995 &c.
1555 968 1585 990 ut
1600 960 1684 1000 fhpra
1698 959 1775 999 usque
1790 959 1847 997 ibi,
1865 956 2064 996 Confidimus‚
2082 955 2120 992 ό
2138 963 2201 987 tunc
2211 956 2269 997 fic,
2285 955 2322 987 ad

1269 999 1402 1036 Quatuor
1418 998 1516 1028 Naves
1531 1000 1564 1030 δε
1579 998 1751 1038 Balingeras,
1769 996 1829 1032 &a
1845 1003 1877 1025 ut
1886 995 1981 1036 stapra.

1302 1037 1392 1068 Teste
1405 1044 1434 1068 ut
1448 1037 1533 1074 supra.

1994 1073 2047 1101 Per
2062 1070 2212 1101 concilium.

1305 1197 1498 1233 Mandatum
1515 1197 1550 1229 de
1566 1198 1635 1229 aliis
1649 1195 1794 1229 Navibus
1810 1195 1989 1239 arestandis,
2012 1195 2236 1242 quodpraedifbae
2252 1193 2297 1227 ad

1501 1243 1683 1289 refistendum
1700 1248 1835 1279 Inimicis
1851 1257 1906 1277 non
1913 1244 2090 1291 fitfficerent.

1273 1331 1418 1390 REX,
1438 1330 1555 1362 Dilecto
1575 1330 1640 1368 sibi,
1657 1327 1785 1368 Johanm·
1803 1332 1914 1368 Hunte,
1932 1328 2064 1360 Salutem.
2347 1325 2476 1362 Ann.D,'

1364 1371 1446 1401 Licet
1462 1370 1530 1400 Nos
1546 1379 1652 1406 nuper,
2367 1373 2453 1404 1419.

1309 1409 1368 1440 Pro
1380 1418 1459 1481 εεὲο
1471 1407 1606 1438 discentes
1619 1405 1699 1445 quod
1706 1405 1883 1443 Dauphinus,
1892 1403 1950 1439 &c.
1961 1413 1991 1434 ut
2000 1404 2085 1444 stapra
2099 1403 2178 1444 uJZJue
2190 1403 2322 1443 ibi‚prae-
2341 1407 2394 1471 gn.
2410 1413 2439 1440 7.

1294 1449 1361 1478 arari
1459 1453 1520 1476 tum
1547 1457 1569 1475 ιι-
1880 1460 1882 1462 ·
2372 1464 2378 1470 .
2397 1450 2425 1477 5.

1274 1455 1292 1483 p
1311 1472 1464 1523 Qua'ndam
1482 1446 1627 1515 Arusiat’am
1643 1482 1801 1519 Gentium,
1816 1481 1850 1511 ad
1868 1481 2014 1511 effendum
2028 1480 2106 1518 supra
2122 1480 2205 1512 Mare
2217 1483 2245 1512 in
2262 1482 2326 1513 Co·
2345 1481 2412 1509 Ibid-

1274 1522 1351 1555 steris
1372 1523 1513 1562 praediffls
1528 1545 1538 1560 ,
1564 1523 1598 1553 ad
1616 1520 1716 1552 Naves
1733 1521 1767 1551 &
1788 1519 1858 1550 Vasa
1877 1519 2028 1558 praediEta‚
2045 1519 2083 1549 fic
2096 1519 2185 1549 versus
2199 1520 2326 1551 Scotiam

1272 1562 1458 1599 transeundo,
1476 1560 1690 1599 Impediendum
1706 1582 1716 1597 2
1741 1559 1777 1589 de
1791 1559 1962 1590 avisamento
1980 1556 2107 1588 Concilii
2118 1558 2222 1596 nostri,
2240 1559 2330 1589 Ordi-

1275 1610 1293 1629 n
1371 1611 1400 1630 m
1420 1610 1432 1630 s

1295 1611 1419 1677 axerllxc?
1435 1622 1471 1668 ἑο
1494 1644 1628 1675 praetextu
1645 1660 1654 1674 ,
1681 1635 1919 1674 Affignaverimus
1935 1634 2128 1665 Vicecomites
2139 1634 2251 1665 nostros
2267 1634 2330 1665 De-
2366 1630 2382 1647 ‘⁸
2396 1629 2448 1665 IX,

1277 1679 1372 1710 voniae
1385 1678 1418 1708 ὅτ,
1432 1676 1589 1707 Cornubiae
1601 1675 1635 1705 ad
1650 1674 1816 1705 Duodecim
1833 1673 1933 1703 Naves
1956 1674 1989 1704 &
2005 1672 2161 1709 Balingeras
2176 1673 2330 1711 (videlicet)
2351 1677 2416 1707 79²·

1278 1716 1360 1747 Octo
1381 1717 1410 1745 in
1432 1715 1570 1753 praedicto
1593 1712 1739 1744 Comitatu
1758 1712 1902 1743 Devoniae
1916 1734 1926 1749 ,
1949 1712 1983 1743 δε
1998 1712 2132 1749 Quatuor
2145 1713 2174 1741 in
2191 1712 2330 1750 praeditsto

1279 1755 1427 1786 Comitatu
1444 1753 1618 1789 Cornubiae,

1317 1794 1448 1832 Quarum
1465 1792 1597 1830 quaelibet
1613 1789 1706 1820 Navis
1722 1788 1792 1820 esset
1806 1788 1931 1825 Portagii
1946 1787 2094 1825 Sexaginta
2108 1787 2282 1827 Doliorum,
2299 1789 2334 1820 &

1279 1832 1412 1870 quaelibet
1427 1830 1633 1869 Balingerarum
1647 1827 1714 1858 esset
1728 1827 1852 1866 Portagii
1867 1827 1975 1866 Viginti
1992 1827 2148 1857 Doliorum
2163 1827 2196 1856 ὃ(
2212 1827 2296 1865 ultra,

1316 1869 1350 1900 In
1369 1877 1556 1907 quocumque
1576 1866 1665 1898 Portu
1688 1866 1757 1897 infra
1779 1866 1892 1897 Ballivas
1911 1866 1969 1896 suas
1993 1865 2114 1895 inveniri
2139 1865 2250 1902 pofl‘ent
2264 1888 2273 1903 ,
2298 1864 2334 1895 ad

1281 1907 1505 1939 Deserviendum
1526 1906 1626 1937 Nobis
1647 1905 1725 1942 supra
1748 1903 1831 1935 Mare
1845 1926 1855 1942 ,
1879 1913 1912 1934 ex
1927 1902 2016 1933 Causa
2031 1903 2179 1940 praedidia,
2198 1903 2254 1933 fine
2269 1903 2338 1933 dila-

1280 1948 1359 1978 tione
1374 1945 1563 1976 Arestandum
1583 1945 1616 1976 &
1638 1942 1838 1980 Capiendum,
1856 1950 1941 1980 prout
1955 1943 1982 1971 in
2000 1942 2099 1972 Literis
2111 1941 2214 1971 nostris
2228 1941 2333 1973 Paten-

1281 1986 1372 2022 tibus,
1388 1986 1452 2014 inde
1468 1983 1623 2020 conferitis,
1639 1981 1747 2019 pleniris
1759 1983 1919 2011 continetur
1929 2004 1938 2018 ,

1320 2024 1398 2061 Qia
1414 2031 1510 2053 tamen
1525 2044 1535 2059 ,
1561 2020 1596 2052 ad
1616 2019 1736 2058 praesens
1749 2042 1758 2056 ,
1776 2018 1944 2049 sufficienter
1957 2017 2141 2048 informamur
2156 2017 2234 2056 quod
2250 2017 2335 2048 dietae

1284 2060 1450 2091 Duodecim
1468 2060 1569 2091 Naves
1590 2059 1623 2090 ὃς
1644 2057 1794 2097 Balingerae
1815 2057 1849 2087 ad
1865 2056 1987 2093 Gentes,
2006 2066 2058 2093 pro
2075 2056 2190 2086 Armata
2202 2056 2336 2094 praedicta

1284 2100 1420 2130 ordinatas
1437 2100 1471 2130 ὃς
1485 2106 1603 2138 paratas,
1620 2106 1688 2127 cum
1702 2105 1796 2126 earum
1814 2095 2013 2133 Apparatibus‚
2031 2095 2226 2134 recipiendum
2240 2096 2273 2125 &
2284 2102 2339 2124 tra-

1284 2138 1467 2176 ducendum,
1485 2147 1517 2167 ac
1537 2135 1664 2167 Inimicis
1677 2134 1815 2172 praedietis
1830 2133 2028 2163 Resistendum
2046 2142 2106 2162 non
2121 2133 2279 2171 sufficiunt,

1322 2176 1531 2215 Affignavimus
1559 2175 1608 2205 Te
1631 2173 1678 2211 (de
1698 2173 1776 2210 cujus
1797 2171 1940 2202 Fidelitate
1959 2172 1992 2202 δε
2014 2169 2279 2209 circumspectione
2298 2169 2334 2201 ad

1285 2214 1403 2253 plenum
1422 2212 1604 2255 confidimus)
1626 2211 1660 2241 ad
1683 2218 1727 2240 tot
1740 2209 1840 2254 Naves
1859 2211 1892 2253 ᾃ
1908 2209 2061 2249 Balingeras
2075 2208 2241 2253 sufficientes
2257 2209 2337 2252 (qua-

1287 2247 2338 2331 3:¹0⁰&iffaiiaeiissessrssiiissiisffiitgffiliit‘issssssis‘ssssssisstissbjcfflffsffiaeff

1287 2330 1333 2361 vel
1353 2328 1578 2366 Suthamptonis:
1596 2335 1718 2357 inveniri
1739 2333 1870 2362 poterunt
1883 2347 1892 2362 ,
1917 2324 1988 2354 mfra
2005 2324 2171 2362 Libertates‚
2187 2323 2233 2355 vel
2245 2331 2338 2361 extra,

1287 2377 1358 2408 quot
1381 2376 1449 2398 cum
1472 2365 1609 2403 praedietis
1620 2363 1771 2394 duodecim
1790 2362 1922 2393 Navibus
1936 2364 1969 2393 ὃς
1987 2361 2151 2400 Balingeris,
2169 2362 2207 2392 sic
2221 2371 2274 2400 pro
2284 2361 2341 2392 Ar-

1288 2416 1361 2437 mata
1375 2404 1510 2444 praedicta
1526 2405 1599 2441 prius
1613 2401 1751 2438 arestatiS,
1769 2400 1895 2431 sufficere
1907 2409 2054 2438 poterunt,
2070 2410 2122 2438 pro
2135 2400 2266 2430 Denariis
2284 2409 2339 2430 no-

1288 2445 1363 2482 stris,
1384 2446 1411 2474 in
1426 2444 1478 2473 hac
1495 2450 1570 2479 parte
1583 2440 1776 2470 rationabiliter
1791 2440 1943 2476 solvendis,
1962 2438 2139 2475 Capiendum
2156 2440 2189 2468 ὃς
2205 2437 2338 2469 Arestan-

1287 2484 1372 2520 dum,
1390 2484 1422 2513 ὅ(
1440 2491 1484 2511 eas
1498 2504 1507 2518 ,
1532 2480 1638 2509 ἀίῐεᾶο
1652 2480 1685 2510 &
1701 2477 1774 2507 fideli
1790 2477 1889 2508 nostro
1903 2500 1913 2515 ,
1939 2476 2085 2507 Willielmo
2106 2480 2242 2506 Botreaux
2264 2477 2338 2506 Chi-

1288 2523 1380 2558 valer,
1397 2529 1442 2550 aut
1463 2520 1519 2549 aliis
1544 2527 1615 2556 quos
1635 2517 1669 2546 ad
1687 2515 1833 2546 effendum
1855 2515 1932 2553 supra
1956 2515 2039 2544 Mare
2058 2523 2092 2545 ex
2112 2515 2190 2545 causa
2205 2514 2340 2552 praedieta

1288 2559 1496 2595 ordinavimus,
1513 2556 1627 2586 adcitius
1640 2564 1698 2592 quo
1715 2556 1833 2592 poteris,
1851 2554 1950 2584 liberes
1962 2553 2006 2583 seu
2022 2553 2128 2583 liberari
2141 2554 2233 2584 facias.

1326 2598 1364 2628 Et
1379 2597 1444 2626 ideo
1459 2597 1510 2625 tibi
1527 2595 1710 2630 Praecipimus
1723 2593 1818 2633 quod,
1836 2591 1896 2625 &e.
1912 2591 2043 2661 ugdficpra.

1326 2636 1416 2666 Teste
1433 2633 1565 2673 Johanne
1582 2635 1655 2661 Duce
1674 2631 1828 2669 Betisordiae
1849 2630 1921 2660 Cust
1961 2640 1976 2660 e
1992 2628 2104 2667 Angliae
2117 2628 2191 2667 apud
2210 2628 2337 2668 Wstmo-

1289 2674 1432 2715 nasterium
1449 2672 1583 2703 vicesimo
1599 2678 1696 2708 quarto
1709 2669 1756 2699 die
1772 2668 1902 2707 Augusti.

2014 2745 2067 2774 Per
2083 2742 2235 2774 Concilium.

1647 2874 1695 2906 De
1711 2866 1993 2904 permutationibus.

1293 2958 1383 3018 RE
1394 2961 1441 2999 X,
1461 2956 1623 2990 Venerabili
1645 2956 1672 2986 in
1689 2954 1806 2986 Christo
1822 2951 1911 2990 Patri,
1931 2954 1968 2982 L.
1985 2949 2085 2982 eadem
2101 2951 2205 2991 gratia,
2219 2950 2336 2982 Archie-
2354 2958 2429 2990 Arm*
2440 2958 2483 2990 D·

1363 3000 1464 3039 piscopo
1478 2993 1694 3035 Rothomagenst,
1711 2994 1757 3025 vel
1774 2994 1830 3030 ejus
1847 2990 1961 3022 Vicario
1976 2989 2125 3029 Generali,
2141 2991 2202 3029 ipso
2219 2991 2336 3021 Archie-
2373 3008 2462 3038 1419,

1290 3037 1408 3076 piscopo
1422 3038 1450 3067 in
1466 3036 1595 3066 Remons
1643 3041 1723 3070 ente,
1741 3031 1873 3061 Salutem.
1987 3068 1993 3073 ι
2351 3042 2401 3064 An,
2420 3048 2446 3072 7-

1327 3076 1406 3107 Cum
1422 3077 1518 3104 Petrus
1541 3074 1571 3103 de
1591 3042 1667 3102 Vffile
1682 3069 1864 3107 Capelianus,
1881 3066 2044 3111 Canonicus
2056 3066 2253 3097 Praebendatus
2267 3066 2335 3096 alte·
2353 3080 2386 3102 H.
2408 3084 2435 3110 5·

1290 3113 1344 3144 rius
1364 3114 1579 3144 Praebendarum
1594 3109 1726 3140 Ecclefiae
1738 3107 1902 3145 Collegiatae
1916 3106 2010 3136 San&
2032 3105 2157 3143 Sepulcri
2173 3104 2334 3135 Rothoma-
2349 3118 2410 3141 pat,-

1288 3153 1334 3190 gi,
1353 3153 1386 3183 &
1405 3150 1548 3190 Johannes
1562 3147 1652 3178 Hurel
1667 3146 1831 3184 Capellanus
1844 3168 1854 3181 ,
1878 3144 1998 3174 Persona
2020 3143 2153 3174 Ecclesiae
2167 3142 2335 3172 Parochialis
2347 3157 2436 3180 Norm.
2455 3156 2484 3189 74

1288 3191 1378 3220 beatae
1398 3189 1500 3220 Mariae
1521 3189 1556 3218 de
1577 3186 1716 3217 Altaribus
1736 3184 1836 3215 vestrae
1858 3181 2019 3219 Dioecefis,
2043 3181 2201 3218 intendant,
2220 3189 2249 3211 ut
2263 3181 2332 3211 asse-
2348 3195 2382 3217 H.
2394 3198 2481 3227 5·P-¹-

1289 3238 1353 3259 runt
1362 3252 1370 3266 ,
1389 3227 1525 3258 Beneficia
1541 3229 1586 3256 (ua
1599 3224 1732 3262 praeditsta
1744 3222 1902 3252 adinvicem
1916 3221 2054 3251 canonice
2066 3228 2240 3261 permutare,
2348 3239 2383 3258 m·
2401 3237 2447 3264 25·

1329 3266 1413 3305 Nos,
1430 3266 1464 3296 ad
1478 3265 1568 3295 didios
1588 3262 1798 3293 Canonicatum
1811 3260 1844 3290 ὃς
1858 3257 2043 3289 Praebendam
2052 3280 2062 3296 ‚
2077 3259 2106 3287 in
2123 3257 2248 3288 Ecclesia
2262 3256 2334 3288 Gol-

1290 3302 1387 3344 legiata
1405 3303 1537 3344 praedieta
1554 3326 1563 3339 ,
1584 3301 1618 3331 ad
1638 3299 1761 3330 nostram
1786 3297 1982 3328 Donationem
2003 3295 2089 3333 pleno
2106 3295 2175 3334 Jure
2198 3295 2250 3326 hac
2271 3297 2335 3326 vice

1290 3344 1456 3381 pertinentes
1469 3364 1479 3380 ,
1503 3341 1650 3381 praefatum
1674 3336 1848 3376 Johannem,
1866 3344 1900 3366 ex
1914 3334 2004 3365 Causa
2017 3333 2174 3372 hujusmodi
2189 3333 2337 3364 Permuta-

1291 3383 1374 3412 tionis
1388 3379 1539 3417 faciendae,
1559 3378 1639 3409 vobis
1651 3375 1883 3418 praesentamus„
2314 3409 2320 3414 .

1326 3420 1429 3450 lntuitu
1449 3418 1565 3449 caritatis
1588 3423 1718 3452 rogantes
1733 3420 1860 3450 quatinus
1876 3410 1966 3453 ipsum
1983 3409 2141 3448 Johannem
2157 3409 2190 3440 ad
2206 3409 2336 3439 Canoni-

1290 3467 1384 3488 catum
1401 3459 1433 3488 ὃ(
1453 3455 1636 3486 Praebendam
1651 3451 1801 3490 praedietos
1815 3451 1980 3487 admittatis,
1998 3450 2030 3478 ἃ
2046 3448 2135 3486 ipsum
2155 3449 2183 3477 in
2201 3456 2334 3484 corpora-

1289 3496 1345 3525 lem
1362 3494 1567 3525 Poffeffionem
1584 3489 1747 3522 eorumdem
1765 3489 1894 3526 ponatiS,
1912 3487 1957 3517 seu
1973 3487 2041 3523 poni
2057 3487 2090 3518 ἃ.
2105 3485 2197 3517 induci
2217 3486 2334 3528 faciatis,

1289 3544 1402 3564 necnon
1422 3533 1568 3563 Frutftibus
1585 3554 1594 3567 .,
1619 3528 1849 3559 obventionibus
1862 3548 1871 3564 ,
1891 3523 2041 3562 Proficuis,
2059 3526 2092 3556 ὃς
2106 3524 2329 3560 Emolumentm,

1287 3572 1321 3602 ad
1345 3571 1458 3601 eosdem
1477 3568 1659 3607 spectantibus
1672 3590 1681 3602 ,
1696 3567 1735 3595 uti
1748 3566 1781 3596 δε
1795 3565 1914 3603 gaudere
1929 3564 2092 3601 permittatis
2106 3585 2115 3601 ‚
2132 3562 2258 3592 adhibitis
2276 3560 2331 3591 So-

1287 3609 1495 3646 lempnitatibus
1509 3609 1538 3636 in
1552 3606 1650 3637 talibus
1666 3604 1723 3635 fieri
1736 3604 1882 3634 consuetis.

1324 3648 1355 3678 ln
1372 3648 1465 3685 cujus,
1482 3646 1541 3676 ἃς.
2039 3678 2043 3683 ἰ
2309 3676 2314 3681 ¹

1322 3685 1411 3716 Teste
1429 3684 1509 3724 Rege
1527 3681 1600 3721 apud
1618 3680 1739 3722 castrum
1748 3679 1828 3720 sium
1840 3678 1996 3715 Rothomagi
2016 3675 2150 3708 vicefimo
2171 3682 2271 3713 quarto
2287 3674 2333 3705 dre

1289 3723 1415 3764 Augusti.

1288 3803 1344 3857 R
1355 3799 1378 3830 E
1389 3798 1419 3829 X
1445 3797 1566 3835 eisdem,
1583 3796 1644 3827 &c.
1663 3794 1795 3826 Salutem.

1384 3837 1464 3867 Cum
1481 3835 1624 3874 Johannes
1642 3833 1731 3864 Hurel
1750 3831 1914 3869 Capellanus
1928 3854 1938 3867 ,
1962 3827 2082 3871 Persona
2096 3825 2232 3857 Ecclefiae
2245 3824 2333 3857 Paro·

1285 3876 1379 3907 chialis
1399 3876 1485 3905 beatae
1511 3874 1610 3904 Mariae
1631 3873 1667 3903 de
1684 3872 1820 3901 Altaribus
1830 3893 1839 3906 ,
1856 3868 1956 3900 vestrae
1972 3865 2111 3909 Dioecesis
2121 3887 2131 3901 ,
2145 3865 2178 3895 &
2192 3866 2286 3894 Petrus
2302 3866 2335 3895 de

1285 3914 1358 3945 Valle
1375 3913 1541 3950 Capelianus
1553 3936 1563 3950 ,
1587 3911 1752 3941 canonicus
1773 3907 1969 3938 Praebendatus
1988 3903 2098 3947 alterius
2113 3902 2332 3934 Praebendarum

1285 3952 1418 3983 Ecclesiae
1437 3950 1598 3990 Collegiatae
1612 3949 1706 3979 Sancti
1718 3946 1843 3985 Sepulcri
1858 3944 2056 3979 Rothomagi,
2067 3941 2227 3979 intendant,
2244 3950 2274 3972 ut
2289 3951 2331 3971 as-

1282 3992 1390 4028 serunt,
1409 3988 1545 4020 Beneficia
1558 3989 1601 4020 sua
1612 3986 1744 4026 praedieia
1757 3983 1917 4051 aidinvicem
1930 3981 2068 4013 canonice
2085 3978 2334 4049 Permutare,Nos

1823 4030 1841 4051 2

2341 3794 2407 3824 lind„
