2562 4274
190 121 205 147 1
217 120 239 145 0
248 120 266 146 2

38 225 40 227 ,
53 195 132 224 Anti.
147 191 187 222 D.
203 194 329 224 devaunt
346 189 464 235 Juffice,
479 198 512 217 ou
527 185 602 226 thos}
616 185 648 215 de
664 184 784 221 Record,
802 194 834 213 oie
844 191 900 221 par
911 182 961 212 due

64 240 160 270 1415.

56 276 118 302 Heli.
135 280 163 307 5.

58 720 135 751 Arm.
148 718 190 750 D.

88 767 172 798 1415.

59 801 113 826 An.
130 808 156 824 2.

58 861 100 905 EL-
116 862 182 909 iiiii.

57 922 107 945 Cot
112 940 118 945 .
127 924 180 947 Ca·

57 955 121 992 ligul
125 980 130 985 .

206 231 363 269 Originall,
373 228 465 269 Jolorzc
480 225 627 255 l'aunciene
641 226 700 266 Le]
715 223 747 252 de
765 222 794 251 la
810 225 906 259 Terre,
924 220 983 261 ὠν,
999 219 1028 262 ]ἷ
1044 223 1104 249 rien
1122 217 1210 256 defore
1235 228 1269 246 ea

207 277 320 301 avaunt
329 269 385 309 soit
393 266 456 308 fait
470 277 488 295 a
498 264 724 302 l’encontre,J01't
744 261 823 291 Voide
838 271 871 290 en
887 263 964 302 Ley²
984 266 1022 296 Θ·
1043 266 1128 288 tenuz
1142 265 1198 295 pur
1213 257 1273 286 Er—

206 320 279 340 Your.

245 386 283 417 Et
296 385 353 415 hoc
367 381 520 419 omnibus,
543 387 670 418 quorum
688 375 802 408 interest
817 399 827 415 ,
852 375 1057 407 innotescimus
1075 383 1126 414 per
1149 370 1276 403 Praesen-

208 434 257 456 tes

246 462 280 492 In
294 461 388 499 cujus,
405 459 465 489 &c.

246 500 336 531 Teste
351 498 433 537 Rege
447 495 522 535 apud
539 493 796 535 Wstmanasterium
811 492 947 523 vicesimo
960 498 1060 530 quarto
1081 488 1126 519 die
1143 486 1276 527 Januarii.
1305 520 1308 523 ,

212 565 1274 587 .---—-—-——-——-———-—-——-—--

352 621 515 668 Commiffio
532 622 577 656 ad
592 620 818 669 Prorogandum
843 623 977 665 Treugas
992 618 1134 650 Franciae.

213 710 377 768 CHarIes,
396 720 445 749 par
460 709 485 740 13
500 708 596 740 Grace
611 708 646 738 de
661 707 739 738 Dieu
750 730 759 745 ,
777 708 832 746 Roy
849 705 881 735 de
896 707 998 734 Franco
1011 713 1026 733 a
1047 709 1107 731 noz
1130 698 1225 729 Amez
1243 698 1276 729 &

291 751 394 781 Feaulx
409 748 597 785 Conselliers,
614 746 751 777 Guillame
775 743 950 784 Arceveffiue
974 742 1006 771 de
1028 743 1162 777 Bourges,
1185 740 1278 768 Pierre

213 788 339 831 Eveffiue
354 789 386 818 de
402 790 515 829 Noyon,
533 785 645 816 charles
656 789 738 815 Conte
753 784 780 813 d'
783 786 838 820 Eu,
855 784 887 813 &
902 780 1054 812 Guillaume
1071 776 1182 807 Marte!
1198 775 1279 807 Che-

213 829 299 860 valier
312 828 448 868 Seigneur
464 827 500 858 de
514 824 686 864 Basqueville
704 823 801 854 nostre
815 820 1018 858 Chambellan‚
1042 816 1118 849 Salut
1140 817 1173 847 &
1196 815 1280 846 Dile-

211 868 301 900 611011.

250 907 379 938 Comme
388 905 423 945 Ja
437 906 531 944 pieca,

252 946 340 977 Entre
354 945 472 975 cerrains
487 952 545 974 noz
559 939 786 976 Ambaxadeurs,
806 936 943 968 Commis
961 936 994 966 &
1016 933 1152 971 Deputez
1171 930 1208 962 de
1231 941 1281 970 par

214 984 320 1022 Nous,
338 984 422 1014 d‘une
438 982 522 1020 Part,
542 982 575 1012 &
592 981 631 1010 les
648 978 782 1009 Commis
796 979 830 1008 &
845 976 974 1013 Deputes
987 972 1023 1003 de
1046 972 1143 1003 nostre
1161 971 1280 1001 Adver-

206 1022 284 1064 sasre
302 1021 516 1058 d'Angleterre,
538 1019 643 1050 d’autre
657 1017 741 1055 Part,

249 1062 394 1092 Certaines
407 1059 534 1096 Treues,
555 1056 711 1088 Generales
726 1063 763 1085 en
778 1051 865 1091 Mer,
881 1061 931 1091 par
943 1050 1036 1081 Terre
1050 1073 1059 1088 ‚
1077 1050 1111 1081 ὃς
1129 1058 1166 1079 011
1186 1047 1279 1087 Ε3110,

210 1101 284 1130 310111
298 1099 356 1130 este
369 1098 450 1137 prises
464 1098 498 1128 &
511 1097 647 1133 fermees,
663 1103 679 1124 a
692 1093 776 1124 duret
791 1100 852 1122 tant
864 1091 1017 1121 seulement
1026 1089 1143 1128 Jusques
1156 1087 1208 1118 ala
1220 1086 1279 1117 Pu-

209 1138 347 1169 rification
363 1136 456 1167 nostre
472 1136 568 1166 Darne
584 1132 740 1172 prouchain
757 1138 871 1167 venant,

244 1177 284 1209 Et
299 1177 319 1207 11
330 1176 382 1207 soit
396 1176 464 1207 ainsi
480 1184 554 1213 que,
571 1182 652 1204 entre
665 1174 742 1202 Nous
757 1171 790 1201 &
812 1168 908 1200 nostre
928 1166 969 1198 dit
990 1164 1165 1206 Adverfisire
1185 1165 1281 1195 d'An-

206 1215 341 1255 gwerre,
359 1224 481 1245 aucunes
495 1213 653 1251 Besongues
666 1217 838 1245 occurrent,
857 1217 904 1238 aus
921 1206 1024 1244 quelles
1046 1206 1064 1235 il
1086 1204 1127 1235 est
1149 1203 1281 1235 neceffite

211 1256 249 1286 de
263 1255 399 1292 Vacquer
414 1254 447 1284 &
462 1251 622 1288 Emendre,
642 1250 682 1280 les
695 1248 814 1288 quelles,
831 1246 850 1276 si
865 1255 982 1276 comme
1002 1245 1022 1275 il
1044 1243 1149 1274 semble
1163 1266 1173 1281 ,
1198 1253 1234 1273 ne
1254 1242 1281 1271 se

213 1294 382 1332 pourroient
400 1290 705 1322 vraissemblablement
721 1287 784 1317 finir
797 1295 833 1316 ne
847 1285 1019 1315 determiner
1032 1283 1136 1314 dedens
1155 1284 1180 1312 la
1199 1280 1281 1311 Feste

209 1332 432 1402 degigudiggegst
446 1368 464 1399 il
478 1378 551 1409 que,
569 1376 641 1405 pour
654 1364 754 1406 ycelles
766 1364 879 1394 Treues
893 1361 1074 1397 Proroguer,
1088 1369 1124 1389 en
1138 1359 1164 1390 13
1177 1358 1282 1389 Forme

195 1433 198 1435 Α
211 1411 245 1442 &
258 1411 394 1447 Teneur,
413 1418 449 1438 en
464 1408 488 1438 la
501 1407 594 1447 quelle
607 1406 658 1436 ella
672 1404 735 1434 sont
746 1404 775 1441 ja
791 1401 874 1440 prises
888 1400 921 1431 &
936 1399 1070 1436 fermees‚
1097 1408 1167 1428 avec
1190 1406 1281 1428 toutes

60 2594 80 2613 ‘
98 2594 150 2621 lx.

62 2641 127 2671 197.

59 2701 139 2733 sinn·
154 2697 196 2730 D.

81 2748 166 2778 1415.

58 2784 111 2808 Aa.
133 2790 159 2807 2.

60 2825 95 2847 H.
114 2827 140 2853 5.

59 2862 147 2885 Fraus.
169 2866 194 2884 2.

61 2900 96 2923 H.
113 2905 138 2930 5.

59 2943 97 2962 κη.
118 2944 145 2969 9.

210 1450 284 1480 leurs
300 1448 428 1485 Clauses,
446 1445 555 1484 jusques
570 1455 584 1474 a
599 1444 660 1482 plus
674 1443 743 1481 long
758 1441 892 1478 Temps,
912 1438 949 1469 tel
965 1447 1020 1475 que
1037 1447 1052 1468 a
1067 1446 1137 1467 vous
1153 1437 1281 1476 Quatre,

209 1498 251 1519 ou
264 1497 316 1518 aux
330 1487 418 1518 Trois
430 1485 465 1516 de
480 1494 567 1522 vous,
585 1484 646 1513 bon
659 1482 810 1517 semblera,

251 1526 290 1558 Et
304 1525 371 1556 auffi
390 1534 462 1563 pour
478 1523 579 1562 ycelles
592 1521 702 1551 Treues
716 1520 749 1550 &
762 1519 818 1548 leur
840 1515 918 1547 dir-[le
933 1514 1142 1554 Prorogation,
1166 1513 1193 1544 se
1213 1512 1277 1544 bon

212 1564 247 1597 &
264 1565 413 1605 expedient
428 1572 500 1593 vous
513 1560 635 1598 semble,
651 1559 718 1589 faire
733 1556 814 1587 Crier
829 1556 861 1586 ὅ(
877 1554 1009 1591 Publier,

251 1603 289 1635 Et
304 1603 341 1633 de
354 1602 530 1638 Promettre,
549 1609 621 1637 pour
637 1597 725 1628 Nous
742 1597 775 1627 &
790 1605 825 1625 en
840 1592 936 1624 nostre
951 1591 1058 1630 Nom,
1076 1591 1101 1622 la
1116 1590 1281 1622 Confirma-

212 1644 275 1674 tion
289 1642 397 1673 d’icelle
411 1640 600 1678 Prorogation
616 1636 687 1667 estre
720 1645 749 1665 ar
765 1633 853 1664 Nous
866 1631 950 1663 faiCke
959 1654 968 1669 ,

247 1681 285 1712 Et
296 1681 331 1712 de
348 1681 444 1715 Faire,
461 1677 619 1713 Excercer,
638 1676 671 1706 ὅ(
714 1672 829 1711 xpedier
842 1680 934 1702 toutes
950 1678 1039 1700 autres
1053 1669 1163 1699 Choses
1184 1668 1282 1708 quelx-

211 1728 353 1759 conques,
368 1720 415 1757 qui
433 1726 461 1748 es
475 1715 584 1746 Choses
599 1712 777 1744 deffusdietes
789 1712 823 1742 &
849 1719 884 1741 en
905 1709 1045 1739 chascune
1066 1708 1188 1739 d’icelles
1210 1718 1283 1739 vous

210 1759 381 1791 sembleront
395 1755 580 1795 Opportunes
592 1754 625 1784 δε
641 1750 837 1786 Necessaires,

251 1797 340 1828 Nous
355 1805 442 1826 avons
457 1793 567 1823 Donne
582 1793 615 1824 &
630 1791 777 1821 Donnoris
792 1788 883 1828 plaine
904 1787 938 1818 &
962 1786 1079 1817 franche
1106 1785 1222 1816 Faculte
1247 1786 1281 1817 &

214 1836 405 1868 Mandement
418 1833 534 1871 especial
548 1842 564 1862 a
578 1840 651 1861 vous
667 1830 792 1868 Qatre,
810 1836 849 1857 ou
865 1835 918 1856 aux
931 1825 1018 1856 Trois
1037 1824 1072 1855 de
1087 1834 1175 1863 vous,
1194 1834 1242 1863 par
1258 1824 1283 1854 la

212 1874 332 1905 Teneur
348 1874 384 1904 de
401 1882 448 1902 ces
469 1869 629 1908 Presentes,

246 1913 284 1944 Et
299 1914 501 1949 Promettons‚
519 1919 555 1941 en
570 1910 667 1939 bonne
682 1906 740 1947 Foy
757 1906 790 1937 ὃ(
807 1915 843 1935 011
855 1903 955 1935 Parole
969 1902 1007 1933 de
1022 1901 1106 1941 Roy,
1123 1902 1203 1932 avoir
1216 1901 1283 1931 Fer·

210 1958 259 1992 me
273 1953 306 1984 &
324 1950 480 1991 Agre-able,
497 1958 511 1978 a
524 1948 680 1986 tousjours,
697 1953 761 1976 tout
775 1953 809 1974 ce
822 1953 876 1982 que
891 1951 970 1985 entre
984 1941 1066 1971 Vous
1086 1941 1199 1979 Qiatre
1215 1964 1225 1979 ,
1242 1950 1282 1971 ou

208 1999 248 2022 aes
263 1991 352 2022 Trois
371 1990 406 2020 de
420 1988 519 2025 vous,
536 1987 605 2018 seres
621 1987 654 2016 ὃ(
666 1992 750 2015 aurez
763 1982 812 2013 fait
825 1992 853 2011 es
865 1981 975 2012 Choies
988 1979 1178 2018 deffusdietes,

246 2030 284 2061 Et
299 2039 369 2068 que,
388 2027 428 2058 s’il
440 2026 535 2057 avient
550 2034 604 2064 que
618 2033 690 2054 vous
706 2022 870 2064 Prorogues
883 2019 920 2050 les
933 2018 1024 2050 (116105
1039 2018 1166 2055 Treues,
1191 2016 1280 2047 Nous

229 2070 310 2102 celles
322 2068 450 2103 Treues,
467 2065 532 2094 ainsi
549 2073 597 2104 par
611 2072 683 2092 vous
698 2060 888 2096 Proroouees‚
906 2057 1134 2088 Confermerons
1147 2065 1195 2095 par
1217 2064 1277 2086 noz

208 2080 341 2146 lettres,
360 2106 400 2136 les
414 2103 597 2140 Garderons,
616 2102 649 2133 ὅτ.
664 2100 757 2131 ferons
771 2083 902 2134 (farder,
921 2104 984 2126 tout
997 2095 1062 2126 ainfi
1077 2105 1132 2135 que
1147 2095 1173 2125 se
1192 2094 1282 2125 Nous

210 2149 250 2180 les
264 2146 386 2178 euffions
401 2143 495 2174 Proro
535 2151 579 2172 ees
594 2150 630 2170 en
650 2138 746 2169 nostre
761 2146 861 2175 propre
876 2135 1029 2166 Personne.

246 2187 357 2217 Donne
370 2193 385 2213 a
399 2184 479 2212 Paris
507 2190 521 2210 e
533 2180 607 2208 xxiv.
623 2177 696 2216 Jour
708 2176 744 2207 de
757 2175 872 2214 Januier
887 2197 896 2211 ‚
921 2174 989 2204 l’An
1010 2173 1047 2203 de
1068 2171 1166 2203 Grace
1184 2171 1283 2210 Mille,

211 2225 408 2267 Qiatrecens,
425 2222 459 2253 &
477 2219 646 2257 Qatorze,
664 2216 698 2247 &
715 2216 751 2246 de
764 2213 860 2245 nostre
873 2212 977 2252 Regne
999 2211 1025 2243 le
1040 2219 1125 2242 xxxv.

247 2301 444 2373 {irggrizizizysl
458 2335 490 2366 de
508 2337 591 2372 Bar,
616 2331 754 2373 lileffieurs
777 2330 815 2360 les
839 2329 922 2361 Ducs
941 2327 1090 2360 d‘Orleans
1110 2327 1144 2359 &
1166 2325 1285 2358 d'Alen-

211 2391 288 2420 con,
303 2389 372 2411 vous
388 2376 426 2414 ᾤ’
441 2373 560 2415 plufiurs
579 2379 671 2404 autres
690 2371 725 2402 du
741 2368 847 2410 Constil
855 2391 864 2408 ‚
887 2367 1009 2408 Prefins.

897 2445 1121 2477 Goon-isa.

270 2523 1245 2542 *Μ

216 2589 390 2633 Prorogatio
405 2585 596 2629 Treugarum
614 2583 744 2614 Franciae
760 2589 798 2611 ex
818 2587 907 2624 parte
935 2577 1129 2608 Nunciorum
1154 2575 1281 2621 Angliae.

217 2676 269 2732 N
281 2671 338 2703 OS
356 2669 486 2705 Thomas,
498 2665 689 2710 ‘Permissione
702 2663 826 2700 Divina,
844 2660 1044 2707 Dunelmenfir,
1058 2660 1188 2704 Rirardus
1206 2662 1282 2690 Nor-

293 2709 432 2749 wicenfis,
450 2705 603 2744 Episcopi,
620 2703 736 2733 Thomas
758 2706 847 2731 Comes
865 2699 1000 2739 Dorfi‘tiae
1021 2699 1189 2730 Admirallus
1219 2700 1280 2729 An-

214 2749 279 2790 gllae
313 2750 346 2779 ὃς
361 2745 492 2777 Ricardus
508 2746 640 2773 Dominus
653 2742 685 2771 de
704 2744 785 2780 Grey,

249 2773 466 2818 Ambaffiatores
480 2783 514 2814 &
532 2781 664 2819 Nuncii,
682 2776 899 2810 metuendiffimi
914 2775 1038 2806 Domini
1051 2774 1138 2805 nostri
1150 2798 1159 2813 ,
1178 2777 1282 2804 Heari-

214 2830 253 2865 ti,
274 2826 331 2856 Dei
346 2823 448 2864 gratia,
466 2824 542 2859 Regis
558 2819 672 2857 Angliae
684 2817 723 2853 ὠ·
737 2819 878 2853 Franciae,
895 2813 933 2847 ἐν
948 2818 1060 2844 Domini
1077 2816 1217 2843 Hiberniae

248 2864 295 2895 Ad
310 2861 518 2898 Tractandum,
531 2856 833 2891 Communicandum,
847 2855 879 2885 &
897 2853 1010 2884 finaliter
1037 2852 1207 2882 Concluden
1232 2863 1279 2883 um

213 2913 296 2942 cum,
315 2899 490 2940 Adversario
511 2900 634 2927 Francia·
647 2896 692 2926 vel
705 2892 913 2925 Commissariis
925 2891 992 2929 suis,
1008 2892 1088 2930 super
1103 2891 1278 2930 Nonnullis,

209 2943 356 2974 utilitatem
374 2941 407 2972 &
422 2939 546 2976 quietem
560 2934 700 2972 utriusque
713 2932 884 2968 Regnorum
896 2930 1051 2967 Angliae&
1065 2930 1089 2960 F
1091 2932 1191 2960 ranciae
1206 2940 1278 2961 con-

210 2980 409 3018 cernentibus,
426 2979 478 3014 &,
497 2977 569 3005 inter
582 2982 701 3011 caetera,
717 2972 751 3002 ad
762 2966 985 3009 Prorogandum
1002 2968 1131 3007 Treugas
1143 2991 1153 3006 ,
1172 2968 1276 2999 ultimo

209 3022 283 3051 inter
299 3017 400 3057 Regna
414 3014 549 3054 praedieta
564 3014 644 3043 initas
661 3012 694 3044 &
709 3010 847 3047 firmatas,
862 3008 1007 3048 specialem
1032 3006 1207 3038 Potestatem
1227 3008 1277 3039 ha-

206 3060 335 3134 benCtgiiis
349 3093 451 3125 Tenor
470 3091 591 3130 sequitur
606 3091 635 3120 in
653 3089 718 3120 hece
733 3087 837 3126 verba,

245 3175 398 3209 Henricus,
417 3169 477 3201 Dei
493 3167 609 3205 Gratia,
627 3169 687 3196 Rex
708 3164 820 3203 Angliae
841 3161 879 3197 (θ’
902 3166 1027 3193 Franciae
1044 3185 1054 3201 ‚
1078 3160 1116 3196 όν
1144 3164 1276 3192 Dominus

210 3212 365 3248 Hiberniae,
394 3207 608 3240 Venerabilibus
630 3204 759 3234 Patribus
773 3226 782 3241 ,
810 3201 916 3232 Thomae
941 3201 1065 3241 Episcopo
1083 3200 1277 3242 Dunelmenfi>

213 3249 383 3280 Consiliario
397 3270 408 3285 ,
426 3246 541 3278 Ricardo
561 3243 686 3283 Episcopo
700 3240 886 3281 Norwicenfi,
904 3239 1123 3278 Conlanguineo
1139 3261 1148 3276 ,
1167 3239 1274 3269 Thomae

212 3291 311 3319 Comiti
327 3286 478 3325 Dorsbtiae,
496 3283 652 3314 Avunculo
668 3282 700 3312 ὃς
717 3280 871 3311 Admiralio
882 3302 891 3316 ,
908 3288 941 3309 ac
962 3278 1078 3308 Ricardo
1099 3280 1215 3307 Domino
1242 3279 1275 3307 de

210 3330 267 3357 Gre
293 3348 303 3364 ,
319 3326 404 3355 etiarn
419 3322 658 3360 Consanguineo,
675 3318 776 3349 nostris
788 3341 798 3355 ,
816 3318 948 3349 Salutem.

282 3364 331 3394 um
345 3371 452 3401 nuper,
470 3370 520 3400 per
541 3357 756 3390 Commiss‘arios
776 3355 946 3395 Adverfiarii
970 3354 1052 3394 nostri
1076 3356 1214 3392 Franche,
1240 3355 1274 3385 &

212 3403 374 3444 Deputatos
389 3400 509 3437 nostros,
528 3407 613 3428 certae
627 3396 742 3433 fuerint,
758 3403 815 3424 tam
831 3405 879 3432 per
891 3394 1013 3424 Terram
1029 3394 1061 3423 &
1077 3393 1273 3435 Aqua<,qu>im

210 3452 262 3482 pei·
279 3440 381 3478 Mare,
397 3438 536 3477 generales
549 3436 675 3474 Treugae
690 3434 822 3472 firmatae,
841 3434 926 3471 usque
944 3431 979 3461 ad
998 3430 1115 3461 Festum
1138 3429 1273 3461 Purifica-

211 3481 296 3513 tionis
310 3480 400 3509 bcatae
414 3476 517 3507 Mariae
530 3475 662 3513 proximo
678 3481 829 3503 venturum
844 3469 1046 3501 tantummodo
1061 3469 1198 3498 duraturae
1208 3492 1217 3506 ,

249 3519 287 3549 Et
299 3518 390 3556 aliqua
403 3515 552 3554 Negotia,
566 3515 637 3543 inter
652 3511 800 3550 praefatum
814 3508 1017 3554 Adversarium
1031 3507 1149 3548 nostrum
1166 3508 1199 3538 ὃς
1214 3508 1274 3536 Nox

211 3555 418 3597 pertradianda,
437 3554 549 3584 interim
565 3558 802 3587 occurrunnqufe
817 3549 885 3578 citra
901 3546 1017 3578 Festum
1031 3546 1199 3586 praedidlum
1214 3555 1275 3575 non

210 3604 361 3637 poterunt,
378 3601 410 3624 ut
422 3592 561 3628 creditur,
580 3588 764 3620 veriiimiliter
775 3587 933 3623 terminari,

253 3635 368 3665 Idcirco
378 3655 387 3670 ,
401 3631 436 3662 ad
452 3628 670 3666 Prorogandum
684 3626 808 3663 ”ri-eugas
822 3624 1013 3663 praed'rctas‚in
1028 3622 1146 3654 Tenore
1162 3622 1195 3652 &
1204 3621 1275 3651 For-

216 3673 265 3704 ma
280 3675 310 3703 in
327 3672 429 3709 quibus
442 3670 498 3707 iam
516 3675 606 3705 captae
622 3667 655 3696 δε
673 3663 789 3694 firmatae
802 3663 876 3699 sunt,
892 3672 960 3692 cum
973 3662 1108 3691 omnibus
1122 3661 1174 3691 suis
1188 3659 1276 3690 Clau-

215 3713 294 3748 sulis,
309 3711 393 3750 usque
407 3708 440 3739 ad
455 3715 566 3744 tempus
586 3704 713 3742 longius,
731 3710 813 3739 prout
834 3700 927 3731 Vobis
944 3700 1093 3737 Quatuor,
1110 3699 1156 3729 vel
1171 3699 1277 3729 Tribus

217 3749 345 3780 vestrum
356 3772 365 3786 ,
382 3748 473 3778 visum
491 3745 573 3776 fuerit
584 3750 758 3780 oportunum
769 3762 779 3775 ,

252 3788 297 3818 Ac
311 3787 434 3825 praefatas
448 3785 592 3822 Treugas‚
609 3782 643 3812 δε
654 3788 750 3812 03111111
766 3777 1019 3816 prorogationem,
1035 3775 1055 3805 si
1070 3776 1150 3805 vobis
1163 3774 1276 3813 expedi·-

217 3835 246 3855 re
265 3826 422 3862 videbitur,
440 3821 615 3853 Proclamari
629 3817 791 3849 faciendum
802 3839 811 3854 ,

254 3862 298 3893 Ac
312 3862 569 3892 Confirmationem
585 3856 795 3895 Prorogationis
811 3852 988 3892 hujusmodi,
1006 3861 1055 3891 per
1068 3862 1119 3882 nos
1135 3851 1255 3883 fiendam
1265 3874 1276 3890 ,

216 3900 351 3931 Nomine
365 3900 463 3930 nostro
476 3896 726 3932 promittendum,

252 3938 418 3973 Caeteraque
433 3938 552 3976 singula,
570 3937 600 3966 in
616 3930 768 3965 Praemissis
789 3931 835 3962 vel
852 3931 927 3961 circa
949 3939 981 3959 ea
1000 3938 1141 3966 oportuna
1161 3928 1208 3960 vel
1224 3938 1276 3960 ne-

213 3976 345 4014 ccffiiria,
365 3975 600 4010 Excercendum,
618 3971 808 4007 Faciendum,
825 3971 858 4002 ὅ(
873 3967 1104 4006 Expediendum,

252 4013 344 4045 Vobis
361 4013 507 4052 Qaruor,
527 4013 571 4046 vel
588 4011 696 4043 Tribus
710 4007 856 4047 vestrum,
871 4006 987 4038 Tenore
995 4005 1193 4044 praesentium,
1213 4005 1275 4046 spe·

681 88 1484 140 CONVENTIONES,

985 184 1079 212 Proces
1093 203 1104 218 ,
1121 178 1159 214 ὠ·
1183 175 1271 216 Brief
1301 175 1371 207 ciale
1390 175 1578 221 Mandatum,
1594 186 1630 207 ac
1646 177 1758 216 plenam
1772 176 1806 207 &
1822 177 1938 208 liberam
1955 176 2144 208 concedimus
2158 174 2349 214 Facultatem,
2388 171 2469 203 Ann.
2479 170 2521 204 D.

1345 212 1547 245 Promittimus
1565 215 1696 255 insuper,
1713 215 1793 247 bona
1810 216 1865 247 fide
1885 217 1918 247 &
1933 216 1965 245 in
1986 217 2076 246 verbo
2092 216 2206 255 Regio,
2223 214 2292 244 Nos
2313 213 2373 245 Ra-
2408 219 2492 250 1415.

1307 259 1389 291 tum,
1407 252 1549 291 Gratum,
1567 253 1601 284 &
1617 254 1746 285 Firmum
1757 264 1899 299 perpetuo
1914 254 2055 285 habituros
2071 253 2208 294 quicquid
2226 262 2276 284 vos
2291 252 2374 291 Qua·
2386 254 2449 280 Hm.
2472 259 2491 286 5
2493 271 2501 279 ·

1541 88 1928 142 LITERAE,

1309 299 1374 322 tuor
1388 291 1432 322 vel
1448 292 1523 322 Tres
1535 290 1662 323 vestrsim
1679 293 1799 324 feceritis
1814 303 1844 323 iri
1858 292 2025 330 Praemiffis,

1347 328 1404 372 Et,
1430 329 1448 359 fi
1473 329 1599 378 'J'reugas
1620 332 1765 375 praedictas
1787 341 1836 372 per
1856 342 1927 370 vos,
1945 340 1976 362 ut
1998 333 2200 370 praemittitur,
2228 332 2377 369 prorogari

1311 376 1473 411 contingat,
1484 368 1617 408 <Treugas
1627 370 1711 414 ipsas,
1728 370 1767 400 sic
1780 379 1957 410 prorogatas,
1976 379 2026 406 per
2034 369 2151 401 Litteras
2175 370 2282 401 nostras
2301 381 2376 402 con—

1312 406 1503 449 firmabimus,
1529 407 1716 451 servabimus,
1742 409 1776 439 &
1802 410 1901 439 servari
1925 408 2078 447 faciemus,
2095 409 2211 448 perinde
2232 419 2266 440 ac
2288 410 2308 442 si
2325 420 2375 449 per

1314 443 1383 473 Nos
1398 444 1512 487 fuissent
1527 456 1558 490 111
1574 444 1699 477 Persona
1715 448 1825 486 propria
1842 456 2009 487 prorogatae.

1351 481 1385 512 In
1401 492 1534 529 ‘3⁰J}.¹⁵.¹‘?¹
1551 483 1765 528 Testimonium
1782 486 1830 517 has
1848 486 1952 517 Literas
1972 484 2079 516 nostras
2099 485 2229 516 Parentes
2247 485 2324 526 fieri,
2342 487 2376 518 δε

1315 519 1418 560 Magni
1434 522 1522 565 bigilli
1536 522 1624 568 nostri
1637 524 1796 554 munimine
1808 525 1928 555 fecimus
1944 525 2081 554 roborari.

1314 559 1465 637 gnlDdgifrrl
1477 559 1686 630 {ggattggoslro
1703 561 1810 600 Wstm.
1822 563 1937 602 Quinto
1949 563 1994 595 die
2003 563 2194 601 Decembris,
2213 562 2302 594 Anno
2315 563 2377 594 Re-

1540 610 1576 630 un
1618 622 1625 629 .

1336 675 1481 721 ’Necnon
1498 676 1678 716 Guillermus,
1695 676 1884 709 Permiffione
1908 677 2034 718 Divina,
2051 679 2269 720 Archispfiapus
2293 682 2376 709 Bitu-

1314 715 1436 755 rtcenfis,
1455 719 1552 746 Petrus
1564 715 1656 756 Epifio
1674 727 1704 746 us
1720 715 1926 756 Novionienfis,
1944 718 2064 748 Karalus
2079 722 2167 750 Comes
2182 722 2278 757 Angi,
2297 718 2378 749 Guil-

1316 752 1412 784 termus
1427 755 1537 784 Martel
1551 754 1639 786 Miles
1687 755 1801 785 ominus
1818 755 1853 785 de
1873 755 1929 785 Bas
1944 757 2060 794 neville,

1355 791 1551 838 Commissarii
1563 794 1714 832 specialiter
1723 793 1860 832 Deputati
1875 795 1908 825 &
1959 795 2058 826 rdinati
2068 806 2116 836 per
2135 797 2243 828 dicium
2260 796 2381 828 Adver-

1308 829 1415 869 Jbrium
1430 836 1552 862 Franciae
1562 856 1571 871 ,

1355 870 1402 901 Ad
1424 870 1642 915 Tradiandum,
1668 870 1970 910 communicandum,
1996 871 2031 902 &
2056 870 2173 903 finaliter
2192 873 2380 907 Concluden-

1316 907 1386 938 dum
1396 908 1481 952 ¹super
1495 910 1671 954 Nonnullis,
1689 911 1838 941 utilitatem
1854 911 1886 942 ὃς
1903 911 2029 949 quietem
2049 911 2189 949 utriusque
2208 912 2380 953 Regnorum

1316 944 1429 986 Angliae
1446 948 1480 978 &
1498 948 1624 979 Franciae
1640 950 1899 987 concernentibus,
1918 952 1950 980 ὃ(
1962 973 1972 987 ,
1992 950 2063 980 111101
2079 960 2199 989 caetera,
2217 952 2251 982 ad
2274 952 2380 983 Proro-

1314 986 1541 1063 ffiggri‘itrgdi&as
1554 987 1682 1027 Treugas
1699 987 1873 1019 Potestatem
1887 989 1923 1019 ab
1937 988 2041 1019 eodem
2051 988 2219 1020 Adversario
2233 990 2380 1030 specialem

1353 1061 1444 1101 Cujus
1458 1063 1560 1094 Tenor
1574 1063 1692 1104 sequitur
1707 1065 1736 1095 in
1750 1064 1815 1095 haec
1830 1065 1934 1104 verba,

1336 1140 1491 1184 *Ka'roluss
1509 1140 1569 1185 Dei
1584 1140 1702 1180 Gratia,
1719 1144 1886 1171 Francorum
1898 1145 1977 1179 Rex,
1995 1142 2103 1174 dilec'tis
2115 1144 2149 1175 &
2164 1144 2380 1178 fidelibusCon-

1314 1178 1560 1225 cibariis-nostris,
1578 1180 1726 1211 Guillermo
1742 1179 1911 1219 Archiepi'sc'o
1929 1191 1943 1210 o
1955 1182 2133 1221 Bituricensi,
2151 1185 2234 1214 Petro
2254 1186 2379 1225 Epistopo

1315 1218 1527 1263 Noviomenfi,
1544 1219 1648 1263 Karolo
1673 1222 1771 1248 Comiti
1795 1223 1874 1257 Angi
1932 1219 2124 1259 onsanguineo
2139 1243 2150 1258 ,
2172 1223 2205 1252 &
2231 1224 2379 1255 Guillermo

1316 1255 1448 1301 Martem
1461 1257 1551 1288 Militi
1564 1256 1758 1289 Cambellario
1772 1258 1890 1296 nostr0,
1909 1258 2034 1289 Salutem
2049 1260 2082 1290 &
2098 1258 2301 1294 Dileffionem.

1354 1293 1435 1325 Cum
1456 1305 1562 1335 nuper,
1583 1306 1633 1336 per
1659 1297 1872 1328 Ambaxiatores
1895 1298 1928 1328 &
1951 1296 2170 1329 Commissarios
2195 1300 2306 1332 nostros
2345 1312 2380 1334 011

1315 1342 1392 1373 parte
1406 1335 1529 1378 una,·&
1549 1333 1711 1374 Deputatos
1732 1334 1904 1375 Adverfhrii
1924 1335 2007 1376 nostri
2020 1336 2151 1375 Angliae,
2171 1347 2205 1367 ex
2221 1348 2298 1376 parte
2311 1325 2369 1372 3iilia

1316 1381 1402 1403 certae
1416 1373 1539 1412 fuerint,
1558 1383 1616 1405 tarn
1633 1384 1682 1414 per
1699 1374 1821 1405 Terram
1838 1375 1872 1405 &
1886 1374 1999 1413 Aquas,
2018 1376 2103 1413 quam
2112 1386 2161 1415 per
2231 1387 2261 1408 re
2286 1365 2383 1410 Trea?

1317 1420 1363 1455 gae
1375 1412 1515 1456 generales
1531 1412 1665 1452 firmatae,
1684 1413 1771 1452 usque
1791 1413 1825 1443 ad
1844 1412 1960 1444 Festum
1982 1413 2190 1446 purificationis
2211 1401 2301 1448 beat’ae
2313 1417 2382 1450 Ma-

1317 1460 1365 1480 riae
1381 1454 1514 1495 proximo
1533 1452 1660 1483 futurum
1678 1451 1880 1482 tantummodo
1895 1451 2056 1491 duraturae,

1350 1487 1394 1532 Et
1403 1489 1492 1529 aliqua
1507 1490 1652 1529 Negotia,
1670 1491 1743 1521 inter
1758 1490 1826 1522 Nos
1842 1492 1875 1521 &
1889 1491 2086 1521 Adversarium
2103 1491 2232 1523 nostrum
2249 1493 2375 1534 Angfiae,

1315 1526 1428 1558 interim
1443 1538 1610 1568 occurrunt,
1629 1531 1648 1549 *²
1663 1539 1726 1568 quae
1739 1530 1808 1560 citra
1828 1529 1998 1574 praediEtum
2019 1529 2136 1561 Festum
2153 1540 2213 1562 non
2226 1541 2376 1573 porerunr,
2388 1538 2405 1556 ὕ
2424 1537 2479 1564 IX.

2391 1574 2455 1609 ¹98.

1317 1575 1347 1596 ut
1362 1567 1486 1610 creditur
1496 1591 1506 1606 ,
1521 1569 1705 1599 verisimiliter
1719 1569 1880 1607 terminari,

1353 1603 1466 1649 ideirco
1480 1607 1514 1650 ad
1530 1606 1748 1647 Prorogandum
1761 1607 1907 1646 praedieias
1920 1606 2052 1645 Treugas
2073 1608 2104 1638 in
2118 1607 2238 1640 Tenore
2252 1610 2286 1641 δε
2306 1609 2379 1640 For-

1317 1652 1365 1673 ma
1377 1645 1476 1683 quibus
1484 1655 1545 1683 Jam
1561 1655 1651 1686 captae
1665 1647 1699 1677 &
1714 1645 1830 1676 firmatae
1841 1645 1920 1682 sunt,
1937 1656 2006 1676 cum
2023 1647 2156 1677 omnibus
2173 1648 2225 1678 suis
2238 1647 2373 1679 Clausulis

1318 1681 1403 1728 usque
1423 1683 1457 1713 ad
1469 1692 1590 1727 *tempus
1613 1684 1741 1723 longius,
1758 1693 1843 1722 prout
1860 1684 1952 1715 Vobis
1970 1685 2120 1724 Qiatuor,
2137 1685 2183 1717 vel
2203 1685 2310 1719 Tribus
2330 1673 2386 1719 ve:

1319 1719 1429 1760 strum,
1447 1721 1538 1752 Visum
1552 1723 1636 1754 fuerit
1649 1731 1827 1762 oportunum
1836 1745 1846 1761 ,

1341 1799 1346 1803 .
1359 1761 1403 1790 Ac
1417 1761 1542 1804 praesatas
1557 1762 1686 1801 Treugas
1696 1784 1705 1799 ,
1725 1763 1758 1805 ὃς
1776 1771 1874 1791 03111111
1888 1760 2145 1801 Prorogationem,
2163 1762 2184 1793 fi
2201 1764 2284 1795 vobis
2298 1773 2383 1805 expe-

1318 1797 1378 1828 dire
1395 1799 1553 1838 videbitur,
1573 1801 1747 1831 Proclamari
1762 1799 1944 1837 faciendum,

1342 1837 1681 1884 ΥΑο.(3011611113110110111
1698 1838 1910 1878 Prorogationis
1922 1837 2081 1876 hujusmodi
2091 1861 2101 1877 ,
2118 1848 2168 1879 per
2184 1849 2236 1871 nos
2249 1839 2371 1872 fiendam

1318 1874 1451 1906 homine
1466 1877 1566 1908 nostro
1580 1877 1810 1909 Promittendum
1819 1900 1828 1915 ,
2373 1864 2384 1881 ²

1355 1914 1524 1958 Caeteraque
1538 1917 1642 1956 singula
1651 1940 1661 1955 ‚
1679 1918 1708 1947 in
1723 1915 1871 1947 Praemiffis
1885 1916 1929 1946 vel
1944 1916 2020 1947 circa
2033 1925 2065 1946 ea
2077 1924 2219 1956 oportuna
2232 1915 2277 1947 vel
2291 1918 2387 1948 neces-

1315 1953 1394 1990 saria,
1412 1953 1628 2001 Exercendunm,
1648 1955 1820 1986 Faciendum
1830 1978 1840 1993 ‚
1865 1955 1898 1985 ὅ(
1912 1953 2126 1993 Expediendum
2142 1956 2222 1985 vobis
2235 1956 2387 1994 Qamor,

1316 1991 1361 2021 vel
1374 1991 1483 2024 Tribus
1495 1992 1640 2037 vestrum,
1657 1994 1778 2025 Tenore
1790 1993 1989 2031 Pnesentium,
2009 1993 2126 2032 speciale
2139 1993 2331 2033 Mandatum,
2346 2004 2382 2025 ac

1315 2030 1426 2070 plenam
1442 2032 1609 2063 &liberam
1628 2033 1816 2064 concedimus
1832 2031 2005 2063 Facultatem
2017 2054 2026 2070 ,

1354 2068 1550 2102 Promittimus
1565 2071 1691 2110 insuper,
1706 2071 1783 2102 bona
1797 2070 1851 2101 fide
1861 2071 1893 2101 ὃ(
1907 2071 1937 2100 111
1950 2070 2040 2101 verbo
2055 2069 2167 2109 Regio,
2185 2071 2255 2102 Nos
2264 2071 2386 2112 Ratum,

1317 2107 1440 2139 Gratum
1479 2111 1513 2141 ὅς
1533 2110 1663 2142 Firmum
1679 2119 1817 2150 perpetuo
1829 2110 1973 2141 habituros
1986 2110 2122 2149 quicquid
2135 2119 2186 2140 vos
2195 2110 2328 2149 Qiatuor
2340 2113 2387 2143 vel

1317 2146 1392 2177 Tres
1403 2132 1530 2179 vestrum
1547 2149 1667 2180 feceritis
1682 2151 1710 2179 in
1729 2148 1895 2186 Praemiffis,

1354 2185 1412 2230 Et,
1435 2186 1454 2217 si
1475 2187 1606 2225 Treugas
1631 2187 1779 2226 praedietas
1803 2196 1851 2225 per
1877 2196 1945 2224 vm,
1964 2195 1994 2217 ut
2018 2187 2219 2226 praemittitur,
2234 2190 2382 2226 prorovari

1318 2233 1480 2269 contingat,
1499 2225 1626 2266 Treugas
1638 2227 1722 2266 ipsas,
1741 2227 1777 2256 fic
1794 2234 1971 2265 prorogatas,
1988 2234 2036 2263 per
2053 2225 2171 2256 Litteras
2195 2225 2301 2257 nostras
2311 2213 2385 2259 Sim-

1318 2262 1492 2308 firmabimus
1502 2287 1512 2304 ,
1530 2266 1718 2309 servabimus,
1744 2266 1777 2297 &
1804 2266 1902 2294 servari
1928 2265 2077 2302 faciemus,
2096 2264 2212 2302 perinde
2232 2275 2265 2296 ac
2289 2265 2310 2297 si
2335 2276 2385 2305 pei·

1317 2301 1386 2332 Nos
1399 2303 1514 2333 fuissent
1528 2313 1556 2333 in
1576 2303 1694 2335 Persona
1708 2305 1819 2344 propria
1835 2312 2002 2342 prorogate

1354 2340 1432 2372 Data
1448 2342 1566 2383 Pari-'fios
1582 2344 1717 2374 vicesimo
1737 2351 1837 2380 quarto
1855 2341 1994 2379 januarii,
2014 2341 2103 2372 Anno
2126 2340 2247 2372 Domini
2265 2341 2382 2374 Millefi-

1320 2381 1714 2457 tgut)i‚tQiadringentesimo,
1732 2381 1847 2412 decimo
1859 2390 1977 2420 quarto,
1996 2380 2134 2420 &Regni
2147 2381 2233 2411 nostri
2243 2382 2384 2413 tricennio

1374 2430 1392 2449 n
1407 2429 1436 2450 o.

1303 2494 1309 2498 ⁷
1359 2496 1507 2529 Universis
1525 2500 1558 2532 &
1573 2499 1698 2539 fingulis,
1714 2499 1859 2539 praesentes
1881 2497 1997 2528 Litteras
2014 2496 2193 2535 inspecturis,
2211 2495 2337 2528 Salutem
2351 2499 2383 2529 in

1319 2534 1472 2581 Domino,
1491 2539 1524 2569 &
1541 2539 1726 2570 Praesentibus
1738 2539 1870 2569 adhibere
1885 2537 1995 2574 plenam
2009 2535 2103 2565 fidem.

1355 2572 1435 2605 Cum
1450 2586 1540 2614 nuper
1559 2577 1712 2615 (videlicet)
1729 2578 1817 2607 Anno
1832 2575 1955 2606 Domini
1970 2572 2135 2610 Millelimo,
2156 2572 2285 2611 Quadrin
2307 2583 2387 2606 ente·

1319 2611 1410 2651 fimo,
1430 2613 1559 2658 Decimo
1575 2617 1673 2653 tertio,
1692 2616 1738 2646 die
1754 2613 1894 2644 Vicesimfi
1914 2611 2011 2656 quarta
2032 2611 2168 2650 Ianuarii,
2186 2613 2259 2649 apud
2327 2612 2383 2643 est-

1319 2651 1537 2696 monasterium,
1556 2655 1628 2684 inter
1640 2663 1732 2684 certos
1745 2652 1963 2683 Commissarios
1978 2651 2010 2681 &
2022 2649 2182 2691 Deputatos
2196 2650 2319 2681 Domini
2330 2662 2385 2682 no-

1320 2687 1365 2717 stri
1382 2689 1468 2727 Regis
1479 2691 1629 2730 supradicti
1648 2692 1696 2727 (de
1712 2700 1836 2729 quorum
1852 2689 1989 2720 Numero
2003 2689 2069 2719 Nos
2081 2688 2197 2718 Thomas
2210 2689 2380 2720 Dunelmen-

1318 2737 1378 2756 men
1389 2739 1411 2756 is
1425 2730 1566 2769 Epfiopus
1581 2730 1821 2770 supranominatus
1840 2737 1909 2758 tunc
1922 2737 2030 2758 eramus
2042 2730 2051 2762 )
2067 2727 2101 2758 &
2116 2727 2316 2767 supradictum,
2327 2728 2388 2759 Re-

1319 2767 1475 2797 verendum
1494 2768 1623 2808 Patrem,
1643 2768 1819 2799 Guillermum
1843 2765 2036 2806 Bituricensbm
2055 2765 2303 2805 Archiepifiopum,
2321 2769 2385 2796 Ka-

1317 2803 1402 2833 ralum
1421 2809 1562 2837 Dominum
1578 2807 1610 2837 de
1624 2806 1653 2836 la
1668 2810 1737 2836 Bret
1753 2805 2004 2844 Consanguineum
2021 2805 2054 2836 &
2071 2803 2332 2843 Constatmlarium,
2350 2816 2384 2837 ac

1316 2845 1463 2890 Gouterum
1477 2845 1571 2890 equi,
1600 2845 1788 2877 Conciliarios
1806 2868 1815 2882 ‚
1840 2847 1874 2877 ὃς
1895 2844 2083 2875 Secretarium
2101 2866 2111 2881 ,
2128 2843 2196 2873 dieti
2218 2842 2389 2883 Adversarii

1315 2884 1457 2921 Francia,
1475 2887 1557 2923 ipsius
1572 2884 1791 2915 Ambaffiatores
1803 2885 1836 2914 δε
1858 2883 1992 2913 Nuncios
2005 2881 2152 2920 speciales,
2171 2881 2275 2912 fuerint
2297 2892 2384 2914 certae

1315 2920 1438 2960 Treugae
1454 2924 1613 2963 generales,
1631 2932 1689 2954 tam
1710 2933 1758 2963 per
1776 2923 1916 2958 Terram,
1934 2922 2019 2959 quarn
2034 2930 2084 2957 per
2107 2918 2206 2958 Mare,
2224 2922 2384 2952 concorda-

1314 2966 1368 2997 tae,
1386 2961 1419 2991 ὃς
1433 2960 1602 2999 Juramento
1620 2961 1735 2992 firmatae
1746 2985 1755 2999 ‚
1769 2962 1857 3001 usque
1869 2960 1904 2990 ad
1922 2958 2038 2990 Festum
2063 2956 2269 2989 purificationis
2290 2961 2387 2999 proxi-

1314 3007 1397 3028 mum
1414 3001 1617 3031 tantummodo
1631 3001 1779 3038 duramrae,

1351 3037 1440 3068 Prout
1456 3049 1490 3070 ex
1504 3050 1601 3071 earum
1615 3039 1749 3077 Tenore,
1767 3038 1815 3076 qui
1836 3036 1963 3075 proxime
1981 3034 2160 3073 describitur,
2188 3035 2263 3066 clare
2283 3036 2385 3077 liquet,

1350 3116 1418 3146 Nos
1431 3116 1561 3154 Thomas,
1575 3114 1762 3147 Permiffione
1777 3113 1899 3151 Divina,
1918 3110 2102 3180 Dunelmeiffs
2117 3111 2267 3152 Epifiopus,
2285 3116 2382 3144 Ricar-

1312 3156 1361 3184 dus
1376 3160 1466 3185 Comes
1480 3158 1670 3193 Warrewicae,
1689 3155 1722 3184 &
1741 3151 1880 3189 Magister
1895 3153 2028 3181 Henricus
2078 3161 2143 3189 are,
2158 3152 2332 3184 Licentiatus
2349 3154 2380 3184 in

1313 3204 1431 3232 utroque
1442 3194 1511 3231 Jure
1530 3193 1695 3223 Canonicus
1709 3191 1843 3222 Eccleliae
1857 3190 2058 3226 Landaveniis,

1349 3231 1524 3262 Illustriffimi
1541 3234 1569 3261 in
1590 3230 1708 3261 Christo
1727 3229 1867 3268 Principis
1883 3230 1916 3259 &
1934 3228 2057 3258 Domini
2073 3229 2186 3257 Henrici
2232 3227 2291 3260 Dei
2316 3239 2380 3267 gra-

1312 3270 1369 3307 tia,
1387 3274 1465 3306 Regis
1481 3270 1594 3308 Angliae
1612 3267 1650 3304 &
1663 3272 1806 3307 Franciae,
1823 3267 1861 3304 ό·
1876 3270 1988 3296 Domini
2005 3265 2145 3296 Hibernia>
2151 3289 2162 3305 ,
2202 3265 2210 3275 “
2231 3268 2362 3306 nciliarii,

1349 3309 1396 3340 Ad
1415 3309 1632 3346 Tradiandum‚
1651 3305 1938 3338 Communicandum
1955 3315 2023 3336 cum
2061 3304 2233 3335 Reverendo
2248 3306 2276 3335 in
2292 3305 2378 3336 Chi-i-

1312 3347 1357 3377 sto
1374 3347 1455 3378 Patre
1469 3348 1503 3378 &
1518 3346 1671 3385 Domino,
1688 3346 1825 3377 Domino
1842 3343 2006 3382 Willielmo,
2024 3328 2082 3373 Dei
2099 3342 2204 3380 gratifi,
2221 3343 2377 3382 Archieptf

1310 3394 1366 3424 copo
1386 3385 1563 3426 Bituricenfi,
1579 3386 1682 3416 Karolo
1697 3388 1811 3415 Domino
1825 3385 1857 3414 de
1875 3383 1905 3412 la
1921 3385 1991 3412 Bret
2001 3407 2011 3420 ,
2028 3381 2088 3416 (ἅτ.
2108 3388 2140 3410 ut
2153 3383 2182 3410 in
2195 3382 2328 3410 Traelatu
2342 3382 2376 3411 de

1309 3427 1416 3462 Treugis
1433 3427 1503 3454 Dat.
1522 3425 1668 3455 Londoniis
1691 3433 1741 3463 24.
1766 3422 1841 3462 Jan.
1874 3430 1962 3461 1413.
1986 3422 2101 3451 mutatis
2119 3419 2256 3448 mutandis
2269 3441 2280 3457 ,
2300 3419 2381 3460 affine

1309 3462 1365 3493 haec
1381 3463 1469 3493 verba
1483 3464 1492 3501 (
1501 3464 1580 3499 viz.)

1352 3539 1390 3570 Et
1406 3539 1441 3570 de
1458 3540 1585 3578 praesenti
1601 3541 1673 3571 inter
1690 3540 1759 3571 Nos
1769 3562 1779 3577 ,
1795 3547 1850 3577 pro
1862 3545 1940 3577 parte
1957 3534 2068 3574 Angliae
2092 3532 2324 3573 Ambaffiatores,
2343 3536 2377 3567 δε

1313 3577 1530 3609 Commisfiirios
1546 3581 1579 3609 &
1593 3579 1751 3618 Deputatos
1766 3582 1818 3615 pro
1835 3586 1912 3615 parte
1933 3574 1956 3604 F
1958 3575 2060 3603 ranciae
2086 3572 2276 3611 supradi&os,
2294 3573 2375 3612 super

1313 3616 1440 3660 Materiis
1459 3618 1599 3657 praedidtis
1615 3616 1902 3648 Communicationes
1920 3614 1953 3644 &
1968 3611 2116 3642 Tractatus
2132 3633 2142 3649 ,
2169 3610 2278 3651 Regnis
2303 3623 2377 3651 prae-

1310 3654 1392 3685 diens
1409 3657 1506 3694 utiles,
1523 3665 1663 3687 annuente
1676 3656 1828 3691 Domino,
1841 3653 1902 3683 sunt
1914 3649 2052 3686 habendi²

1350 3694 1428 3732 Quia
1444 3705 1537 3724 tamen
1552 3695 1600 3734 ipsi
1617 3695 1765 3724 Trastatus
1779 3701 1839 3722 non
1856 3696 1989 3730 poterunt
1999 3709 2009 3724 ‚
2024 3697 2054 3717 ut
2066 3686 2211 3726 creditur,
2235 3689 2304 3720 citra
2322 3690 2377 3721 Fe.

1313 3730 1387 3761 stum
1406 3733 1573 3770 praedictum
1592 3732 1777 3763 determinate
1799 3727 1945 3759 Concludi
1968 3748 1977 3763 ,
2011 3724 2047 3755 set
2069 3727 2203 3764 temporis
2233 3726 2376 3760 Traftum

1310 3770 1464 3802 desiderant
1481 3772 1529 3802 lon
1551 3773 1638 3801 iorem
1649 3795 1658 3808 ,
1676 3780 1732 3801 tarn
1749 3768 1866 3805 Nobis,
1884 3762 2135 3795 Ambaffiatoribus
2173 3774 2206 3795 ro
2218 3774 2293 3804 parte
2315 3768 2376 3799 An-

1311 3809 1397 3847 gliae,
1416 3812 1501 3848 quam
1545 3810 1719 3839 ommissariis
1734 3808 1768 3838 &
1797 3804 1945 3842 Deputatis
1961 3811 2014 3840 pro
2037 3811 2114 3840 parte
2148 3805 2263 3834 ‚rancie
2281 3805 2375 3845 supra-

1313 3848 1412 3886 dictis,
1430 3849 1498 3879 utile
1514 3849 1547 3879 &
1565 3856 1742 3887 oportunum
1758 3843 1867 3875 videtur
1880 3842 2006 3879 Treugas
2028 3841 2195 3878 supradictas
2217 3842 2248 3873 in
2265 3852 2378 3882 tempus

1311 3886 1422 3925 longius
1439 3896 1601 3926 prorogare,

1349 3924 1460 3955 Idcirco
1475 3933 1533 3955 tam
1549 3924 1634 3962 Nos,
1651 3924 1739 3961 quam
1755 3917 1947 3951 Commissarii
1960 3916 2104 3956 praedieci,
2129 3928 2183 3957 pro
2197 3928 2274 3958 parte
2291 3919 2378 3951 Fran-

1310 3964 1365 3995 ciae
1377 3963 1514 4000 deputati,
1533 3963 1642 3993 bonam
1655 3963 1688 3992 &
1705 3960 1821 3990 felicem
1846 3956 2054 3995 expeditionem
2075 3959 2145 3987 tanti
2171 3957 2205 3987 &
2226 3968 2285 3988 tam
2304 3958 2374 3990 Deo

1309 4003 1443 4042 placentis
1459 4000 1581 4040 Negotii
1594 3997 1807 4032 desiderabiliter
1821 3995 2003 4033 affectantes,
2020 3995 2053 4027 &
2068 3994 2273 4028 considerantes
2281 3997 2374 4065 ssiod,

2315 4044 2376 4067 reu-
