2562 4274
233 143 285 180 16

88 247 167 282 Ann.
183 247 224 279 D.
242 266 275 268 22-

89 297 200 362 Ηῖΐοὲ
232 313 290 344 Pro
312 313 428 361 Angelo
451 313 550 346 Tituli
566 314 670 347 Sane‘li
691 316 851 347 Laurentii
869 319 900 348 in
918 314 1054 359 Damaso
1073 340 1083 357 ‚
1108 312 1144 346 de
1168 315 1294 346 Canoni-

516 372 586 394 catu
604 365 641 400 ὠ·
661 361 817 396 Praebenda
828 390 838 406 ,
863 362 997 407 conccffis.

86 440 221 509 1Αιτιηο.ῐ1).
232 447 288 501 R
298 446 527 515 ΕδΧΟφῃίὺιὲε
540 446 574 477 ad
589 457 676 486 quOS,
686 449 746 481 &c.
767 448 902 481 Salutem.

86 488 145 545 Asi-⁵
156 503 194 547 2-⁵
268 493 517 553 CumCllgbsmqiiiiis
527 507 674 556 'Summus
689 525 837 564 Pontifex,
854 526 929 563 Papa
944 524 1113 562 modernus,
1131 521 1238 559 Angelo
1255 524 1293 550 ti-

87 560 124 600 H'.
138 566 166 592 4-
230 559 283 589 tuli
297 562 389 590 Sanaefli
404 563 552 592 Laurentii
566 566 597 592 in
610 563 732 604 Damaso
741 588 750 602 ,
768 564 924 595 presbitero
939 563 1081 594 Cardinali
1090 585 1100 600 ,
1118 562 1154 592 de
1163 560 1292 592 Canoni-

85 594 194 623 1b1a.m.
229 607 293 641 catu
303 601 335 630 δε
345 599 504 630 Praebenda
513 601 548 631 de
555 600 676 643 Blebury
688 626 697 641 ,
714 604 742 632 in
751 603 875 633 Ecclesia
885 601 1045 632 Cathedrali
1054 601 1155 631 Sarum
1163 622 1172 637 ,
1189 601 1219 629 in
1228 597 1288 628 Cu-

86 640 116 666 7-
228 646 268 667 ria
285 636 416 667 Romana
432 640 595 669 vacantibus
610 650 658 677 per
677 651 777 671 munus
785 640 1014 671 consecrationis
1024 637 1291 676 MagistriRichardi

226 674 341 718 Ci'tfflrfl
350 676 387 719 ‘in
401 675 593 716 Episcopum,
613 679 773 715 providillet
788 703 798 718 ,
825 688 906 717 prout
930 679 960 708 in
983 678 1064 708 Bullis
1084 677 1117 707 &
1133 677 1232 707 Literis
1249 675 1291 706 A-

225 713 369 751 postolicis
387 736 396 752 ,
412 715 505 745 eidem
539 715 683 747 Cardinali
696 718 762 747 inde
779 718 936 754 confeciis,
954 716 1061 754 plenius
1076 717 1254 751 continetur,

260 751 327 782 Nos
340 775 350 791 ,
368 752 404 783 de
422 754 520 785 Gratia
544 754 637 785 nostra
660 755 768 794 speciali
782 779 791 793 ,
809 758 842 788 δε
865 755 901 786 ad
918 755 1159 795 Supplicationem
1177 752 1283 790 praefati

224 788 381 821 Cardinalis
395 816 404 831 ‚
431 792 621 823 concessimus
642 795 675 825 δε
698 794 841 824 licentiam
869 793 998 824 dedimus
1027 792 1120 823 eidem
1146 790 1289 821 Cardinali

246 829 303 859 uod
316 829 372 872 ipse
385 852 394 868 ,
414 841 462 868 per
481 831 507 862 se
525 833 558 862 &
575 830 772 863 Procuratores
787 832 848 862 suos
862 854 872 870 ,
896 831 1075 869 corporalem
1091 832 1124 862 δε
1139 829 1288 869 pacificam

250 866 432 898 osseflionem
442 869 637 900 Canonicatus
650 872 683 902 &
700 870 867 901 Praebendae
883 870 1087 908 praedietomm
1102 865 1288 906 capere,&c.

216 912 302 943 prout
317 910 347 935 in
354 907 477 945 ejusmodi
492 909 522 937 de
537 910 662 938 Licentia
680 911 791 938 Limis.

259 943 294 974 In
310 945 400 983 cujus,
411 946 471 976 δίε.

258 981 347 1013 Teste
365 983 448 1021 Rege
465 984 538 1024 apud
557 984 814 1025 Wstmonasterium
831 1007 842 1023 ,
856 985 993 1016 vicesimo
1008 982 1132 1015 secundo
1149 981 1196 1012 die
1217 980 1285 1018 Sep-

220 1021 346 1052 tembris.
1125 1046 1131 1048 .

978 1064 1031 1091 Per
1047 1058 1128 1099 ipſsmt
1147 1061 1250 1096 Regem.

265 1186 292 1212 ᾖ
319 1190 367 1222 De
391 1187 598 1234 Appellatione
621 1187 774 1269 arroganda
795 1215 805 1230 ‚
831 1188 923 1234 siaper
948 1184 1087 1232 Hcstagio
1112 1187 1236 1218 Comitis

698 1249 712 1268 e
735 1239 848 1270 Denia.

79 1192 192 1225 *VIII-

98 1243 163 1270 ²27·

76 1338 153 1370 Ann.
166 1340 205 1372 D.
217 1322 271 1377 R

97 1387 180 1417 1401.

280 1321 366 1361 EX,
388 1321 600 1354 Venerabilibus
622 1322 752 1354 Patribus
764 1345 773 1360 ,
793 1321 908 1352 Waltero
929 1319 1106 1360 Dunolmenfi
1118 1345 1128 1358 ‚
1152 1319 1283 1359 Johanm'

288 1360 492 1401 Herefordenfi,
509 1363 542 1392 ὃ(
558 1361 692 1391 Richardo
708 1360 873 1401 Bangorenfi
887 1384 897 1398 ,
916 1360 1077 1397 Episcopis,
1095 1369 1128 1389 ac
1145 1381 1154 1397 ,
1172 1359 1282 1390 diledlzis

74 1424 118 1445 An
215 1397 248 1428 &
266 1399 404 1430 Fidelibus
417 1400 487 1438 suis,
505 1400 610 1430 Thomae
625 1401 657 1430 de
675 1399 866 1440 Erpynghatn,
883 1401 917 1430 ὃς
932 1397 1060 1437 Johanm‘
1076 1397 1197 1436 cheyne,
1218 1398 1279 1427 Mi-

73 1460 101 1483 H
122 1439 128 1444 ·
161 1429 187 1456 3·
214 1435 308 1468 litibus
323 1462 332 1478 ‚
350 1448 466 1469 necnon
490 1438 633 1478 Magistro
652 1438 780 1478 Johanm'
804 1440 889 1467 Preen
904 1460 913 1475 ,
937 1439 971 1468 &z
994 1436 1134 1474 Magistro
1149 1436 1281 1466 Richardo

101 1467 157 1523 'Ih‘l'j
213 1475 327 1516 Holme,
346 1477 456 1515 Legum
477 1477 655 1508 Doetoribus
669 1500 678 1514 ,
694 1487 728 1507 ac
744 1476 874 1515 Johanni
888 1479 998 1512 Frome,
1015 1474 1145 1512 Johanm'
1161 1476 1261 1514 Cuvfim
1271 1498 1281 1513 ,

72 1540 98 1560 m
129 1506 137 1522 ¹
158 1519 164 1525 ‘
210 1514 345 1546 Richardo
362 1517 554 1554 thityngton,
573 1519 695 1553 Dragani
716 1518 859 1553 Barentyn
872 1537 882 1552 ,
899 1512 1185 1553 JohanniHoperone
1198 1535 1208 1552 ,
1225 1513 1282 1552 Jo-

103 1555 109 1561 '
123 1545 151 1569 4·
212 1549 299 1621 haga-i
311 1556 450 1594 Cokkyng,
467 1557 500 1585 ὅτ.
513 1554 629 1584 Roberto
646 1553 773 1593 Thorley,
790 1553 926 1584 Salutem.

270 1593 347 1623 ciatis
383 1595 440 1624 uod

248 1630 330 1661 Ctim
342 1605 477 1662 l-iienrict’aes
491 1635 577 1661 Comfs
594 1631 817 1669 Northumbriae,
837 1628 1069 1661 constabularius
1088 1629 1205 1667 Angliae
1217 1652 1226 1668 ,
1258 1667 1263 1673 ¹

248 1667 283 1699 In
299 1671 416 1708 quadam
433 1670 564 1708 praetensa
583 1669 672 1700 Causa
694 1669 804 1700 in'ustae
827 1668 1036 1705 Occupationis
1050 1669 1082 1698 &
1098 1668 1277 1699 Detentionis

210 1709 352 1742 praetensae
366 1710 505 1747 cujuidam
522 1707 682 1748 Alphonfii,
701 1680 831 1750 biostagii
848 1718 900 1745 pro
936 1706 1040 1750 uodam
1055 1710 1155 1736 Comzsse
1170 1707 1202 1736 de
1219 1709 1277 1750 De-

211 1749 258 1775 nia
275 1746 368 1786 Regni
384 1749 558 1785 Aragoniae,
578 1757 666 1784 nuper
683 1747 838 1777 Psilonario
859 1747 891 1776 &
947 1754 1042 1783 aptivo
1063 1748 1112 1781 (ut
1127 1745 1277 1786 praetendi-

209 1785 272 1823 tur)
293 1787 401 1815 Robffti
417 1785 524 1824 Hauley
539 1787 682 1824 Armigeri
695 1785 842 1823 defuntfti,
860 1783 921 1819 &a
934 1790 1014 1822 prout
1027 1784 1056 1813 de
1071 1786 1142 1814 Das.
1160 1783 1276 1822 16.Jul.

202 1819 304 1862 supra,
322 1827 400 1865 usque
417 1825 472 1854 haec
486 1823 589 1861 verba,
611 1828 673 1854 viz.

244 1863 278 1892 111
297 1867 385 1902 cujus,
403 1864 463 1894 &c.
946 1900 948 1902 Υ

242 1901 332 1932 Teste
349 1904 436 1942 Rege
458 1901 533 1939 apud
553 1900 971 1941 Wstmonasterium‚vicefimo
987 1899 1064 1930 sexto
1081 1899 1127 1930 die
1144 1899 1277 1938 Septem-

205 1941 272 1971 δω-
884 1980 938 2008 Per
959 1974 1042 2016 ipfiem
1063 1979 1168 2015 Regem.

362 2108 412 2140 De
433 2102 604 2148 Custodibus
622 2103 745 2138 Thomae
761 2104 835 2138 Filii
855 2106 943 2150 Regis
959 2101 1096 2145 admtffis.

98 2100 140 2135 55

57 2204 86 2235 Α
145 2205 177 2236 D
267 2194 372 2222 Hamas
387 2193 481 2229 Erpyn
499 2190 564 2220 ham
579 2189 713 2221 Chivaler
723 2214 732 2229 ,
750 2191 783 2221 &
799 2192 878 2227 Hugo
892 2191 1034 2220 Waterton
1051 2188 1202 2227 Chivaler,
1219 2188 1269 2219 ad-

88 2215 136 2236 un*
180 2230 188 2238 ’
198 2197 258 2262 T
275 2232 422 2261 mittuntur
439 2201 580 2259 Cuiiodes
593 2229 726 2260 cariffitni
744 2229 806 2259 Filii
824 2228 919 2265 Regis
932 2228 1039 2258 Thomae
1054 2228 1084 2257 d.»
1099 2226 1266 2267 Lancastre,

55 2252 161 2310 J„†0¹'
197 2269 313 2301 Locum
328 2269 447 2300 tenentis
462 2267 552 2309 Regis
567 2269 596 2311 in
611 2268 704 2298 Terra
719 2268 764 2298 sua
779 2267 928 2297 Hiberniae
956 2266 1042 2311 'infra-
1052 2266 1183 2297 AEtatem
1198 2268 1268 2297 exis-

55 2325 107 2348 Hen
130 2293 154 2320 3'
195 2309 278 2339 tentis
292 2331 302 2347 ,
327 2309 375 2346 qui
396 2309 425 2337 in
448 2305 628 2343 Obieqmum
651 2305 740 2343 Regis
756 2306 792 2336 ad
815 2314 905 2343 partes
919 2290 1070 2348 I-iibermae
1087 2304 1266 2344 profecturus

54 2343 119 2387 Pas
134 2332 162 2358 4‘
198 2346 315 2385 est,sub
331 2346 527 2382 alternatione,
546 2343 580 2374 ad
595 2343 833 2383 prosequendum,
845 2345 906 2375 δίε.
925 2345 955 2373 in
969 2343 1192 2382 quibuscumque
1203 2342 1265 2374 Cu-

108 2382 113 2387 ’
139 2371 164 2397 3'
197 2386 243 2415 riis
260 2384 373 2421 Angli-ae
387 2394 435 2421 per
451 2392 540 2413 unum
556 2382 675 2412 Annum
689 2383 839 2412 duraturas.

54 2402 89 2425 H.
107 2409 136 2434 4.
183 2422 189 2428 .
971 2418 975 2421 -

57 2445 124 2466 ¹'m'
143 2407 190 2476 3³4⁸
234 2423 423 2495 Testfftiiege
440 2458 512 2496 apud
530 2456 908 2497 Wstmonasterium,primo
922 2457 968 2487 die
982 2456 1130 2488 Otitobris.

232 2499 347 2530 Thomas
362 2495 471 2539 Sianley
487 2496 615 2527 Clericus
631 2495 740 2526 admisit
754 2495 904 2526 Custodes.

229 2575 343 2609 Eodem
355 2574 446 2606 modo
459 2574 645 2605 admittuntur
660 2573 805 2611 subscripti
819 2571 959 2602 Custodes
974 2571 1102 2609 praedidti
1117 2571 1181 2602 Filii
1197 2571 1257 2604 Re-

473 2614 518 2651 gis
530 2613 580 2643 sub
594 2611 694 2642 eadem
709 2612 801 2650 Data,
820 2610 969 2648 videlicet,

226 2690 383 2723 Wlliclmus
398 2693 530 2730 Loveny,
547 2689 581 2721 ὃ(
602 2687 707 2719 Michel
716 2688 844 2730 Brayles,
862 2689 956 2717 Petrus
972 2687 1087 2717 Bukton
1103 2686 1255 2727 Chivaler,

190 2732 223 2764 ὅτ.
241 2730 385 2769 Johannes
401 2729 589 2766 Leventhorp.

223 2807 308 2838 Idem
320 2805 434 2836 Thomas
449 2804 559 2846 Stanley
571 2804 681 2835 admisit
696 2803 846 2835 Custodes.

224 2883 336 2914 Thomas
351 2881 462 2923 Stanley
479 2881 607 2912 Clericus
618 2903 628 2919 ,
647 2881 682 2912 &
699 2880 814 2911 Thomas
830 2878 953 2920 Langley
969 2878 1105 2910 Clericus.

182 2963 311 3028 lm,Simon
330 2959 479 2999 Gaunstede
500 2956 631 2990 Clericus
651 2956 762 2988 admisit
782 2956 925 2988 Custodes
945 2956 982 2988 de
997 2956 1110 2988 licentia
1126 2952 1250 2987 Cancel—

221 3008 249 3036 ῃ.

179 3077 350 3144 ClHenricus
365 3073 504 3114 Episcopus
521 3072 641 3104 Bathon.
660 3071 699 3108 ὠ·
713 3070 823 3103 Wellm.
843 3073 877 3104 &
898 3074 1068 3104 Laurentius
1083 3070 1245 3110 Allerthorp

220 3124 316 3145 ericus.

213 3189 327 3220 Thomas
345 3189 456 3229 Stanlcy
473 3188 601 3220 Clericus
616 3187 728 3220 admisit
746 3185 896 3218 Custodes.

1210 3279 1238 3290 ..‚

221 3333 272 3365 De
293 3334 498 3374 revocatione,
536 3341 606 3377 uper
631 3327 826 3378 Albergatis,
850 3333 882 3364 in
907 3332 1003 3364 Terra
1024 3333 1101 3363 inter
1116 3332 1193 3364 ‘Duo

655 3381 783 3414 Maria.

250 3505 416 3542 Hiberniae,
434 3503 598 3541 Omnibus,
615 3503 650 3533 ad
665 3512 736 3541 quos
753 3501 897 3541 praesentes
912 3502 1015 3533 Literae
1037 3504 1233 3542 pervenerint,

30 3470 366 3535 Ann.D.HE⁷1r¹'⁶¹‘5>
391 3465 449 3496 Dei
466 3464 568 3503 gratii,
592 3467 653 3494 Rex
675 3463 786 3501 Angliae
809 3461 847 3497 ῤ’
870 3466 1010 3502 Franciae,
1035 3464 1069 3495 δε
1094 3463 1238 3495 Dominus

52 3526 135 3555 140¹'
168 3543 298 3574 Salutem.

28 3559 82 3583 Aa.
99 3567 122 3593 3.

29 3599 102 3630 H·÷-

27 3636 95 3668 fasc.
115 3643 139 3670 3.

26 3675 60 3697 H.
76 3682 105 3707 4.
121 3683 157 3701 m.

32 3718 74 3736 12.

204 3582 299 3613 Sciatis
317 3581 415 3620 quod,

203 3620 282 3650 Cum
298 3621 441 3651 Dominus
453 3621 488 3649 R.
504 3627 594 3655 nuper
610 3620 668 3646 Rex
684 3617 815 3656 Angliae,
831 3616 978 3648 Secundus
992 3615 1055 3654 post
1084 3616 1234 3656 Conques-

168 3667 230 3689 tum
240 3682 249 3696 ,
265 3670 352 3697 nuper
368 3660 472 3689 Literas
496 3655 632 3693 Patentes,
1237 3679 1241 3684 .

203 3696 257 3727 Per
277 3708 341 3733 quas
359 3697 504 3727 Dominus
515 3694 551 3732 J.
568 3693 712 3732 quondam
728 3695 788 3722 Rex
811 3691 940 3731 Angliae,
960 3692 1130 3731 Progenitor
1154 3694 1232 3733 suus,

165 3735 302 3764 conceslit
320 3736 418 3765 Probis
433 3733 609 3764 Hominibus
625 3731 675 3762 suis
691 3731 726 3761 de
739 3731 831 3761 Terra
841 3753 850 3768 ,
868 3741 932 3768 quae
946 3740 1062 3760 vocatur
1075 3732 1145 3762 inter
1160 3732 1229 3764 Duo

165 3772 275 3808 Marii,
293 3775 372 3809 quoti
389 3774 506 3804 habeant
521 3780 621 3801 omnes
644 3770 796 3800 Libertates
817 3770 850 3799 δε
867 3769 966 3799 liberas
985 3767 1229 3810 Consuetudines,

165 3820 232 3847 quas
248 3810 399 3841 habuerunt
414 3810 587 3848 temporibus
602 3810 642 3838 H.
656 3811 734 3845 Regis
748 3806 835 3838 Patris
849 3806 908 3845 sui,
926 3807 960 3838 ὅ(
975 3809 1009 3835 R.
1024 3809 1103 3844 Regis
1130 3809 1229 3840 Fratris

162 3848 201 3878 sui
209 3871 218 3885 ‚

161 3923 291 3961 A71gli.e,
318 3923 488 3961 Progenitor
520 3925 597 3963 suus,
622 3923 689 3954 inde
720 3922 790 3954 fecit
817 3921 922 3952 eisdem
955 3920 1055 3952 Probis
1087 3921 1225 3954 Homini-

162 3963 230 4000 bus,

197 4000 329 4030 Necnon
347 3999 476 4039 quasdam
492 4000 556 4032 alias
574 4001 680 4031 Literas
701 3999 848 4036 Patentes,
865 4007 923 4041 per·
935 4006 1001 4035 quas
1021 3996 1167 4030 Dominus
1184 4002 1223 4030 E.

159 4038 302 4080 quondam
318 4040 377 4069 Rex
390 4038 522 4077 Angliae,
540 4039 625 4070 Filius
639 4042 717 4078 Regis
733 4041 774 4077 H.
800 4040 970 4077 Progenitor
986 4035 1067 4075 suus,
1084 4038 1221 4077 conceffit

184 3886 247 3916 wic
267 3887 353 3916 etiam
372 3884 646 3923 Confirmationem‚
663 3893 749 3923 quam
766 3883 911 3915 Dominus
936 3884 976 3912 Η.
997 3883 1139 3920 quondam
1166 3888 1226 3916 Rex
1268 3883 1330 3915 bus.

671 133 1466 190 CONVENTIONES,
1522 138 1924 195 LITERAE,

1336 220 1513 255 Hominibus
1526 224 1578 256 suis
1591 226 1689 259 Terrae
1703 229 1774 258 inter
1787 226 1857 258 Duo
1873 217 2168 267 Mariaburdegalenfi
2181 224 2332 261 Dioecese3
2349 226 2399 264 qui
2417 204 2551 281 3220?

1337 260 1388 290 fibi
1403 261 1448 292 seu
1463 262 1619 301 Praeposito
1632 266 1681 296 suo
1694 267 1797 296 Terrae
1808 266 1932 304 ejusdem
1947 266 1982 297 ad
1997 266 2159 303 Albergatas
2172 274 2313 304 tenentur,
2321 263 2400 304 quod
2424 289 2479 312 Hm

1336 298 1446 342 eaedem
1460 300 1619 341 Albergatae
1633 305 1800 342 recipiantur
1813 306 1848 335 ab
1868 306 1926 344 eis,
1945 315 1993 342 per
2015 305 2127 335 dietum
2154 303 2338 343 Praepositum
2355 301 2401 334 vel
2422 330 2443 351 *ς
2463 310 2465 312 “
2482 294 2528 319 '4'
2550 336 2552 338 ,

1336 336 1422 367 alium
1436 337 1486 383 suo
1506 342 1643 380 nornine,
1662 345 1692 372 in
1714 344 1730 361 “²
1751 344 1838 373 Locis
1859 343 1903 374 seu
1927 343 2075 380 vinagiis,
2091 344 2122 372 in
2145 344 2245 380 quibus
2265 344 2302 373 ab
2316 342 2400 373 Anti-
2465 333 2552 368 VIII!

1337 379 1497 442 {uolrecipi
1507 380 1732 418 consueverunt,
1748 380 1833 412 semel
1849 382 1878 412 in
1893 382 2001 419 Anno,
2019 391 2088 412 cum
2104 380 2212 411 Tribus
2225 380 2403 411 Hominibus
2437 370 2503 399 ²²3·

1365 415 1486 460 quiribus
1503 418 1549 460 ,ὃς
1577 418 1683 449 Tribus
1706 419 1850 449 Pediribus
1872 419 2089 459 tantummodo,
2117 418 2173 449 fine
2195 419 2336 459 pluribus,
2362 419 2400 449 ita

1336 452 1416 519 quo?
1434 452 1591 497 reficiantur
1605 465 1802 496 competenter
1817 459 1854 488 de
1873 457 1994 489 Cibariis
2008 459 2041 489 &
2055 457 2113 488 aliis
2127 457 2284 488 necessariis
2295 467 2325 489 ut
2339 457 2400 488 fieri

1334 499 1392 520 con
1407 501 1499 530 uevu,

1372 528 1411 572 Et
1426 539 1475 566 per
1489 541 1554 569 quas
1568 534 1654 564 etiam
1670 534 1774 564 Literas
1787 533 1935 566 Conceffit
1949 534 2081 566 universis
2093 535 2127 566 &
2143 533 2257 571 singulis
2276 533 2399 564 Habita-

1333 568 1441 598 toribus
1453 568 1823 613 Praepoliturae<praedi6tae‚
1841 574 1920 611 quod
1935 575 1965 604 in
1985 573 2083 604 eadem
2106 571 2290 612 Praepofitura
2311 572 2400 603 essent

1333 614 1455 644 eXtunc,
1472 607 1521 638 sub
1539 608 1694 647 Praepolito
1707 610 1773 648 sus),
1791 611 1874 642 Otto
1888 612 2044 643 Servientes
2066 611 2177 641 Pedites
2199 618 2330 649 tantum,
2349 611 2399 648 qui

1333 643 1435 688 nullarn
1450 646 1555 683 poffint
1570 649 1695 686 recipere
1710 647 1867 680 Pecuniam
1885 660 1937 687 pro
1952 651 2127 689 Albergatis,
2145 649 2199 687 set,
2216 649 2236 678 si
2248 649 2398 687 voluerint,

1333 692 1470 728 recipiant
1485 685 1573 716 solum
1593 687 1729 725 Vidium,
1747 687 1797 717 nisi
1812 697 1861 726 per
1875 689 1975 728 ipsum,
1994 689 2039 719 vel
2051 698 2100 726 per
2114 687 2302 718 Scnescallum
2315 687 2397 718 suum

1333 720 1483 764 Vasconiae
1493 747 1502 761 ,
1518 733 1550 754 ex
1568 725 1693 762 legitima
1707 725 1794 755 Causa
1808 726 1962 764 Videretur,
1979 727 2016 757 de
2031 727 2168 757 Numero
2189 726 2311 763 ipsorum
2333 726 2397 756 Ser-

1332 769 1462 790 vrenrurn
1475 763 1551 792 aliter
1565 763 1691 795 successu
1707 765 1842 802 temporis
1864 764 2071 804 ordinandum,

1370 797 1417 828 Ac
1440 802 1554 840 omnia,
1581 804 1610 832 in
1638 803 1741 833 eisdem
1767 803 1866 833 Literis
1889 803 2014 840 ipsorum
2039 803 2261 840 progenitorum
2280 802 2396 834 suorum

1332 845 1482 880 contenta,
1502 850 1555 877 pro
1569 841 1596 872 se
1616 842 1648 872 ὃς
1664 841 1830 872 Haeredibua
1845 841 1912 879 suis,
1931 850 2066 878 quantum
2081 843 2110 871 in
2126 841 2185 879 ipso
2199 842 2262 880 fuit,
2280 851 2329 879 per
2344 841 2395 871 Li-

1330 882 1400 918 teras
1414 881 1470 906 tuas
1488 878 1616 909 Parentes
1631 881 1800 910 concelierit
1813 881 1846 911 &
1861 878 2087 918 confirmaverit,
2104 880 2173 910 sicut
2197 879 2302 911 Literae
2322 889 2397 918 prae-

1331 912 1418 943 dietae
1437 917 1633 948 rationabiliter
1651 918 1820 949 testabantur

1365 950 1619 995 Subsequenterque
1633 957 1709 986 idem
1725 968 1813 995 nuper
1826 943 1891 988 ilex
1904 955 2064 987 Richardus

1366 988 1424 1019 Pro
1439 1002 1473 1021 eo
1490 995 1569 1036 quod
1587 995 1694 1025 Literae
1707 995 1762 1025 suae
1778 996 1919 1034 praedidiae
1940 995 1975 1026 de
1990 979 2236 1033 Confi’rmatione,
2254 1005 2324 1026 cum
2347 1005 2393 1026 ffl-

1328 1036 1390 1056 rum
1401 1038 1540 1071 *connexzs
1552 1032 1586 1062 δε
1599 1033 1804 1072 dependendis,
1822 1035 1841 1064 fi
1856 1034 2011 1064 succeffiim
2028 1033 2192 1072 prosperum
2208 1034 2242 1064 &
2256 1033 2393 1065 effectum

1328 1064 1489 1108 ulteriorem
1508 1069 1687 1112 sortirentur,
1705 1073 1734 1100 in
1747 1072 1786 1102 sui
1809 1074 1841 1103 ὅ(
1863 1072 1989 1102 Coronae
2009 1073 2065 1103 suae
2086 1081 2169 1111 grave
2190 1071 2392 1111 Praejuaicium

1327 1103 1361 1132 &
1376 1103 1637 1148 hylizeredationem
1662 1109 1840 1140 manifestam
1863 1111 2062 1148 redundarent,
2079 1114 2149 1141 iicut
2171 1120 2219 1147 per
2240 1111 2392 1142 nonnullos

1326 1141 1485 1179 fidedignos
1505 1145 1610 1182 Ligeos
1629 1147 1706 1186 sum,
1725 1149 1760 1178 de
1778 1149 1894 1179 veritate
1919 1148 2135 1180 Praemissorum
2160 1148 2332 1181 sufficienter
2345 1151 2388 1180 in-

1326 1179 1456 1221 structos,
1476 1186 1576 1222 quibus
1589 1185 1673 1216 fidem
1687 1186 1830 1217 credulam
1845 1187 1878 1218 δε
1892 1185 2040 1216 indubiam
2053 1187 2192 1225 adhibuit,
2209 1188 2320 1219 diversis
2335 1189 2389 1219 viis

1329 1218 1362 1248 ὃ(
1378 1224 1470 1263 ιη-οαὲε
1488 1224 1697 1264 rationabilibus
1711 1226 1744 1256 δε
1759 1225 1892 1262 legitimis
1908 1225 2029 1263 plenarie
2042 1224 2225 1264 edocebatur,
2375 1234 2379 1238 ’

1368 1256 1470 1304 Dictas
1487 1264 1591 1294 Literas
1604 1266 1661 1294 suas
1674 1263 1710 1294 de
1729 1263 1972 1301 Confirmatione,
1988 1272 2123 1301 tanquam
2145 1263 2196 1293 libi
2214 1265 2247 1294 ὃς
2262 1264 2392 1297 Coronae

1322 1294 1376 1326 suae
1391 1300 1609 1343 praejudiciales,
1627 1303 1830 1341 exhaeredarias,
1849 1301 2064 1340 &dampnosas,
2081 1311 2114 1331 ex
2129 1309 2203 1332 certa
2215 1301 2330 1334 scientia
2344 1304 2390 1336 sua

1324 1333 1497 1376 Casiaveiit,
1515 1340 1677 1379 irritaverit,
1694 1341 1891 1380 adnullaverit,
1908 1341 1941 1372 ὃς
1957 1341 2147 1378 revocaverit,

1369 1374 1482 1419 Nolens
1496 1378 1576 1416 quod
1588 1380 1698 1410 eaedem
1714 1380 1818 1410 Literae
1831 1380 1897 1418 suae,
1914 1389 1950 1410 co
1963 1379 2114 1416 praesertim
2129 1378 2208 1416 quod
2223 1386 2298 1410 extra
2313 1378 2392 1410 Can-

1324 1412 1463 1458 ceUariain
1478 1415 1563 1455 suam,
1581 1418 1641 1455 ipso
1652 1419 1688 1449 de
1705 1418 1875 1457 Praejudicio
1889 1420 1922 1450 &
1936 1418 2160 1448 exhaeredatione
2176 1416 2227 1447 suis
2243 1417 2387 1455 hujusmo-

1323 1450 1352 1480 di
1368 1455 1488 1496 minime
1507 1456 1676 1495 informato,
1708 1457 1892 1488 fraudulenter
1915 1456 2081 1488 emanarunt
2088 1478 2098 1494 ,
2124 1456 2258 1494 vigorem
2280 1465 2386 1488 extunc

1323 1498 1485 1526 optinerent
1498 1494 1527 1524 in
1543 1495 1636 1533 aliquo
1650 1495 1695 1526 seu
1720 1496 1861 1535 valorem,

1361 1528 1407 1574 A'c
1421 1540 1473 1561 nos
1487 1532 1672 1569 postmodum
1694 1534 1741 1573 (de
1756 1535 1955 1566 Revocatione
1972 1533 2131 1573 hujusmodi
2153 1533 2275 1563 minime
2297 1532 2387 1564 infor-

1323 1570 1403 1605 mati)
1423 1570 1510 1614 diffitas
1526 1572 1628 1603 Literas
1643 1572 1723 1611 ipsius
1737 1584 1826 1611 nuper
1842 1573 1928 1613 Regis
1944 1571 2081 1604 Richardi
2104 1572 2140 1602 de
2162 1571 2386 1604 Confirmatione

1324 1605 1357 1635 &
1370 1616 1466 1638 omnia
1481 1619 1510 1639 in
1526 1611 1564 1641 eis
1581 1620 1713 1642 contenta
1730 1611 1803 1643 Rata
1816 1612 1948 1644 habentes
1969 1612 2002 1642 &
2023 1611 2129 1647 Grata,
2147 1620 2193 1649 ea,
2211 1620 2264 1648 pro
2286 1610 2388 1642 Nobis

1322 1644 1357 1673 &
1376 1645 1549 1679 Haeredibus
1569 1649 1684 1688 nostris,
1701 1659 1838 1691 quantum
1856 1651 1886 1680 in
1908 1650 1991 1680 nobis
2012 1649 2079 1688 fuit,
2097 1649 2330 1680 Concess’erimus
2352 1649 2387 1680 &

1322 1680 1612 1728 Confirmaverimus,
1635 1688 1703 1719 sicut
1723 1689 1828 1720 Literae
1851 1689 1997 1727 praediecae
2020 1688 2216 1719 rationabiliter
2238 1687 2388 1727 testantur,

1320 1731 1403 1766 prout
1419 1734 1447 1754 in
1465 1725 1549 1756 dietis
1564 1726 1665 1757 Literis
1683 1727 1764 1765 ipsius
1778 1737 1866 1766 nuper
1881 1726 1970 1764 Regis
1983 1726 2138 1764 Richardi,
2152 1736 2185 1757 ac
2201 1726 2303 1757 Literis
2317 1736 2387 1764 nos-2

1320 1767 1388 1829 mk
1386 1761 1559 1805 Parentibus,
1577 1765 1643 1796 inde
1657 1766 1812 1805 confetstis,
1829 1766 1938 1805 plenius
1950 1767 2122 1803 continetur,

1390 1810 1422 1831 os
1436 1811 1516 1840 jam,
2221 1820 2224 1822 ·

1355 1837 1414 1882 Pro
1429 1850 1463 1870 co
1479 1841 1558 1879 quod
1573 1842 1659 1873 dietae
1676 1843 1780 1874 Literae
1792 1843 1896 1874 nostrae
1907 1842 1944 1874 de
1957 1841 2180 1873 Confirmatione
2201 1852 2235 1872 ex
2253 1841 2383 1873 inadver-

1317 1878 1494 1921 tentiaextra
1509 1879 1713 1923 Cancellariarn
1729 1881 1854 1913 nostram
1868 1881 2043 1920 emanarunt,
2059 1891 2112 1921 pro
2124 1890 2161 1911 eo
2176 1880 2254 1919 quod
2270 1881 2306 1912 de
2320 1880 2383 1912 Re-

1318 1924 1470 1948 vocatione
1486 1918 1646 1957 hujusmodi
1662 1922 1783 1951 minime
1796 1921 1904 1951 ruimus
1919 1920 2063 1951 informati
2069 1942 2080 1958 ,

1349 1955 1401 1997 ‚Ac
1417 1956 1525 1994 insuper
1539 1967 1592 1995 pro
1604 1968 1655 1997 e0,
1676 1959 1751 1997 quod
1774 1958 1998 1990 certitudinaliier
2019 1958 2225 1995 informamur,
2243 1957 2341 1996 quod,
2361 1958 2382 1990 fi

1319 1991 1423 2024 Literae
1438 1995 1540 2026 nostrae
1555 1997 1699 2033 praedietae
1716 1998 1816 2028 validae
1830 2004 2038 2035 permanerent,
2052 1997 2083 2027 in
2098 1996 2185 2026 nostri
2201 1997 2234 2027 &
2251 1995 2380 2027 Corona:

1312 2032 1417 2100 ἓῗὲζηε
1439 2043 1525 2072 grave
1553 2035 1750 2074 praejudicium
1779 2037 1813 2068 δε
1831 2035 2088 2068 exhaeredationem
2114 2034 2263 2066 tenderent
2293 2035 2384 2065 ruani-

1325 2080 1340 2100 e
1367 2082 1402 2109 e,

1352 2108 1457 2141 Dictas
1471 2111 1577 2144 Literas
1589 2113 1694 2146 nostras
1709 2113 1744 2144 de
1761 2111 1999 2152 Confirmatione,
2018 2120 2152 2153 tanquam
2166 2112 2249 2142 nobis
2262 2113 2296 2144 &
2315 2111 2380 2143 Co-

1310 2158 1389 2179 ronae
1403 2149 1519 2189 nostrae,
1537 2160 1568 2182 ut
1583 2153 1771 2190 praemittitur,
1787 2152 1994 2191 praejudiciales,
2008 2150 2215 2189 exhaeredarias,
2231 2151 2265 2182 &
2280 2151 2383 2189 damp-

1311 2187 1405 2226 nosas,
1424 2188 1460 2219 de
1484 2191 1654 2222 aviiarnento
1675 2190 1802 2222 Concilii
1822 2190 1929 2229 nostri,
1946 2190 2111 2228 Caffarnus,
2136 2188 2297 2228 Irritamus,
2315 2189 2377 2220 Ad-

1310 2226 1461 2265 nullamus,
1480 2229 1514 2258 &
1530 2228 1649 2260 Tenore
1662 2229 1847 2260 Praesentium
1861 2229 2061 2267 Revocamus,

1346 2264 1381 2295 N
1384 2265 1490 2297 olentes
1502 2267 1582 2306 quod
1596 2269 1705 2299 eaedem
1721 2268 1824 2298 Literae
1837 2267 1940 2299 nostrae
1955 2267 1990 2299 de
2004 2265 2249 2305 Confirmationeff,

1310 2340 1315 2346 ⁸
1344 2302 1389 2334 Eo
1403 2305 1556 2344 praesertim
1572 2307 1653 2344 quod
1671 2315 1747 2337 extra
1755 2306 1960 2337 Cancellariam
1975 2305 2101 2337 nostram
2121 2305 2233 2344 (Nobis
2248 2304 2285 2335 de
2298 2304 2378 2336 Prae-⁴

1303 2341 1414 2378 judicio
1429 2344 1462 2374 &
1476 2345 1699 2377 exhaeredatione
1713 2344 1811 2376 nostris
1823 2345 1983 2382 hujusmodi
1991 2345 2114 2376 minime
2128 2342 2295 2381 informatis)
2303 2342 2377 2375 frau-

1306 2378 1431 2412 dulenter
1446 2382 1618 2422 habeantur,

1344 2418 1483 2459 Vigorem
1498 2421 1534 2452 de
1545 2425 1653 2454 caetero
1667 2423 1813 2460 optineant
1828 2423 1857 2452 in
1871 2422 1965 2460 aliquo
1986 2421 2033 2452 seu
2047 2422 2189 2460 valorem3

1340 2456 1377 2489 Et
1402 2458 1459 2490 hoc
1474 2461 1624 2500 omnibus,
1649 2471 1773 2500 quorum
1791 2460 1923 2500 interest,
1954 2458 2154 2491 innotescimus
2177 2467 2226 2496 per
2245 2456 2369 2489 Praesen-

1305 2503 1354 2526 tes.

1341 2534 1375 2565 In
1394 2536 1489 2573 cujus,
1509 2537 1570 2567 &c.
1718 2567 1722 2571 .

1337 2573 1426 2603 Teste
1442 2573 1526 2611 Rege
1549 2573 1623 2611 apud
1645 2573 1917 2614 Wstmonasterium‚
1943 2571 2047 2605 Tertio
2067 2573 2115 2605 die
2132 2573 2290 2614 octobris,
2309 2575 2371 2606 An-

1301 2622 1342 2643 no
1359 2611 1456 2652 Regni
1471 2611 1560 2643 nostri
1579 2612 1689 2644 Tertio.

1853 2692 1908 2720 Per
1925 2693 2019 2721 Breve
2037 2691 2069 2721 de
2091 2692 2213 2721 Privato
2230 2690 2333 2730 Sigillo.

1356 2767 1387 2798 T
1403 2767 1573 2799 Mandatum
1594 2767 1635 2798 est
1658 2767 1773 2798 Locum
1793 2767 1899 2799 tenenti
1918 2767 2011 2804 Regis
2026 2767 2223 2806 Aquitanniae,
2241 2768 2296 2799 five
2311 2767 2362 2799 Se-

1373 2807 1491 2838 nescallo
1513 2807 1597 2847 Regis
1620 2806 1786 2845 Vasconiae,
1812 2816 1931 2837 necnon
1953 2806 2172 2838 Constabulario
2195 2809 2229 2839 δε
2253 2806 2361 2843 Maiori

1295 2843 1494 2883 Burdegallioe,
1511 2856 1545 2877 ac
1558 2846 1655 2885 Judici
1670 2844 1834 2883 Vaseoniae,
1851 2845 1884 2875 &
1899 2844 2054 2883 Praeposito
2069 2845 2105 2875 de
2122 2845 2279 2876 Umbreria
2291 2845 2363 2876 Bur-

1293 2883 1444 2923 degalenli,
1464 2885 1497 2915 &
1516 2895 1616 2916 eorum
1637 2883 1764 2922 cuilibet,
1782 2893 1896 2914 necnon
1913 2884 2046 2914 omnibus
2065 2884 2125 2914 aliis
2137 2885 2171 2915 ὃς
2189 2883 2301 2920 singulis
2311 2883 2363 2922 Ju-

1292 2921 1402 2953 dicibus
1426 2925 1459 2954 &
1484 2922 1639 2961 Praepolitis
1662 2923 1693 2951 in
1719 2923 1836 2953 Ducatu
1854 2922 2030 2960 Aquitaniae,
2072 2923 2099 2951 ui
2118 2931 2195 2952 nunc
2213 2921 2288 2960 sunt,
2314 2921 2361 2952 vel

1292 2962 1341 3000 qui
1359 2971 1411 2998 pro
1429 2970 1556 2999 ternpore
1573 2961 1694 3000 fuerint,
1709 2960 1806 2999 quod,
1822 2960 1959 2991 dilectum
1978 2960 2011 2991 &
2029 2958 2047 2989 fi
2067 2960 2142 2990 elem
2161 2959 2271 2999 Regis,
2289 2963 2359 2990 Ma-

1295 2999 1396 3029 thaeum
1413 3003 1544 3038 Gournay
1552 3023 1562 3039 ‚

1328 3037 1386 3069 Cui
1408 3038 1556 3076 praedictus
1574 3049 1662 3076 nuper
1684 3037 1747 3068 Rex
1769 3037 1932 3068 Richardus
1955 3035 2169 3076 Praepofituram
2194 3038 2265 3069 inter
2288 3037 2361 3068 Duo

1291 3075 1388 3107 Maria
1401 3077 1586 3115 praedicim&
1602 3077 1765 3116 Baillagium
1779 3076 1814 3107 de
1832 3075 1950 3111 Creon,
1969 3084 2036 3105 cum
2052 3077 2229 3112 pertinentiis
2243 3077 2272 3106 in
2287 3075 2357 3107 Vas-

1291 3116 1375 3145 conia
1391 3138 1401 3153 ,
1420 3117 1450 3146 in
1468 3115 1612 3146 Dominio
1628 3115 1714 3154 Regis
1737 3115 1914 3152 Aquitaniae,
1931 3112 2105 3143 Habendarn
2127 3115 2161 3146 &
2187 3113 2359 3145 Tenendam

1288 3152 1324 3182 ad
1340 3162 1428 3183 totam
1442 3153 1539 3184 Vitam
1553 3153 1676 3191 ejusdcm
1692 3152 1833 3191 Mathaei,
1851 3151 1907 3183 una
1922 3161 1989 3182 cum
2004 3151 2154 3189 Proficuis,
2171 3151 2360 3183 Reventioni-

1288 3191 1356 3230 bus,
1375 3193 1408 3224 ὃς
1424 3191 1647 3229 Emolumentis,
1663 3191 1699 3222 ad
1713 3191 1813 3222 eadem
1832 3190 2052 3229 Praepofituram
2065 3191 2100 3224 &
2115 3189 2280 3230 Baillagium
2293 3201 2356 3230 per-

1288 3230 1455 3266 tinentibus,
1473 3230 1607 3261 concessit
1614 3253 1624 3268 ,

1322 3268 1432 3300 Eadem
1447 3268 1662 3307 Praepofituram
1675 3268 1708 3300 δε
1724 3267 1907 3306 Baillagium,
1925 3277 1994 3298 curn
2008 3268 2197 3307 pertinentiis,
2216 3268 2270 3299 una
2285 3277 2367 3298 cum.

1285 3306 1462 3345 Albergatis,
1477 3317 1510 3338 ac
1532 3308 1668 3337 omnibus
1688 3306 1745 3337 aliis
1770 3306 1927 3344 Proficuis,
1945 3306 2172 3344 Emolumentis,
2187 3307 2220 3337 &
2236 3305 2352 3338 Reven-

1284 3346 1408 3376 tionibus
1429 3346 1462 3376 ad
1490 3345 1589 3376 eadem
1611 3345 1830 3382 Praepofituram
1852 3344 1886 3375 &
1902 3344 2068 3382 Baillagium
2084 3344 2285 3382 spectantibus,
2302 3354 2352 3382 per

1283 3383 1337 3422 Se,
1355 3386 1390 3415 &
1408 3383 1646 3421 Procuratorem,
1665 3384 1710 3414 seu
1729 3383 1928 3414 Procuratores
1944 3383 2022 3422 suos,
2049 3384 2151 3414 habere
2168 3383 2202 3413 δε
2223 3391 2350 3420 occupa—

1281 3432 1330 3460 re,
1347 3423 1381 3452 δε
1397 3422 1490 3452 Exitus
1509 3423 1576 3453 inde
1597 3425 1612 3439 ³*
1629 3423 1825 3459 provenientes
1841 3423 1983 3460 percipere
2000 3422 2178 3460 permittant,
2196 3421 2268 3458 juxta
2286 3422 2348 3452 Te·
2384 3424 2496 3458 *VIIL

1281 3470 1383 3491 norem
1401 3460 1558 3492 Literarum
1575 3461 1655 3499 ipsius
1671 3470 1759 3498 nuper
1779 3460 1870 3497 Regis
1886 3460 2035 3498 Richardi,
2052 3459 2102 3489 sibi
2116 3459 2184 3489 inde
2202 3459 2348 3492 confecta-
2393 3475 2459 3502 229.

1278 3509 1341 3529 rum

1316 3521 1455 3568 Habenda
1481 3538 1514 3568 &
1537 3537 1676 3567 Tenenda
1699 3537 1773 3567 adeo
1796 3537 1877 3575 plene
1902 3537 1936 3567 &
1961 3537 2086 3576 integre,
2102 3536 2136 3567 &
2155 3546 2223 3567 cum
2240 3537 2344 3570 eisdem

1277 3575 1413 3605 Proficuis
1430 3577 1463 3606 δε
1480 3575 1760 3614 Commoditatibus,
1787 3576 1854 3606 sicut
1872 3575 1950 3605 idem
1970 3575 2112 3604 Mathaeus
2129 3573 2341 3613 praeposituram

1276 3616 1310 3646 δε
1328 3613 1492 3650 Baillagium
1512 3614 1662 3652 praedicta,
1679 3624 1746 3644 cum
1763 3614 1921 3652 Albergatis
1940 3613 1973 3642 δε
1992 3613 2049 3642 aliis
2064 3612 2201 3643 Proficuis
2218 3615 2340 3651 praedic-

1275 3655 1325 3689 tis,
1344 3654 1442 3693 vigore
1469 3652 1624 3682 Literarum
1644 3652 1723 3689 ipiius
1746 3662 1834 3689 nuper
1853 3651 1939 3689 Regis
1957 3649 2097 3680 Richardi
2123 3651 2338 3690 praedictarum,

1274 3691 1369 3721 habuit
1394 3692 1427 3721 &
1450 3692 1553 3727 tenuit,
1578 3699 1725 3728 antequam
1750 3691 1836 3721 dic‘rc
1865 3690 1964 3719 Litcrae
1988 3688 2114 3719 Parentes
2132 3689 2336 3726 praedietomm

1273 3729 1492 3768 Progenitorum
1519 3728 1606 3765 Regis
1621 3752 1630 3768 ,
1663 3730 1824 3768 Aibergatas
1850 3725 2007 3765 hujusmodi
2034 3735 2253 3768 concernentes,
2287 3738 2337 3765 per

1272 3768 1381 3797 dictum
1404 3766 1519 3805 Regem
1534 3777 1609 3798 nunc
1635 3777 1669 3798 ex
1693 3766 1895 3798 Inadvertentia
1919 3763 2095 3794 confirmate
2119 3768 2252 3802 suerunt,
2282 3766 2334 3796 cis-

1270 3806 1336 3836 dem
1354 3805 1454 3835 Literis
1471 3804 1595 3843 ejusdem
1614 3805 1705 3841 Regi.-
1722 3815 1799 3835 nunc
1817 3804 1852 3834 de
1872 3800 2108 3844 Confirmatione,
2116 3811 2182 3838 quas
2201 3804 2242 3840 (ut
2258 3813 2332 3840 prae-

1270 3843 1399 3880 mittitur)
1419 3852 1452 3873 ex
1469 3843 1564 3874 Cauiis
1581 3844 1722 3882 praedietis
1739 3842 1921 3880 Revocavit,
1937 3840 1968 3870 in
1992 3839 2086 3878 aliquo
2110 3849 2169 3871 non
2194 3840 2329 3874 obstanti-

1304 3919 1392 3954 Teste
1407 3927 1437 3952 ut
1452 3919 1537 3958 supra.
