2562 4274
205 95 283 133 ¹50

714 71 1510 120 CONVENTIONES‚

1567 72 1961 122 LITERAE,

52 169 129 201 Ann.
146 169 187 204 D.
203 167 309 198 Thomae
330 177 407 198 nunc
436 166 558 207 Epifiopi
580 166 627 196 loci
651 165 779 206 praedzeli
800 164 929 194 duximus
950 162 1196 202 exemplificandos
1220 170 1268 199 per
1304 159 1340 189 de
1358 158 1478 190 Guissen
1493 166 1592 190 contra
1607 157 1786 190 Invafionem
1801 159 1990 191 inimicorum
2014 160 2112 190 melius
2135 167 2316 192 manutenere
2337 160 2370 192 &
2389 162 2462 195 Arm.
2476 163 2515 196 D.

78 218 162 248 1409.

57 252 122 276 Hen.
141 259 170 285 4.

56 417 159 445 *vm

58 458 125 492 576.

55 499 132 529 Anti.
150 496 191 527 D.

76 545 162 574 1409.

55 579 108 602 Aa.
129 585 170 602 10.

55 619 89 641 H.
109 623 136 649 4.

55 656 96 679 Ex
110 655 168 679 Ate-

56 697 122 727 togr.

81 3178 195 3205 *virt

88 3225 151 3252 577-

206 205 366 245 praesenteS.

243 243 279 274 In
298 246 392 283 cujus,
413 245 463 275 &c
864 280 869 285 ι
926 281 930 285 ¹
1049 280 1065 285 ..

283 283 371 315 Teste
386 283 468 322 Rege
482 281 553 320 apud
571 278 844 321 Westmonasterium,
862 289 889 310 ix
903 279 948 311 die
968 279 1076 311 Martii.

209 399 236 425 ²³ss
264 400 427 447 Appellatio
456 397 610 444 interjcffa
628 419 638 435 ,
667 407 769 429 contra
797 398 1005 443 Impqfitionem
1043 398 1115 428 novi
1135 394 1268 441 Pedagii.

242 470 277 502 N
304 469 490 500 NOMINE
520 467 692 498 Dorum
724 466 860 497 AMEN.
1143 503 1148 509 ι

278 507 424 538 Praesentis
447 506 555 544 publici
576 505 758 536 instrumenti
777 506 842 536 serie
861 505 894 535 ὃ(
913 503 1033 535 Tenore
1051 504 1162 546 cunetis
1176 527 1185 540 ,
1210 504 1270 533 tarn

209 546 404 584 praesentibus,
420 547 508 584 quam
525 545 637 584 futuris,
652 552 744 583 pateat
764 543 909 574 evidenter
928 544 961 573 &
979 542 1159 573 manifestum
1176 541 1273 572 existat

209 586 304 624 quod,
856 619 860 625 .
910 620 914 625 ⁵
1127 619 1132 624 .

248 623 306 654 Die
323 623 369 654 xiv
388 623 482 654 mense
500 621 617 661 Martii,
633 621 721 652 Anno
736 620 862 651 Domini
877 618 1022 650 millesimo
1040 617 1273 658 quadringentesi-

210 672 262 693 mo
282 672 362 693 nono

250 685 423 739 Compa’ruit
438 699 631 738 personaliter,
646 696 699 727 Vir
712 694 896 727 Honorabilis
914 697 948 727 δε
965 695 1274 734 Discretus‚Magister

211 740 370 770 Bernardus
390 741 421 769 de
439 739 521 768 Podio
539 741 622 767 Retro
635 736 829 774 jurisperitus,
844 743 874 765 ut
888 733 1018 765 Sindicus
1032 736 1065 766 δε
1082 734 1272 774 Procurator,

211 778 435 809 Honorabilium
457 777 609 813 Virorum,
626 774 763 812 Majoris,
777 773 964 815 Scabinorum
991 773 1152 811 Juratorum
1168 797 1177 811 ,
1205 784 1274 804 cen-

209 824 273 848 tum
288 815 664 854 Parium,Communitatis,
679 814 710 843 ὀί
728 812 927 842 Univerlitatis
980 812 1079 841 ivitatis
1101 811 1228 851 Baionae,
1243 814 1272 843 in

209 855 286 886 Aula
300 855 459 894 Episcopali
477 853 633 887 Baionensi,
649 861 763 887 coram,
784 850 955 879 Reverendo
970 851 999 879 in
1015 849 1132 879 Christo
1146 849 1228 882 Patre
1240 853 1273 883 &

208 893 364 932 Domino,
386 894 520 923 Domino
535 915 544 930 ,
561 893 593 921 P.
610 890 667 920 Dei
689 891 722 921 &
742 889 855 919 Santi-„u
873 888 950 918 Sedis
971 887 1146 925 Apostolicae
1167 891 1271 929 gratia,

209 932 336 972 Epifiopo
353 930 510 969 Baionenfi,
544 968 548 972 .
993 964 997 969 ⁵
1102 963 1106 970 Ι

250 974 356 1002 Secum
376 971 452 1001 idern
471 968 600 999 sindicus
612 967 646 997 &
661 965 828 996 Procurator
847 975 904 1002 prae
924 964 1052 1006 manibus
1071 963 1120 994 suis
1142 974 1272 1005 portans,

210 1010 245 1041 &
267 1010 357 1040 michi
373 1009 498 1040 Notario
518 1005 707 1042 infrascripto,
726 1004 841 1046 nomine
859 1013 918 1042 quo
938 1006 1039 1046 supra,
1058 1002 1222 1039 praesentans
1236 1005 1270 1036 &

208 1050 342 1079 exhibens
353 1047 490 1088 quandam
510 1045 599 1082 papiri
614 1042 754 1072 Cedulam
774 1042 920 1079 scriptam,
937 1050 965 1070 in
985 1040 1012 1071 se
1022 1063 1031 1078 ,
1046 1049 1076 1070 ut
1092 1042 1184 1079 prima
1199 1042 1272 1073 facie

207 1088 372 1127 apparebat,
390 1084 616 1122 Appellationem
635 1083 668 1112 &
685 1080 860 1109 Gravamina
877 1080 1092 1117 continentem,

247 1126 344 1163 Quam
365 1124 489 1160 ibidem,
504 1131 551 1159 per
567 1130 613 1151 me
628 1119 784 1149 Notarium
803 1117 1005 1155 subscriptum,
1020 1117 1162 1148 mandavit
1177 1119 1270 1150 &'re-

209 1164 321 1202 quilivit
335 1163 393 1199 legi
411 1163 444 1194 δε
460 1159 596 1199 publicati
619 1166 716 1188 coram
730 1164 890 1186 memorato
910 1155 1045 1186 Domino
1060 1155 1221 1199 Episcopo,
1237 1159 1271 1189 &

207 1202 343 1233 Testibus·
360 1200 550 1236 infrascriptis,
568 1196 606 1227 Et
620 1207 668 1234 per
683 1195 803 1226 modum
817 1195 849 1225 St
866 1193 899 1238 ad
915 1205 999 1232 quem
1018 1196 1045 1224 in
1061 1195 1117 1232 ipsa
1135 1195 1269 1234 Appella-

209 1242 294 1273 tionis
312 1239 420 1270 Cedula
436 1237 477 1269 est
495 1237 629 1274 scriptum
650 1234 812 1272 appellavit,
825 1233 920 1271 duxit,
932 1242 1012 1271 atque
1027 1233 1113 1270 fecit,

244 1279 332 1317 Cujus
354 1277 467 1316 quidem
484 1274 685 1313 Appellationis
701 1272 819 1303 Cedulae
836 1271 866 1302 T
868 1281 954 1310 enor,
971 1272 1006 1303 de
1028 1272 1126 1304 Verbo
1143 1271 1178 1303 ad
1194 1272 1269 1305 Ver-

207 1319 276 1349 bum
286 1340 295 1356 ,
313 1318 349 1348 iic
363 1317 390 1347 se
404 1316 487 1346 habet
503 1316 532 1344 in
546 1313 598 1344 hac
613 1313 722 1350 fornia,

246 1395 356 1426 Coram
371 1393 481 1430 Vobis,
491 1389 662 1422 Reverendo
677 1391 706 1420 in
723 1387 839 1421 Christo
854 1386 934 1420 Patre
950 1389 982 1420 δε
998 1387 1149 1427 Domino,
1163 1389 1272 1420 Domi-

209 1445 249 1465 no
268 1436 351 1464 Petro
362 1433 436 1471 ,Dei
448 1431 549 1471 gratia,
564 1429 709 1460 Baionenli
726 1429 867 1467 Epilcopo
876 1450 885 1466 ,
897 1436 1030 1470 tanquam
1046 1437 1145 1458 coram
1161 1428 1271 1460 Auten-

210 1473 286 1514 tiqua
304 1473 441 1508 Persona,
454 1468 639 1510 provocando
654 1469 687 1499 δε
701 1467 883 1511 appellando,
899 1466 966 1496 dico
980 1467 1013 1497 &
1028 1476 1177 1506 propono,
1249 1506 1254 1511 .

249 1512 317 1548 Ego
336 1510 494 1540 Bernartius
507 1508 538 1537 de
554 1507 637 1536 Podio
651 1505 906 1544 Retro,Sc1ndicus
919 1504 963 1534 seu
983 1504 1271 1543 Procurator,n0mi-

209 1561 248 1581 ne
261 1548 440 1580 Scindicatsis
454 1547 498 1577 seu
513 1544 961 1583 Procuratorio,Honorabilium
978 1542 1131 1582 Virorum,
1141 1543 1271 1583 Ma'oris,

208 1589 400 1620 Scabinorum
410 1585 588 1625 ,juratorum
600 1607 608 1621 ,
623 1592 739 1614 centum
757 1584 861 1620 parium
876 1582 1006 1611 Civitatis
1022 1581 1151 1620 Baionae,
1204 1594 1270 1614 om-

212 1627 408 1665 munitatisque
422 1635 454 1655 ac
480 1623 673 1654 Univerlitatis
685 1621 807 1659 ejusdem
816 1643 825 1658 ,
839 1620 917 1658 quiid
927 1642 937 1657 ,
949 1621 1046 1651 diebus
1067 1620 1124 1651 istis
1137 1623 1270 1659 proxime

211 1667 355 1704 praeteritis
377 1688 386 1703 ,
424 1662 459 1693 ad
484 1662 664 1692 Audientiam
680 1660 826 1690 didiorum
846 1668 976 1689 meorum
992 1657 1223 1690 constituentium
1237 1662 1270 1691 &

212 1705 269 1734 mei
291 1704 418 1741 pervenit
434 1701 511 1740 quod
527 1723 536 1739 ,
558 1698 810 1730 Excellentissimus
837 1697 982 1728 Dominus
998 1720 1007 1736 ,
1028 1700 1162 1728 Henricus
1186 1698 1271 1736 noster

212 1746 271 1772 Rex
287 1742 400 1780 Angliae
414 1739 451 1775 ὅ»
469 1742 606 1777 Franciae,
619 1740 652 1768 ὃς
668 1737 813 1767 Dominus
832 1735 999 1774 Hiberniae,
1015 1745 1148 1774 quantum
1165 1739 1192 1767 in
1211 1738 1270 1775 ipso

211 1782 283 1819 fuit,
297 1779 452 1818 concellit,
465 1778 571 1810 Nobili
587 1776 675 1814 Viro,
693 1774 827 1806 Domino
841 1774 944 1804 Karolo
959 1774 991 1803 de
1008 1777 1174 1814 Beaumont,
1192 1776 1272 1808 Alfe-

212 1822 267 1851 ritz
281 1820 317 1850 de
334 1819 477 1855 Navarra,
493 1815 653 1847 Castellano
668 1813 864 1845 Casteuanniae
880 1813 917 1844 de
932 1812 1016 1843 Malo
1031 1813 1146 1851 Leone,
1162 1814 1271 1845 Domi-

211 1868 309 1898 noque
322 1859 357 1888 de
376 1856 507 1887 Curtono
525 1855 558 1885 ὃς
576 1854 612 1884 de
627 1852 768 1891 Guissen,
783 1853 924 1890 quatinus,
939 1861 986 1889 per
1002 1851 1055 1890 Se,
1073 1853 1117 1883 vel
1133 1852 1271 1884 Procura-

211 1906 285 1928 tores
306 1896 350 1927 ieu
370 1896 527 1933 Deputatos
547 1892 769 1930 suos,percipiet
783 1893 829 1922 seu
842 1891 933 1921 levare
951 1889 1041 1928 poiset
1057 1899 1167 1922 cei-turn
1183 1892 1273 1924 Peda-

210 1937 313 1973 grum,
328 1934 364 1965 de
381 1934 493 1971 Novo,
506 1933 535 1962 in
557 1931 691 1969 Ripperia
706 1928 841 1968 ,vocata
864 1928 956 1959 Lador
974 1929 1003 1958 in
1020 1929 1110 1960 Nassa
1129 1931 1162 1962 ὃς
1181 1930 1273 1962 Terra

210 1974 247 2005 de
262 1973 400 2011 Guissen,
419 1973 454 2002 de
475 1971 608 2001 omnibus
631 1969 772 2007 personis,
790 1967 1004 1999 transseuntibus
1027 1967 1204 2007 transsireque
1218 1981 1274 2001 vo-

211 2012 332 2043 lentibus
362 2021 430 2042 cum
454 2009 656 2040 Mercimoniis
681 2007 733 2038 suis
751 2017 798 2045 per
819 2006 907 2036 dietas
926 2005 1114 2045 Ripperiam,
1133 2007 1274 2047 Terram,

210 2060 294 2089 atque
310 2050 430 2081 Nassarn
450 2047 611 2085 (afferendo
627 2045 735 2076 easdem
748 2046 886 2082 Terram,
899 2044 1177 2088 ‚Ripperiammque
1196 2047 1273 2078 Nas-

213 2089 290 2128 sam,
306 2089 386 2120 die'to
402 2087 506 2118 Castro
515 2086 550 2117 de
567 2085 688 2116 Guissen
704 2085 854 2122 pertinere)
877 2083 1025 2121 Videlicet,

248 2127 363 2166 Septem
379 2126 501 2157 Ardicos
515 2134 568 2165 pro
584 2133 764 2162 quocumque
781 2122 873 2152 Dolio
889 2122 943 2152 five
966 2120 1090 2166 Conello
1113 2122 1149 2154 de
1164 2123 1274 2164 Gaide,

247 2165 333 2197 Duos
349 2166 471 2196 Ardicos
486 2173 555 2194 cum
570 2162 693 2193 dimidio
704 2171 755 2199 pro
770 2170 945 2199 quacumque
961 2159 1029 2201 Pipa
1045 2161 1132 2201 Vini,

246 2203 333 2236 Duos
347 2204 467 2235 Ardicos
482 2212 534 2243 pro
549 2210 731 2240 quocumque
746 2200 841 2230 Curru
863 2199 1026 2236 Frumenti,

249 2243 334 2275 Duos
350 2243 472 2273 Ardicos
487 2250 555 2272 cum
569 2239 689 2270 dimidio
701 2248 753 2276 pro
766 2247 948 2278 quocumque
965 2237 1113 2276 Quintallo
1134 2238 1227 2278 Ferri,

250 2282 387 2321 Quinque
402 2280 525 2311 Ardicos
536 2289 588 2316 pro
601 2287 779 2315 quacumque
794 2277 901 2306 Sarfina
915 2275 1078 2306 Pannorum
1088 2301 1097 2315 ,

249 2322 388 2360 Qiinque
402 2320 510 2355 Albos,
524 2327 578 2355 pro
593 2325 771 2354 quacumque
785 2315 898 2351 Tarqua
913 2313 1088 2353 Coriorum,

250 2359 359 2390 Unum
377 2358 514 2388 Ardicum
531 2365 584 2395 pro
598 2355 722 2392 quolibet
736 2353 838 2391 Capite
856 2353 992 2383 Animalis
1016 2353 1162 2392 Mangn5,

248 2398 285 2428 Et
303 2398 339 2428 de
359 2395 581 2434 quibuscumque
595 2394 650 2423 aliis
669 2392 870 2423 Mercimoniis
891 2399 998 2422 cerrum
1022 2391 1090 2429 quid
1113 2415 1123 2431 ,
1160 2392 1196 2423 de
1216 2403 1274 2432 quo

215 2437 408 2476 Qantitatem
431 2435 610 2465 terminatam
632 2432 701 2461 dieti
723 2432 780 2461 mei
802 2429 1004 2461 constituentes
1024 2431 1173 2470 ingnorant
1192 2455 1202 2469 ‚

211 2475 276 2506 Eoo

237 2498 351 2552 c'Quam
375 2510 604 2548 conceffionem,
619 2515 648 2538 ut
663 2507 768 2538 dicitur
788 2530 797 2544 ,
832 2507 989 2545 praelibatus
1011 2506 1158 2538 Dominus
1179 2508 1274 2540 noster

214 2552 281 2583 Rex
302 2549 439 2580 concessit
453 2549 531 2579 dicto
552 2547 684 2578 Domino
704 2545 824 2582 Kar-oio,
841 2553 871 2575 ut
885 2545 961 2574 idem
977 2544 1122 2576 Dominus
1139 2545 1275 2585 Karolus,

214 2600 247 2621 ex
267 2589 366 2619 eadem
381 2587 573 2617 Concellione
586 2585 711 2624 diffique
729 2584 842 2623 Pedi-igit
858 2583 1038 2620 Laevatione,
1066 2584 1273 2623 raehonoretur,

215 2629 384 2665 dictumque
399 2625 534 2656 Castrum
549 2625 584 2654 de
602 2622 723 2654 Guiisen
742 2623 871 2659 Scitum,
885 2630 914 2651 ut
926 2630 1030 2664 praeten
1053 2623 1123 2660 itur,
1142 2623 1176 2652 ad
1197 2624 1275 2654 inva-

213 2666 340 2698 dendum
360 2664 496 2694 inimicos
512 2663 582 2693 dieti
598 2661 720 2692 Domini
743 2660 829 2691 nostri
854 2659 946 2697 Regis
966 2659 1131 2699 scituatum,
1144 2660 1274 2691 sustente—

217 2715 259 2736 tur
274 2713 319 2735 aut
336 2703 527 2740 supportetur,
766 2739 770 2743 η
806 2738 811 2743 .
1044 2737 1048 2742 ,
1101 2738 1106 2743 .
1175 2737 1180 2743 ι

255 2743 296 2773 Ex
314 2753 366 2781 qua
384 2739 577 2772 Conceli'ione
595 2739 628 2769 &
645 2745 785 2768 contentis
804 2747 833 2767 in
850 2736 952 2778 eadem
973 2736 1108 2773 praelibati
1125 2747 1182 2767 mei
1201 2747 1274 2767 con—

216 2782 372 2818 stituentes,
387 2778 571 2816 nonnullique
589 2777 712 2808 Nobiles
729 2776 881 2813 Burgenies
895 2777 928 2806 &
946 2775 1173 2813 Mercatorcs,ac
1185 2776 1274 2813 plures

213 2821 257 2851 alii
274 2822 302 2850 in
319 2818 489 2848 Civitatibus
501 2815 709 2861 Burdegalensi,
726 2813 865 2851 Aqueufi,
879 2814 911 2844 &
928 2813 1071 2844 Adurenci
1088 2814 1274 2852 Civitatibus,

214 2859 325 2899 aliisque
344 2857 422 2888 Villis
438 2857 469 2886 &
488 2855 586 2885 Patriis
600 2853 726 2884 Ducatus
745 2853 905 2890 Aquitaniae
927 2851 1113 2882 habitantibus
1121 2852 1275 2895 Ldifflque

217 2897 343 2928 Domini
367 2894 454 2925 nostri
477 2894 568 2930 Regis
591 2893 720 2931 Subditi,
737 2890 896 2931 reputarunt
912 2891 944 2922 ὃ(
963 2898 1105 2928 reputant,
1124 2892 1274 2922 sentierunt

215 2945 298 2974 atque
317 2935 437 2965 sentiunt
449 2955 458 2970 ,
484 2932 509 2961 se
536 2932 777 2971 quamplurimum
801 2937 945 2966 agravatos
960 2930 1113 2959 enormiter
1127 2938 1209 2968 atque
1226 2930 1274 2959 lae-

216 2975 260 3004 sos
285 2998 295 3011 ,
332 2975 364 3005 ὃς
384 2981 443 3002 non
463 2970 582 3001 credunt
600 2970 711 3000 dietum
732 2969 895 2998 Dominum
913 2967 1040 2998 nostrum
1059 2966 1176 3004 Regem
1194 2968 1275 2999 dicio

213 3013 348 3043 Domino
364 3009 472 3041 Karolo
490 3008 600 3039 levandi
618 3009 729 3038 dietum
746 3006 900 3048 Pedagium
917 3006 1079 3036 Licentiam
1098 3007 1153 3036 sive
1162 3006 1272 3037 Audio·

213 3053 320 3081 ritatem
339 3047 518 3085 conceisiise,
539 3048 577 3077 set
593 3048 686 3087 potius
700 3046 893 3083 denegafle,li
909 3044 944 3075 de
962 3043 1202 3083 Gravaminibus,
1226 3046 1272 3075 in-

215 3090 298 3120 ferius
317 3088 436 3124 insertis,
452 3085 518 3116 ess'et
537 3086 658 3125 plenarie
677 3084 863 3121 Informatus,
961 3122 965 3126 Ι
1107 3122 1111 3127 Ι

251 3129 414 3165 Priario,
435 3126 499 3164 quia
518 3125 545 3153 in
567 3124 748 3161 impositione
767 3123 835 3152 novi
861 3120 978 3157 Pedagii
997 3121 1083 3152 debet
1105 3123 1272 3153 intervenire

214 3166 291 3196 causa
308 3165 380 3203 justa
399 3166 431 3194 ἅ
452 3164 470 3181 ’f‘
492 3162 674 3199 rationabilis,
687 3162 752 3200 put&⁴
767 3160 878 3201 publica
894 3159 1026 3197 Utilitas3
1041 3161 1111 3190 cum
1125 3170 1272 3199 ergo,pro

216 3204 400 3241 Praesenti,in
415 3201 552 3239 praedicto
571 3200 638 3230 loco
650 3199 685 3229 de
707 3198 828 3229 Guiiien
846 3221 854 3236 ,
881 3197 966 3227 celset
988 3198 1021 3227 δε
1036 3198 1121 3228 cessat
1135 3199 1212 3229 causa
1230 3210 1272 3230 ra-

215 3243 372 3279 tionabilis,
385 3248 498 3278 propter
512 3248 596 3276 quam
611 3237 766 3276 Pedagium
782 3237 871 3267 valeat
884 3236 919 3266 de
933 3246 1011 3265 novo
1028 3238 1183 3274 imponi&
1200 3237 1272 3268 leva-

214 3283 255 3320 ri,
272 3281 357 3318 liquet
371 3280 443 3309 clarc
457 3278 501 3308 seu
515 3278 618 3315 liquere
632 3275 722 3313 potest
743 3275 854 3317 dietum
873 3273 1036 3316 Dominum
1059 3274 1188 3305 nostrum
1212 3276 1272 3306 Re-

214 3329 281 3358 gem
297 3318 394 3355 fuisse,
409 3327 458 3354 per
473 3316 583 3346 dictum
598 3315 763 3345 Dominum
784 3313 920 3355 karolum
938 3335 947 3350 ,
968 3318 1013 3342 teu
1036 3323 1085 3350 per
1105 3313 1271 3352 alium,cir—

215 3365 401 3388 cumventum
417 3357 449 3386 &
466 3355 538 3384 male
554 3352 740 3383 informatum
762 3375 771 3389 ,
805 3353 951 3389 dictoique
973 3361 1051 3382 meos
1072 3352 1272 3383 constituentes

215 3395 296 3428 suisse
312 3396 345 3425 &
358 3393 414 3424 effe
430 3401 581 3431 agravatos.

250 3434 296 3465 SE
307 3442 354 3463 cu
366 3441 387 3462 Ν
400 3441 469 3469 Do,
487 3432 567 3468 quia,
586 3430 605 3459 fi
622 3428 734 3460 dierum
757 3427 915 3464 Pedagium
934 3427 1082 3465 levaretur,
1107 3427 1272 3460 Habitantes

214 3475 244 3504 in
264 3473 339 3502 dieta
359 3470 482 3500 Civitate
498 3468 668 3504 Baionae,&
683 3467 726 3496 alii
746 3476 813 3496 cum
834 3466 1033 3496 Mercitnoniis
1045 3467 1096 3496 suis
1111 3467 1145 3497 ad
1163 3467 1270 3498 dietam

214 3511 371 3542 Civitatem
390 3509 529 3538 venientes
547 3506 580 3537 ὃ(
598 3506 633 3536 ab
649 3504 713 3535 inde
729 3506 864 3542 exientes,
880 3505 1007 3534 venirent
1024 3505 1058 3534 ad
1079 3504 1270 3542 Paupertatem

214 3549 260 3580 seu
280 3549 407 3587 Inopiam
428 3547 580 3575 maximam
599 3554 650 3582 pro
669 3554 721 3581 eo,
738 3544 800 3580 quia
818 3542 992 3572 Mercatores
1009 3545 1146 3581 extranei,
1163 3544 1271 3573 aliunde

214 3589 373 3624 venientes,
388 3592 499 3626 propter
514 3583 679 3613 Gravamen
697 3582 767 3611 <iiiiii
790 3580 902 3620 Pedagii
912 3603 921 3618 ,
936 3580 1070 3612 cessarent
1093 3581 1150 3612 suas
1164 3581 1272 3612 Merci—

214 3628 324 3657 monias
337 3625 371 3655 ad
394 3624 500 3653 dictam
522 3621 674 3651 Civitatem
698 3620 811 3650 Baionae
832 3629 939 3657 portare
963 3641 972 3657 ,
1011 3621 1044 3650 &
1063 3619 1224 3657 derepertis
1237 3621 1270 3650 &

214 3665 329 3702 portatis
348 3665 378 3694 in
396 3660 492 3692 eadem
508 3660 660 3698 emere,&
679 3658 716 3688 sic
735 3658 898 3689 Habitantes
917 3659 946 3686 in
965 3658 1062 3688 eadem
1079 3657 1202 3688 Civitate
1217 3658 1269 3688 Ba-

217 3705 289 3733 ionne
310 3701 494 3732 fraudarentur
519 3697 602 3727 Vietu
626 3705 726 3726 eorum
747 3695 910 3726 cotliidiano
932 3718 942 3734 ,
978 3697 1011 3726 &
1032 3706 1081 3734 per
1101 3696 1272 3734 consequens

217 3741 325 3771 Civitas
340 3740 436 3770 eadem
452 3737 566 3767 Baionae
575 3759 585 3774 ,
598 3734 705 3765 subdita
718 3733 850 3764 Domino
863 3734 959 3765 nostro
972 3733 1066 3772 Regi,
1075 3734 1269 3772 destrueretur,

215 3777 481 3815 adnicliilaietur,&
498 3776 527 3804 in
540 3780 630 3804 toturn
646 3771 840 3803 devastaretur.
860 3811 875 3816 ..
971 3811 976 3816 ι

256 3817 300 3846 IT
311 3827 327 3846 e
340 3825 382 3854 ai,
401 3825 433 3845 ex
450 3814 525 3844 dieta
549 3810 738 3842 Conceffione
761 3809 878 3847 Pedagir
894 3809 978 3840 Novi
993 3818 1140 3850 gravantur
1159 3813 1193 3844 ὃς
1221 3812 1270 3842 lae-

216 3855 318 3884 duntur
340 3853 577 3892 quamplurimum
600 3850 658 3880 mei
677 3847 893 3892 constituentes,
903 3849 973 3891 cum
989 3851 1017 3879 in
1034 3849 1126 3880 Litera
1141 3850 1272 3885 Conces-

213 3893 296 3922 iionis
311 3893 379 3921 dieti
396 3891 512 3926 Pedagii
529 3889 677 3926 inseratur,
692 3888 725 3918 δί
740 3886 848 3917 dicatur
865 3889 940 3917 inieri
950 3910 958 3924 ,
968 3887 1046 3926 quod
1061 3888 1204 3919 Dominus
1218 3900 1271 3920 no—

214 3930 267 3960 ster
283 3929 343 3958 Rex
361 3929 419 3959 vult
435 3938 463 3959 ut
478 3929 582 3958 levetur
600 3926 755 3964 Pedagium
780 3926 808 3954 in
833 3927 972 3962 praedicto
993 3927 1059 3966 loco
1079 3927 1115 3956 de
1131 3926 1271 3964 Guissen,

215 3978 244 3999 ut
262 3967 406 3998 Dominus
420 3966 569 4004 praedi-{tus
586 3965 704 3996 Karolus
721 3963 1119 4003 praelionoretur,dictumque
1140 3965 1270 3997 Castrum

1307 197 1469 228 deffendere
1488 198 1576 229 valcat
1605 210 1615 237 3
1650 208 1710 228 non
1732 199 1878 229 attendens
1893 199 2052 230 nominatus
2074 198 2221 229 Dominus
2236 197 2301 229 Rex
2318 209 2371 230 nec

2414 211 2499 241 1409.

1308 236 1482 267 considerans
1498 236 1596 275 quod,
1614 236 1633 266 si
1649 236 1705 268 hoc
1721 237 1832 268 elicitum
1848 237 2002 277 Pedagium
2020 237 2154 268 levaretur
2169 260 2179 276 ,
2207 237 2371 268 redundaret
2387 246 2449 279 Heu.
2467 250 2497 279 4.

1308 276 1337 304 in
1357 277 1514 305 maximum
1534 274 1704 312 Dampnum
1724 277 1757 308 ὃς
1775 275 1988 307 Detrimentum
2015 275 2172 306 Civitatum
2197 276 2231 307 &
2248 275 2371 306 aliorum

1310 313 1462 343 Locorum
1479 314 1566 343 totius
1587 313 1715 344 Ducatsis
1733 315 1758 344 A
1780 313 2058 352 uitaniae,p0tiffime
2076 316 2108 346 &
2126 314 2275 351 specialiter
2287 313 2372 344 Con-

1310 351 1484 381 scistentiurn
1498 351 1548 381 sub
1566 350 1704 383 Potestate
1721 353 1754 383 &
1801 353 1914 383 ominio
1931 352 2011 390 ipfius
2029 352 2152 382 Domini
2166 352 2255 382 nostri
2273 352 2373 393 Regis,

1311 389 1346 418 ὃς
1370 389 1426 419 suae
1449 389 1554 427 Regiae
1578 389 1740 428 Magestatis
1762 413 1773 428 ,
1810 391 1843 422 &
1871 399 2079 421 converteretur
2097 391 2127 420 in
2146 389 2309 422 Utilitatem
2335 393 2370 423 δὲ

1312 425 1513 458 Commodum
1528 427 1598 457 dieti
1612 427 1740 459 Domini
1756 428 1855 460 Karoli
1876 428 2020 468 proprium
2039 429 2072 458 &
2092 429 2230 466 privatum
2245 452 2256 468 ,
2282 431 2315 461 ὃς
2333 430 2371 460 sic

1310 474 1344 494 ex
1362 465 1420 496 hoc
1439 465 1609 504 Respublica
1627 468 1737 497 notorie
1754 468 1788 498 &
1805 467 1951 498 manifeste
1966 466 2173 497 deterioraretur
2190 469 2224 499 &
2242 468 2370 499 damnifi-

1311 511 1419 533 caretur
1435 513 1483 541 per
1499 504 1606 535 Adtum
1625 505 1772 542 proprium
1786 507 1923 543 privatum
1941 528 1951 544 ,
1973 505 2120 537 adversum
2139 505 2174 536 &
2194 507 2369 538 contrarium

1311 541 1595 580 Reipublicae,quod
1608 543 1675 573 esset
1688 543 1855 582 absurdum,
1871 545 1903 576 ὃ(
1914 545 1973 583 Juri
1992 554 2051 574 non
2072 543 2239 574 consonum.

1347 579 1392 610 IT
1403 589 1477 618 EM,
1504 590 1538 611 ex
1558 582 1697 612 contentis
1716 582 1744 611 in
1771 582 1862 614 Litera
1878 582 2077 614 Conceffionis
2091 582 2211 620 Pedagii
2230 582 2370 614 laeduntur

1311 629 1345 649 ac
1364 626 1513 656 gravantur
1527 619 1586 650 mei
1597 619 1813 658 constituentes,
1832 621 1974 658 potiffime
1991 621 2021 651 in
2039 631 2070 652 ea
2089 628 2165 659 parte
2179 622 2208 650 in
2225 631 2280 661 qua
2299 621 2372 652 dici-

1311 665 1355 688 tur
1374 657 1514 688 contineri
1533 659 1613 695 quod
1633 657 1767 688 Castrum
1784 659 1819 689 de
1839 659 1959 691 Guiffen
1978 659 2019 690 est
2035 661 2107 691 inter
2131 659 2268 690 Inimicos
2287 682 2298 698 ,
2335 662 2369 691 δε

1313 706 1365 732 pro
1386 696 1557 726 deffensione
1576 696 1661 734 ipsius¹
1675 696 1751 734 loci,
1768 705 1865 727 contra
1880 697 2016 729 Inimicos
2030 698 2155 729 Domini
2170 698 2259 729 nostri
2271 698 2371 738 Regis,

1313 734 1433 765 Levatio
1449 734 1567 771 Pedagii
1580 736 1650 765 novi
1663 734 1703 765 est
1718 734 1798 765 dieto
1816 734 1953 767 Domino
1970 735 2080 767 Karolo
2096 737 2228 768 concessa
2245 746 2252 766 ε
2285 737 2368 768 Nam

1311 783 1406 804 revera
1421 772 1531 803 constat
1545 773 1702 812 evidenter,
1716 783 1750 803 ex
1764 773 1905 812 praemiffis
1919 775 2225 814 motivis,Dominum
2239 775 2368 807 nostrum

1311 810 1424 850 Regem
1439 811 1501 842 fore
1519 813 1552 843 &
1567 811 1648 843 fuisse
1661 813 1889 842 circumventum
1905 834 1916 850 ,
1940 812 1991 851 &‚
2009 815 2039 843 in
2062 813 2255 845 Concess‘ione
2278 814 2372 853 hujus-

1312 852 1392 881 modi
1412 849 1574 881 Exafflonis
1588 849 1702 891 Pedagii
1718 851 1805 888 novi,
1820 850 1990 889 deceptum,
2003 861 2070 881 cum
2086 851 2183 883 Locus
2195 853 2230 883 de
2244 852 2369 884 Guissen

1310 896 1370 918 non
1387 888 1418 919 sit
1431 887 1610 920 constructus
1629 899 1683 919 nec
1705 889 1857 920 aedificatus
1879 898 1970 926 prope
1994 884 2130 920 Inimicos
2151 891 2220 921 dieti
2243 890 2369 924 Domini

1312 927 1399 957 nostri
1421 926 1511 964 Regis
1530 939 1540 966 3
1572 937 1626 958 nec
1648 937 1682 958 ex
1704 927 1762 958 hoc
1783 927 1852 958 loco
1875 928 1928 958 fuit
1948 927 2045 966 aliquis
2063 928 2177 958 insultus
2191 926 2299 960 habitus
2314 941 2368 968 pro

1311 964 1434 995 Honore
1446 965 1516 995 dieti
1537 965 1662 996 Domini
1676 965 1766 1006 Regis
1780 988 1789 1004 ,
1815 975 1914 997 contra
1930 964 2068 997 Inimicos
2087 966 2167 1005 suOS,
2188 977 2203 997 a
2227 970 2368 1001 memoria

1311 1002 1496 1042 Hominum,
1512 1013 1595 1040 prout
1609 1006 1638 1034 in
1653 1005 1750 1036 Litera
1764 1004 1965 1036 Concessionis
1980 1004 2082 1036 dicitur
2103 1007 2250 1036 contineri.

1346 1040 1361 1071 Ι
1370 1050 1392 1070 τ
1404 1051 1422 1072 Ε
1433 1050 1478 1080 M,
1497 1041 1662 1073 Gravamen
1676 1043 1900 1074 Gravaminibus
1913 1044 2103 1074 aeumulando
2115 1067 2125 1082 ,
2150 1044 2184 1074 &
2204 1044 2369 1084 multiplici-

1311 1087 1352 1110 ter
1369 1081 1426 1111 mei
1441 1080 1641 1111 constituentes
1654 1080 1784 1113 dicuntur
1797 1083 1915 1121 agravati
1938 1084 1971 1113 &
1993 1081 2164 1113 damnificati
2183 1092 2218 1112 ex
2240 1082 2368 1116 Conces-

1310 1118 1386 1149 fione
1404 1118 1530 1157 praedicti
1547 1118 1662 1155 Pedagii
1678 1119 1762 1150 Novi
1783 1142 1793 1157 ,
1831 1120 1864 1150 &
1891 1119 2025 1151 Castrum
2048 1121 2156 1161 Regale
2176 1119 2290 1152 Baionae
2304 1123 2372 1160 (cui

1310 1159 1449 1195 competit
1471 1159 1596 1196 recipere
1619 1157 1786 1196 Pcdagium,
1805 1158 1875 1188 cum
1894 1157 1964 1189 infra
1981 1159 2010 1188 iv
2031 1159 2155 1198 Leucas)
2176 1159 2195 1189 fi
2214 1159 2370 1192 Concessio

1333 1197 1446 1227 raedieta
1464 1195 1580 1232 Pedagii
1594 1198 1663 1227 novi
1678 1197 1746 1227 effer
1761 1196 1875 1234 valoris,
1891 1197 1924 1227 &
1939 1196 2148 1235 consequeretur
2161 1196 2298 1230 effieetum
2316 1200 2371 1231 Pe-

1330 1236 1422 1274 agium
1439 1236 1471 1266 ὃς
1486 1234 1592 1265 Honus
1613 1235 1767 1266 exaCtionis
1790 1235 1903 1273 Pedagii
1930 1233 2066 1266 levaretur
2088 1237 2118 1267 in
2141 1237 2262 1276 quinque
2283 1238 2372 1270 Locis

1312 1274 1378 1311 puta
1392 1273 1523 1304 Civitatis
1539 1273 1663 1313 Baionae,
1680 1273 1815 1312 Sorduae,
1831 1272 2029 1311 Petraforatae,
2042 1273 2260 1313 Fastingues,&
2280 1277 2369 1308 Guis-

1311 1312 1356 1342 sen
1367 1312 1378 1356 )¹
1395 1312 1472 1350 quod
1488 1311 1556 1342 esset
1571 1313 1600 1342 in
1617 1321 1752 1351 magnum
1772 1313 2004 1350 Detrimentum,
2019 1320 2049 1343 ut
2073 1313 2251 1356 praedicitur,
2273 1314 2380 1346 Ham-›-

1312 1359 1430 1380 tantium
1453 1350 1567 1381 Baionae
1580 1351 1613 1381 &
1628 1351 1746 1382 aliorum
1764 1351 1909 1391 Ligiorum
1932 1350 2117 1381 Subditorum
2137 1351 2260 1382 Domini
2282 1353 2372 1386 nostri

1311 1389 1413 1427 Regis,
1421 1390 1605 1427 praemaxime
1619 1389 1792 1421 considerato
1805 1390 1881 1430 quod
1895 1389 1964 1420 dieti
1979 1391 2102 1428 quinque
2116 1389 2174 1421 loci
2189 1389 2260 1422 infra
2277 1391 2372 1422 Limi-

1309 1435 1348 1458 tes
1362 1429 1486 1466 quinque
1504 1427 1666 1458 Leucarum
1681 1428 1800 1459 existunt
1813 1427 2026 1466 comprehenii3
2039 1438 2093 1458 nec
2109 1428 2149 1458 est
2165 1429 2314 1460 verifimile
2328 1431 2370 1462 di-

1311 1466 1390 1497 ctum
1407 1466 1571 1497 Dominum
1586 1466 1713 1497 nostrum
1728 1467 1842 1508 Regem
1858 1490 1868 1505 ,
1891 1467 1909 1497 fi
1924 1466 1959 1497 de
1974 1465 2119 1503 praemiffis
2134 1466 2370 1500 Informationem

1309 1505 1456 1536 clariorem
1475 1506 1586 1536 haberet
1601 1506 1634 1537 &
1657 1505 1809 1543 habuisset,
1831 1506 1942 1537 didium
1959 1504 2118 1542 Pedagium
2133 1506 2258 1537 Novum
2272 1508 2371 1548 impo-

1308 1541 1388 1574 suisse
1407 1544 1435 1573 in
1455 1545 1511 1574 [iim
1531 1553 1617 1581 grave
1642 1543 1856 1575 Detrimentum
1881 1553 2012 1574 meorum
2032 1543 2266 1575 constituentium
2288 1568 2298 1584 ,
2336 1557 2371 1578 ac

1311 1581 1470 1612 Civitatum
1489 1583 1521 1612 &
1539 1582 1687 1613 Locorum
1704 1581 1833 1613 Ducatsis
1847 1582 2005 1621 Aquitania:
2018 1605 2029 1620 ,
2050 1582 2142 1613 eidem
2166 1583 2302 1614 Domino
2317 1595 2372 1616 no·

1310 1620 1369 1688 {so
1384 1620 1460 1689 Regi
1475 1620 1675 1659 Subditorutn,
1690 1622 1722 1653 ὃ(
1738 1623 1767 1652 in
1783 1620 1920 1652 Pavorem
1936 1622 2084 1659 proprium
2104 1621 2229 1659 personae
2243 1620 2370 1656 Domini

1340 1669 1386 1689 aro
1398 1670 1416 1689 1.

1347 1697 1393 1728 IT
1404 1707 1422 1728 E
1434 1705 1459 1727 M
1470 1720 1479 1734 ,
1497 1707 1531 1728 ex
1550 1697 1723 1736 subsequenti
1739 1697 1861 1729 Motivo
1883 1721 1893 1737 ,
1931 1708 1991 1730 non
2012 1699 2106 1730 minus
2118 1699 2236 1731 existunt
2249 1699 2371 1736 Gravati

1312 1737 1369 1766 mei
1383 1735 1594 1767 Constituentes
1609 1739 1641 1768 &
1658 1736 1764 1773 Eluffi,
1783 1738 1854 1768 curn
1869 1738 1948 1768 illico
1961 1759 1971 1774 ,
1993 1736 2065 1768 dum
2087 1737 2122 1768 ad
2143 1740 2276 1769 notitiam
2298 1740 2373 1778 ipso-

1309 1784 1374 1804 rum
1397 1776 1526 1812 pervenit
1547 1774 1678 1806 Gratiam
1701 1775 1820 1812 Pedagii
1843 1775 1923 1806 fuisse
1945 1775 2051 1807 fastam
2075 1786 2123 1813 per
2138 1775 2302 1808 Dominum
2316 1789 2371 1809 no-

1310 1813 1398 1843 strum
1413 1813 1528 1850 Regem
1542 1814 1624 1844 dicto
1639 1813 1774 1844 Domino
1791 1813 1900 1845 Karolo
1911 1823 1999 1852 :eg0,
2012 1816 2130 1844 nomine
2149 1815 2273 1853 ipsorum
2288 1816 2371 1848 Con·-

1311 1850 1545 1890 stituentium,ut
1559 1852 1659 1883 melitis
1673 1852 1822 1883 deliberare
1837 1853 1870 1883 ὃς
1887 1852 2040 1883 informare
2060 1851 2224 1884 Dominum
2237 1853 2371 1886 nostrum

1311 1890 1428 1928 Regem
1447 1890 1640 1928 valerem,me
1656 1891 1839 1928 transportavi
1855 1891 1889 1921 ad
1905 1891 2020 1934 Locum
2035 1890 2072 1921 de
2094 1891 2233 1929 Guissen,
2250 1894 2284 1923 &
2310 1893 2373 1924 Co-

1312 1929 1388 1966 piam
1412 1928 1770 1968 Literarum,tangentium
1785 1929 1895 1959 fastum
1912 1928 2042 1967 Pedagii,
2051 1930 2137 1966 petivi
2151 1941 2167 1960 a
2181 1931 2324 1961 Bernardo
2339 1933 2372 1962 de

1312 1967 1452 2007 Carcafio,
1466 1967 1687 1998 Locumtenenti
1702 1968 1737 1998 de
1753 1968 1876 1999 Guissen
1891 1969 2007 1998 nornine
2021 1967 2093 1998 dieti
2106 1967 2230 1999 Domini
2251 1968 2371 2009 Karoli;

1313 2007 1504 2045 qui‚expretis
1519 2006 1658 2037 Petitione
1669 2007 1701 2037 &
1717 2006 1862 2044 Requesta
1879 2005 2035 2044 meis,d.are
2052 2006 2123 2036 mihi
2143 2007 2220 2038 idern
2241 2007 2373 2040 Locum-

1313 2053 1408 2075 tenens
1423 2045 1573 2082 denegavit
1591 2044 1716 2082 Copiam
1735 2045 1855 2082 ipfiirum
1876 2045 2034 2075 Literarum
2046 2066 2056 2082 ,
2092 2045 2122 2074 in
2144 2056 2203 2075 noti
2219 2047 2373 2079 modicum

1312 2082 1740 2121 Pernitiem,Vilipendium,&
1754 2083 1888 2114 Dedecus
1901 2083 1970 2113 dieti
1989 2082 2111 2112 Domini
2130 2083 2217 2114 nostri
2239 2084 2339 2125 Regis,
2353 2098 2370 2118 a

1310 2131 1387 2160 quo,
1403 2131 1433 2153 ut
1450 2122 1626 2160 praetenditur
1637 2121 1746 2161 ,Litera
1760 2121 1875 2160 Pedagii
1891 2120 2088 2152 Conceffionis
2109 2131 2166 2152 erat
2180 2123 2212 2154 &
2227 2122 2317 2155 fuerat
2334 2125 2372 2156 iic

1310 2170 1445 2191 emanata.

1349 2200 1368 2218 ²*
1388 2198 1431 2229 Ex
1446 2199 1546 2238 quibus
1563 2198 1675 2237 quidem
1693 2199 1825 2230 omnibus
1843 2199 1877 2231 &
1895 2197 2025 2236 singulis,

1350 2237 1495 2269 Sensciens
1514 2240 1546 2269 &
1562 2239 1744 2269 verisimiliter
1758 2239 1906 2276 cogitans,
1928 2238 1996 2275 Ego
2014 2239 2049 2267 Β.
2067 2239 2184 2269 nornine
2201 2249 2259 2277 quo
2276 2238 2374 2279 supra,

1314 2276 1516 2307 constituentes
1529 2287 1666 2315 meos,ac
1685 2276 1842 2307 Civitatem
1858 2277 1973 2307 Baionae
1987 2276 2313 2316 Regnalem,subditam
2330 2280 2375 2309 di-

1311 2315 1362 2384 ἓο
1382 2315 1513 2346 Domino
1532 2315 1632 2347 nostro
1649 2315 1748 2354 Regi,
1762 2315 1822 2346 fore
1838 2316 1870 2347 &
1882 2314 1937 2347 eise
1954 2314 2372 2356 dampnifficatos,Laessos‚ac

1345 2362 1451 2385 ravatos

1351 2379 1548 2431 Dubiia’nsque
1563 2393 1633 2431 ipsos
1650 2402 1728 2424 meos
1745 2392 2005 2430 constituentes,ex
2019 2391 2213 2424 verisimilibus
2227 2394 2374 2438 conjectu-

1239 2433 1272 2464 ὃς
1313 2431 1367 2468 ris,
1379 2430 1511 2471 deinceps
1522 2432 1623 2463 fortius
1641 2433 1826 2470 praeagravari
1839 2433 1992 2462 enormiter
2011 2439 2094 2468 atque
2108 2431 2330 2470 dampnifficari,

1352 2470 1508 2501 Attendens
1528 2472 1614 2501 etiam
1635 2470 1707 2509 ipsos
1730 2470 1807 2508 posse
1830 2470 1863 2500 &
1885 2470 1989 2500 debere
2010 2469 2153 2500 Remedio
2173 2471 2199 2498 A
2219 2469 2373 2507 pellationis

1313 2508 1451 2549 sublevari
1469 2509 1501 2540 &
1521 2509 1669 2547 adjuvari,
1697 2509 1766 2539 cum
1781 2509 1814 2540 sit
1829 2508 1939 2538 dietum
1956 2506 2133 2550 Remedium
2145 2529 2156 2545 ‚
2178 2517 2193 2537 a
2234 2509 2372 2548 utriusque

1309 2547 1382 2584 Juris
1402 2547 1622 2585 Conditoribus,
1645 2548 1675 2577 in
1693 2547 1869 2578 Relevamen
1886 2567 1895 2583 ,
1920 2544 2080 2575 Praefidium
2095 2567 2106 2583 ,
2139 2545 2184 2576 seu
2209 2545 2373 2578 Subsidium

1314 2585 1522 2622 oppressorum
1539 2587 1572 2617 &
1589 2584 1884 2622 Dampnificatorum,
1898 2583 2078 2613 adinventum
2089 2606 2099 2621 ,

1352 2624 1400 2653 Ab
1419 2623 1591 2660 Inpofitione
1603 2623 1719 2660 Pedagii
1733 2622 1836 2659 Novi,
1859 2630 1888 2651 ut
1908 2621 2026 2657 dicitur,
2049 2620 2082 2651 &
2103 2630 2139 2652 eo
2159 2621 2249 2653 modo
2268 2645 2279 2661 ,
2312 2634 2372 2662 quo

1314 2662 1481 2698 praetaetum
1498 2661 1554 2699 est,
1578 2662 1648 2691 meis
1672 2659 1904 2691 constituentibus
1919 2658 2070 2697 dampnosa
2085 2682 2094 2696 ,
2121 2661 2154 2691 &
2177 2659 2372 2694 Concessione

1314 2700 1469 2730 Literarum
1484 2699 1695 2737 praetensarum,
1708 2700 1736 2728 in
1756 2699 1782 2729 se
1799 2697 2000 2736 inpositionem
2015 2697 2060 2728 seu
2079 2697 2265 2729 Exactionem
2280 2700 2370 2732 Peda-

1334 2739 1351 2767 ii
1367 2737 1452 2767 Novi
1474 2738 1682 2767 continentium
1697 2759 1707 2775 ,
1733 2736 1766 2768 δε
1795 2737 1979 2776 denegatione
1998 2734 2072 2773 Juris
2095 2747 2111 2766 a
2130 2736 2210 2768 dieto
2233 2737 2370 2770 Domino

1312 2744 1439 2813 immo,
1455 2776 1487 2807 &
1501 2776 1536 2805 ab
1550 2774 1610 2812 ipso
1628 2773 1760 2805 Domino
1773 2774 1873 2805 nostro
1889 2773 1973 2812 Rege
1993 2774 2150 2814 praedicto,
2166 2784 2297 2814 tanquam
2313 2779 2370 2807 mi-

1312 2825 1362 2844 nus
1378 2815 1452 2844 bene
1469 2814 1548 2851 super
1566 2813 1708 2851 praedfflis
1724 2813 1881 2844 informato
1894 2813 1939 2843 seu
1953 2812 2100 2851 consulto,

1350 2853 1395 2883 Ad
1415 2853 1505 2889 ipsum
1525 2851 1687 2882 Dominum
1705 2852 1835 2882 nostrum
1853 2851 1968 2888 Regem
1989 2874 2000 2889 ,
2035 2853 2086 2883 suis
2103 2851 2172 2882 loco
2189 2852 2223 2883 &
2242 2860 2369 2890 tempore

1313 2893 1467 2928 congruis,
1486 2900 1535 2928 per
1556 2900 1620 2928 me,
1641 2891 1760 2920 nomine
1779 2901 1836 2929 quo
1856 2890 1932 2928 supra
1945 2912 1955 2928 ,
1980 2889 1987 2918 l
2024 2891 2107 2921 itime
2123 2891 2157 2921 &
2175 2891 2307 2922 veraciter
2325 2892 2368 2922 in—

1312 2929 1494 2960 formandum
1512 2929 1544 2959 &
1563 2928 1783 2967 consulendum,
1801 2930 1835 2960 &
1851 2928 1885 2958 ad
1902 2928 1977 2958 suam
2029 2929 2117 2958 uriam
2144 2927 2304 2968 Regnalem
2319 2930 2366 2961 seu

1313 2967 1519 2998 Consistorium
1541 2966 1669 3004 Regnale
1685 2967 1826 3005 reclamo,
1845 2967 1971 3004 appello,
1985 2966 2019 2996 &
2038 2975 2169 3004 provoco
2183 2988 2193 3003 ,
2215 2966 2286 2998 infra
2306 2968 2370 3005 juris

1311 3006 1501 3043 Terminutn,
1515 3006 1548 3037 &
1563 3007 1593 3035 in
1611 3006 1660 3036 biis
1675 3004 2017 3043 Scriptis,Apostolosque
2031 3012 2097 3042 peto
2111 3004 2307 3045 semel,saepe,
2319 3006 2370 3037 sae-

1312 3046 1389 3082 pius,
1403 3045 1436 3075 &
1452 3044 1599 3082 instanter,
1613 3045 1646 3075 &
1662 3054 1730 3075 curn
1750 3054 1782 3074 ea
1804 3043 1972 3073 Reverentia
1990 3053 2044 3081 qua
2063 3042 2146 3074 decet
2161 3043 2194 3074 &
2214 3046 2370 3083 convenit,

1315 3083 1385 3113 mihi
1409 3082 1498 3112 modo
1512 3082 1656 3120 praemiss'o
1670 3092 1720 3120 per
1733 3091 1784 3112 vos
1804 3081 1861 3112 dari
1875 3082 1908 3113 &
1924 3081 2063 3119 concedi,

1347 3122 1514 3159 Supponens
1536 3121 1736 3152 constituentes
1757 3130 1835 3150 meos
1849 3119 2001 3150 Civitatem
2014 3119 2175 3157 Regnalem
2188 3119 2319 3160 Baionae,
2333 3121 2368 3152 &

1311 3170 1377 3198 me,
1401 3159 1534 3196 Bonaque
1547 3169 1646 3190 eorum
1667 3157 1782 3188 mobilia
1799 3160 1832 3189 ὃς
1859 3157 2007 3189 inmobilia
2021 3181 2031 3197 ,
2060 3159 2236 3196 ubicumque
2261 3159 2313 3190 fint
2331 3161 2365 3191 &

1310 3199 1431 3236 fuerint,
1443 3198 1624 3228 Adhaerentes
1639 3197 1705 3227 huic
1721 3196 1844 3233 praesenti
1859 3197 2047 3234 Appellationi
2061 3219 2071 3236 ‚
2099 3197 2132 3228 &
2155 3197 2294 3228 adhaerere
2314 3208 2368 3228 vo-

1309 3239 1412 3274 lentes,
1421 3236 1620 3274 cujuscumque
1634 3234 1879 3273 Gradsis,StaiiiS,
1893 3234 2074 3266 Conditionis
2087 3234 2278 3274 existant‚sub
2294 3235 2368 3266 Pro-

1309 3276 1453 3312 tetftione,
1465 3274 1661 3311 Tuitione,&
1676 3273 1758 3304 Salva
1775 3274 1870 3310 gardia
1884 3273 1995 3311 speciali
2013 3274 2154 3304 nominati
2168 3273 2290 3304 Domini
2307 3282 2364 3303 no-

1312 3314 1359 3343 stri
1377 3313 1477 3352 Regis,
1497 3313 1529 3343 &
1548 3312 1603 3342 suae
1618 3311 1866 3343 Excellentiffimae
1879 3311 1996 3350 Regalis
2011 3311 2192 3349 magestatis,

1348 3351 1479 3381 Inhibens
1492 3351 1690 3381 nichilominus
1703 3350 1781 3381 dieto
1795 3350 1930 3381 Domino
1950 3349 2057 3381 Karolo
2074 3372 2084 3388 ,
2119 3349 2153 3380 δε
2173 3348 2314 3378 Bernardo
2331 3348 2364 3378 de

1311 3389 1451 3430 Carcaſso,
1471 3388 1692 3419 Locumtenenti
1708 3389 1784 3420 Loci
1801 3390 1833 3420 ὅ(
1854 3388 1945 3420 Castri
1959 3389 1995 3419 de
2014 3386 2134 3419 Guissen
2157 3396 2190 3417 ex
2205 3395 2281 3423 parte
2293 3395 2365 3425 prae-

1311 3429 1452 3459 nominati
1469 3426 1593 3456 Domini
1612 3427 1697 3457 nostri
1717 3427 1825 3466 Regis,
1839 3428 1866 3457 in
1883 3425 2112 3469 quantum.mihi
2128 3409 2169 3468 ἐς
2181 3425 2221 3455 est
2233 3425 2268 3454 &
2281 3434 2364 3468 com-

1312 3468 1396 3505 petit,
1412 3466 1530 3496 nomine
1543 3476 1599 3503 quo
1620 3466 1699 3503 supra
1715 3488 1725 3504 ,
1750 3476 1803 3504 ne,
1831 3467 1971 3503 pendente
1987 3461 2147 3506 hujusmodi
2168 3462 2365 3506 Appellatrone

1310 3507 1354 3535 seu
1372 3505 1599 3542 Provocatione,
1612 3504 1714 3542 aliquid
1731 3505 1866 3535 innovent
1880 3504 1926 3534 seu
1943 3508 2106 3538 attemptent
2120 3509 2149 3529 in
2164 3498 2365 3543 i’raejudicium

1309 3544 1343 3574 ἃ
1360 3543 1510 3579 Dampuni
1525 3542 1670 3572 dictorum
1689 3552 1820 3573 meorum
1835 3539 2124 3582 constituentium‚&
2139 3536 2267 3568 Civitatis
2283 3538 2363 3578 Reg-

1309 3582 1378 3612 nalis
1399 3581 1509 3611 Baionae
1525 3580 1686 3618 praedietae,
1706 3590 1738 3610 ac
1762 3581 1963 3611 nichilominus
1985 3576 2143 3620 Civitatum
2157 3597 2167 3613 ‚
2196 3575 2364 3616 Locorum,

1310 3619 1494 3654 Castrorum,
1510 3618 1543 3648 &
1560 3618 1795 3656 Personarum,in
1809 3618 1911 3648 eisdem
1928 3614 2108 3658 existentium,
2118 3613 2163 3657 seu
2179 3624 2291 3658 moram
2307 3623 2362 3646 tra-

1309 3659 1455 3693 hentium,
1477 3656 1525 3685 sub
1549 3656 1687 3687 Distritstu
1707 3658 1740 3687 ὃς
1769 3656 1910 3686 Dominio
1928 3654 1996 3683 dieti
2017 3651 2246 3696 Domini-nostri
2271 3652 2363 3692 Regis

1309 3695 1663 3732 instru&arum,innovare
1676 3695 1722 3725 seu
1737 3702 1896 3730 attemptare
1910 3702 1925 3722 a
1939 3700 2083 3729 quoquam
2098 3689 2198 3720 sacrant
2212 3691 2257 3721 seu
2271 3691 2363 3723 facere

1331 3742 1471 3764 Cl'mlttant

1309 3745 1328 3772 p
1347 3772 1401 3809 Et,
1422 3772 1441 3801 fi
1459 3757 1522 3810 qi’iae
1539 3773 1588 3803 sint
1605 3773 1735 3802 innovata
1747 3771 1792 3800 seu
1814 3775 1993 3811 attemptata,
2015 3765 2049 3796 ad
2065 3765 2172 3797 Statum
2185 3766 2315 3798 debitum
2328 3770 2363 3801 &

1310 3810 1458 3848 pristinum
1480 3811 1613 3842 reducant
1633 3810 1676 3840 seu
1697 3808 1793 3839 reduci
1808 3807 1911 3836 faciant
1926 3806 2058 3848 indilate,
2072 3804 2252 3842 protestando
2266 3807 2302 3837 ab
2315 3817 2364 3838 ex-

1311 3849 1405 3886 presso
1419 3848 1454 3879 de
1467 3848 1593 3887 Injuriis,
1611 3847 1750 3885 Offensis,
1765 3846 1798 3876 &
1812 3844 1951 3881 Dampnis
1966 3843 2037 3873 mihi
2052 3842 2086 3873 &
2101 3844 2172 3873 meis
2191 3844 2363 3876 constituen-

1309 3887 1383 3917 tibus
1405 3886 1485 3918 illatis
1507 3888 1549 3918 seu
1569 3887 1689 3925 agitatis,
1707 3885 1740 3915 &
1757 3893 1800 3926 eas
1816 3880 2008 3920 prosequendo
2023 3903 2034 3919 ,
2061 3880 2146 3911 Loco
2165 3882 2198 3912 &
2215 3881 2365 3930 Tempore

1310 3926 1462 3963 congruis,
1484 3935 1585 3955 coram
1603 3923 1675 3961 Illo,
1699 3923 1742 3953 seu
1757 3921 1812 3951 Illis
1826 3942 1834 3957 ,
1859 3918 1894 3950 ad
1913 3919 2018 3963 'Qem-
2037 3918 2083 3949 seu
2105 3920 2189 3959 Qios
2201 3943 2212 3959 ,
2236 3930 2365 3961 cognitio

1309 3961 1518 4001 praemissorum
1537 3963 1667 4001 expediat
1683 3961 1717 3992 &
1731 3958 1876 3997 expestare
1889 3957 2081 3996 dignoscitur,
2285 3994 2357 4026 Offe

2391 2206 2412 2227 ²*
2435 2210 2521 2241 vms

2412 2248 2478 2283 578·
