<?xml version="1.0" encoding="UTF-8"?>
<!DOCTYPE html PUBLIC "-//W3C//DTD XHTML 1.0 Transitional//EN"
    "http://www.w3.org/TR/xhtml1/DTD/xhtml1-transitional.dtd">
<html xmlns="http://www.w3.org/1999/xhtml" xml:lang="en" lang="en">
 <head>
  <title>
</title>
<meta http-equiv="Content-Type" content="text/html;charset=utf-8" />
  <meta name='ocr-system' content='tesseract 3.04.00' />
  <meta name='ocr-capabilities' content='ocr_page ocr_carea ocr_par ocr_line ocrx_word'/>
</head>
<body>
  <div class='ocr_page' id='page_1' title='image "./fderaconventione04ryme_0536.png"; bbox 0 0 2562 4274; ppageno 0'>
   <div class='ocr_carea' id='block_1_1' title="bbox 170 52 226 97">
    <p class='ocr_par' dir='ltr' id='par_1_1' title="bbox 170 52 226 97">
     <span class='ocr_line' id='line_1_1' title="bbox 170 52 226 97; baseline 0 -10"><span class='ocrx_word' id='word_1_1' title='bbox 170 52 226 97; x_wconf 87' lang='lat'>96</span> 
     </span>
    </p>
   </div>
   <div class='ocr_carea' id='block_1_2' title="bbox 29 124 1240 360">
    <p class='ocr_par' dir='ltr' id='par_1_2' title="bbox 29 124 1240 360">
     <span class='ocr_line' id='line_1_2' title="bbox 29 124 1238 170; baseline -0.007 -9"><span class='ocrx_word' id='word_1_2' title='bbox 29 129 157 162; x_wconf 77' lang='lat' dir='ltr'>AnnD.</span> <span class='ocrx_word' id='word_1_3' title='bbox 173 141 246 170; x_wconf 85' lang='lat' dir='ltr'>que,</span> <span class='ocrx_word' id='word_1_4' title='bbox 265 137 343 162; x_wconf 81' lang='lat' dir='ltr'>entre</span> <span class='ocrx_word' id='word_1_5' title='bbox 366 140 401 169; x_wconf 90' lang='lat' dir='ltr'>cy</span> <span class='ocrx_word' id='word_1_6' title='bbox 422 130 455 161; x_wconf 66' lang='grc' dir='ltr'>δέ</span> <span class='ocrx_word' id='word_1_7' title='bbox 475 128 500 160; x_wconf 77' lang='lat' dir='ltr'>la</span> <span class='ocrx_word' id='word_1_8' title='bbox 519 128 642 165; x_wconf 70' lang='lat' dir='ltr'>Rendue,</span> <span class='ocrx_word' id='word_1_9' title='bbox 661 137 697 158; x_wconf 92' lang='lat' dir='ltr'>ne</span> <span class='ocrx_word' id='word_1_10' title='bbox 719 126 789 157; x_wconf 84' lang='lat' dir='ltr'>serra</span> <span class='ocrx_word' id='word_1_11' title='bbox 810 126 876 164; x_wconf 64' lang='lat' dir='ltr'>i&#39;ait,</span> <span class='ocrx_word' id='word_1_12' title='bbox 894 133 931 157; x_wconf 91' lang='lat' dir='ltr'>ne</span> <span class='ocrx_word' id='word_1_13' title='bbox 950 125 1063 157; x_wconf 79' lang='lat' dir='ltr'>soeffert</span> <span class='ocrx_word' id='word_1_14' title='bbox 1079 124 1152 156; x_wconf 81' lang='lat' dir='ltr'>estre</span> <span class='ocrx_word' id='word_1_15' title='bbox 1172 124 1238 161; x_wconf 84' lang='lat' dir='ltr'>fait,</span> 
     </span>
     <span class='ocr_line' id='line_1_3' title="bbox 48 163 1240 208; baseline -0.007 -9"><span class='ocrx_word' id='word_1_16' title='bbox 48 179 134 208; x_wconf 74' lang='lat'>1419.</span> <span class='ocrx_word' id='word_1_17' title='bbox 174 172 222 201; x_wconf 91' lang='lat' dir='ltr'>des</span> <span class='ocrx_word' id='word_1_18' title='bbox 232 171 281 201; x_wconf 87' lang='lat' dir='ltr'>diz</span> <span class='ocrx_word' id='word_1_19' title='bbox 295 170 395 201; x_wconf 86' lang='lat' dir='ltr'>Vivres</span> <span class='ocrx_word' id='word_1_20' title='bbox 411 169 444 199; x_wconf 76' lang='grc' dir='ltr'>δε</span> <span class='ocrx_word' id='word_1_21' title='bbox 465 167 603 197; x_wconf 87' lang='lat' dir='ltr'>Artillerie</span> <span class='ocrx_word' id='word_1_22' title='bbox 616 166 674 204; x_wconf 84' lang='lat' dir='ltr'>gast</span> <span class='ocrx_word' id='word_1_23' title='bbox 688 176 723 196; x_wconf 94' lang='lat' dir='ltr'>ne</span> <span class='ocrx_word' id='word_1_24' title='bbox 745 164 922 196; x_wconf 64' lang='lat' dir='ltr'>destruction</span> <span class='ocrx_word' id='word_1_25' title='bbox 938 165 1149 203; x_wconf 78' lang='lat' dir='ltr'>quelconques;</span> <span class='ocrx_word' id='word_1_26' title='bbox 1171 163 1240 192; x_wconf 86' lang='lat' dir='ltr'>mais</span> 
     </span>
     <span class='ocr_line' id='line_1_4' title="bbox 29 201 1239 245; baseline -0.005 -8"><span class='ocrx_word' id='word_1_27' title='bbox 29 213 92 238; x_wconf 77' lang='lat' dir='ltr'>Heu.</span> <span class='ocrx_word' id='word_1_28' title='bbox 108 205 140 245; x_wconf 54' lang='grc' dir='ltr'>’,π</span> <span class='ocrx_word' id='word_1_29' title='bbox 173 209 287 240; x_wconf 88' lang='lat' dir='ltr'>useront</span> <span class='ocrx_word' id='word_1_30' title='bbox 307 209 355 239; x_wconf 91' lang='lat' dir='ltr'>des</span> <span class='ocrx_word' id='word_1_31' title='bbox 377 207 424 237; x_wconf 82' lang='lat' dir='ltr'>diz</span> <span class='ocrx_word' id='word_1_32' title='bbox 446 205 544 236; x_wconf 85' lang='lat' dir='ltr'>Vivres</span> <span class='ocrx_word' id='word_1_33' title='bbox 566 204 816 243; x_wconf 83' lang='lat' dir='ltr'>raisonablement,</span> <span class='ocrx_word' id='word_1_34' title='bbox 835 204 909 244; x_wconf 91' lang='lat' dir='ltr'>ainsy</span> <span class='ocrx_word' id='word_1_35' title='bbox 932 204 991 242; x_wconf 92' lang='lat' dir='ltr'>q&#39;ils</span> <span class='ocrx_word' id='word_1_36' title='bbox 1009 203 1110 233; x_wconf 88' lang='lat' dir='ltr'>soloint</span> <span class='ocrx_word' id='word_1_37' title='bbox 1126 201 1192 232; x_wconf 80' lang='lat' dir='ltr'>faire</span> <span class='ocrx_word' id='word_1_38' title='bbox 1204 211 1239 232; x_wconf 91' lang='lat' dir='ltr'>au</span> 
     </span>
     <span class='ocr_line' id='line_1_5' title="bbox 175 242 771 281; baseline -0.013 -2"><span class='ocrx_word' id='word_1_39' title='bbox 175 248 280 278; x_wconf 90' lang='lat' dir='ltr'>devant</span> <span class='ocrx_word' id='word_1_40' title='bbox 293 246 328 277; x_wconf 90' lang='lat' dir='ltr'>de</span> <span class='ocrx_word' id='word_1_41' title='bbox 343 245 418 277; x_wconf 88' lang='lat' dir='ltr'><strong>ceste</strong></span> <span class='ocrx_word' id='word_1_42' title='bbox 433 244 541 281; x_wconf 80' lang='lat' dir='ltr'>present</span> <span class='ocrx_word' id='word_1_43' title='bbox 557 242 771 279; x_wconf 87' lang='lat' dir='ltr'>Compofition.</span> 
     </span>
     <span class='ocr_line' id='line_1_6' title="bbox 211 277 1236 322; baseline -0.01 -5"><span class='ocrx_word' id='word_1_44' title='bbox 211 285 258 317; x_wconf 86' lang='lat' dir='ltr'>I·r</span> <span class='ocrx_word' id='word_1_45' title='bbox 269 296 286 316; x_wconf 81' lang='lat' dir='ltr'>E</span> <span class='ocrx_word' id='word_1_46' title='bbox 296 294 322 315; x_wconf 78' lang='grc' dir='ltr'><strong><em>Μ</em></strong></span> <span class='ocrx_word' id='word_1_47' title='bbox 331 309 340 322; x_wconf 90' lang='lat'>,</span> <span class='ocrx_word' id='word_1_48' title='bbox 359 284 400 313; x_wconf 88' lang='lat' dir='ltr'>est</span> <span class='ocrx_word' id='word_1_49' title='bbox 414 286 484 320; x_wconf 84' lang='lat' dir='ltr'>Dit,</span> <span class='ocrx_word' id='word_1_50' title='bbox 502 286 595 312; x_wconf 77' lang='lat' dir='ltr'>Trarte</span> <span class='ocrx_word' id='word_1_51' title='bbox 606 304 615 318; x_wconf 95' lang='lat'>,</span> <span class='ocrx_word' id='word_1_52' title='bbox 633 282 666 312; x_wconf 90' lang='lat'>&amp;</span> <span class='ocrx_word' id='word_1_53' title='bbox 680 281 802 311; x_wconf 83' lang='lat' dir='ltr'>Accorde</span> <span class='ocrx_word' id='word_1_54' title='bbox 817 291 852 319; x_wconf 91' lang='lat' dir='ltr'>qe</span> <span class='ocrx_word' id='word_1_55' title='bbox 865 289 946 312; x_wconf 90' lang='lat' dir='ltr'>toute</span> <span class='ocrx_word' id='word_1_56' title='bbox 959 278 1118 310; x_wconf 84' lang='lat' dir='ltr'>l’Artillerie</span> <span class='ocrx_word' id='word_1_57' title='bbox 1133 277 1181 308; x_wconf 87' lang='lat' dir='ltr'>des</span> <span class='ocrx_word' id='word_1_58' title='bbox 1188 277 1236 308; x_wconf 92' lang='lat' dir='ltr'>diz</span> 
     </span>
     <span class='ocr_line' id='line_1_7' title="bbox 178 318 777 360; baseline -0.013 -4"><span class='ocrx_word' id='word_1_59' title='bbox 178 323 325 355; x_wconf 80' lang='lat' dir='ltr'>Chasteux</span> <span class='ocrx_word' id='word_1_60' title='bbox 337 321 549 360; x_wconf 78' lang='lat' dir='ltr'>(c&#39;estaffavoir)</span> <span class='ocrx_word' id='word_1_61' title='bbox 569 320 698 358; x_wconf 88' lang='lat' dir='ltr'>Lances,</span> <span class='ocrx_word' id='word_1_62' title='bbox 717 318 777 354; x_wconf 66' lang='lat' dir='ltr'>&amp;a</span> 
     </span>
    </p>
   </div>
   <div class='ocr_carea' id='block_1_3' title="bbox 431 395 1054 403">
    <p class='ocr_par' dir='ltr' id='par_1_3' title="bbox 431 395 1054 403">
     <span class='ocr_line' id='line_1_8' title="bbox 431 395 1054 403; baseline 0 0"><span class='ocrx_word' id='word_1_63' title='bbox 431 395 1054 403; x_wconf 95' lang='lat' dir='ltr'> </span> 
     </span>
    </p>
   </div>
   <div class='ocr_carea' id='block_1_4' title="bbox 416 442 1012 490">
    <p class='ocr_par' dir='ltr' id='par_1_4' title="bbox 416 442 1012 490">
     <span class='ocr_line' id='line_1_9' title="bbox 416 442 1012 490; baseline -0.007 -11"><span class='ocrx_word' id='word_1_64' title='bbox 416 444 465 479; x_wconf 83' lang='lat' dir='ltr'>De</span> <span class='ocrx_word' id='word_1_65' title='bbox 481 442 654 478; x_wconf 54' lang='lat' dir='ltr'>Tragiana&#39;o</span> <span class='ocrx_word' id='word_1_66' title='bbox 675 453 745 476; x_wconf 83' lang='lat' dir='ltr'>cum</span> <span class='ocrx_word' id='word_1_67' title='bbox 763 445 879 490; x_wconf 78' lang='lat' dir='ltr'>Regina</span> <span class='ocrx_word' id='word_1_68' title='bbox 894 443 1012 476; x_wconf 83' lang='lat' dir='ltr'>Siciliae.</span> 
     </span>
    </p>
   </div>
   <div class='ocr_carea' id='block_1_5' title="bbox 30 528 1244 736">
    <p class='ocr_par' dir='ltr' id='par_1_5' title="bbox 31 528 869 589">
     <span class='ocr_line' id='line_1_10' title="bbox 31 528 869 589; baseline -0.008 -24"><span class='ocrx_word' id='word_1_69' title='bbox 31 544 99 579; x_wconf 64' lang='lat' dir='ltr'>Am,</span> <span class='ocrx_word' id='word_1_70' title='bbox 124 551 155 582; x_wconf 76' lang='lat' dir='ltr'><strong>D</strong></span> <span class='ocrx_word' id='word_1_71' title='bbox 185 531 303 589; x_wconf 75' lang='lat' dir='ltr'>REX</span> <span class='ocrx_word' id='word_1_72' title='bbox 323 531 486 569; x_wconf 84' lang='lat' dir='ltr'>Omnibus,</span> <span class='ocrx_word' id='word_1_73' title='bbox 501 530 535 561; x_wconf 91' lang='lat' dir='ltr'>ad</span> <span class='ocrx_word' id='word_1_74' title='bbox 550 539 640 569; x_wconf 64' lang='grc' dir='ltr'><strong>(μσς,</strong></span> <span class='ocrx_word' id='word_1_75' title='bbox 658 530 720 561; x_wconf 80' lang='lat' dir='ltr'>&amp;c-</span> <span class='ocrx_word' id='word_1_76' title='bbox 736 528 869 560; x_wconf 86' lang='lat' dir='ltr'>Salutem.</span> 
     </span>
    </p>

    <p class='ocr_par' dir='ltr' id='par_1_6' title="bbox 30 570 1244 736">
     <span class='ocr_line' id='line_1_11' title="bbox 62 570 1062 617; baseline -0.011 -12"><span class='ocrx_word' id='word_1_77' title='bbox 62 597 73 617; x_wconf 68' lang='grc' dir='ltr'>Ι</span> <span class='ocrx_word' id='word_1_78' title='bbox 103 572 112 615; x_wconf 70' lang='grc'>’,</span> <span class='ocrx_word' id='word_1_79' title='bbox 159 577 164 583; x_wconf 90' lang='grc'><strong>”</strong></span> <span class='ocrx_word' id='word_1_80' title='bbox 279 572 380 603; x_wconf 87' lang='lat' dir='ltr'>Sciatis</span> <span class='ocrx_word' id='word_1_81' title='bbox 397 570 493 609; x_wconf 88' lang='lat' dir='ltr'>quod,</span> <span class='ocrx_word' id='word_1_82' title='bbox 1056 603 1062 609; x_wconf 47' lang='grc'><em>.</em></span> 
     </span>
     <span class='ocr_line' id='line_1_12' title="bbox 30 597 1244 657; baseline -0.01 -14"><span class='ocrx_word' id='word_1_83' title='bbox 30 597 145 657; x_wconf 54' lang='grc' dir='ltr'><strong><em>Αη469·</em></strong></span> <span class='ocrx_word' id='word_1_84' title='bbox 219 609 300 641; x_wconf 79' lang='lat' dir='ltr'>Cum</span> <span class='ocrx_word' id='word_1_85' title='bbox 315 620 419 648; x_wconf 88' lang='lat' dir='ltr'>nuper,</span> <span class='ocrx_word' id='word_1_86' title='bbox 439 608 474 639; x_wconf 88' lang='lat' dir='ltr'>ad</span> <span class='ocrx_word' id='word_1_87' title='bbox 488 607 646 638; x_wconf 82' lang='lat' dir='ltr'>Honorem</span> <span class='ocrx_word' id='word_1_88' title='bbox 663 606 738 643; x_wconf 85' lang='lat' dir='ltr'>Dei,</span> <span class='ocrx_word' id='word_1_89' title='bbox 758 606 790 637; x_wconf 90' lang='lat'>&amp;</span> <span class='ocrx_word' id='word_1_90' title='bbox 806 604 941 636; x_wconf 88' lang='lat' dir='ltr'>Cristiani</span> <span class='ocrx_word' id='word_1_91' title='bbox 959 603 1107 642; x_wconf 82' lang='lat' dir='ltr'>Sanguinis</span> <span class='ocrx_word' id='word_1_92' title='bbox 1126 600 1244 632; x_wconf 81' lang='lat' dir='ltr'>effusio·—</span> 
     </span>
     <span class='ocr_line' id='line_1_13' title="bbox 33 641 1243 692; baseline -0.01 -10"><span class='ocrx_word' id='word_1_93' title='bbox 33 649 83 692; x_wconf 78' lang='lat' dir='ltr'>H&#39;&#39;</span> <span class='ocrx_word' id='word_1_94' title='bbox 121 652 128 658; x_wconf 88' lang='grc'><em>“</em></span> <span class='ocrx_word' id='word_1_95' title='bbox 181 660 248 680; x_wconf 89' lang='lat' dir='ltr'>nem</span> <span class='ocrx_word' id='word_1_96' title='bbox 271 649 436 679; x_wconf 86' lang='lat' dir='ltr'>evitandum</span> <span class='ocrx_word' id='word_1_97' title='bbox 454 672 464 686; x_wconf 87' lang='lat'>,</span> <span class='ocrx_word' id='word_1_98' title='bbox 492 646 640 678; x_wconf 86' lang='lat' dir='ltr'>Inierimus</span> <span class='ocrx_word' id='word_1_99' title='bbox 655 670 664 682; x_wconf 85' lang='lat'>,</span> <span class='ocrx_word' id='word_1_100' title='bbox 691 645 853 675; x_wconf 86' lang='lat' dir='ltr'>Fecerimus</span> <span class='ocrx_word' id='word_1_101' title='bbox 868 666 877 682; x_wconf 81' lang='lat'>‚</span> <span class='ocrx_word' id='word_1_102' title='bbox 905 645 939 674; x_wconf 70' lang='grc' dir='ltr'>ὃ(</span> <span class='ocrx_word' id='word_1_103' title='bbox 961 641 1243 673; x_wconf 88' lang='lat' dir='ltr'>Concordaverimus</span> 
     </span>
     <span class='ocr_line' id='line_1_14' title="bbox 32 678 1243 736; baseline -0.01 -15"><span class='ocrx_word' id='word_1_104' title='bbox 32 678 126 736; x_wconf 38' lang='lat' dir='ltr'>mla,</span> <span class='ocrx_word' id='word_1_105' title='bbox 181 688 355 727; x_wconf 82' lang='lat' dir='ltr'>Treugas&amp;</span> <span class='ocrx_word' id='word_1_106' title='bbox 369 687 558 717; x_wconf 89' lang='lat' dir='ltr'>Abstinentias</span> <span class='ocrx_word' id='word_1_107' title='bbox 578 684 773 721; x_wconf 75' lang='lat' dir='ltr'>Guerrarum,</span> <span class='ocrx_word' id='word_1_108' title='bbox 791 683 842 713; x_wconf 88' lang='lat' dir='ltr'>sub</span> <span class='ocrx_word' id='word_1_109' title='bbox 865 683 948 712; x_wconf 88' lang='lat' dir='ltr'>certis</span> <span class='ocrx_word' id='word_1_110' title='bbox 970 680 1060 711; x_wconf 89' lang='lat' dir='ltr'>modo</span> <span class='ocrx_word' id='word_1_111' title='bbox 1081 681 1115 710; x_wconf 85' lang='lat'>&amp;</span> <span class='ocrx_word' id='word_1_112' title='bbox 1130 679 1243 717; x_wconf 68' lang='lat' dir='ltr'>forma,</span> 
     </span>
    </p>
   </div>
   <div class='ocr_carea' id='block_1_6' title="bbox 181 717 1260 2615">
    <p class='ocr_par' dir='ltr' id='par_1_7' title="bbox 182 717 1244 843">
     <span class='ocr_line' id='line_1_15' title="bbox 182 717 1244 765; baseline -0.011 -7"><span class='ocrx_word' id='word_1_113' title='bbox 182 737 252 758; x_wconf 87' lang='lat' dir='ltr'>cum</span> <span class='ocrx_word' id='word_1_114' title='bbox 271 724 477 765; x_wconf 63' lang='lat' dir='ltr'>praeclariffima</span> <span class='ocrx_word' id='word_1_115' title='bbox 498 722 632 754; x_wconf 69' lang='lat' dir='ltr'>Domina</span> <span class='ocrx_word' id='word_1_116' title='bbox 656 721 758 752; x_wconf 71' lang='lat' dir='ltr'>roland</span> <span class='ocrx_word' id='word_1_117' title='bbox 773 725 876 759; x_wconf 72' lang='lat' dir='ltr'>Regina</span> <span class='ocrx_word' id='word_1_118' title='bbox 898 719 996 750; x_wconf 73' lang='lat' dir='ltr'>Ciciliae</span> <span class='ocrx_word' id='word_1_119' title='bbox 1019 718 1057 754; x_wconf 57' lang='grc' dir='ltr'><strong><em>ὠ</em></strong></span> <span class='ocrx_word' id='word_1_120' title='bbox 1070 717 1244 758; x_wconf 79' lang='lat' dir='ltr'>Jerufizlem,</span> 
     </span>
     <span class='ocr_line' id='line_1_16' title="bbox 182 757 1244 803; baseline -0.008 -7"><span class='ocrx_word' id='word_1_121' title='bbox 182 776 218 796; x_wconf 90' lang='lat' dir='ltr'>ac</span> <span class='ocrx_word' id='word_1_122' title='bbox 232 766 376 795; x_wconf 84' lang='lat' dir='ltr'>Lodowico</span> <span class='ocrx_word' id='word_1_123' title='bbox 391 763 457 794; x_wconf 85' lang='lat' dir='ltr'>Filio</span> <span class='ocrx_word' id='word_1_124' title='bbox 464 763 513 803; x_wconf 72' lang='lat' dir='ltr'>fico</span> <span class='ocrx_word' id='word_1_125' title='bbox 528 765 723 799; x_wconf 82' lang='lat' dir='ltr'>Primogemto,</span> <span class='ocrx_word' id='word_1_126' title='bbox 739 771 823 799; x_wconf 86' lang='lat' dir='ltr'>prout</span> <span class='ocrx_word' id='word_1_127' title='bbox 836 770 869 791; x_wconf 85' lang='lat' dir='ltr'>ex</span> <span class='ocrx_word' id='word_1_128' title='bbox 882 768 981 790; x_wconf 84' lang='lat' dir='ltr'>earum</span> <span class='ocrx_word' id='word_1_129' title='bbox 1001 758 1167 789; x_wconf 88' lang='lat' dir='ltr'>Tenoribus</span> <span class='ocrx_word' id='word_1_130' title='bbox 1187 757 1244 788; x_wconf 86' lang='lat' dir='ltr'>cla-</span> 
     </span>
     <span class='ocr_line' id='line_1_17' title="bbox 186 803 685 843; baseline -0.01 -8"><span class='ocrx_word' id='word_1_131' title='bbox 186 805 243 835; x_wconf 79' lang='lat' dir='ltr'>rius</span> <span class='ocrx_word' id='word_1_132' title='bbox 255 805 361 843; x_wconf 84' lang='lat' dir='ltr'>liquere</span> <span class='ocrx_word' id='word_1_133' title='bbox 373 803 475 841; x_wconf 82' lang='lat' dir='ltr'>poterit</span> <span class='ocrx_word' id='word_1_134' title='bbox 488 803 518 832; x_wconf 92' lang='lat' dir='ltr'>in</span> <span class='ocrx_word' id='word_1_135' title='bbox 530 810 666 832; x_wconf 87' lang='lat' dir='ltr'>eventum</span> <span class='ocrx_word' id='word_1_136' title='bbox 675 822 685 838; x_wconf 90' lang='lat'>,</span> 
     </span>
    </p>

    <p class='ocr_par' dir='ltr' id='par_1_8' title="bbox 220 843 306 880">
     <span class='ocr_line' id='line_1_18' title="bbox 220 843 306 880; baseline -0.012 -6"><span class='ocrx_word' id='word_1_137' title='bbox 220 843 306 880; x_wconf 88' lang='lat' dir='ltr'>Nos,</span> 
     </span>
    </p>

    <p class='ocr_par' dir='ltr' id='par_1_9' title="bbox 181 873 1249 1029">
     <span class='ocr_line' id='line_1_19' title="bbox 220 873 1247 919; baseline -0.009 -7"><span class='ocrx_word' id='word_1_138' title='bbox 220 881 280 919; x_wconf 87' lang='lat' dir='ltr'>Ipsa</span> <span class='ocrx_word' id='word_1_139' title='bbox 300 881 382 912; x_wconf 82' lang='lat' dir='ltr'>Pacis</span> <span class='ocrx_word' id='word_1_140' title='bbox 398 880 442 910; x_wconf 86' lang='lat' dir='ltr'>seu</span> <span class='ocrx_word' id='word_1_141' title='bbox 464 879 645 918; x_wconf 88' lang='lat' dir='ltr'>Treugarum</span> <span class='ocrx_word' id='word_1_142' title='bbox 669 876 806 914; x_wconf 86' lang='lat' dir='ltr'>Foedera,</span> <span class='ocrx_word' id='word_1_143' title='bbox 825 874 1111 918; x_wconf 26' lang='lat' dir='ltr'>quantumjnnnobis</span> <span class='ocrx_word' id='word_1_144' title='bbox 1123 873 1181 912; x_wconf 81' lang='lat' dir='ltr'>est,</span> <span class='ocrx_word' id='word_1_145' title='bbox 1202 874 1247 904; x_wconf 88' lang='lat' dir='ltr'>in·-</span> 
     </span>
     <span class='ocr_line' id='line_1_20' title="bbox 181 912 1247 954; baseline -0.009 -2"><span class='ocrx_word' id='word_1_146' title='bbox 181 921 287 952; x_wconf 82' lang='lat' dir='ltr'>violata</span> <span class='ocrx_word' id='word_1_147' title='bbox 301 920 451 951; x_wconf 80' lang='lat' dir='ltr'>&amp;illibata</span> <span class='ocrx_word' id='word_1_148' title='bbox 466 918 606 949; x_wconf 81' lang='lat' dir='ltr'>observari</span> <span class='ocrx_word' id='word_1_149' title='bbox 622 918 785 954; x_wconf 80' lang='lat' dir='ltr'>cupientes,</span> <span class='ocrx_word' id='word_1_150' title='bbox 803 925 836 945; x_wconf 87' lang='lat' dir='ltr'>ac</span> <span class='ocrx_word' id='word_1_151' title='bbox 859 913 998 952; x_wconf 85' lang='lat' dir='ltr'>quicquid</span> <span class='ocrx_word' id='word_1_152' title='bbox 1019 922 1048 942; x_wconf 89' lang='lat' dir='ltr'>in</span> <span class='ocrx_word' id='word_1_153' title='bbox 1070 912 1247 944; x_wconf 85' lang='lat' dir='ltr'>contrarium</span> 
     </span>
     <span class='ocr_line' id='line_1_21' title="bbox 185 950 1249 998; baseline -0.01 -7"><span class='ocrx_word' id='word_1_154' title='bbox 185 960 285 991; x_wconf 59' lang='lat' dir='ltr'>aetum</span> <span class='ocrx_word' id='word_1_155' title='bbox 307 958 363 998; x_wconf 87' lang='lat' dir='ltr'>est,</span> <span class='ocrx_word' id='word_1_156' title='bbox 382 966 429 989; x_wconf 87' lang='lat' dir='ltr'>aut</span> <span class='ocrx_word' id='word_1_157' title='bbox 450 957 501 987; x_wconf 86' lang='lat' dir='ltr'>fuit</span> <span class='ocrx_word' id='word_1_158' title='bbox 511 980 520 995; x_wconf 88' lang='lat'>,</span> <span class='ocrx_word' id='word_1_159' title='bbox 536 956 611 987; x_wconf 89' lang='lat' dir='ltr'>ultro</span> <span class='ocrx_word' id='word_1_160' title='bbox 632 956 778 993; x_wconf 86' lang='lat' dir='ltr'>citroque,</span> <span class='ocrx_word' id='word_1_161' title='bbox 793 953 887 983; x_wconf 89' lang='lat' dir='ltr'>debita</span> <span class='ocrx_word' id='word_1_162' title='bbox 900 961 970 983; x_wconf 90' lang='lat' dir='ltr'>cum</span> <span class='ocrx_word' id='word_1_163' title='bbox 986 950 1127 982; x_wconf 84' lang='lat' dir='ltr'>celeritate</span> <span class='ocrx_word' id='word_1_164' title='bbox 1140 950 1249 982; x_wconf 85' lang='lat' dir='ltr'>Refor-</span> 
     </span>
     <span class='ocr_line' id='line_1_22' title="bbox 183 1008 252 1029; baseline -0.014 0"><span class='ocrx_word' id='word_1_165' title='bbox 183 1008 252 1029; x_wconf 83' lang='lat' dir='ltr'>mari</span> 
     </span>
    </p>

    <p class='ocr_par' dir='ltr' id='par_1_10' title="bbox 185 1022 1252 1151">
     <span class='ocr_line' id='line_1_23' title="bbox 227 1022 1251 1072; baseline -0.008 -5"><span class='ocrx_word' id='word_1_166' title='bbox 227 1022 276 1067; x_wconf 67' lang='lat' dir='ltr'>D}</span> <span class='ocrx_word' id='word_1_167' title='bbox 290 1036 450 1072; x_wconf 54' lang='lat' dir='ltr'>Fidenate,</span> <span class='ocrx_word' id='word_1_168' title='bbox 467 1033 750 1070; x_wconf 63' lang='lat' dir='ltr'>circumspectione,</span> <span class='ocrx_word' id='word_1_169' title='bbox 769 1031 802 1062; x_wconf 57' lang='grc' dir='ltr'>ὃς</span> <span class='ocrx_word' id='word_1_170' title='bbox 815 1027 972 1066; x_wconf 63' lang='lat' dir='ltr'>Industria,</span> <span class='ocrx_word' id='word_1_171' title='bbox 991 1027 1100 1059; x_wconf 70' lang='lat' dir='ltr'>Dileffl</span> <span class='ocrx_word' id='word_1_172' title='bbox 1114 1029 1148 1060; x_wconf 84' lang='lat'>&amp;</span> <span class='ocrx_word' id='word_1_173' title='bbox 1168 1028 1251 1059; x_wconf 67' lang='lat' dir='ltr'>Fide-</span> 
     </span>
     <span class='ocr_line' id='line_1_24' title="bbox 187 1066 1252 1113; baseline -0.008 -7"><span class='ocrx_word' id='word_1_174' title='bbox 187 1075 219 1106; x_wconf 87' lang='lat' dir='ltr'>lis</span> <span class='ocrx_word' id='word_1_175' title='bbox 240 1075 346 1113; x_wconf 88' lang='lat' dir='ltr'>nostri,</span> <span class='ocrx_word' id='word_1_176' title='bbox 366 1074 482 1104; x_wconf 75' lang='lat' dir='ltr'>Rolandi</span> <span class='ocrx_word' id='word_1_177' title='bbox 504 1072 622 1101; x_wconf 79' lang='lat' dir='ltr'>Lentule</span> <span class='ocrx_word' id='word_1_178' title='bbox 643 1070 765 1108; x_wconf 84' lang='lat' dir='ltr'>Militis,</span> <span class='ocrx_word' id='word_1_179' title='bbox 782 1079 815 1099; x_wconf 92' lang='lat' dir='ltr'>ac</span> <span class='ocrx_word' id='word_1_180' title='bbox 838 1067 970 1108; x_wconf 84' lang='lat' dir='ltr'>Magistri</span> <span class='ocrx_word' id='word_1_181' title='bbox 981 1066 1122 1106; x_wconf 85' lang='lat' dir='ltr'>Johannis</span> <span class='ocrx_word' id='word_1_182' title='bbox 1136 1067 1252 1098; x_wconf 85' lang='lat' dir='ltr'>Holand</span> 
     </span>
     <span class='ocr_line' id='line_1_25' title="bbox 185 1107 914 1151; baseline -0.011 -6"><span class='ocrx_word' id='word_1_183' title='bbox 185 1114 330 1151; x_wconf 87' lang='lat' dir='ltr'>utriusque</span> <span class='ocrx_word' id='word_1_184' title='bbox 341 1112 416 1151; x_wconf 77' lang='lat' dir='ltr'>juris</span> <span class='ocrx_word' id='word_1_185' title='bbox 430 1112 585 1147; x_wconf 70' lang='lat' dir='ltr'>DoCtoris,</span> <span class='ocrx_word' id='word_1_186' title='bbox 602 1109 712 1148; x_wconf 77' lang='lat' dir='ltr'>plenius</span> <span class='ocrx_word' id='word_1_187' title='bbox 723 1107 897 1139; x_wconf 83' lang='lat' dir='ltr'>confidentes</span> <span class='ocrx_word' id='word_1_188' title='bbox 905 1131 914 1145; x_wconf 93' lang='lat'>,</span> 
     </span>
    </p>

    <p class='ocr_par' dir='ltr' id='par_1_11' title="bbox 188 1145 1252 1377">
     <span class='ocr_line' id='line_1_26' title="bbox 228 1145 1250 1183; baseline -0.008 0"><span class='ocrx_word' id='word_1_189' title='bbox 228 1152 273 1183; x_wconf 81' lang='lat' dir='ltr'>Ad</span> <span class='ocrx_word' id='word_1_190' title='bbox 286 1151 531 1182; x_wconf 88' lang='lat' dir='ltr'>Conveniendum</span> <span class='ocrx_word' id='word_1_191' title='bbox 544 1159 613 1179; x_wconf 89' lang='lat' dir='ltr'>cum</span> <span class='ocrx_word' id='word_1_192' title='bbox 628 1147 881 1179; x_wconf 82' lang='lat' dir='ltr'>Ambaffiatoribus</span> <span class='ocrx_word' id='word_1_193' title='bbox 896 1148 929 1178; x_wconf 68' lang='grc' dir='ltr'>ὃ(</span> <span class='ocrx_word' id='word_1_194' title='bbox 945 1145 1153 1176; x_wconf 81' lang='lat' dir='ltr'>Commissariis</span> <span class='ocrx_word' id='word_1_195' title='bbox 1176 1155 1250 1183; x_wconf 78' lang='lat' dir='ltr'>prae-</span> 
     </span>
     <span class='ocr_line' id='line_1_27' title="bbox 188 1184 1250 1228; baseline -0.007 -7"><span class='ocrx_word' id='word_1_196' title='bbox 188 1190 314 1222; x_wconf 81' lang='lat' dir='ltr'>fatorum</span> <span class='ocrx_word' id='word_1_197' title='bbox 325 1194 432 1228; x_wconf 76' lang='lat' dir='ltr'>Reginae</span> <span class='ocrx_word' id='word_1_198' title='bbox 446 1190 478 1220; x_wconf 90' lang='lat'>&amp;</span> <span class='ocrx_word' id='word_1_199' title='bbox 496 1189 653 1226; x_wconf 83' lang='lat' dir='ltr'>Lodowici,</span> <span class='ocrx_word' id='word_1_200' title='bbox 669 1188 700 1218; x_wconf 88' lang='lat' dir='ltr'>in</span> <span class='ocrx_word' id='word_1_201' title='bbox 716 1195 900 1225; x_wconf 84' lang='lat' dir='ltr'>quocumque</span> <span class='ocrx_word' id='word_1_202' title='bbox 914 1184 1000 1215; x_wconf 92' lang='lat' dir='ltr'>Loco</span> <span class='ocrx_word' id='word_1_203' title='bbox 1021 1188 1035 1200; x_wconf 79' lang='lat'>‘</span> <span class='ocrx_word' id='word_1_204' title='bbox 1055 1185 1089 1215; x_wconf 89' lang='lat' dir='ltr'>ad</span> <span class='ocrx_word' id='word_1_205' title='bbox 1103 1184 1161 1214; x_wconf 90' lang='lat' dir='ltr'>hoc</span> <span class='ocrx_word' id='word_1_206' title='bbox 1182 1193 1250 1222; x_wconf 87' lang='lat' dir='ltr'>apto</span> 
     </span>
     <span class='ocr_line' id='line_1_28' title="bbox 189 1223 1251 1267; baseline -0.008 -6"><span class='ocrx_word' id='word_1_207' title='bbox 189 1231 224 1261; x_wconf 75' lang='grc' dir='ltr'>δε</span> <span class='ocrx_word' id='word_1_208' title='bbox 244 1239 377 1266; x_wconf 82' lang='lat' dir='ltr'>congruo</span> <span class='ocrx_word' id='word_1_209' title='bbox 391 1251 400 1267; x_wconf 92' lang='lat'>,</span> <span class='ocrx_word' id='word_1_210' title='bbox 421 1228 661 1265; x_wconf 82' lang='lat' dir='ltr'>Audiendumque</span> <span class='ocrx_word' id='word_1_211' title='bbox 676 1224 917 1256; x_wconf 86' lang='lat' dir='ltr'>Ambaffiatorum</span> <span class='ocrx_word' id='word_1_212' title='bbox 929 1248 939 1261; x_wconf 93' lang='lat'>,</span> <span class='ocrx_word' id='word_1_213' title='bbox 960 1223 1251 1261; x_wconf 78' lang='lat' dir='ltr'>Commissariorum,</span> 
     </span>
     <span class='ocr_line' id='line_1_29' title="bbox 190 1261 1252 1306; baseline -0.007 -7"><span class='ocrx_word' id='word_1_214' title='bbox 190 1269 431 1306; x_wconf 82' lang='lat' dir='ltr'>Procuratorum,</span> <span class='ocrx_word' id='word_1_215' title='bbox 449 1268 505 1298; x_wconf 93' lang='lat' dir='ltr'>five</span> <span class='ocrx_word' id='word_1_216' title='bbox 524 1266 714 1297; x_wconf 89' lang='lat' dir='ltr'>Nunciorum</span> <span class='ocrx_word' id='word_1_217' title='bbox 735 1263 898 1303; x_wconf 86' lang='lat' dir='ltr'>hujusmodi</span> <span class='ocrx_word' id='word_1_218' title='bbox 910 1262 1096 1293; x_wconf 82' lang='lat' dir='ltr'>Voluntatem</span> <span class='ocrx_word' id='word_1_219' title='bbox 1111 1261 1147 1292; x_wconf 92' lang='lat' dir='ltr'>de</span> <span class='ocrx_word' id='word_1_220' title='bbox 1159 1263 1192 1293; x_wconf 89' lang='lat'>&amp;</span> <span class='ocrx_word' id='word_1_221' title='bbox 1208 1261 1252 1292; x_wconf 88' lang='lat' dir='ltr'>su-</span> 
     </span>
     <span class='ocr_line' id='line_1_30' title="bbox 189 1300 1251 1346; baseline -0.007 -8"><span class='ocrx_word' id='word_1_222' title='bbox 189 1318 239 1346; x_wconf 87' lang='lat' dir='ltr'>per</span> <span class='ocrx_word' id='word_1_223' title='bbox 253 1307 389 1337; x_wconf 85' lang='lat' dir='ltr'>omnibus</span> <span class='ocrx_word' id='word_1_224' title='bbox 401 1308 434 1338; x_wconf 87' lang='lat'>&amp;</span> <span class='ocrx_word' id='word_1_225' title='bbox 451 1305 579 1345; x_wconf 76' lang='lat' dir='ltr'>finguliS,</span> <span class='ocrx_word' id='word_1_226' title='bbox 597 1305 776 1342; x_wconf 76' lang='lat' dir='ltr'>praefatarum</span> <span class='ocrx_word' id='word_1_227' title='bbox 791 1302 971 1338; x_wconf 86' lang='lat' dir='ltr'>Treugarum</span> <span class='ocrx_word' id='word_1_228' title='bbox 989 1301 1044 1332; x_wconf 86' lang='lat' dir='ltr'>five</span> <span class='ocrx_word' id='word_1_229' title='bbox 1060 1300 1251 1332; x_wconf 82' lang='lat' dir='ltr'>Abstinentia-</span> 
     </span>
     <span class='ocr_line' id='line_1_31' title="bbox 190 1340 1075 1377; baseline -0.009 0"><span class='ocrx_word' id='word_1_230' title='bbox 190 1354 253 1377; x_wconf 82' lang='lat' dir='ltr'>rum</span> <span class='ocrx_word' id='word_1_231' title='bbox 268 1345 393 1376; x_wconf 83' lang='lat' dir='ltr'>debitam</span> <span class='ocrx_word' id='word_1_232' title='bbox 409 1346 444 1377; x_wconf 88' lang='lat'>&amp;</span> <span class='ocrx_word' id='word_1_233' title='bbox 458 1343 571 1374; x_wconf 78' lang='lat' dir='ltr'>fidelem</span> <span class='ocrx_word' id='word_1_234' title='bbox 584 1342 802 1374; x_wconf 85' lang='lat' dir='ltr'>Observantiam</span> <span class='ocrx_word' id='word_1_235' title='bbox 818 1340 1075 1377; x_wconf 84' lang='lat' dir='ltr'>concernentibus,</span> 
     </span>
    </p>

    <p class='ocr_par' dir='ltr' id='par_1_12' title="bbox 188 1377 1256 1570">
     <span class='ocr_line' id='line_1_32' title="bbox 227 1377 1253 1415; baseline -0.006 0"><span class='ocrx_word' id='word_1_236' title='bbox 227 1385 356 1415; x_wconf 84' lang='lat' dir='ltr'>Necnon</span> <span class='ocrx_word' id='word_1_237' title='bbox 377 1383 411 1414; x_wconf 90' lang='lat' dir='ltr'>ad</span> <span class='ocrx_word' id='word_1_238' title='bbox 431 1381 626 1414; x_wconf 65' lang='lat' dir='ltr'>Traeiandum</span> <span class='ocrx_word' id='word_1_239' title='bbox 650 1382 684 1412; x_wconf 89' lang='lat'>&amp;</span> <span class='ocrx_word' id='word_1_240' title='bbox 707 1379 995 1412; x_wconf 77' lang='lat' dir='ltr'>communicandum</span> <span class='ocrx_word' id='word_1_241' title='bbox 1017 1388 1085 1409; x_wconf 89' lang='lat' dir='ltr'>cum</span> <span class='ocrx_word' id='word_1_242' title='bbox 1101 1378 1203 1408; x_wconf 88' lang='lat' dir='ltr'>eisdem</span> <span class='ocrx_word' id='word_1_243' title='bbox 1216 1377 1253 1409; x_wconf 88' lang='lat' dir='ltr'>de</span> 
     </span>
     <span class='ocr_line' id='line_1_33' title="bbox 188 1417 1252 1461; baseline -0.008 -6"><span class='ocrx_word' id='word_1_244' title='bbox 188 1426 222 1455; x_wconf 83' lang='lat'>&amp;</span> <span class='ocrx_word' id='word_1_245' title='bbox 247 1424 327 1461; x_wconf 80' lang='lat' dir='ltr'>super</span> <span class='ocrx_word' id='word_1_246' title='bbox 345 1423 482 1453; x_wconf 89' lang='lat' dir='ltr'>omnibus</span> <span class='ocrx_word' id='word_1_247' title='bbox 507 1422 540 1452; x_wconf 87' lang='lat'>&amp;</span> <span class='ocrx_word' id='word_1_248' title='bbox 562 1420 693 1459; x_wconf 75' lang='lat' dir='ltr'>singulis,</span> <span class='ocrx_word' id='word_1_249' title='bbox 719 1419 932 1450; x_wconf 85' lang='lat' dir='ltr'>Liberationem</span> <span class='ocrx_word' id='word_1_250' title='bbox 952 1417 1195 1448; x_wconf 88' lang='lat' dir='ltr'>Incarceratorum</span> <span class='ocrx_word' id='word_1_251' title='bbox 1219 1427 1252 1447; x_wconf 85' lang='lat' dir='ltr'>u-</span> 
     </span>
     <span class='ocr_line' id='line_1_34' title="bbox 188 1456 1253 1501; baseline -0.008 -7"><span class='ocrx_word' id='word_1_252' title='bbox 188 1462 311 1501; x_wconf 82' lang='lat' dir='ltr'>triusque</span> <span class='ocrx_word' id='word_1_253' title='bbox 335 1461 461 1492; x_wconf 82' lang='lat' dir='ltr'>Partium</span> <span class='ocrx_word' id='word_1_254' title='bbox 483 1459 699 1499; x_wconf 67' lang='lat' dir='ltr'>praedietarum,</span> <span class='ocrx_word' id='word_1_255' title='bbox 716 1468 749 1489; x_wconf 85' lang='lat' dir='ltr'>ac</span> <span class='ocrx_word' id='word_1_256' title='bbox 770 1457 991 1495; x_wconf 83' lang='lat' dir='ltr'>Reparationem</span> <span class='ocrx_word' id='word_1_257' title='bbox 1009 1456 1253 1494; x_wconf 87' lang='lat' dir='ltr'>Attemptatorum</span> 
     </span>
     <span class='ocr_line' id='line_1_35' title="bbox 191 1495 1256 1539; baseline -0.008 -7"><span class='ocrx_word' id='word_1_258' title='bbox 191 1503 268 1532; x_wconf 85' lang='lat' dir='ltr'>circa</span> <span class='ocrx_word' id='word_1_259' title='bbox 289 1500 412 1539; x_wconf 78' lang='lat' dir='ltr'>praefatas</span> <span class='ocrx_word' id='word_1_260' title='bbox 437 1498 568 1536; x_wconf 88' lang='lat' dir='ltr'>Treugas</span> <span class='ocrx_word' id='word_1_261' title='bbox 589 1498 621 1529; x_wconf 90' lang='lat'>&amp;</span> <span class='ocrx_word' id='word_1_262' title='bbox 644 1496 851 1534; x_wconf 87' lang='lat' dir='ltr'>Abstinentias,</span> <span class='ocrx_word' id='word_1_263' title='bbox 869 1495 1114 1534; x_wconf 75' lang='lat' dir='ltr'>qualitercumque</span> <span class='ocrx_word' id='word_1_264' title='bbox 1134 1504 1256 1525; x_wconf 88' lang='lat' dir='ltr'>concer-</span> 
     </span>
     <span class='ocr_line' id='line_1_36' title="bbox 191 1541 325 1570; baseline -0.007 0"><span class='ocrx_word' id='word_1_265' title='bbox 191 1541 325 1570; x_wconf 83' lang='lat' dir='ltr'>nentibus</span> 
     </span>
    </p>

    <p class='ocr_par' dir='ltr' id='par_1_13' title="bbox 192 1562 1256 1694">
     <span class='ocr_line' id='line_1_37' title="bbox 230 1562 1254 1615; baseline -0.007 -6"><span class='ocrx_word' id='word_1_266' title='bbox 230 1578 267 1609; x_wconf 90' lang='lat' dir='ltr'>Et</span> <span class='ocrx_word' id='word_1_267' title='bbox 282 1562 526 1615; x_wconf 70' lang='lat' dir='ltr'>Att&#39;emptatorum</span> <span class='ocrx_word' id='word_1_268' title='bbox 541 1573 702 1613; x_wconf 85' lang='lat' dir='ltr'>hujusmodi</span> <span class='ocrx_word' id='word_1_269' title='bbox 717 1572 940 1604; x_wconf 66' lang='lat' dir='ltr'>Correfticnem</span> <span class='ocrx_word' id='word_1_270' title='bbox 950 1596 960 1612; x_wconf 91' lang='lat'>,</span> <span class='ocrx_word' id='word_1_271' title='bbox 975 1572 1159 1603; x_wconf 85' lang='lat' dir='ltr'>Punitionem</span> <span class='ocrx_word' id='word_1_272' title='bbox 1193 1571 1254 1602; x_wconf 90' lang='lat' dir='ltr'>Re-</span> 
     </span>
     <span class='ocr_line' id='line_1_38' title="bbox 192 1611 1256 1655; baseline -0.007 -7"><span class='ocrx_word' id='word_1_273' title='bbox 192 1619 386 1655; x_wconf 85' lang='lat' dir='ltr'>parationem,</span> <span class='ocrx_word' id='word_1_274' title='bbox 401 1617 435 1647; x_wconf 87' lang='lat'>&amp;</span> <span class='ocrx_word' id='word_1_275' title='bbox 459 1615 710 1646; x_wconf 75' lang='lat' dir='ltr'>Reformationem</span> <span class='ocrx_word' id='word_1_276' title='bbox 734 1612 931 1649; x_wconf 84' lang='lat' dir='ltr'>Faciendum,</span> <span class='ocrx_word' id='word_1_277' title='bbox 952 1613 985 1643; x_wconf 70' lang='grc' dir='ltr'>δε</span> <span class='ocrx_word' id='word_1_278' title='bbox 1009 1621 1052 1642; x_wconf 79' lang='lat' dir='ltr'>eas</span> <span class='ocrx_word' id='word_1_279' title='bbox 1073 1611 1130 1641; x_wconf 82' lang='lat' dir='ltr'>fieri</span> <span class='ocrx_word' id='word_1_280' title='bbox 1177 1619 1256 1642; x_wconf 85' lang='lat' dir='ltr'>eten-</span> 
     </span>
     <span class='ocr_line' id='line_1_39' title="bbox 192 1650 1027 1694; baseline -0.008 -7"><span class='ocrx_word' id='word_1_281' title='bbox 192 1656 262 1687; x_wconf 89' lang='lat' dir='ltr'>dum</span> <span class='ocrx_word' id='word_1_282' title='bbox 274 1680 283 1694; x_wconf 91' lang='lat'>,</span> <span class='ocrx_word' id='word_1_283' title='bbox 302 1654 538 1694; x_wconf 84' lang='lat' dir='ltr'>Requirendum,</span> <span class='ocrx_word' id='word_1_284' title='bbox 557 1654 589 1684; x_wconf 65' lang='grc' dir='ltr'>ὅτ</span> <span class='ocrx_word' id='word_1_285' title='bbox 603 1662 672 1683; x_wconf 89' lang='lat' dir='ltr'>cum</span> <span class='ocrx_word' id='word_1_286' title='bbox 688 1651 795 1682; x_wconf 63' lang='lat' dir='ltr'>effee’tu</span> <span class='ocrx_word' id='word_1_287' title='bbox 807 1650 1007 1689; x_wconf 75' lang='lat' dir='ltr'>optinendum</span> <span class='ocrx_word' id='word_1_288' title='bbox 1017 1675 1027 1688; x_wconf 94' lang='lat'>,</span> 
     </span>
    </p>

    <p class='ocr_par' dir='ltr' id='par_1_14' title="bbox 191 1688 1258 1966">
     <span class='ocr_line' id='line_1_40' title="bbox 230 1688 1257 1732; baseline -0.007 -7"><span class='ocrx_word' id='word_1_289' title='bbox 230 1695 274 1725; x_wconf 76' lang='lat' dir='ltr'>Ac</span> <span class='ocrx_word' id='word_1_290' title='bbox 288 1693 429 1732; x_wconf 88' lang='lat' dir='ltr'>utriusque</span> <span class='ocrx_word' id='word_1_291' title='bbox 443 1693 530 1723; x_wconf 87' lang='lat' dir='ltr'>Partis</span> <span class='ocrx_word' id='word_1_292' title='bbox 540 1692 676 1730; x_wconf 81' lang='lat' dir='ltr'>Qierelas</span> <span class='ocrx_word' id='word_1_293' title='bbox 686 1713 696 1729; x_wconf 87' lang='lat'>,</span> <span class='ocrx_word' id='word_1_294' title='bbox 715 1690 790 1721; x_wconf 91' lang='lat' dir='ltr'>ultro</span> <span class='ocrx_word' id='word_1_295' title='bbox 805 1691 934 1728; x_wconf 89' lang='lat' dir='ltr'>citroque</span> <span class='ocrx_word' id='word_1_296' title='bbox 946 1699 1000 1727; x_wconf 89' lang='lat' dir='ltr'>pro</span> <span class='ocrx_word' id='word_1_297' title='bbox 1009 1688 1118 1727; x_wconf 57' lang='lat' dir='ltr'>aofitas,</span> <span class='ocrx_word' id='word_1_298' title='bbox 1135 1688 1180 1719; x_wconf 90' lang='lat' dir='ltr'>seu</span> <span class='ocrx_word' id='word_1_299' title='bbox 1191 1698 1257 1727; x_wconf 86' lang='lat' dir='ltr'>pro—</span> 
     </span>
     <span class='ocr_line' id='line_1_41' title="bbox 191 1727 1256 1773; baseline -0.006 -10"><span class='ocrx_word' id='word_1_300' title='bbox 191 1732 352 1773; x_wconf 76' lang='lat' dir='ltr'>ponendas,</span> <span class='ocrx_word' id='word_1_301' title='bbox 370 1742 438 1763; x_wconf 90' lang='lat' dir='ltr'>cum</span> <span class='ocrx_word' id='word_1_302' title='bbox 453 1730 504 1762; x_wconf 81' lang='lat' dir='ltr'>suis</span> <span class='ocrx_word' id='word_1_303' title='bbox 518 1730 752 1769; x_wconf 84' lang='lat' dir='ltr'>Emergentibus,</span> <span class='ocrx_word' id='word_1_304' title='bbox 772 1728 984 1767; x_wconf 73' lang='lat' dir='ltr'>Incidentibus,</span> <span class='ocrx_word' id='word_1_305' title='bbox 1038 1727 1256 1767; x_wconf 79' lang='lat' dir='ltr'>ependentibus,</span> 
     </span>
     <span class='ocr_line' id='line_1_42' title="bbox 191 1766 1256 1810; baseline -0.007 -7"><span class='ocrx_word' id='word_1_306' title='bbox 191 1775 224 1804; x_wconf 67' lang='grc' dir='ltr'>ὃ(</span> <span class='ocrx_word' id='word_1_307' title='bbox 241 1771 404 1810; x_wconf 81' lang='lat' dir='ltr'>Connexis,</span> <span class='ocrx_word' id='word_1_308' title='bbox 424 1769 608 1801; x_wconf 86' lang='lat' dir='ltr'>Audiendum</span> <span class='ocrx_word' id='word_1_309' title='bbox 619 1770 653 1800; x_wconf 89' lang='lat'>&amp;</span> <span class='ocrx_word' id='word_1_310' title='bbox 670 1767 896 1798; x_wconf 79' lang='lat' dir='ltr'>Examinandum</span> <span class='ocrx_word' id='word_1_311' title='bbox 907 1791 916 1805; x_wconf 84' lang='lat'>,</span> <span class='ocrx_word' id='word_1_312' title='bbox 933 1777 966 1797; x_wconf 80' lang='lat' dir='ltr'>ac</span> <span class='ocrx_word' id='word_1_313' title='bbox 983 1767 1038 1797; x_wconf 86' lang='lat' dir='ltr'>fine</span> <span class='ocrx_word' id='word_1_314' title='bbox 1059 1767 1158 1798; x_wconf 80' lang='lat' dir='ltr'>debito</span> <span class='ocrx_word' id='word_1_315' title='bbox 1180 1766 1256 1797; x_wconf 89' lang='lat' dir='ltr'>Ter—</span> 
     </span>
     <span class='ocr_line' id='line_1_43' title="bbox 192 1805 1256 1848; baseline -0.005 -7"><span class='ocrx_word' id='word_1_316' title='bbox 192 1811 380 1848; x_wconf 77' lang='lat' dir='ltr'>minandum,</span> <span class='ocrx_word' id='word_1_317' title='bbox 399 1810 568 1846; x_wconf 78' lang='lat' dir='ltr'>summarie,</span> <span class='ocrx_word' id='word_1_318' title='bbox 588 1807 764 1846; x_wconf 83' lang='lat' dir='ltr'>simpliciter,</span> <span class='ocrx_word' id='word_1_319' title='bbox 782 1808 816 1838; x_wconf 90' lang='lat'>&amp;</span> <span class='ocrx_word' id='word_1_320' title='bbox 834 1806 871 1836; x_wconf 89' lang='lat' dir='ltr'>de</span> <span class='ocrx_word' id='word_1_321' title='bbox 887 1807 990 1845; x_wconf 83' lang='lat' dir='ltr'>plano,</span> <span class='ocrx_word' id='word_1_322' title='bbox 1008 1805 1064 1836; x_wconf 93' lang='lat' dir='ltr'>fine</span> <span class='ocrx_word' id='word_1_323' title='bbox 1086 1805 1201 1844; x_wconf 84' lang='lat' dir='ltr'>strepitu</span> <span class='ocrx_word' id='word_1_324' title='bbox 1222 1806 1256 1836; x_wconf 76' lang='grc' dir='ltr'>δε</span> 
     </span>
     <span class='ocr_line' id='line_1_44' title="bbox 192 1845 1256 1889; baseline -0.006 -9"><span class='ocrx_word' id='word_1_325' title='bbox 192 1849 278 1889; x_wconf 79' lang='lat' dir='ltr'>figura</span> <span class='ocrx_word' id='word_1_326' title='bbox 297 1848 418 1887; x_wconf 89' lang='lat' dir='ltr'>Judicii,</span> <span class='ocrx_word' id='word_1_327' title='bbox 439 1847 574 1887; x_wconf 88' lang='lat' dir='ltr'>legalibus</span> <span class='ocrx_word' id='word_1_328' title='bbox 592 1847 756 1883; x_wconf 88' lang='lat' dir='ltr'>Terminis,</span> <span class='ocrx_word' id='word_1_329' title='bbox 772 1845 792 1876; x_wconf 90' lang='lat' dir='ltr'>fi</span> <span class='ocrx_word' id='word_1_330' title='bbox 815 1847 852 1875; x_wconf 89' lang='lat' dir='ltr'>eis</span> <span class='ocrx_word' id='word_1_331' title='bbox 876 1846 1006 1883; x_wconf 61' lang='lat' dir='ltr'>expedire</span> <span class='ocrx_word' id='word_1_332' title='bbox 1021 1845 1176 1883; x_wconf 74' lang='lat' dir='ltr'>videbitur,</span> <span class='ocrx_word' id='word_1_333' title='bbox 1195 1853 1256 1875; x_wconf 91' lang='lat' dir='ltr'>non</span> 
     </span>
     <span class='ocr_line' id='line_1_45' title="bbox 191 1884 1258 1924; baseline -0.004 -6"><span class='ocrx_word' id='word_1_334' title='bbox 191 1889 318 1924; x_wconf 78' lang='lat' dir='ltr'>servatis,</span> <span class='ocrx_word' id='word_1_335' title='bbox 337 1897 383 1918; x_wconf 90' lang='lat' dir='ltr'>aut</span> <span class='ocrx_word' id='word_1_336' title='bbox 398 1888 480 1924; x_wconf 70' lang='lat' dir='ltr'>alias,</span> <span class='ocrx_word' id='word_1_337' title='bbox 497 1886 534 1916; x_wconf 85' lang='lat' dir='ltr'>de</span> <span class='ocrx_word' id='word_1_338' title='bbox 550 1885 697 1916; x_wconf 86' lang='lat' dir='ltr'>Consensu</span> <span class='ocrx_word' id='word_1_339' title='bbox 714 1885 860 1922; x_wconf 81' lang='lat' dir='ltr'>Partium,</span> <span class='ocrx_word' id='word_1_340' title='bbox 878 1884 983 1915; x_wconf 78' lang='lat' dir='ltr'>reciffis</span> <span class='ocrx_word' id='word_1_341' title='bbox 998 1893 1044 1915; x_wconf 90' lang='lat' dir='ltr'>aut</span> <span class='ocrx_word' id='word_1_342' title='bbox 1059 1884 1258 1922; x_wconf 62' lang='lat' dir='ltr'>abbreviatis,</span> 
     </span>
     <span class='ocr_line' id='line_1_46' title="bbox 194 1926 625 1966; baseline -0.009 -8"><span class='ocrx_word' id='word_1_343' title='bbox 194 1926 318 1966; x_wconf 67' lang='lat' dir='ltr'>inspec‘tfi</span> <span class='ocrx_word' id='word_1_344' title='bbox 332 1926 388 1956; x_wconf 71' lang='lat' dir='ltr'>solii</span> <span class='ocrx_word' id='word_1_345' title='bbox 404 1926 481 1956; x_wconf 61' lang='lat' dir='ltr'>Facit</span> <span class='ocrx_word' id='word_1_346' title='bbox 496 1926 625 1963; x_wconf 82' lang='lat' dir='ltr'>veritate,</span> 
     </span>
    </p>

    <p class='ocr_par' dir='ltr' id='par_1_15' title="bbox 192 1960 1260 2082">
     <span class='ocr_line' id='line_1_47' title="bbox 229 1960 1260 2001; baseline -0.006 -5"><span class='ocrx_word' id='word_1_347' title='bbox 229 1966 360 1996; x_wconf 86' lang='lat' dir='ltr'>Necnon</span> <span class='ocrx_word' id='word_1_348' title='bbox 374 1964 410 1995; x_wconf 88' lang='lat' dir='ltr'>ad</span> <span class='ocrx_word' id='word_1_349' title='bbox 427 1963 675 2000; x_wconf 89' lang='lat' dir='ltr'>Concedendum,</span> <span class='ocrx_word' id='word_1_350' title='bbox 693 1960 869 1998; x_wconf 85' lang='lat' dir='ltr'>Petendum,</span> <span class='ocrx_word' id='word_1_351' title='bbox 887 1963 920 1993; x_wconf 69' lang='grc' dir='ltr'>δε</span> <span class='ocrx_word' id='word_1_352' title='bbox 930 1960 1132 2001; x_wconf 83' lang='lat' dir='ltr'>Optinendum</span> <span class='ocrx_word' id='word_1_353' title='bbox 1146 1960 1260 1997; x_wconf 80' lang='lat' dir='ltr'>quibus-</span> 
     </span>
     <span class='ocr_line' id='line_1_48' title="bbox 193 1999 1259 2043; baseline -0.005 -8"><span class='ocrx_word' id='word_1_354' title='bbox 193 2014 320 2043; x_wconf 85' lang='lat' dir='ltr'>cumque</span> <span class='ocrx_word' id='word_1_355' title='bbox 334 2003 462 2034; x_wconf 83' lang='lat' dir='ltr'>Personis</span> <span class='ocrx_word' id='word_1_356' title='bbox 475 2002 540 2032; x_wconf 90' lang='lat' dir='ltr'>salvi</span> <span class='ocrx_word' id='word_1_357' title='bbox 555 2000 730 2032; x_wconf 61' lang='lat' dir='ltr'>Condueffls</span> <span class='ocrx_word' id='word_1_358' title='bbox 749 2001 869 2038; x_wconf 73' lang='lat' dir='ltr'>Lizeras,</span> <span class='ocrx_word' id='word_1_359' title='bbox 889 2011 1025 2039; x_wconf 79' lang='lat' dir='ltr'>quatenus</span> <span class='ocrx_word' id='word_1_360' title='bbox 1038 1999 1163 2038; x_wconf 80' lang='lat' dir='ltr'>Negotii</span> <span class='ocrx_word' id='word_1_361' title='bbox 1177 2009 1259 2030; x_wconf 85' lang='lat' dir='ltr'>natu·</span> 
     </span>
     <span class='ocr_line' id='line_1_49' title="bbox 192 2040 884 2082; baseline -0.01 -7"><span class='ocrx_word' id='word_1_362' title='bbox 192 2054 238 2079; x_wconf 75' lang='lat' dir='ltr'>ra,</span> <span class='ocrx_word' id='word_1_363' title='bbox 259 2043 391 2082; x_wconf 76' lang='lat' dir='ltr'>qualitas,</span> <span class='ocrx_word' id='word_1_364' title='bbox 408 2043 440 2073; x_wconf 69' lang='grc' dir='ltr'>ὅ(</span> <span class='ocrx_word' id='word_1_365' title='bbox 454 2041 595 2078; x_wconf 79' lang='lat' dir='ltr'>expeditio</span> <span class='ocrx_word' id='word_1_366' title='bbox 608 2041 693 2078; x_wconf 79' lang='lat' dir='ltr'>exigit</span> <span class='ocrx_word' id='word_1_367' title='bbox 706 2040 739 2070; x_wconf 74' lang='grc' dir='ltr'>δε</span> <span class='ocrx_word' id='word_1_368' title='bbox 755 2041 884 2077; x_wconf 75' lang='lat' dir='ltr'>requirit,</span> 
     </span>
    </p>

    <p class='ocr_par' dir='ltr' id='par_1_16' title="bbox 192 2075 1260 2196">
     <span class='ocr_line' id='line_1_50' title="bbox 229 2075 1259 2119; baseline -0.005 -7"><span class='ocrx_word' id='word_1_369' title='bbox 229 2082 399 2119; x_wconf 65' lang='lat' dir='ltr'>Caereraque</span> <span class='ocrx_word' id='word_1_370' title='bbox 413 2082 510 2111; x_wconf 87' lang='lat' dir='ltr'>omnia</span> <span class='ocrx_word' id='word_1_371' title='bbox 524 2080 558 2111; x_wconf 88' lang='lat'>&amp;</span> <span class='ocrx_word' id='word_1_372' title='bbox 575 2079 678 2115; x_wconf 59' lang='lat' dir='ltr'>singula</span> <span class='ocrx_word' id='word_1_373' title='bbox 694 2078 883 2115; x_wconf 82' lang='lat' dir='ltr'>Faciendum,</span> <span class='ocrx_word' id='word_1_374' title='bbox 902 2076 1140 2115; x_wconf 68' lang='lat' dir='ltr'>Excercendum,</span> <span class='ocrx_word' id='word_1_375' title='bbox 1158 2075 1259 2107; x_wconf 78' lang='lat' dir='ltr'>&amp;Ex—</span> 
     </span>
     <span class='ocr_line' id='line_1_51' title="bbox 192 2117 1260 2161; baseline -0.005 -10"><span class='ocrx_word' id='word_1_376' title='bbox 192 2120 363 2161; x_wconf 74' lang='lat' dir='ltr'>pediendnm</span> <span class='ocrx_word' id='word_1_377' title='bbox 378 2130 442 2158; x_wconf 65' lang='lat' dir='ltr'>qnae</span> <span class='ocrx_word' id='word_1_378' title='bbox 457 2120 486 2149; x_wconf 92' lang='lat' dir='ltr'>in</span> <span class='ocrx_word' id='word_1_379' title='bbox 497 2118 647 2149; x_wconf 81' lang='lat' dir='ltr'>Praemiffis</span> <span class='ocrx_word' id='word_1_380' title='bbox 660 2119 693 2149; x_wconf 92' lang='lat'>&amp;</span> <span class='ocrx_word' id='word_1_381' title='bbox 711 2119 787 2148; x_wconf 90' lang='lat' dir='ltr'>circa</span> <span class='ocrx_word' id='word_1_382' title='bbox 802 2127 833 2147; x_wconf 88' lang='lat' dir='ltr'>ea</span> <span class='ocrx_word' id='word_1_383' title='bbox 850 2117 999 2147; x_wconf 77' lang='lat' dir='ltr'>neceii&#39;aria</span> <span class='ocrx_word' id='word_1_384' title='bbox 1013 2117 1117 2147; x_wconf 88' lang='lat' dir='ltr'>fuerint</span> <span class='ocrx_word' id='word_1_385' title='bbox 1130 2125 1178 2146; x_wconf 86' lang='lat' dir='ltr'>aut</span> <span class='ocrx_word' id='word_1_386' title='bbox 1187 2126 1260 2154; x_wconf 89' lang='lat' dir='ltr'>quo-</span> 
     </span>
     <span class='ocr_line' id='line_1_52' title="bbox 193 2160 527 2196; baseline -0.012 -4"><span class='ocrx_word' id='word_1_387' title='bbox 193 2160 354 2192; x_wconf 89' lang='lat' dir='ltr'>modolibet</span> <span class='ocrx_word' id='word_1_388' title='bbox 367 2168 527 2196; x_wconf 72' lang='lat' dir='ltr'>oportuna,</span> 
     </span>
    </p>

    <p class='ocr_par' dir='ltr' id='par_1_17' title="bbox 192 2193 1260 2350">
     <span class='ocr_line' id='line_1_53' title="bbox 231 2193 1259 2236; baseline -0.006 -7"><span class='ocrx_word' id='word_1_389' title='bbox 231 2198 325 2236; x_wconf 82' lang='lat' dir='ltr'>Ipsos,</span> <span class='ocrx_word' id='word_1_390' title='bbox 343 2197 494 2227; x_wconf 85' lang='lat' dir='ltr'>Rolandum</span> <span class='ocrx_word' id='word_1_391' title='bbox 508 2198 541 2227; x_wconf 75' lang='grc' dir='ltr'>δε</span> <span class='ocrx_word' id='word_1_392' title='bbox 555 2195 715 2235; x_wconf 83' lang='lat' dir='ltr'>Johannem</span> <span class='ocrx_word' id='word_1_393' title='bbox 724 2219 733 2232; x_wconf 94' lang='lat'>,</span> <span class='ocrx_word' id='word_1_394' title='bbox 749 2193 863 2225; x_wconf 89' lang='lat' dir='ltr'>nostros</span> <span class='ocrx_word' id='word_1_395' title='bbox 878 2204 962 2225; x_wconf 84' lang='lat' dir='ltr'>veros</span> <span class='ocrx_word' id='word_1_396' title='bbox 976 2195 1009 2225; x_wconf 73' lang='lat' dir='ltr'>&amp;c</span> <span class='ocrx_word' id='word_1_397' title='bbox 1023 2193 1166 2233; x_wconf 78' lang='lat' dir='ltr'>legitimos</span> <span class='ocrx_word' id='word_1_398' title='bbox 1186 2193 1259 2224; x_wconf 75' lang='lat' dir='ltr'>Am—</span> 
     </span>
     <span class='ocr_line' id='line_1_54' title="bbox 192 2233 1258 2276; baseline -0.006 -8"><span class='ocrx_word' id='word_1_399' title='bbox 192 2237 369 2276; x_wconf 79' lang='lat' dir='ltr'>basliatores,</span> <span class='ocrx_word' id='word_1_400' title='bbox 387 2234 806 2272; x_wconf 76' lang='lat' dir='ltr'>Commiffarios,Deputatos,</span> <span class='ocrx_word' id='word_1_401' title='bbox 826 2233 1043 2270; x_wconf 69' lang='lat' dir='ltr'>Procuratores,</span> <span class='ocrx_word' id='word_1_402' title='bbox 1062 2233 1258 2268; x_wconf 65' lang='lat' dir='ltr'>Negotiorum</span> 
     </span>
     <span class='ocr_line' id='line_1_55' title="bbox 194 2271 1260 2313; baseline -0.005 -7"><span class='ocrx_word' id='word_1_403' title='bbox 194 2276 349 2313; x_wconf 72' lang='lat' dir='ltr'>Gestores,</span> <span class='ocrx_word' id='word_1_404' title='bbox 368 2277 401 2307; x_wconf 87' lang='lat'>&amp;</span> <span class='ocrx_word' id='word_1_405' title='bbox 424 2274 558 2305; x_wconf 79' lang='lat' dir='ltr'>Nuncios</span> <span class='ocrx_word' id='word_1_406' title='bbox 580 2273 708 2312; x_wconf 78' lang='lat' dir='ltr'>speciales</span> <span class='ocrx_word' id='word_1_407' title='bbox 728 2272 872 2310; x_wconf 84' lang='lat' dir='ltr'>Facimus,</span> <span class='ocrx_word' id='word_1_408' title='bbox 893 2272 1087 2311; x_wconf 86' lang='lat' dir='ltr'>Ordinarnus,</span> <span class='ocrx_word' id='word_1_409' title='bbox 1102 2271 1260 2309; x_wconf 83' lang='lat' dir='ltr'>Creamus,</span> 
     </span>
     <span class='ocr_line' id='line_1_56' title="bbox 195 2313 1065 2350; baseline -0.008 -4"><span class='ocrx_word' id='word_1_410' title='bbox 195 2317 228 2346; x_wconf 72' lang='grc' dir='ltr'>δε</span> <span class='ocrx_word' id='word_1_411' title='bbox 244 2314 456 2345; x_wconf 83' lang='lat' dir='ltr'>Constituimus</span> <span class='ocrx_word' id='word_1_412' title='bbox 470 2323 519 2350; x_wconf 83' lang='lat' dir='ltr'>per</span> <span class='ocrx_word' id='word_1_413' title='bbox 536 2313 705 2349; x_wconf 53' lang='lat' dir='ltr'>Pia-sentes,</span> <span class='ocrx_word' id='word_1_414' title='bbox 1061 2327 1065 2330; x_wconf 61' lang='grc'><strong>«</strong></span> 
     </span>
    </p>

    <p class='ocr_par' dir='ltr' id='par_1_18' title="bbox 195 2349 1260 2500">
     <span class='ocr_line' id='line_1_57' title="bbox 234 2349 1257 2391; baseline -0.004 -8"><span class='ocrx_word' id='word_1_415' title='bbox 234 2354 450 2391; x_wconf 83' lang='lat' dir='ltr'>Promittcntes,</span> <span class='ocrx_word' id='word_1_416' title='bbox 471 2354 500 2382; x_wconf 87' lang='lat' dir='ltr'>in</span> <span class='ocrx_word' id='word_1_417' title='bbox 516 2352 613 2381; x_wconf 77' lang='lat' dir='ltr'>vetbo·</span> <span class='ocrx_word' id='word_1_418' title='bbox 625 2350 737 2390; x_wconf 79' lang='lat' dir='ltr'>Regio,</span> <span class='ocrx_word' id='word_1_419' title='bbox 755 2349 824 2380; x_wconf 88' lang='lat' dir='ltr'>Nos</span> <span class='ocrx_word' id='word_1_420' title='bbox 839 2349 968 2387; x_wconf 73' lang='lat' dir='ltr'>Rarum,</span> <span class='ocrx_word' id='word_1_421' title='bbox 985 2349 1124 2387; x_wconf 83' lang='lat' dir='ltr'>Gratum,</span> <span class='ocrx_word' id='word_1_422' title='bbox 1140 2349 1174 2380; x_wconf 87' lang='lat'>&amp;</span> <span class='ocrx_word' id='word_1_423' title='bbox 1195 2349 1217 2378; x_wconf 89' lang='lat' dir='ltr'>F</span> <span class='ocrx_word' id='word_1_424' title='bbox 1220 2349 1257 2378; x_wconf 91' lang='lat' dir='ltr'>ir-</span> 
     </span>
     <span class='ocr_line' id='line_1_58' title="bbox 195 2387 1258 2429; baseline -0.004 -7"><span class='ocrx_word' id='word_1_425' title='bbox 195 2402 276 2422; x_wconf 80' lang='lat' dir='ltr'>rnuni</span> <span class='ocrx_word' id='word_1_426' title='bbox 299 2394 435 2429; x_wconf 69' lang='lat' dir='ltr'>perpetuo</span> <span class='ocrx_word' id='word_1_427' title='bbox 456 2391 597 2421; x_wconf 79' lang='lat' dir='ltr'>habituros</span> <span class='ocrx_word' id='word_1_428' title='bbox 615 2389 750 2427; x_wconf 83' lang='lat' dir='ltr'>quicquid</span> <span class='ocrx_word' id='word_1_429' title='bbox 774 2399 823 2426; x_wconf 74' lang='lat' dir='ltr'>per</span> <span class='ocrx_word' id='word_1_430' title='bbox 837 2388 950 2419; x_wconf 70' lang='lat' dir='ltr'>eosdem</span> <span class='ocrx_word' id='word_1_431' title='bbox 970 2387 1190 2419; x_wconf 80' lang='lat' dir='ltr'>Ambaffiatores</span> <span class='ocrx_word' id='word_1_432' title='bbox 1203 2397 1258 2418; x_wconf 88' lang='lat' dir='ltr'>no—</span> 
     </span>
     <span class='ocr_line' id='line_1_59' title="bbox 197 2426 1260 2466; baseline -0.003 -6"><span class='ocrx_word' id='word_1_433' title='bbox 197 2431 266 2460; x_wconf 73' lang='lat' dir='ltr'>stros</span> <span class='ocrx_word' id='word_1_434' title='bbox 281 2430 389 2461; x_wconf 65' lang='lat' dir='ltr'>Actum</span> <span class='ocrx_word' id='word_1_435' title='bbox 405 2430 461 2460; x_wconf 86' lang='lat' dir='ltr'>five</span> <span class='ocrx_word' id='word_1_436' title='bbox 476 2428 601 2460; x_wconf 70' lang='lat' dir='ltr'>Gei&#39;mm</span> <span class='ocrx_word' id='word_1_437' title='bbox 619 2428 699 2458; x_wconf 83' lang='lat' dir='ltr'>fuerit</span> <span class='ocrx_word' id='word_1_438' title='bbox 717 2430 746 2458; x_wconf 91' lang='lat' dir='ltr'>in</span> <span class='ocrx_word' id='word_1_439' title='bbox 761 2427 910 2458; x_wconf 74' lang='lat' dir='ltr'>Praemissis</span> <span class='ocrx_word' id='word_1_440' title='bbox 919 2451 929 2466; x_wconf 90' lang='lat'>,</span> <span class='ocrx_word' id='word_1_441' title='bbox 948 2437 994 2458; x_wconf 92' lang='lat' dir='ltr'>aut</span> <span class='ocrx_word' id='word_1_442' title='bbox 1010 2429 1105 2465; x_wconf 88' lang='lat' dir='ltr'>aliquo</span> <span class='ocrx_word' id='word_1_443' title='bbox 1128 2426 1260 2457; x_wconf 80' lang='lat' dir='ltr'>Praemis-</span> 
     </span>
     <span class='ocr_line' id='line_1_60' title="bbox 197 2472 301 2500; baseline -0.019 0"><span class='ocrx_word' id='word_1_444' title='bbox 197 2472 301 2500; x_wconf 76' lang='lat' dir='ltr'>iorum.</span> 
     </span>
    </p>

    <p class='ocr_par' dir='ltr' id='par_1_19' title="bbox 234 2507 462 2545">
     <span class='ocr_line' id='line_1_61' title="bbox 234 2507 462 2545; baseline -0.009 -8"><span class='ocrx_word' id='word_1_445' title='bbox 234 2508 267 2538; x_wconf 82' lang='lat' dir='ltr'>In</span> <span class='ocrx_word' id='word_1_446' title='bbox 287 2509 382 2545; x_wconf 76' lang='lat' dir='ltr'>cujus,</span> <span class='ocrx_word' id='word_1_447' title='bbox 403 2507 462 2538; x_wconf 63' lang='lat' dir='ltr'>Sec.</span> 
     </span>
    </p>

    <p class='ocr_par' dir='ltr' id='par_1_20' title="bbox 200 2542 1260 2615">
     <span class='ocr_line' id='line_1_62' title="bbox 200 2542 1260 2615; baseline -0.001 -41"><span class='ocrx_word' id='word_1_448' title='bbox 200 2584 223 2615; x_wconf 71' lang='lat' dir='ltr'>F</span> <span class='ocrx_word' id='word_1_449' title='bbox 236 2545 340 2614; x_wconf 50' lang='lat' dir='ltr'>&#39;geste</span> <span class='ocrx_word' id='word_1_450' title='bbox 353 2546 432 2584; x_wconf 75' lang='lat' dir='ltr'>Rege</span> <span class='ocrx_word' id='word_1_451' title='bbox 450 2544 524 2583; x_wconf 83' lang='lat' dir='ltr'>apud</span> <span class='ocrx_word' id='word_1_452' title='bbox 546 2544 669 2584; x_wconf 74' lang='lat' dir='ltr'>castrum</span> <span class='ocrx_word' id='word_1_453' title='bbox 685 2544 766 2583; x_wconf 62' lang='lat' dir='ltr'>situm</span> <span class='ocrx_word' id='word_1_454' title='bbox 784 2542 945 2580; x_wconf 76' lang='lat' dir='ltr'>Rothomagi</span> <span class='ocrx_word' id='word_1_455' title='bbox 968 2542 1105 2574; x_wconf 89' lang='lat' dir='ltr'>vicefimo</span> <span class='ocrx_word' id='word_1_456' title='bbox 1124 2542 1201 2573; x_wconf 88' lang='lat' dir='ltr'>sexto</span> <span class='ocrx_word' id='word_1_457' title='bbox 1215 2542 1260 2573; x_wconf 92' lang='lat' dir='ltr'>die</span> 
     </span>
    </p>

    <p class='ocr_par' dir='ltr' id='par_1_21' title="bbox 225 2593 351 2615">
     <span class='ocr_line' id='line_1_63' title="bbox 225 2593 351 2615; baseline -0.024 0"><span class='ocrx_word' id='word_1_458' title='bbox 225 2595 240 2615; x_wconf 85' lang='lat' dir='ltr'>c</span> <span class='ocrx_word' id='word_1_459' title='bbox 263 2593 351 2614; x_wconf 85' lang='lat' dir='ltr'>ruaru.</span> 
     </span>
    </p>
   </div>
   <div class='ocr_carea' id='block_1_7' title="bbox 33 757 133 785">
    <p class='ocr_par' dir='ltr' id='par_1_22' title="bbox 33 757 133 785">
     <span class='ocr_line' id='line_1_64' title="bbox 33 757 133 785; baseline 0 -10"><span class='ocrx_word' id='word_1_460' title='bbox 33 757 68 775; x_wconf 80' lang='lat' dir='ltr'>m.</span> <span class='ocrx_word' id='word_1_461' title='bbox 90 757 133 785; x_wconf 76' lang='lat'>3¹.</span> 
     </span>
    </p>
   </div>
   <div class='ocr_carea' id='block_1_8' title="bbox 38 1205 129 1235">
    <p class='ocr_par' dir='ltr' id='par_1_23' title="bbox 38 1205 129 1235">
     <span class='ocr_line' id='line_1_65' title="bbox 38 1205 129 1235; baseline -0.022 0"><span class='ocrx_word' id='word_1_462' title='bbox 38 1205 56 1223; x_wconf 70' lang='lat'><strong>⁹</strong></span> <span class='ocrx_word' id='word_1_463' title='bbox 77 1207 129 1235; x_wconf 76' lang='lat' dir='ltr'>tx.</span> 
     </span>
    </p>
   </div>
   <div class='ocr_carea' id='block_1_9' title="bbox 37 1255 103 1281">
    <p class='ocr_par' dir='ltr' id='par_1_24' title="bbox 37 1255 103 1281">
     <span class='ocr_line' id='line_1_66' title="bbox 37 1255 103 1281; baseline 0.015 -9"><span class='ocrx_word' id='word_1_464' title='bbox 37 1255 103 1281; x_wconf 79' lang='lat'>700.</span> 
     </span>
    </p>
   </div>
   <div class='ocr_carea' id='block_1_10' title="bbox 882 2619 1156 2659">
    <p class='ocr_par' dir='ltr' id='par_1_25' title="bbox 882 2619 1156 2659">
     <span class='ocr_line' id='line_1_67' title="bbox 882 2619 1156 2659; baseline 0 -10"><span class='ocrx_word' id='word_1_465' title='bbox 882 2622 936 2649; x_wconf 79' lang='lat' dir='ltr'>Per</span> <span class='ocrx_word' id='word_1_466' title='bbox 951 2619 1034 2659; x_wconf 75' lang='lat' dir='ltr'>ipfitm</span> <span class='ocrx_word' id='word_1_467' title='bbox 1052 2622 1156 2658; x_wconf 83' lang='lat' dir='ltr'>Regem.</span> 
     </span>
    </p>
   </div>
   <div class='ocr_carea' id='block_1_11' title="bbox 55 2744 1102 2893">
    <p class='ocr_par' dir='ltr' id='par_1_26' title="bbox 55 2744 1102 2893">
     <span class='ocr_line' id='line_1_68' title="bbox 358 2744 1102 2792; baseline 0 -12"><span class='ocrx_word' id='word_1_468' title='bbox 358 2749 404 2781; x_wconf 83' lang='lat' dir='ltr'>Dc</span> <span class='ocrx_word' id='word_1_469' title='bbox 422 2746 592 2780; x_wconf 59' lang='lat' dir='ltr'>‘Tr-amndo</span> <span class='ocrx_word' id='word_1_470' title='bbox 611 2759 679 2779; x_wconf 72' lang='lat' dir='ltr'>cum</span> <span class='ocrx_word' id='word_1_471' title='bbox 695 2744 966 2789; x_wconf 71' lang='lat' dir='ltr'>Ambafflatoribus</span> <span class='ocrx_word' id='word_1_472' title='bbox 979 2745 1102 2792; x_wconf 72' lang='lat' dir='ltr'>Januae.</span> 
     </span>
     <span class='ocr_line' id='line_1_69' title="bbox 55 2831 871 2893; baseline -0.009 -25"><span class='ocrx_word' id='word_1_473' title='bbox 55 2838 130 2868; x_wconf 75' lang='lat' dir='ltr'>Ann.</span> <span class='ocrx_word' id='word_1_474' title='bbox 144 2834 184 2865; x_wconf 88' lang='lat' dir='ltr'>D.</span> <span class='ocrx_word' id='word_1_475' title='bbox 203 2834 315 2893; x_wconf 73' lang='lat' dir='ltr'>REX</span> <span class='ocrx_word' id='word_1_476' title='bbox 334 2832 495 2869; x_wconf 78' lang='lat' dir='ltr'>Omnibus,</span> <span class='ocrx_word' id='word_1_477' title='bbox 514 2832 547 2862; x_wconf 86' lang='lat' dir='ltr'>ad</span> <span class='ocrx_word' id='word_1_478' title='bbox 557 2842 643 2871; x_wconf 89' lang='lat' dir='ltr'>quos,</span> <span class='ocrx_word' id='word_1_479' title='bbox 659 2832 719 2863; x_wconf 70' lang='grc' dir='ltr'>ἃς.</span> <span class='ocrx_word' id='word_1_480' title='bbox 738 2831 871 2863; x_wconf 83' lang='lat' dir='ltr'>Salutem.</span> 
     </span>
    </p>
   </div>
   <div class='ocr_carea' id='block_1_12' title="bbox 55 2871 1266 2986">
    <p class='ocr_par' dir='ltr' id='par_1_27' title="bbox 55 2871 1266 2986">
     <span class='ocr_line' id='line_1_70' title="bbox 85 2871 591 2914; baseline -0.008 -9"><span class='ocrx_word' id='word_1_481' title='bbox 85 2885 168 2914; x_wconf 77' lang='lat'><strong>¹4¹9·</strong></span> <span class='ocrx_word' id='word_1_482' title='bbox 295 2873 395 2902; x_wconf 80' lang='lat' dir='ltr'>Sciatis</span> <span class='ocrx_word' id='word_1_483' title='bbox 411 2872 490 2909; x_wconf 93' lang='lat' dir='ltr'>quod</span> <span class='ocrx_word' id='word_1_484' title='bbox 507 2871 591 2909; x_wconf 86' lang='lat' dir='ltr'>Nos,</span> 
     </span>
     <span class='ocr_line' id='line_1_71' title="bbox 55 2908 1266 2948; baseline -0.002 -6"><span class='ocrx_word' id='word_1_485' title='bbox 55 2920 107 2943; x_wconf 60' lang='lat' dir='ltr'>Aa.</span> <span class='ocrx_word' id='word_1_486' title='bbox 125 2918 151 2941; x_wconf 84' lang='lat'>6.</span> <span class='ocrx_word' id='word_1_487' title='bbox 242 2910 289 2941; x_wconf 83' lang='lat' dir='ltr'>De</span> <span class='ocrx_word' id='word_1_488' title='bbox 302 2911 450 2948; x_wconf 80' lang='lat' dir='ltr'>fidelitate,</span> <span class='ocrx_word' id='word_1_489' title='bbox 468 2909 739 2947; x_wconf 48' lang='lat' dir='ltr'>circumspectione,</span> <span class='ocrx_word' id='word_1_490' title='bbox 756 2910 789 2940; x_wconf 69' lang='grc' dir='ltr'>ὃς</span> <span class='ocrx_word' id='word_1_491' title='bbox 804 2908 955 2946; x_wconf 79' lang='lat' dir='ltr'>industria,</span> <span class='ocrx_word' id='word_1_492' title='bbox 976 2909 1160 2940; x_wconf 66' lang='lat' dir='ltr'>Dilestorum</span> <span class='ocrx_word' id='word_1_493' title='bbox 1176 2909 1266 2941; x_wconf 82' lang='lat' dir='ltr'>&amp;Fi-</span> 
     </span>
     <span class='ocr_line' id='line_1_72' title="bbox 56 2946 1266 2986; baseline -0.002 -4"><span class='ocrx_word' id='word_1_494' title='bbox 56 2960 90 2982; x_wconf 78' lang='grc' dir='ltr'>Η.</span> <span class='ocrx_word' id='word_1_495' title='bbox 113 2964 138 2985; x_wconf 75' lang='grc' dir='ltr'>ς.</span> <span class='ocrx_word' id='word_1_496' title='bbox 204 2950 311 2980; x_wconf 82' lang='lat' dir='ltr'>delium</span> <span class='ocrx_word' id='word_1_497' title='bbox 327 2949 508 2985; x_wconf 77' lang='lat' dir='ltr'>nostrorum,</span> <span class='ocrx_word' id='word_1_498' title='bbox 527 2947 673 2978; x_wconf 71' lang='lat' dir='ltr'>Willielmi</span> <span class='ocrx_word' id='word_1_499' title='bbox 689 2946 810 2986; x_wconf 57' lang='lat' dir='ltr'>Bar-dolf</span> <span class='ocrx_word' id='word_1_500' title='bbox 829 2947 930 2978; x_wconf 81' lang='lat' dir='ltr'>Militis</span> <span class='ocrx_word' id='word_1_501' title='bbox 951 2948 1188 2979; x_wconf 87' lang='lat' dir='ltr'>Locumtenentis</span> <span class='ocrx_word' id='word_1_502' title='bbox 1208 2948 1266 2979; x_wconf 87' lang='lat' dir='ltr'>Ca-</span> 
     </span>
    </p>
   </div>
   <div class='ocr_carea' id='block_1_13' title="bbox 56 2985 1277 3909">
    <p class='ocr_par' dir='ltr' id='par_1_28' title="bbox 56 2985 1266 3103">
     <span class='ocr_line' id='line_1_73' title="bbox 56 2985 1265 3026; baseline -0.002 -7"><span class='ocrx_word' id='word_1_503' title='bbox 56 2997 144 3020; x_wconf 53' lang='lat' dir='ltr'>rum.</span> <span class='ocrx_word' id='word_1_504' title='bbox 165 2995 190 3019; x_wconf 84' lang='lat'>6.</span> <span class='ocrx_word' id='word_1_505' title='bbox 206 2990 306 3026; x_wconf 77' lang='lat' dir='ltr'>pitanei</span> <span class='ocrx_word' id='word_1_506' title='bbox 320 2987 403 3018; x_wconf 85' lang='lat' dir='ltr'>Villae</span> <span class='ocrx_word' id='word_1_507' title='bbox 420 2986 538 3024; x_wconf 77' lang='lat' dir='ltr'>Gilefii,</span> <span class='ocrx_word' id='word_1_508' title='bbox 559 2987 687 3023; x_wconf 64' lang='lat' dir='ltr'>Magistri</span> <span class='ocrx_word' id='word_1_509' title='bbox 703 2986 844 3025; x_wconf 72' lang='lat' dir='ltr'>Johannis</span> <span class='ocrx_word' id='word_1_510' title='bbox 858 2985 971 3025; x_wconf 77' lang='lat' dir='ltr'>Efiourt</span> <span class='ocrx_word' id='word_1_511' title='bbox 988 2988 1015 3016; x_wconf 92' lang='lat' dir='ltr'>in</span> <span class='ocrx_word' id='word_1_512' title='bbox 1034 2987 1159 3024; x_wconf 80' lang='lat' dir='ltr'>Legibus</span> <span class='ocrx_word' id='word_1_513' title='bbox 1171 2986 1265 3018; x_wconf 83' lang='lat' dir='ltr'>Bacal-</span> 
     </span>
     <span class='ocr_line' id='line_1_74' title="bbox 57 3025 1266 3065; baseline -0.001 -7"><span class='ocrx_word' id='word_1_514' title='bbox 57 3036 83 3058; x_wconf 83' lang='lat' dir='ltr'><em>H</em></span> <span class='ocrx_word' id='word_1_515' title='bbox 89 3052 92 3055; x_wconf 59' lang='lat'>.</span> <span class='ocrx_word' id='word_1_516' title='bbox 110 3041 136 3065; x_wconf 79' lang='lat'>5.</span> <span class='ocrx_word' id='word_1_517' title='bbox 152 3041 187 3058; x_wconf 84' lang='lat' dir='ltr'>m.</span> <span class='ocrx_word' id='word_1_518' title='bbox 208 3028 283 3064; x_wconf 82' lang='lat' dir='ltr'>larii,</span> <span class='ocrx_word' id='word_1_519' title='bbox 302 3026 431 3056; x_wconf 80' lang='lat' dir='ltr'>Richardi</span> <span class='ocrx_word' id='word_1_520' title='bbox 443 3025 583 3055; x_wconf 78' lang='lat' dir='ltr'>Bokelond</span> <span class='ocrx_word' id='word_1_521' title='bbox 596 3025 729 3056; x_wconf 84' lang='lat' dir='ltr'>Vitellarii</span> <span class='ocrx_word' id='word_1_522' title='bbox 744 3025 861 3063; x_wconf 73' lang='lat' dir='ltr'>Caleni,</span> <span class='ocrx_word' id='word_1_523' title='bbox 881 3026 914 3056; x_wconf 90' lang='lat'>&amp;</span> <span class='ocrx_word' id='word_1_524' title='bbox 929 3025 1071 3064; x_wconf 83' lang='lat' dir='ltr'>Johannis</span> <span class='ocrx_word' id='word_1_525' title='bbox 1082 3025 1194 3056; x_wconf 73' lang='lat' dir='ltr'>Chirthe</span> <span class='ocrx_word' id='word_1_526' title='bbox 1204 3026 1266 3057; x_wconf 90' lang='lat' dir='ltr'>Lo-</span> 
     </span>
     <span class='ocr_line' id='line_1_75' title="bbox 65 3063 1000 3103; baseline -0.001 -8"><span class='ocrx_word' id='word_1_527' title='bbox 65 3078 91 3095; x_wconf 84' lang='lat'>2.</span> <span class='ocrx_word' id='word_1_528' title='bbox 207 3066 396 3097; x_wconf 65' lang='lat' dir='ltr'>cun-»tenentis</span> <span class='ocrx_word' id='word_1_529' title='bbox 410 3064 530 3103; x_wconf 66' lang='lat' dir='ltr'>Stapuhe</span> <span class='ocrx_word' id='word_1_530' title='bbox 543 3063 644 3094; x_wconf 86' lang='lat' dir='ltr'>Calefii</span> <span class='ocrx_word' id='word_1_531' title='bbox 654 3089 662 3101; x_wconf 90' lang='lat'>,</span> <span class='ocrx_word' id='word_1_532' title='bbox 684 3064 792 3102; x_wconf 81' lang='lat' dir='ltr'>plenius</span> <span class='ocrx_word' id='word_1_533' title='bbox 805 3064 981 3094; x_wconf 86' lang='lat' dir='ltr'>confidentes</span> <span class='ocrx_word' id='word_1_534' title='bbox 990 3087 1000 3102; x_wconf 92' lang='lat'>,</span> 
     </span>
    </p>

    <p class='ocr_par' dir='ltr' id='par_1_29' title="bbox 208 3101 1270 3294">
     <span class='ocr_line' id='line_1_76' title="bbox 249 3101 1268 3143; baseline -0.001 -8"><span class='ocrx_word' id='word_1_535' title='bbox 249 3104 456 3143; x_wconf 80' lang='lat' dir='ltr'>Affignavimns</span> <span class='ocrx_word' id='word_1_536' title='bbox 469 3128 478 3140; x_wconf 88' lang='lat'>,</span> <span class='ocrx_word' id='word_1_537' title='bbox 506 3102 711 3141; x_wconf 78' lang='lat' dir='ltr'>Deputavimus</span> <span class='ocrx_word' id='word_1_538' title='bbox 726 3127 735 3140; x_wconf 90' lang='lat'>,</span> <span class='ocrx_word' id='word_1_539' title='bbox 756 3103 790 3133; x_wconf 72' lang='grc' dir='ltr'>δε</span> <span class='ocrx_word' id='word_1_540' title='bbox 813 3101 1036 3141; x_wconf 82' lang='lat' dir='ltr'>Ordinavimus,</span> <span class='ocrx_word' id='word_1_541' title='bbox 1059 3113 1092 3133; x_wconf 90' lang='lat' dir='ltr'>ac</span> <span class='ocrx_word' id='word_1_542' title='bbox 1107 3126 1116 3141; x_wconf 87' lang='lat'>,</span> <span class='ocrx_word' id='word_1_543' title='bbox 1148 3103 1268 3134; x_wconf 86' lang='lat' dir='ltr'>Tcnore</span> 
     </span>
     <span class='ocr_line' id='line_1_77' title="bbox 210 3140 1268 3180; baseline -0.001 -7"><span class='ocrx_word' id='word_1_544' title='bbox 210 3143 409 3180; x_wconf 76' lang='lat' dir='ltr'>Praesentium,</span> <span class='ocrx_word' id='word_1_545' title='bbox 427 3142 622 3179; x_wconf 74' lang='lat' dir='ltr'>Affignamus,</span> <span class='ocrx_word' id='word_1_546' title='bbox 642 3140 837 3178; x_wconf 82' lang='lat' dir='ltr'>Deputamus,</span> <span class='ocrx_word' id='word_1_547' title='bbox 856 3142 888 3172; x_wconf 66' lang='grc' dir='ltr'>ἃ</span> <span class='ocrx_word' id='word_1_548' title='bbox 905 3141 1079 3172; x_wconf 81' lang='lat' dir='ltr'>Ordinamus</span> <span class='ocrx_word' id='word_1_549' title='bbox 1093 3141 1165 3179; x_wconf 83' lang='lat' dir='ltr'>ipsos</span> <span class='ocrx_word' id='word_1_550' title='bbox 1187 3143 1268 3180; x_wconf 79' lang='lat' dir='ltr'>Qia-</span> 
     </span>
     <span class='ocr_line' id='line_1_78' title="bbox 209 3179 1270 3219; baseline -0.001 -8"><span class='ocrx_word' id='word_1_551' title='bbox 209 3190 293 3219; x_wconf 86' lang='lat' dir='ltr'>tuor,</span> <span class='ocrx_word' id='word_1_552' title='bbox 312 3181 405 3219; x_wconf 90' lang='lat' dir='ltr'>Tres,</span> <span class='ocrx_word' id='word_1_553' title='bbox 422 3181 455 3211; x_wconf 88' lang='lat'>&amp;</span> <span class='ocrx_word' id='word_1_554' title='bbox 478 3180 561 3210; x_wconf 91' lang='lat' dir='ltr'>Duos</span> <span class='ocrx_word' id='word_1_555' title='bbox 586 3189 685 3209; x_wconf 85' lang='lat' dir='ltr'>eorum</span> <span class='ocrx_word' id='word_1_556' title='bbox 706 3182 841 3216; x_wconf 86' lang='lat' dir='ltr'>(quorum</span> <span class='ocrx_word' id='word_1_557' title='bbox 865 3179 1012 3216; x_wconf 73' lang='lat' dir='ltr'>praefaturn</span> <span class='ocrx_word' id='word_1_558' title='bbox 1029 3179 1198 3218; x_wconf 81' lang='lat' dir='ltr'>Magistrum</span> <span class='ocrx_word' id='word_1_559' title='bbox 1212 3181 1270 3219; x_wconf 87' lang='lat' dir='ltr'>Jo-</span> 
     </span>
     <span class='ocr_line' id='line_1_79' title="bbox 208 3216 1270 3258; baseline 0 -9"><span class='ocrx_word' id='word_1_560' title='bbox 208 3219 326 3249; x_wconf 79' lang='lat' dir='ltr'>hannem</span> <span class='ocrx_word' id='word_1_561' title='bbox 340 3221 365 3248; x_wconf 85' lang='lat' dir='ltr'><em>E</em></span> <span class='ocrx_word' id='word_1_562' title='bbox 361 3219 453 3258; x_wconf 80' lang='lat' dir='ltr'>stourt</span> <span class='ocrx_word' id='word_1_563' title='bbox 471 3228 562 3250; x_wconf 87' lang='lat' dir='ltr'>unum</span> <span class='ocrx_word' id='word_1_564' title='bbox 575 3218 632 3248; x_wconf 80' lang='lat' dir='ltr'>esse</span> <span class='ocrx_word' id='word_1_565' title='bbox 647 3217 791 3254; x_wconf 84' lang='lat' dir='ltr'>volumus)</span> <span class='ocrx_word' id='word_1_566' title='bbox 807 3216 918 3248; x_wconf 88' lang='lat' dir='ltr'>nostros</span> <span class='ocrx_word' id='word_1_567' title='bbox 931 3217 1166 3256; x_wconf 78' lang='lat' dir='ltr'>Axnbaffiatorcs,</span> <span class='ocrx_word' id='word_1_568' title='bbox 1175 3218 1270 3249; x_wconf 89' lang='lat' dir='ltr'>Com-</span> 
     </span>
     <span class='ocr_line' id='line_1_80' title="bbox 211 3255 728 3294; baseline -0.004 -7"><span class='ocrx_word' id='word_1_569' title='bbox 211 3257 365 3294; x_wconf 82' lang='lat' dir='ltr'>missarios,</span> <span class='ocrx_word' id='word_1_570' title='bbox 383 3259 415 3288; x_wconf 83' lang='lat'>&amp;</span> <span class='ocrx_word' id='word_1_571' title='bbox 429 3257 566 3288; x_wconf 84' lang='lat' dir='ltr'>Nuncios</span> <span class='ocrx_word' id='word_1_572' title='bbox 581 3255 728 3293; x_wconf 76' lang='lat' dir='ltr'>socci-ales,</span> 
     </span>
    </p>

    <p class='ocr_par' dir='ltr' id='par_1_30' title="bbox 208 3289 1271 3488">
     <span class='ocr_line' id='line_1_81' title="bbox 245 3289 1269 3333; baseline 0 -8"><span class='ocrx_word' id='word_1_573' title='bbox 245 3295 292 3325; x_wconf 89' lang='lat' dir='ltr'>Ad</span> <span class='ocrx_word' id='word_1_574' title='bbox 309 3295 567 3333; x_wconf 84' lang='lat' dir='ltr'>Conveniendum,</span> <span class='ocrx_word' id='word_1_575' title='bbox 584 3289 800 3330; x_wconf 64' lang='lat' dir='ltr'>Traetandum,</span> <span class='ocrx_word' id='word_1_576' title='bbox 816 3294 849 3324; x_wconf 74' lang='grc' dir='ltr'>δε</span> <span class='ocrx_word' id='word_1_577' title='bbox 869 3293 986 3323; x_wconf 82' lang='lat' dir='ltr'>finaliter</span> <span class='ocrx_word' id='word_1_578' title='bbox 1006 3294 1269 3332; x_wconf 82' lang='lat' dir='ltr'>Concludendum,</span> 
     </span>
     <span class='ocr_line' id='line_1_82' title="bbox 208 3332 1268 3371; baseline 0 -7"><span class='ocrx_word' id='word_1_579' title='bbox 208 3344 277 3365; x_wconf 82' lang='lat' dir='ltr'>cum</span> <span class='ocrx_word' id='word_1_580' title='bbox 293 3333 411 3364; x_wconf 82' lang='lat' dir='ltr'>Sindicis</span> <span class='ocrx_word' id='word_1_581' title='bbox 426 3334 459 3364; x_wconf 70' lang='grc' dir='ltr'>δί</span> <span class='ocrx_word' id='word_1_582' title='bbox 477 3333 725 3364; x_wconf 69' lang='lat' dir='ltr'>Ambaffiatoribus</span> <span class='ocrx_word' id='word_1_583' title='bbox 740 3334 823 3362; x_wconf 80' lang='lat' dir='ltr'>Ducis</span> <span class='ocrx_word' id='word_1_584' title='bbox 842 3344 873 3361; x_wconf 91' lang='lat' dir='ltr'>ac</span> <span class='ocrx_word' id='word_1_585' title='bbox 897 3335 1020 3362; x_wconf 66' lang='lat' dir='ltr'>Comanis</span> <span class='ocrx_word' id='word_1_586' title='bbox 1039 3333 1163 3371; x_wconf 82' lang='lat' dir='ltr'>Januae,</span> <span class='ocrx_word' id='word_1_587' title='bbox 1181 3332 1216 3363; x_wconf 86' lang='lat' dir='ltr'>de</span> <span class='ocrx_word' id='word_1_588' title='bbox 1234 3334 1268 3364; x_wconf 71' lang='grc' dir='ltr'>ὃ(</span> 
     </span>
     <span class='ocr_line' id='line_1_83' title="bbox 208 3371 1271 3410; baseline -0.002 -7"><span class='ocrx_word' id='word_1_589' title='bbox 208 3374 287 3410; x_wconf 71' lang='lat' dir='ltr'>fiipei·</span> <span class='ocrx_word' id='word_1_590' title='bbox 306 3372 441 3403; x_wconf 84' lang='lat' dir='ltr'>omnibus</span> <span class='ocrx_word' id='word_1_591' title='bbox 462 3373 495 3403; x_wconf 89' lang='lat'>&amp;</span> <span class='ocrx_word' id='word_1_592' title='bbox 519 3372 630 3410; x_wconf 78' lang='lat' dir='ltr'>singulis</span> <span class='ocrx_word' id='word_1_593' title='bbox 651 3371 795 3405; x_wconf 79' lang='lat' dir='ltr'>Materiis,</span> <span class='ocrx_word' id='word_1_594' title='bbox 814 3372 955 3400; x_wconf 87' lang='lat' dir='ltr'>contentis</span> <span class='ocrx_word' id='word_1_595' title='bbox 977 3372 1004 3400; x_wconf 90' lang='lat' dir='ltr'>in</span> <span class='ocrx_word' id='word_1_596' title='bbox 1021 3373 1102 3401; x_wconf 89' lang='lat' dir='ltr'>certis</span> <span class='ocrx_word' id='word_1_597' title='bbox 1119 3371 1271 3410; x_wconf 80' lang='lat' dir='ltr'>Articulis,</span> 
     </span>
     <span class='ocr_line' id='line_1_84' title="bbox 210 3409 1270 3449; baseline -0.003 -7"><span class='ocrx_word' id='word_1_598' title='bbox 210 3411 463 3442; x_wconf 71' lang='lat' dir='ltr'>Ambaffiatoribus</span> <span class='ocrx_word' id='word_1_599' title='bbox 476 3409 596 3449; x_wconf 90' lang='lat' dir='ltr'>nostris&#39;,</span> <span class='ocrx_word' id='word_1_600' title='bbox 612 3420 646 3441; x_wconf 87' lang='lat' dir='ltr'>ex</span> <span class='ocrx_word' id='word_1_601' title='bbox 660 3420 735 3446; x_wconf 69' lang='lat' dir='ltr'>parte</span> <span class='ocrx_word' id='word_1_602' title='bbox 749 3409 893 3439; x_wconf 61' lang='lat' dir='ltr'>dierorum</span> <span class='ocrx_word' id='word_1_603' title='bbox 910 3412 992 3438; x_wconf 83' lang='lat' dir='ltr'>Ducis</span> <span class='ocrx_word' id='word_1_604' title='bbox 1007 3420 1039 3438; x_wconf 84' lang='lat' dir='ltr'>ac</span> <span class='ocrx_word' id='word_1_605' title='bbox 1058 3413 1197 3448; x_wconf 76' lang='lat' dir='ltr'>Comanis,</span> <span class='ocrx_word' id='word_1_606' title='bbox 1216 3420 1270 3440; x_wconf 89' lang='lat' dir='ltr'>nu-</span> 
     </span>
     <span class='ocr_line' id='line_1_85' title="bbox 208 3447 1024 3488; baseline -0.005 -7"><span class='ocrx_word' id='word_1_607' title='bbox 208 3461 258 3488; x_wconf 86' lang='lat' dir='ltr'>per</span> <span class='ocrx_word' id='word_1_608' title='bbox 274 3451 302 3480; x_wconf 90' lang='lat' dir='ltr'>in</span> <span class='ocrx_word' id='word_1_609' title='bbox 319 3449 442 3480; x_wconf 85' lang='lat' dir='ltr'>Civitate</span> <span class='ocrx_word' id='word_1_610' title='bbox 456 3448 671 3479; x_wconf 86' lang='lat' dir='ltr'>Constancienfi</span> <span class='ocrx_word' id='word_1_611' title='bbox 682 3472 690 3487; x_wconf 91' lang='lat'>,</span> <span class='ocrx_word' id='word_1_612' title='bbox 709 3447 813 3479; x_wconf 82' lang='lat' dir='ltr'>traditis</span> <span class='ocrx_word' id='word_1_613' title='bbox 828 3448 861 3478; x_wconf 85' lang='lat'>&amp;</span> <span class='ocrx_word' id='word_1_614' title='bbox 873 3449 1024 3485; x_wconf 60' lang='lat' dir='ltr'>porretstis,</span> 
     </span>
    </p>

    <p class='ocr_par' dir='ltr' id='par_1_31' title="bbox 209 3485 1273 3749">
     <span class='ocr_line' id='line_1_86' title="bbox 247 3485 1271 3525; baseline -0.003 -6"><span class='ocrx_word' id='word_1_615' title='bbox 247 3488 376 3519; x_wconf 86' lang='lat' dir='ltr'>Necnon</span> <span class='ocrx_word' id='word_1_616' title='bbox 388 3488 423 3517; x_wconf 91' lang='lat' dir='ltr'>de</span> <span class='ocrx_word' id='word_1_617' title='bbox 435 3486 661 3525; x_wconf 85' lang='lat' dir='ltr'>quibuscumque</span> <span class='ocrx_word' id='word_1_618' title='bbox 675 3488 746 3525; x_wconf 80' lang='lat' dir='ltr'>aliis,</span> <span class='ocrx_word' id='word_1_619' title='bbox 766 3485 998 3516; x_wconf 78' lang='lat' dir='ltr'>Renovationern</span> <span class='ocrx_word' id='word_1_620' title='bbox 1019 3485 1098 3523; x_wconf 86' lang='lat' dir='ltr'>Pacis</span> <span class='ocrx_word' id='word_1_621' title='bbox 1120 3486 1153 3517; x_wconf 66' lang='grc' dir='ltr'>ὃς</span> <span class='ocrx_word' id='word_1_622' title='bbox 1175 3485 1271 3517; x_wconf 85' lang='lat' dir='ltr'>Treu-</span> 
     </span>
     <span class='ocr_line' id='line_1_87' title="bbox 209 3524 1272 3566; baseline -0.002 -10"><span class='ocrx_word' id='word_1_623' title='bbox 209 3535 327 3566; x_wconf 74' lang='lat' dir='ltr'>garum,</span> <span class='ocrx_word' id='word_1_624' title='bbox 346 3528 416 3556; x_wconf 84' lang='lat' dir='ltr'>inter</span> <span class='ocrx_word' id='word_1_625' title='bbox 431 3525 506 3561; x_wconf 81' lang='lat' dir='ltr'>Nos,</span> <span class='ocrx_word' id='word_1_626' title='bbox 527 3525 646 3564; x_wconf 77' lang='lat' dir='ltr'>Ligeos,</span> <span class='ocrx_word' id='word_1_627' title='bbox 665 3527 697 3556; x_wconf 89' lang='lat'>&amp;</span> <span class='ocrx_word' id='word_1_628' title='bbox 713 3524 847 3556; x_wconf 85' lang='lat' dir='ltr'>Subditos</span> <span class='ocrx_word' id='word_1_629' title='bbox 859 3524 990 3563; x_wconf 87' lang='lat' dir='ltr'>nostros,</span> <span class='ocrx_word' id='word_1_630' title='bbox 1008 3525 1042 3555; x_wconf 76' lang='grc' dir='ltr'>ὃς</span> <span class='ocrx_word' id='word_1_631' title='bbox 1056 3525 1187 3563; x_wconf 87' lang='lat' dir='ltr'>praefatos</span> <span class='ocrx_word' id='word_1_632' title='bbox 1209 3528 1272 3554; x_wconf 86' lang='lat' dir='ltr'>Du—</span> 
     </span>
     <span class='ocr_line' id='line_1_88' title="bbox 211 3563 1271 3602; baseline 0 -8"><span class='ocrx_word' id='word_1_633' title='bbox 211 3577 263 3595; x_wconf 60' lang='lat' dir='ltr'>cem</span> <span class='ocrx_word' id='word_1_634' title='bbox 283 3565 321 3600; x_wconf 53' lang='grc' dir='ltr'>φ</span> <span class='ocrx_word' id='word_1_635' title='bbox 345 3569 485 3594; x_wconf 82' lang='lat' dir='ltr'>Commune</span> <span class='ocrx_word' id='word_1_636' title='bbox 504 3563 623 3602; x_wconf 83' lang='lat' dir='ltr'>Januae,</span> <span class='ocrx_word' id='word_1_637' title='bbox 643 3564 883 3600; x_wconf 78' lang='lat' dir='ltr'>qualitercumque</span> <span class='ocrx_word' id='word_1_638' title='bbox 903 3563 1140 3594; x_wconf 85' lang='lat' dir='ltr'>concernentibus</span> <span class='ocrx_word' id='word_1_639' title='bbox 1158 3586 1167 3601; x_wconf 86' lang='lat'>‚</span> <span class='ocrx_word' id='word_1_640' title='bbox 1185 3571 1271 3601; x_wconf 88' lang='lat' dir='ltr'>prout</span> 
     </span>
     <span class='ocr_line' id='line_1_89' title="bbox 209 3601 1272 3642; baseline -0.001 -9"><span class='ocrx_word' id='word_1_641' title='bbox 209 3605 328 3642; x_wconf 67' lang='lat' dir='ltr'>praefatis</span> <span class='ocrx_word' id='word_1_642' title='bbox 347 3602 613 3639; x_wconf 77' lang='lat' dir='ltr'>Ambaffiatoribus,</span> <span class='ocrx_word' id='word_1_643' title='bbox 633 3601 857 3639; x_wconf 80' lang='lat' dir='ltr'>Commiffariis,</span> <span class='ocrx_word' id='word_1_644' title='bbox 874 3603 906 3632; x_wconf 62' lang='grc' dir='ltr'>ὃς</span> <span class='ocrx_word' id='word_1_645' title='bbox 922 3601 1050 3631; x_wconf 89' lang='lat' dir='ltr'>Nunciis</span> <span class='ocrx_word' id='word_1_646' title='bbox 1063 3601 1272 3640; x_wconf 82' lang='lat' dir='ltr'>nostris,Qa-</span> 
     </span>
     <span class='ocr_line' id='line_1_90' title="bbox 211 3639 1273 3679; baseline -0.003 -7"><span class='ocrx_word' id='word_1_647' title='bbox 211 3652 292 3679; x_wconf 85' lang='lat' dir='ltr'>tuor,</span> <span class='ocrx_word' id='word_1_648' title='bbox 310 3643 434 3678; x_wconf 75' lang='lat' dir='ltr'>Tribus,</span> <span class='ocrx_word' id='word_1_649' title='bbox 453 3649 499 3671; x_wconf 87' lang='lat' dir='ltr'>aut</span> <span class='ocrx_word' id='word_1_650' title='bbox 517 3640 641 3670; x_wconf 89' lang='lat' dir='ltr'>Duobus</span> <span class='ocrx_word' id='word_1_651' title='bbox 655 3650 754 3670; x_wconf 86' lang='lat' dir='ltr'>eorum</span> <span class='ocrx_word' id='word_1_652' title='bbox 773 3642 909 3677; x_wconf 88' lang='lat' dir='ltr'>(quorum</span> <span class='ocrx_word' id='word_1_653' title='bbox 929 3640 1077 3678; x_wconf 74' lang='lat' dir='ltr'>praefatum</span> <span class='ocrx_word' id='word_1_654' title='bbox 1098 3639 1273 3679; x_wconf 84' lang='lat' dir='ltr'>Magistrum</span> 
     </span>
     <span class='ocr_line' id='line_1_91' title="bbox 211 3677 1273 3749; baseline -0.001 -40"><span class='ocrx_word' id='word_1_655' title='bbox 211 3680 369 3749; x_wconf 62' lang='lat' dir='ltr'>{ohannem</span> <span class='ocrx_word' id='word_1_656' title='bbox 389 3679 504 3721; x_wconf 81' lang='lat' dir='ltr'>Efiourt</span> <span class='ocrx_word' id='word_1_657' title='bbox 525 3688 615 3709; x_wconf 90' lang='lat' dir='ltr'>unum</span> <span class='ocrx_word' id='word_1_658' title='bbox 636 3678 692 3709; x_wconf 84' lang='lat' dir='ltr'>effe</span> <span class='ocrx_word' id='word_1_659' title='bbox 715 3678 859 3713; x_wconf 88' lang='lat' dir='ltr'>volumus)</span> <span class='ocrx_word' id='word_1_660' title='bbox 883 3678 983 3708; x_wconf 79' lang='lat' dir='ltr'>melius</span> <span class='ocrx_word' id='word_1_661' title='bbox 1007 3677 1146 3709; x_wconf 84' lang='lat' dir='ltr'>videbitur</span> <span class='ocrx_word' id='word_1_662' title='bbox 1167 3679 1273 3711; x_wconf 85' lang='lat' dir='ltr'>facien-</span> 
     </span>
    </p>

    <p class='ocr_par' dir='ltr' id='par_1_32' title="bbox 237 3729 284 3749">
     <span class='ocr_line' id='line_1_92' title="bbox 237 3729 284 3749; baseline -0.043 0"><span class='ocrx_word' id='word_1_663' title='bbox 237 3729 284 3749; x_wconf 90' lang='lat' dir='ltr'>um</span> 
     </span>
    </p>

    <p class='ocr_par' dir='ltr' id='par_1_33' title="bbox 214 3744 1277 3909">
     <span class='ocr_line' id='line_1_93' title="bbox 252 3744 1275 3793; baseline 0 -7"><span class='ocrx_word' id='word_1_664' title='bbox 252 3744 359 3787; x_wconf 61' lang='lat' dir='ltr'>Di’ntes</span> <span class='ocrx_word' id='word_1_665' title='bbox 375 3758 407 3788; x_wconf 60' lang='grc' dir='ltr'>ὃς</span> <span class='ocrx_word' id='word_1_666' title='bbox 425 3756 626 3787; x_wconf 74' lang='lat' dir='ltr'>Concedentes</span> <span class='ocrx_word' id='word_1_667' title='bbox 640 3754 744 3785; x_wconf 89' lang='lat' dir='ltr'>eisdem</span> <span class='ocrx_word' id='word_1_668' title='bbox 762 3750 986 3791; x_wconf 73' lang='lat' dir='ltr'>Commissariis,</span> <span class='ocrx_word' id='word_1_669' title='bbox 1006 3749 1275 3793; x_wconf 78' lang='lat' dir='ltr'>Ambaffi&#39;atoribus,</span> 
     </span>
     <span class='ocr_line' id='line_1_94' title="bbox 214 3791 1276 3833; baseline -0.001 -8"><span class='ocrx_word' id='word_1_670' title='bbox 214 3795 247 3825; x_wconf 68' lang='grc' dir='ltr'>ὃ(</span> <span class='ocrx_word' id='word_1_671' title='bbox 269 3795 391 3825; x_wconf 83' lang='lat' dir='ltr'>Nunciis</span> <span class='ocrx_word' id='word_1_672' title='bbox 414 3796 533 3832; x_wconf 81' lang='lat' dir='ltr'>nostris,</span> <span class='ocrx_word' id='word_1_673' title='bbox 554 3795 703 3833; x_wconf 79' lang='lat' dir='ltr'>Qatuor,</span> <span class='ocrx_word' id='word_1_674' title='bbox 722 3793 845 3831; x_wconf 72' lang='lat' dir='ltr'>Tribus,</span> <span class='ocrx_word' id='word_1_675' title='bbox 866 3801 912 3821; x_wconf 82' lang='lat' dir='ltr'>aut</span> <span class='ocrx_word' id='word_1_676' title='bbox 933 3791 1056 3822; x_wconf 91' lang='lat' dir='ltr'>Duobus</span> <span class='ocrx_word' id='word_1_677' title='bbox 1069 3803 1170 3824; x_wconf 88' lang='lat' dir='ltr'>eorum</span> <span class='ocrx_word' id='word_1_678' title='bbox 1188 3794 1276 3832; x_wconf 84' lang='lat' dir='ltr'>(quo-</span> 
     </span>
     <span class='ocr_line' id='line_1_95' title="bbox 214 3829 1274 3871; baseline 0 -9"><span class='ocrx_word' id='word_1_679' title='bbox 214 3841 277 3862; x_wconf 84' lang='lat' dir='ltr'>rum</span> <span class='ocrx_word' id='word_1_680' title='bbox 293 3834 438 3869; x_wconf 72' lang='lat' dir='ltr'>praefatum</span> <span class='ocrx_word' id='word_1_681' title='bbox 455 3833 623 3871; x_wconf 53' lang='lat' dir='ltr'>lN‘Iigil’trum</span> <span class='ocrx_word' id='word_1_682' title='bbox 642 3832 801 3871; x_wconf 78' lang='lat' dir='ltr'>Johannem</span> <span class='ocrx_word' id='word_1_683' title='bbox 819 3829 935 3870; x_wconf 68' lang='lat' dir='ltr'>Escoort</span> <span class='ocrx_word' id='word_1_684' title='bbox 950 3839 1038 3860; x_wconf 87' lang='lat' dir='ltr'>unum</span> <span class='ocrx_word' id='word_1_685' title='bbox 1053 3830 1110 3860; x_wconf 79' lang='lat' dir='ltr'>eli&#39;e</span> <span class='ocrx_word' id='word_1_686' title='bbox 1129 3831 1274 3868; x_wconf 85' lang='lat' dir='ltr'>volumus)</span> 
     </span>
     <span class='ocr_line' id='line_1_96' title="bbox 214 3868 1277 3909; baseline 0.002 -11"><span class='ocrx_word' id='word_1_687' title='bbox 214 3870 387 3900; x_wconf 74' lang='lat' dir='ltr'>Potestatem</span> <span class='ocrx_word' id='word_1_688' title='bbox 398 3895 407 3909; x_wconf 92' lang='lat'>,</span> <span class='ocrx_word' id='word_1_689' title='bbox 423 3873 647 3908; x_wconf 61' lang='lat' dir='ltr'>Auctoritatem,</span> <span class='ocrx_word' id='word_1_690' title='bbox 666 3872 698 3902; x_wconf 71' lang='grc' dir='ltr'><strong><em>δί</em></strong></span> <span class='ocrx_word' id='word_1_691' title='bbox 717 3869 887 3899; x_wconf 75' lang='lat' dir='ltr'>Mandatum</span> <span class='ocrx_word' id='word_1_692' title='bbox 904 3868 1035 3908; x_wconf 79' lang='lat' dir='ltr'>speciale,</span> <span class='ocrx_word' id='word_1_693' title='bbox 1054 3879 1107 3906; x_wconf 89' lang='lat' dir='ltr'>pro</span> <span class='ocrx_word' id='word_1_694' title='bbox 1122 3869 1220 3900; x_wconf 89' lang='lat' dir='ltr'>Nobis</span> <span class='ocrx_word' id='word_1_695' title='bbox 1243 3870 1277 3900; x_wconf 89' lang='lat'>&amp;</span> 
     </span>
    </p>
   </div>
   <div class='ocr_carea' id='block_1_14' title="bbox 216 3907 1279 3947">
    <p class='ocr_par' dir='ltr' id='par_1_34' title="bbox 216 3907 1279 3947">
     <span class='ocr_line' id='line_1_97' title="bbox 216 3907 1279 3947; baseline -0.001 -9"><span class='ocrx_word' id='word_1_696' title='bbox 216 3907 352 3938; x_wconf 80' lang='lat' dir='ltr'>Nomine</span> <span class='ocrx_word' id='word_1_697' title='bbox 369 3910 482 3947; x_wconf 88' lang='lat' dir='ltr'>nostro,</span> <span class='ocrx_word' id='word_1_698' title='bbox 501 3910 677 3946; x_wconf 66' lang='lat' dir='ltr'>Trac‘hndi,</span> <span class='ocrx_word' id='word_1_699' title='bbox 696 3907 913 3944; x_wconf 86' lang='lat' dir='ltr'>Conveniendi,</span> <span class='ocrx_word' id='word_1_700' title='bbox 932 3908 966 3937; x_wconf 72' lang='lat' dir='ltr'>Sc</span> <span class='ocrx_word' id='word_1_701' title='bbox 985 3917 1054 3936; x_wconf 89' lang='lat' dir='ltr'>curn</span> <span class='ocrx_word' id='word_1_702' title='bbox 1076 3909 1195 3946; x_wconf 62' lang='lat' dir='ltr'>praefatis</span> <span class='ocrx_word' id='word_1_703' title='bbox 1214 3908 1279 3938; x_wconf 83' lang='lat' dir='ltr'>Sin-</span> 
     </span>
    </p>
   </div>
   <div class='ocr_carea' id='block_1_15' title="bbox 215 3945 1277 3985">
    <p class='ocr_par' dir='ltr' id='par_1_35' title="bbox 215 3945 1277 3985">
     <span class='ocr_line' id='line_1_98' title="bbox 215 3945 1277 3985; baseline 0 -8"><span class='ocrx_word' id='word_1_704' title='bbox 215 3947 285 3977; x_wconf 84' lang='lat' dir='ltr'>dicis</span> <span class='ocrx_word' id='word_1_705' title='bbox 299 3947 331 3978; x_wconf 60' lang='grc' dir='ltr'>δὲ</span> <span class='ocrx_word' id='word_1_706' title='bbox 347 3948 597 3979; x_wconf 79' lang='lat' dir='ltr'>Ambassiatoribus</span> <span class='ocrx_word' id='word_1_707' title='bbox 611 3947 757 3979; x_wconf 69' lang='lat' dir='ltr'>dicTtorurn</span> <span class='ocrx_word' id='word_1_708' title='bbox 773 3950 856 3977; x_wconf 82' lang='lat' dir='ltr'>Ducis</span> <span class='ocrx_word' id='word_1_709' title='bbox 879 3957 909 3975; x_wconf 87' lang='lat' dir='ltr'>ac</span> <span class='ocrx_word' id='word_1_710' title='bbox 930 3949 1071 3983; x_wconf 79' lang='lat' dir='ltr'>Comunir,</span> <span class='ocrx_word' id='word_1_711' title='bbox 1091 3945 1126 3977; x_wconf 88' lang='lat' dir='ltr'>de</span> <span class='ocrx_word' id='word_1_712' title='bbox 1144 3946 1177 3977; x_wconf 71' lang='grc' dir='ltr'>ἃ</span> <span class='ocrx_word' id='word_1_713' title='bbox 1199 3946 1277 3985; x_wconf 81' lang='lat' dir='ltr'>super</span> 
     </span>
    </p>
   </div>
   <div class='ocr_carea' id='block_1_16' title="bbox 595 31 1400 85">
    <p class='ocr_par' dir='ltr' id='par_1_36' title="bbox 595 31 1400 85">
     <span class='ocr_line' id='line_1_99' title="bbox 595 31 1400 85; baseline -0.007 -1"><span class='ocrx_word' id='word_1_714' title='bbox 595 31 1400 85; x_wconf 74' lang='lat' dir='ltr'>CONVENTI&#39;ONE&#39;S,</span> 
     </span>
    </p>
   </div>
   <div class='ocr_carea' id='block_1_17' title="bbox 1469 28 1859 86">
    <p class='ocr_par' dir='ltr' id='par_1_37' title="bbox 1469 28 1859 86">
     <span class='ocr_line' id='line_1_100' title="bbox 1469 28 1859 86; baseline -0.005 -9"><span class='ocrx_word' id='word_1_715' title='bbox 1469 28 1859 86; x_wconf 76' lang='lat' dir='ltr'>LiTERAE‚</span> 
     </span>
    </p>
   </div>
   <div class='ocr_carea' id='block_1_18' title="bbox 1277 110 2492 615">
    <p class='ocr_par' dir='ltr' id='par_1_38' title="bbox 1277 110 2492 268">
     <span class='ocr_line' id='line_1_101' title="bbox 1277 110 2492 161; baseline -0.003 -7"><span class='ocrx_word' id='word_1_716' title='bbox 1277 123 1411 154; x_wconf 83' lang='lat' dir='ltr'>omnibus</span> <span class='ocrx_word' id='word_1_717' title='bbox 1430 123 1464 155; x_wconf 93' lang='lat'>&amp;</span> <span class='ocrx_word' id='word_1_718' title='bbox 1485 122 1597 161; x_wconf 76' lang='lat' dir='ltr'>singulis</span> <span class='ocrx_word' id='word_1_719' title='bbox 1615 120 1776 161; x_wconf 62' lang='lat' dir='ltr'>supradietis</span> <span class='ocrx_word' id='word_1_720' title='bbox 1789 145 1798 158; x_wconf 82' lang='lat'>,</span> <span class='ocrx_word' id='word_1_721' title='bbox 1820 119 2023 152; x_wconf 89' lang='lat' dir='ltr'>Concludendi</span> <span class='ocrx_word' id='word_1_722' title='bbox 2038 141 2047 157; x_wconf 87' lang='lat'><em>‚</em></span> <span class='ocrx_word' id='word_1_723' title='bbox 2074 120 2190 150; x_wconf 86' lang='lat' dir='ltr'>necnon</span> <span class='ocrx_word' id='word_1_724' title='bbox 2211 117 2345 150; x_wconf 88' lang='lat' dir='ltr'>Faciendi</span> <span class='ocrx_word' id='word_1_725' title='bbox 2361 110 2437 148; x_wconf 80' lang='lat' dir='ltr'>Ann.</span> <span class='ocrx_word' id='word_1_726' title='bbox 2452 112 2492 150; x_wconf 70' lang='lat' dir='ltr'>Dz</span> 
     </span>
     <span class='ocr_line' id='line_1_102' title="bbox 1279 156 2473 200; baseline -0.006 -7"><span class='ocrx_word' id='word_1_727' title='bbox 1279 163 1380 193; x_wconf 89' lang='lat' dir='ltr'>omnia</span> <span class='ocrx_word' id='word_1_728' title='bbox 1393 162 1426 193; x_wconf 92' lang='lat'>&amp;</span> <span class='ocrx_word' id='word_1_729' title='bbox 1442 161 1546 200; x_wconf 82' lang='lat' dir='ltr'>fingula</span> <span class='ocrx_word' id='word_1_730' title='bbox 1579 171 1623 192; x_wconf 86' lang='lat' dir='ltr'>uae</span> <span class='ocrx_word' id='word_1_731' title='bbox 1637 163 1667 191; x_wconf 90' lang='lat' dir='ltr'>in</span> <span class='ocrx_word' id='word_1_732' title='bbox 1675 159 1825 191; x_wconf 76' lang='lat' dir='ltr'>Praemiffis</span> <span class='ocrx_word' id='word_1_733' title='bbox 1837 160 1882 190; x_wconf 91' lang='lat' dir='ltr'>seu</span> <span class='ocrx_word' id='word_1_734' title='bbox 1895 169 1996 191; x_wconf 88' lang='lat' dir='ltr'>eorum</span> <span class='ocrx_word' id='word_1_735' title='bbox 2011 158 2106 196; x_wconf 90' lang='lat' dir='ltr'>aliquo</span> <span class='ocrx_word' id='word_1_736' title='bbox 2120 156 2270 188; x_wconf 87' lang='lat' dir='ltr'>necessaria</span> <span class='ocrx_word' id='word_1_737' title='bbox 2283 158 2346 188; x_wconf 90' lang='lat' dir='ltr'>fue·</span> <span class='ocrx_word' id='word_1_738' title='bbox 2388 166 2473 197; x_wconf 85' lang='lat'>1419.</span> 
     </span>
     <span class='ocr_line' id='line_1_103' title="bbox 1281 196 2472 268; baseline -0.003 -38"><span class='ocrx_word' id='word_1_739' title='bbox 1281 202 1337 245; x_wconf 81' lang='lat' dir='ltr'>rint</span> <span class='ocrx_word' id='word_1_740' title='bbox 1344 199 1397 268; x_wconf 65' lang='lat' dir='ltr'>sseu</span> <span class='ocrx_word' id='word_1_741' title='bbox 1411 199 1565 267; x_wconf 54' lang='lat' dir='ltr'>quomodo</span> <span class='ocrx_word' id='word_1_742' title='bbox 1576 201 1636 231; x_wconf 85' lang='lat' dir='ltr'>ibet</span> <span class='ocrx_word' id='word_1_743' title='bbox 1648 207 1807 238; x_wconf 85' lang='lat' dir='ltr'>oportuna,</span> <span class='ocrx_word' id='word_1_744' title='bbox 1825 199 1912 229; x_wconf 84' lang='lat' dir='ltr'>etiam</span> <span class='ocrx_word' id='word_1_745' title='bbox 1925 198 1946 229; x_wconf 80' lang='lat' dir='ltr'>si</span> <span class='ocrx_word' id='word_1_746' title='bbox 1961 196 2133 228; x_wconf 87' lang='lat' dir='ltr'>Mandatum</span> <span class='ocrx_word' id='word_1_747' title='bbox 2146 197 2258 235; x_wconf 84' lang='lat' dir='ltr'>exigant</span> <span class='ocrx_word' id='word_1_748' title='bbox 2285 206 2346 227; x_wconf 86' lang='lat' dir='ltr'>tna-</span> <span class='ocrx_word' id='word_1_749' title='bbox 2361 201 2424 224; x_wconf 83' lang='lat' dir='ltr'>Hen.</span> <span class='ocrx_word' id='word_1_750' title='bbox 2444 205 2472 232; x_wconf 84' lang='lat'>5-</span> 
     </span>
    </p>

    <p class='ocr_par' dir='ltr' id='par_1_39' title="bbox 1280 247 2457 538">
     <span class='ocr_line' id='line_1_104' title="bbox 1304 248 1471 276; baseline -0.012 -7"><span class='ocrx_word' id='word_1_751' title='bbox 1304 249 1325 269; x_wconf 91' lang='lat' dir='ltr'>1s</span> <span class='ocrx_word' id='word_1_752' title='bbox 1356 248 1434 276; x_wconf 83' lang='lat' dir='ltr'>pccla</span> <span class='ocrx_word' id='word_1_753' title='bbox 1446 248 1471 267; x_wconf 91' lang='lat' dir='ltr'>e.</span> 
     </span>
     <span class='ocr_line' id='line_1_105' title="bbox 1282 247 2347 315; baseline -0.004 -8"><span class='ocrx_word' id='word_1_754' title='bbox 1282 247 1302 277; x_wconf 81' lang='lat' dir='ltr'><strong>g</strong></span> <span class='ocrx_word' id='word_1_755' title='bbox 1321 276 1577 315; x_wconf 87' lang='lat' dir='ltr'>Promittentesque</span> <span class='ocrx_word' id='word_1_756' title='bbox 1591 286 1659 314; x_wconf 87' lang='lat' dir='ltr'>nos,</span> <span class='ocrx_word' id='word_1_757' title='bbox 1675 275 1755 307; x_wconf 61' lang='lat' dir='ltr'>bona</span> <span class='ocrx_word' id='word_1_758' title='bbox 1767 275 1838 314; x_wconf 88' lang='lat' dir='ltr'>fide,</span> <span class='ocrx_word' id='word_1_759' title='bbox 1857 276 1891 308; x_wconf 88' lang='lat'>&amp;</span> <span class='ocrx_word' id='word_1_760' title='bbox 1906 277 1935 307; x_wconf 84' lang='lat' dir='ltr'>in</span> <span class='ocrx_word' id='word_1_761' title='bbox 1951 275 2041 306; x_wconf 85' lang='lat' dir='ltr'>verbo</span> <span class='ocrx_word' id='word_1_762' title='bbox 2053 272 2170 311; x_wconf 84' lang='lat' dir='ltr'>Regio,</span> <span class='ocrx_word' id='word_1_763' title='bbox 2187 272 2296 304; x_wconf 89' lang='lat' dir='ltr'>Ratum</span> <span class='ocrx_word' id='word_1_764' title='bbox 2312 272 2347 304; x_wconf 89' lang='lat'>&amp;</span> 
     </span>
     <span class='ocr_line' id='line_1_106' title="bbox 1282 308 2457 353; baseline -0.004 -7"><span class='ocrx_word' id='word_1_765' title='bbox 1282 313 1409 346; x_wconf 86' lang='lat' dir='ltr'>Gratum</span> <span class='ocrx_word' id='word_1_766' title='bbox 1431 316 1572 353; x_wconf 73' lang='lat' dir='ltr'>perpetuo</span> <span class='ocrx_word' id='word_1_767' title='bbox 1590 315 1734 346; x_wconf 89' lang='lat' dir='ltr'>habituros</span> <span class='ocrx_word' id='word_1_768' title='bbox 1753 322 1848 345; x_wconf 87' lang='lat' dir='ltr'>totum</span> <span class='ocrx_word' id='word_1_769' title='bbox 1868 315 1902 345; x_wconf 75' lang='grc' dir='ltr'>δε</span> <span class='ocrx_word' id='word_1_770' title='bbox 1924 311 2060 351; x_wconf 84' lang='lat' dir='ltr'>quicquid</span> <span class='ocrx_word' id='word_1_771' title='bbox 2082 322 2131 350; x_wconf 91' lang='lat' dir='ltr'>per</span> <span class='ocrx_word' id='word_1_772' title='bbox 2152 312 2171 331; x_wconf 67' lang='lat'>*¹²</span> <span class='ocrx_word' id='word_1_773' title='bbox 2191 311 2322 350; x_wconf 83' lang='lat' dir='ltr'>praefatos</span> <span class='ocrx_word' id='word_1_774' title='bbox 2337 335 2348 349; x_wconf 92' lang='lat'>,</span> <span class='ocrx_word' id='word_1_775' title='bbox 2362 308 2382 328; x_wconf 69' lang='lat'>⁴⁸</span> <span class='ocrx_word' id='word_1_776' title='bbox 2404 310 2457 338; x_wconf 77' lang='lat' dir='ltr'>IX·</span> 
     </span>
     <span class='ocr_line' id='line_1_107' title="bbox 1283 349 2428 392; baseline -0.003 -9"><span class='ocrx_word' id='word_1_777' title='bbox 1283 352 1464 383; x_wconf 85' lang='lat' dir='ltr'>Willielmum</span> <span class='ocrx_word' id='word_1_778' title='bbox 1479 376 1488 391; x_wconf 95' lang='lat'>,</span> <span class='ocrx_word' id='word_1_779' title='bbox 1511 352 1669 392; x_wconf 82' lang='lat' dir='ltr'>Johannem</span> <span class='ocrx_word' id='word_1_780' title='bbox 1684 376 1694 390; x_wconf 91' lang='lat'>,</span> <span class='ocrx_word' id='word_1_781' title='bbox 1718 353 1882 383; x_wconf 85' lang='lat' dir='ltr'>Richardum</span> <span class='ocrx_word' id='word_1_782' title='bbox 1894 375 1904 390; x_wconf 84' lang='lat'><em>‚</em></span> <span class='ocrx_word' id='word_1_783' title='bbox 1925 353 1960 383; x_wconf 89' lang='lat'>&amp;</span> <span class='ocrx_word' id='word_1_784' title='bbox 1984 349 2162 390; x_wconf 83' lang='lat' dir='ltr'>Johannem,</span> <span class='ocrx_word' id='word_1_785' title='bbox 2186 351 2320 389; x_wconf 83' lang='lat' dir='ltr'>Qiatuor</span> <span class='ocrx_word' id='word_1_786' title='bbox 2337 372 2346 388; x_wconf 80' lang='lat'>,</span> <span class='ocrx_word' id='word_1_787' title='bbox 2364 357 2428 383; x_wconf 89' lang='lat'>701·</span> 
     </span>
     <span class='ocr_line' id='line_1_108' title="bbox 1280 388 2346 429; baseline -0.004 -8"><span class='ocrx_word' id='word_1_788' title='bbox 1280 392 1372 429; x_wconf 90' lang='lat' dir='ltr'>Tres,</span> <span class='ocrx_word' id='word_1_789' title='bbox 1389 401 1436 423; x_wconf 89' lang='lat' dir='ltr'>aut</span> <span class='ocrx_word' id='word_1_790' title='bbox 1454 391 1539 422; x_wconf 91' lang='lat' dir='ltr'>Duos</span> <span class='ocrx_word' id='word_1_791' title='bbox 1556 400 1658 421; x_wconf 89' lang='lat' dir='ltr'>eorum</span> <span class='ocrx_word' id='word_1_792' title='bbox 1676 391 1814 429; x_wconf 88' lang='lat' dir='ltr'>(quorum</span> <span class='ocrx_word' id='word_1_793' title='bbox 1832 390 1982 429; x_wconf 86' lang='lat' dir='ltr'>praefatum</span> <span class='ocrx_word' id='word_1_794' title='bbox 1998 388 2171 428; x_wconf 86' lang='lat' dir='ltr'>Magistrum</span> <span class='ocrx_word' id='word_1_795' title='bbox 2187 388 2346 428; x_wconf 80' lang='lat' dir='ltr'>Johannem</span> 
     </span>
     <span class='ocr_line' id='line_1_109' title="bbox 1281 426 2348 470; baseline -0.002 -10"><span class='ocrx_word' id='word_1_796' title='bbox 1281 429 1399 470; x_wconf 86' lang='lat' dir='ltr'>Escourt</span> <span class='ocrx_word' id='word_1_797' title='bbox 1419 439 1509 461; x_wconf 92' lang='lat' dir='ltr'>unum</span> <span class='ocrx_word' id='word_1_798' title='bbox 1528 430 1585 460; x_wconf 85' lang='lat' dir='ltr'>esse</span> <span class='ocrx_word' id='word_1_799' title='bbox 1602 429 1754 468; x_wconf 78' lang='lat' dir='ltr'>volui-nus,</span> <span class='ocrx_word' id='word_1_800' title='bbox 1768 430 1878 460; x_wconf 69' lang='grc' dir='ltr'>Αᾶυῐῃ</span> <span class='ocrx_word' id='word_1_801' title='bbox 1893 453 1903 468; x_wconf 86' lang='lat'>,</span> <span class='ocrx_word' id='word_1_802' title='bbox 1920 427 2065 466; x_wconf 88' lang='lat' dir='ltr'>Gesturn,</span> <span class='ocrx_word' id='word_1_803' title='bbox 2083 426 2140 458; x_wconf 88' lang='lat' dir='ltr'>five</span> <span class='ocrx_word' id='word_1_804' title='bbox 2157 427 2348 459; x_wconf 87' lang='lat' dir='ltr'>Procuraturn</span> 
     </span>
     <span class='ocr_line' id='line_1_110' title="bbox 1283 466 2022 538; baseline -0.004 -39"><span class='ocrx_word' id='word_1_805' title='bbox 1283 469 1366 536; x_wconf 66' lang='lat' dir='ltr'>futlerit</span> <span class='ocrx_word' id='word_1_806' title='bbox 1383 470 1415 513; x_wconf 79' lang='lat' dir='ltr'>in</span> <span class='ocrx_word' id='word_1_807' title='bbox 1434 466 1606 538; x_wconf 59' lang='lat' dir='ltr'>Praegrgiiffffi,</span> <span class='ocrx_word' id='word_1_808' title='bbox 1622 467 1669 498; x_wconf 89' lang='lat' dir='ltr'>vel</span> <span class='ocrx_word' id='word_1_809' title='bbox 1685 467 1781 506; x_wconf 88' lang='lat' dir='ltr'>aliquo</span> <span class='ocrx_word' id='word_1_810' title='bbox 1796 467 2022 499; x_wconf 74' lang='lat' dir='ltr'>Praemtflorum.</span> 
     </span>
    </p>

    <p class='ocr_par' dir='ltr' id='par_1_40' title="bbox 1332 516 1547 538">
     <span class='ocr_line' id='line_1_111' title="bbox 1332 516 1547 538; baseline 0 -2"><span class='ocrx_word' id='word_1_811' title='bbox 1332 517 1351 536; x_wconf 92' lang='lat' dir='ltr'>n</span> <span class='ocrx_word' id='word_1_812' title='bbox 1370 516 1405 537; x_wconf 92' lang='lat' dir='ltr'>cu</span> <span class='ocrx_word' id='word_1_813' title='bbox 1418 517 1449 538; x_wconf 90' lang='lat' dir='ltr'>us</span> <span class='ocrx_word' id='word_1_814' title='bbox 1521 517 1547 536; x_wconf 90' lang='lat' dir='ltr'>c.</span> 
     </span>
    </p>

    <p class='ocr_par' dir='ltr' id='par_1_41' title="bbox 1280 517 2349 614">
     <span class='ocr_line' id='line_1_112' title="bbox 1280 517 2349 614; baseline -0.002 -39"><span class='ocrx_word' id='word_1_815' title='bbox 1280 584 1299 614; x_wconf 80' lang='lat' dir='ltr'>b</span> <span class='ocrx_word' id='word_1_816' title='bbox 1318 517 1414 590; x_wconf 35' lang='lat' dir='ltr'>Tei-lteJ</span> <span class='ocrx_word' id='word_1_817' title='bbox 1430 530 1548 585; x_wconf 46' lang='lat' dir='ltr'>pssaefato</span> <span class='ocrx_word' id='word_1_818' title='bbox 1574 543 1684 585; x_wconf 81' lang='lat' dir='ltr'>Custode</span> <span class='ocrx_word' id='word_1_819' title='bbox 1708 545 1783 584; x_wconf 74' lang='lat' dir='ltr'>apud</span> <span class='ocrx_word' id='word_1_820' title='bbox 1809 544 2065 585; x_wconf 79' lang='lat' dir='ltr'>Wstmonasterium</span> <span class='ocrx_word' id='word_1_821' title='bbox 2092 544 2168 577; x_wconf 81' lang='lat' dir='ltr'>xxvi.</span> <span class='ocrx_word' id='word_1_822' title='bbox 2207 542 2254 574; x_wconf 81' lang='lat' dir='ltr'>die</span> <span class='ocrx_word' id='word_1_823' title='bbox 2294 542 2349 574; x_wconf 81' lang='lat' dir='ltr'>Fe-</span> 
     </span>
    </p>

    <p class='ocr_par' dir='ltr' id='par_1_42' title="bbox 1301 593 1392 615">
     <span class='ocr_line' id='line_1_113' title="bbox 1301 593 1392 615; baseline 0.011 -1"><span class='ocrx_word' id='word_1_824' title='bbox 1301 593 1392 615; x_wconf 86' lang='lat' dir='ltr'>ruaru.</span> 
     </span>
    </p>
   </div>
   <div class='ocr_carea' id='block_1_19' title="bbox 2018 619 2242 652">
    <p class='ocr_par' dir='ltr' id='par_1_43' title="bbox 2018 619 2242 652">
     <span class='ocr_line' id='line_1_114' title="bbox 2018 619 2242 652; baseline -0.004 -1"><span class='ocrx_word' id='word_1_825' title='bbox 2018 624 2072 652; x_wconf 84' lang='lat' dir='ltr'>Per</span> <span class='ocrx_word' id='word_1_826' title='bbox 2089 619 2242 652; x_wconf 66' lang='lat' dir='ltr'>concilium.</span> 
     </span>
    </p>
   </div>
   <div class='ocr_carea' id='block_1_20' title="bbox 1282 739 2346 842">
    <p class='ocr_par' dir='ltr' id='par_1_44' title="bbox 1282 739 2346 842">
     <span class='ocr_line' id='line_1_115' title="bbox 1282 739 2346 842; baseline -0.003 -60"><span class='ocrx_word' id='word_1_827' title='bbox 1282 749 1332 783; x_wconf 77' lang='lat' dir='ltr'>De</span> <span class='ocrx_word' id='word_1_828' title='bbox 1356 741 1585 794; x_wconf 82' lang='lat' dir='ltr'>Confirmatione</span> <span class='ocrx_word' id='word_1_829' title='bbox 1607 747 1770 781; x_wconf 69' lang='lat' dir='ltr'>TraHatus</span> <span class='ocrx_word' id='word_1_830' title='bbox 1781 752 1874 842; x_wconf 52' lang='lat' dir='ltr'>jum!</span> <span class='ocrx_word' id='word_1_831' title='bbox 1893 745 2054 793; x_wconf 74' lang='lat' dir='ltr'>Dauphino</span> <span class='ocrx_word' id='word_1_832' title='bbox 2082 739 2174 794; x_wconf 64' lang='lat' dir='ltr'>snper</span> <span class='ocrx_word' id='word_1_833' title='bbox 2197 747 2346 795; x_wconf 70' lang='lat' dir='ltr'>Colloquio</span> 
     </span>
     <span class='ocr_line' id='line_1_116' title="bbox 1730 799 1894 830; baseline 0 -1"><span class='ocrx_word' id='word_1_834' title='bbox 1730 799 1788 830; x_wconf 84' lang='lat' dir='ltr'>Per</span> <span class='ocrx_word' id='word_1_835' title='bbox 1804 808 1859 829; x_wconf 81' lang='lat' dir='ltr'>ona</span> <span class='ocrx_word' id='word_1_836' title='bbox 1872 799 1894 830; x_wconf 87' lang='lat' dir='ltr'>i.</span> 
     </span>
    </p>
   </div>
   <div class='ocr_carea' id='block_1_21' title="bbox 1284 878 2501 1271">
    <p class='ocr_par' dir='ltr' id='par_1_45' title="bbox 1288 878 2497 960">
     <span class='ocr_line' id='line_1_117' title="bbox 1288 878 2497 939; baseline -0.004 -24"><span class='ocrx_word' id='word_1_837' title='bbox 1288 882 1407 939; x_wconf 74' lang='lat' dir='ltr'>REX</span> <span class='ocrx_word' id='word_1_838' title='bbox 1427 883 1589 922; x_wconf 81' lang='lat' dir='ltr'>Omnibus,</span> <span class='ocrx_word' id='word_1_839' title='bbox 1606 883 1640 915; x_wconf 89' lang='lat' dir='ltr'>ad</span> <span class='ocrx_word' id='word_1_840' title='bbox 1659 892 1745 922; x_wconf 76' lang='lat' dir='ltr'>qUOS,</span> <span class='ocrx_word' id='word_1_841' title='bbox 1763 882 1824 914; x_wconf 88' lang='lat' dir='ltr'>&amp;c.</span> <span class='ocrx_word' id='word_1_842' title='bbox 1845 878 1979 913; x_wconf 85' lang='lat' dir='ltr'>Salutem.</span> <span class='ocrx_word' id='word_1_843' title='bbox 2366 878 2443 910; x_wconf 83' lang='lat' dir='ltr'>Ann.</span> <span class='ocrx_word' id='word_1_844' title='bbox 2455 879 2497 911; x_wconf 85' lang='lat' dir='ltr'>D.</span> 
     </span>
     <span class='ocr_line' id='line_1_118' title="bbox 1385 919 2474 960; baseline -0.003 -8"><span class='ocrx_word' id='word_1_845' title='bbox 1385 922 1430 952; x_wconf 79' lang='grc' dir='ltr'>ΙΝ</span> <span class='ocrx_word' id='word_1_846' title='bbox 1440 932 1452 953; x_wconf 88' lang='lat' dir='ltr'>s</span> <span class='ocrx_word' id='word_1_847' title='bbox 1462 931 1507 952; x_wconf 80' lang='lat' dir='ltr'>PE</span> <span class='ocrx_word' id='word_1_848' title='bbox 1516 931 1551 952; x_wconf 83' lang='lat' dir='ltr'>xi</span> <span class='ocrx_word' id='word_1_849' title='bbox 1562 931 1620 953; x_wconf 83' lang='grc' dir='ltr'>Μυ</span> <span class='ocrx_word' id='word_1_850' title='bbox 1630 932 1643 953; x_wconf 88' lang='lat' dir='ltr'>s</span> <span class='ocrx_word' id='word_1_851' title='bbox 1669 921 1799 960; x_wconf 88' lang='lat' dir='ltr'>quasdam</span> <span class='ocrx_word' id='word_1_852' title='bbox 1817 921 1924 952; x_wconf 85' lang='lat' dir='ltr'>Literas</span> <span class='ocrx_word' id='word_1_853' title='bbox 1938 944 1949 958; x_wconf 88' lang='lat'>,</span> <span class='ocrx_word' id='word_1_854' title='bbox 1968 919 2181 952; x_wconf 84' lang='lat' dir='ltr'>Venerabilium</span> <span class='ocrx_word' id='word_1_855' title='bbox 2206 920 2323 951; x_wconf 88' lang='lat' dir='ltr'>Patrum</span> <span class='ocrx_word' id='word_1_856' title='bbox 2339 944 2349 959; x_wconf 93' lang='lat'>,</span> <span class='ocrx_word' id='word_1_857' title='bbox 2384 929 2474 959; x_wconf 85' lang='lat'>1419.</span> 
     </span>
    </p>

    <p class='ocr_par' dir='ltr' id='par_1_46' title="bbox 1284 958 2461 1000">
     <span class='ocr_line' id='line_1_119' title="bbox 1284 958 2461 1000; baseline 0.001 -13"><span class='ocrx_word' id='word_1_858' title='bbox 1284 959 1397 990; x_wconf 82' lang='lat' dir='ltr'>Henrici</span> <span class='ocrx_word' id='word_1_859' title='bbox 1414 960 1615 1000; x_wconf 80' lang='lat' dir='ltr'>Cantuarienfis</span> <span class='ocrx_word' id='word_1_860' title='bbox 1631 960 1760 999; x_wconf 84' lang='lat' dir='ltr'>Archiep.</span> <span class='ocrx_word' id='word_1_861' title='bbox 1777 961 1864 990; x_wconf 88' lang='lat' dir='ltr'>totius</span> <span class='ocrx_word' id='word_1_862' title='bbox 1876 960 1988 997; x_wconf 86' lang='lat' dir='ltr'>Angliae</span> <span class='ocrx_word' id='word_1_863' title='bbox 2002 959 2149 998; x_wconf 85' lang='lat' dir='ltr'>Primatis,</span> <span class='ocrx_word' id='word_1_864' title='bbox 2167 960 2200 990; x_wconf 87' lang='lat'>&amp;</span> <span class='ocrx_word' id='word_1_865' title='bbox 2216 958 2347 997; x_wconf 86' lang='lat' dir='ltr'>Aposto-</span> <span class='ocrx_word' id='word_1_866' title='bbox 2364 962 2416 988; x_wconf 85' lang='lat' dir='ltr'>An.</span> <span class='ocrx_word' id='word_1_867' title='bbox 2431 960 2461 988; x_wconf 83' lang='lat'>6.</span> 
     </span>
    </p>

    <p class='ocr_par' dir='ltr' id='par_1_47' title="bbox 1284 997 2447 1046">
     <span class='ocr_line' id='line_1_120' title="bbox 1284 997 2447 1046; baseline -0.003 -19"><span class='ocrx_word' id='word_1_868' title='bbox 1284 997 1347 1028; x_wconf 93' lang='lat' dir='ltr'>licae</span> <span class='ocrx_word' id='word_1_869' title='bbox 1362 999 1441 1029; x_wconf 89' lang='lat' dir='ltr'>Sedis</span> <span class='ocrx_word' id='word_1_870' title='bbox 1456 999 1572 1038; x_wconf 88' lang='lat' dir='ltr'>Legati,</span> <span class='ocrx_word' id='word_1_871' title='bbox 1591 1002 1704 1029; x_wconf 83' lang='lat' dir='ltr'>Henrici</span> <span class='ocrx_word' id='word_1_872' title='bbox 1721 1001 1775 1046; x_wconf 62' lang='lat' dir='ltr'>Egi</span> <span class='ocrx_word' id='word_1_873' title='bbox 1788 1002 1841 1037; x_wconf 85' lang='lat' dir='ltr'>copi</span> <span class='ocrx_word' id='word_1_874' title='bbox 1864 997 2043 1038; x_wconf 66' lang='lat' dir='ltr'>cicestrenfis,</span> <span class='ocrx_word' id='word_1_875' title='bbox 2062 997 2169 1029; x_wconf 73' lang='lat' dir='ltr'>Dileffl</span> <span class='ocrx_word' id='word_1_876' title='bbox 2190 998 2224 1030; x_wconf 74' lang='grc' dir='ltr'>δε</span> <span class='ocrx_word' id='word_1_877' title='bbox 2247 997 2349 1028; x_wconf 89' lang='lat' dir='ltr'>Fidelis</span> <span class='ocrx_word' id='word_1_878' title='bbox 2364 1001 2399 1025; x_wconf 85' lang='lat' dir='ltr'>H.</span> <span class='ocrx_word' id='word_1_879' title='bbox 2419 1006 2447 1033; x_wconf 85' lang='lat'>5.</span> 
     </span>
    </p>

    <p class='ocr_par' dir='ltr' id='par_1_48' title="bbox 1286 1035 2501 1076">
     <span class='ocr_line' id='line_1_121' title="bbox 1286 1035 2501 1076; baseline -0.002 -10"><span class='ocrx_word' id='word_1_880' title='bbox 1286 1036 1394 1075; x_wconf 83' lang='lat' dir='ltr'>nostri,</span> <span class='ocrx_word' id='word_1_881' title='bbox 1417 1037 1535 1068; x_wconf 71' lang='lat' dir='ltr'>PValteri</span> <span class='ocrx_word' id='word_1_882' title='bbox 1549 1036 1730 1076; x_wconf 83' lang='lat' dir='ltr'>Hungerford</span> <span class='ocrx_word' id='word_1_883' title='bbox 1745 1037 1894 1068; x_wconf 74' lang='lat' dir='ltr'>Senescalli</span> <span class='ocrx_word' id='word_1_884' title='bbox 1908 1037 2033 1076; x_wconf 79' lang='lat' dir='ltr'>Hospitii</span> <span class='ocrx_word' id='word_1_885' title='bbox 2047 1036 2154 1075; x_wconf 87' lang='lat' dir='ltr'>nostri,</span> <span class='ocrx_word' id='word_1_886' title='bbox 2172 1045 2204 1067; x_wconf 88' lang='lat' dir='ltr'>ac</span> <span class='ocrx_word' id='word_1_887' title='bbox 2214 1035 2350 1074; x_wconf 84' lang='lat' dir='ltr'>Magistri</span> <span class='ocrx_word' id='word_1_888' title='bbox 2367 1041 2457 1064; x_wconf 85' lang='lat' dir='ltr'>Norm.</span> <span class='ocrx_word' id='word_1_889' title='bbox 2472 1036 2501 1064; x_wconf 89' lang='lat'>6.</span> 
     </span>
    </p>

    <p class='ocr_par' dir='ltr' id='par_1_49' title="bbox 1286 1073 2501 1114">
     <span class='ocr_line' id='line_1_122' title="bbox 1286 1073 2501 1114; baseline 0 -9"><span class='ocrx_word' id='word_1_890' title='bbox 1286 1074 1428 1113; x_wconf 85' lang='lat' dir='ltr'>Johannis</span> <span class='ocrx_word' id='word_1_891' title='bbox 1445 1079 1489 1106; x_wconf 83' lang='lat' dir='ltr'>Ke</span> <span class='ocrx_word' id='word_1_892' title='bbox 1533 1087 1546 1106; x_wconf 86' lang='lat' dir='ltr'>e</span> <span class='ocrx_word' id='word_1_893' title='bbox 1563 1075 1698 1107; x_wconf 79' lang='lat' dir='ltr'>Custodis</span> <span class='ocrx_word' id='word_1_894' title='bbox 1711 1075 1818 1106; x_wconf 85' lang='lat' dir='ltr'>Privati</span> <span class='ocrx_word' id='word_1_895' title='bbox 1833 1073 1938 1114; x_wconf 80' lang='lat' dir='ltr'>Sigilli,</span> <span class='ocrx_word' id='word_1_896' title='bbox 1957 1085 2071 1106; x_wconf 88' lang='lat' dir='ltr'>necnon</span> <span class='ocrx_word' id='word_1_897' title='bbox 2107 1075 2280 1106; x_wconf 67' lang='lat' dir='ltr'>dilediorum</span> <span class='ocrx_word' id='word_1_898' title='bbox 2296 1085 2349 1106; x_wconf 85' lang='lat' dir='ltr'>no·</span> <span class='ocrx_word' id='word_1_899' title='bbox 2368 1079 2501 1111; x_wconf 74' lang='lat' dir='ltr'>H.5-p-2-</span> 
     </span>
    </p>

    <p class='ocr_par' dir='ltr' id='par_1_50' title="bbox 1288 1100 2466 1158">
     <span class='ocr_line' id='line_1_123' title="bbox 1288 1100 2466 1158; baseline -0.003 -14"><span class='ocrx_word' id='word_1_900' title='bbox 1288 1113 1429 1154; x_wconf 87' lang='lat' dir='ltr'>strorum,</span> <span class='ocrx_word' id='word_1_901' title='bbox 1448 1115 1512 1158; x_wconf 83' lang='lat' dir='ltr'>Wil</span> <span class='ocrx_word' id='word_1_902' title='bbox 1520 1114 1591 1145; x_wconf 86' lang='lat' dir='ltr'>ielmi</span> <span class='ocrx_word' id='word_1_903' title='bbox 1605 1114 1748 1154; x_wconf 80' lang='lat' dir='ltr'>Alyngton</span> <span class='ocrx_word' id='word_1_904' title='bbox 1765 1113 1927 1152; x_wconf 78' lang='lat' dir='ltr'>Armigeii,</span> <span class='ocrx_word' id='word_1_905' title='bbox 1945 1115 1978 1145; x_wconf 90' lang='lat'>&amp;</span> <span class='ocrx_word' id='word_1_906' title='bbox 1993 1100 2124 1151; x_wconf 58' lang='lat' dir='ltr'>Magistri</span> <span class='ocrx_word' id='word_1_907' title='bbox 2148 1114 2260 1144; x_wconf 78' lang='lat' dir='ltr'>Ricardi</span> <span class='ocrx_word' id='word_1_908' title='bbox 2286 1117 2355 1144; x_wconf 82' lang='lat' dir='ltr'>Cou-</span> <span class='ocrx_word' id='word_1_909' title='bbox 2372 1122 2408 1141; x_wconf 89' lang='lat' dir='ltr'>m.</span> <span class='ocrx_word' id='word_1_910' title='bbox 2419 1122 2466 1149; x_wconf 80' lang='lat'>23.</span> 
     </span>
    </p>

    <p class='ocr_par' dir='ltr' id='par_1_51' title="bbox 1288 1151 2352 1194">
     <span class='ocr_line' id='line_1_124' title="bbox 1288 1151 2352 1194; baseline 0.001 -12"><span class='ocrx_word' id='word_1_911' title='bbox 1288 1153 1355 1194; x_wconf 81' lang='lat' dir='ltr'>dray</span> <span class='ocrx_word' id='word_1_912' title='bbox 1382 1153 1489 1184; x_wconf 73' lang='lat' dir='ltr'>Clerim</span> <span class='ocrx_word' id='word_1_913' title='bbox 1514 1152 1640 1184; x_wconf 92' lang='lat' dir='ltr'>Concilii</span> <span class='ocrx_word' id='word_1_914' title='bbox 1659 1153 1767 1192; x_wconf 87' lang='lat' dir='ltr'>nostri,</span> <span class='ocrx_word' id='word_1_915' title='bbox 1785 1162 1873 1183; x_wconf 84' lang='lat' dir='ltr'>certas</span> <span class='ocrx_word' id='word_1_916' title='bbox 1896 1151 2115 1183; x_wconf 87' lang='lat' dir='ltr'>Conventiones</span> <span class='ocrx_word' id='word_1_917' title='bbox 2129 1175 2140 1190; x_wconf 93' lang='lat'>,</span> <span class='ocrx_word' id='word_1_918' title='bbox 2158 1153 2195 1183; x_wconf 90' lang='lat' dir='ltr'>de</span> <span class='ocrx_word' id='word_1_919' title='bbox 2215 1153 2248 1185; x_wconf 93' lang='lat'>&amp;</span> <span class='ocrx_word' id='word_1_920' title='bbox 2272 1152 2352 1191; x_wconf 80' lang='lat' dir='ltr'>super</span> 
     </span>
    </p>

    <p class='ocr_par' dir='ltr' id='par_1_52' title="bbox 1288 1190 2354 1231">
     <span class='ocr_line' id='line_1_125' title="bbox 1288 1190 2354 1231; baseline 0.001 -10"><span class='ocrx_word' id='word_1_921' title='bbox 1288 1191 1416 1223; x_wconf 78' lang='lat' dir='ltr'>Materiis</span> <span class='ocrx_word' id='word_1_922' title='bbox 1431 1193 1525 1229; x_wconf 75' lang='lat' dir='ltr'>Pacis,</span> <span class='ocrx_word' id='word_1_923' title='bbox 1543 1194 1614 1223; x_wconf 89' lang='lat' dir='ltr'>inter</span> <span class='ocrx_word' id='word_1_924' title='bbox 1628 1192 1756 1223; x_wconf 86' lang='lat' dir='ltr'>Franciae</span> <span class='ocrx_word' id='word_1_925' title='bbox 1777 1193 1812 1224; x_wconf 88' lang='lat'>&amp;</span> <span class='ocrx_word' id='word_1_926' title='bbox 1835 1191 1949 1231; x_wconf 83' lang='lat' dir='ltr'>Angliae</span> <span class='ocrx_word' id='word_1_927' title='bbox 1971 1190 2074 1231; x_wconf 78' lang='lat' dir='ltr'>Regna</span> <span class='ocrx_word' id='word_1_928' title='bbox 2089 1190 2245 1231; x_wconf 72' lang='lat' dir='ltr'>faciendae,</span> <span class='ocrx_word' id='word_1_929' title='bbox 2258 1193 2354 1224; x_wconf 88' lang='lat' dir='ltr'>conti-</span> 
     </span>
    </p>

    <p class='ocr_par' dir='ltr' id='par_1_53' title="bbox 1289 1231 1650 1271">
     <span class='ocr_line' id='line_1_126' title="bbox 1289 1231 1650 1271; baseline 0.006 -11"><span class='ocrx_word' id='word_1_930' title='bbox 1289 1239 1402 1270; x_wconf 80' lang='lat' dir='ltr'>nentes,</span> <span class='ocrx_word' id='word_1_931' title='bbox 1423 1232 1452 1261; x_wconf 90' lang='lat' dir='ltr'>in</span> <span class='ocrx_word' id='word_1_932' title='bbox 1468 1231 1532 1261; x_wconf 56' lang='lat' dir='ltr'>hec</span> <span class='ocrx_word' id='word_1_933' title='bbox 1546 1232 1650 1271; x_wconf 86' lang='lat' dir='ltr'>verba,</span> 
     </span>
    </p>
   </div>
   <div class='ocr_carea' id='block_1_22' title="bbox 1288 1306 2360 2005">
    <p class='ocr_par' dir='ltr' id='par_1_54' title="bbox 1288 1306 2360 2005">
     <span class='ocr_line' id='line_1_127' title="bbox 1293 1306 2355 1348; baseline 0 -10"><span class='ocrx_word' id='word_1_934' title='bbox 1293 1323 1297 1325; x_wconf 92' lang='lat'>·</span> <span class='ocrx_word' id='word_1_935' title='bbox 1372 1308 1448 1343; x_wconf 74' lang='lat' dir='ltr'>OS,</span> <span class='ocrx_word' id='word_1_936' title='bbox 1467 1311 1601 1338; x_wconf 70' lang='lat' dir='ltr'>Henrt&#39;rus</span> <span class='ocrx_word' id='word_1_937' title='bbox 1611 1331 1621 1347; x_wconf 89' lang='lat'>,</span> <span class='ocrx_word' id='word_1_938' title='bbox 1638 1307 1825 1339; x_wconf 83' lang='lat' dir='ltr'>Permiffione</span> <span class='ocrx_word' id='word_1_939' title='bbox 1841 1307 1948 1339; x_wconf 90' lang='lat' dir='ltr'>Divina</span> <span class='ocrx_word' id='word_1_940' title='bbox 1963 1332 1972 1346; x_wconf 94' lang='lat'>,</span> <span class='ocrx_word' id='word_1_941' title='bbox 1991 1307 2193 1348; x_wconf 77' lang='lat' dir='ltr'>Cantuarienfis</span> <span class='ocrx_word' id='word_1_942' title='bbox 2209 1306 2355 1347; x_wconf 79' lang='lat' dir='ltr'>Archiepi-</span> 
     </span>
     <span class='ocr_line' id='line_1_128' title="bbox 1377 1346 2355 1388; baseline 0.001 -12"><span class='ocrx_word' id='word_1_943' title='bbox 1377 1347 1487 1388; x_wconf 76' lang='lat' dir='ltr'>scopus,</span> <span class='ocrx_word' id='word_1_944' title='bbox 1507 1350 1593 1379; x_wconf 86' lang='lat' dir='ltr'>totius</span> <span class='ocrx_word' id='word_1_945' title='bbox 1608 1347 1724 1385; x_wconf 81' lang='lat' dir='ltr'>Angliae</span> <span class='ocrx_word' id='word_1_946' title='bbox 1737 1346 1864 1386; x_wconf 81' lang='lat' dir='ltr'>Primas,</span> <span class='ocrx_word' id='word_1_947' title='bbox 1879 1348 1913 1378; x_wconf 88' lang='lat'>&amp;</span> <span class='ocrx_word' id='word_1_948' title='bbox 1929 1347 2106 1386; x_wconf 83' lang='lat' dir='ltr'>Apostolicae</span> <span class='ocrx_word' id='word_1_949' title='bbox 2118 1346 2198 1378; x_wconf 90' lang='lat' dir='ltr'>Sedis</span> <span class='ocrx_word' id='word_1_950' title='bbox 2212 1346 2355 1385; x_wconf 61' lang='lat' dir='ltr'>Legum,</span> 
     </span>
     <span class='ocr_line' id='line_1_129' title="bbox 1288 1384 2357 1427; baseline 0 -12"><span class='ocrx_word' id='word_1_951' title='bbox 1288 1389 1421 1416; x_wconf 73' lang='lat' dir='ltr'>Henmus</span> <span class='ocrx_word' id='word_1_952' title='bbox 1436 1409 1446 1424; x_wconf 92' lang='lat'>,</span> <span class='ocrx_word' id='word_1_953' title='bbox 1473 1387 1572 1417; x_wconf 87' lang='lat' dir='ltr'>eadem</span> <span class='ocrx_word' id='word_1_954' title='bbox 1594 1385 1776 1424; x_wconf 79' lang='lat' dir='ltr'>permissione</span> <span class='ocrx_word' id='word_1_955' title='bbox 1789 1409 1799 1424; x_wconf 93' lang='lat'>,</span> <span class='ocrx_word' id='word_1_956' title='bbox 1825 1385 1966 1426; x_wconf 78' lang='lat' dir='ltr'>Epifiopus</span> <span class='ocrx_word' id='word_1_957' title='bbox 1997 1385 2162 1427; x_wconf 68' lang='lat' dir='ltr'>cicestrensis</span> <span class='ocrx_word' id='word_1_958' title='bbox 2181 1408 2192 1425; x_wconf 84' lang='lat'>,</span> <span class='ocrx_word' id='word_1_959' title='bbox 2218 1384 2357 1416; x_wconf 80' lang='lat' dir='ltr'>Walterus</span> 
     </span>
     <span class='ocr_line' id='line_1_130' title="bbox 1289 1423 2357 1466; baseline -0.001 -11"><span class='ocrx_word' id='word_1_960' title='bbox 1289 1424 1469 1466; x_wconf 81' lang='lat' dir='ltr'>Hungerford</span> <span class='ocrx_word' id='word_1_961' title='bbox 1489 1425 1659 1456; x_wconf 81' lang='lat' dir='ltr'>Senescallus</span> <span class='ocrx_word' id='word_1_962' title='bbox 1681 1424 1810 1463; x_wconf 81' lang='lat' dir='ltr'>Hospitii</span> <span class='ocrx_word' id='word_1_963' title='bbox 1830 1425 1922 1462; x_wconf 78' lang='lat' dir='ltr'>Regis</span> <span class='ocrx_word' id='word_1_964' title='bbox 1934 1447 1944 1463; x_wconf 85' lang='lat'>,</span> <span class='ocrx_word' id='word_1_965' title='bbox 1957 1424 2104 1464; x_wconf 74' lang='lat' dir='ltr'>Jahannes</span> <span class='ocrx_word' id='word_1_966' title='bbox 2127 1426 2229 1463; x_wconf 80' lang='lat' dir='ltr'>Kempe</span> <span class='ocrx_word' id='word_1_967' title='bbox 2247 1423 2357 1455; x_wconf 84' lang='lat' dir='ltr'>Custos</span> 
     </span>
     <span class='ocr_line' id='line_1_131' title="bbox 1290 1463 2358 1509; baseline -0.002 -15"><span class='ocrx_word' id='word_1_968' title='bbox 1290 1464 1396 1494; x_wconf 76' lang='lat' dir='ltr'>Privati</span> <span class='ocrx_word' id='word_1_969' title='bbox 1421 1464 1507 1500; x_wconf 67' lang='lat' dir='ltr'>Sigilli</span> <span class='ocrx_word' id='word_1_970' title='bbox 1530 1464 1635 1503; x_wconf 82' lang='lat' dir='ltr'>Regis,</span> <span class='ocrx_word' id='word_1_971' title='bbox 1655 1463 1822 1494; x_wconf 75' lang='lat' dir='ltr'>Willielmus</span> <span class='ocrx_word' id='word_1_972' title='bbox 1846 1463 1990 1505; x_wconf 82' lang='lat' dir='ltr'>Alyngton</span> <span class='ocrx_word' id='word_1_973' title='bbox 2007 1464 2155 1509; x_wconf 84' lang='lat' dir='ltr'>Armiger,</span> <span class='ocrx_word' id='word_1_974' title='bbox 2171 1463 2206 1494; x_wconf 90' lang='lat'>&amp;</span> <span class='ocrx_word' id='word_1_975' title='bbox 2224 1463 2358 1493; x_wconf 78' lang='lat' dir='ltr'>Ricardus</span> 
     </span>
     <span class='ocr_line' id='line_1_132' title="bbox 1290 1500 2355 1544; baseline -0.001 -12"><span class='ocrx_word' id='word_1_976' title='bbox 1290 1502 1413 1544; x_wconf 82' lang='lat' dir='ltr'>coudray</span> <span class='ocrx_word' id='word_1_977' title='bbox 1434 1502 1562 1533; x_wconf 80' lang='lat' dir='ltr'>Clericus</span> <span class='ocrx_word' id='word_1_978' title='bbox 1583 1502 1711 1533; x_wconf 91' lang='lat' dir='ltr'>Concilii</span> <span class='ocrx_word' id='word_1_979' title='bbox 1734 1501 1839 1541; x_wconf 77' lang='lat' dir='ltr'>Regis,</span> <span class='ocrx_word' id='word_1_980' title='bbox 1856 1501 2032 1533; x_wconf 74' lang='lat' dir='ltr'>illustrissimi</span> <span class='ocrx_word' id='word_1_981' title='bbox 2054 1501 2210 1541; x_wconf 83' lang='lat' dir='ltr'>Principis,</span> <span class='ocrx_word' id='word_1_982' title='bbox 2228 1500 2355 1532; x_wconf 88' lang='lat' dir='ltr'>Domini</span> 
     </span>
     <span class='ocr_line' id='line_1_133' title="bbox 1290 1539 2356 1580; baseline 0 -9"><span class='ocrx_word' id='word_1_983' title='bbox 1290 1541 1398 1579; x_wconf 88' lang='lat' dir='ltr'>nostri,</span> <span class='ocrx_word' id='word_1_984' title='bbox 1415 1543 1528 1571; x_wconf 75' lang='lat' dir='ltr'>Henrici</span> <span class='ocrx_word' id='word_1_985' title='bbox 1538 1564 1548 1580; x_wconf 93' lang='lat'>,</span> <span class='ocrx_word' id='word_1_986' title='bbox 1568 1541 1625 1572; x_wconf 84' lang='lat' dir='ltr'>Dei</span> <span class='ocrx_word' id='word_1_987' title='bbox 1647 1540 1732 1579; x_wconf 72' lang='lat' dir='ltr'>gratia</span> <span class='ocrx_word' id='word_1_988' title='bbox 1747 1564 1757 1579; x_wconf 90' lang='lat'>,</span> <span class='ocrx_word' id='word_1_989' title='bbox 1783 1543 1861 1579; x_wconf 83' lang='lat' dir='ltr'>Regis</span> <span class='ocrx_word' id='word_1_990' title='bbox 1881 1539 1995 1579; x_wconf 79' lang='lat' dir='ltr'>Angliae</span> <span class='ocrx_word' id='word_1_991' title='bbox 2013 1540 2051 1576; x_wconf 83' lang='lat'><em>&amp;</em></span> <span class='ocrx_word' id='word_1_992' title='bbox 2068 1543 2190 1572; x_wconf 78' lang='lat' dir='ltr'>Franciae</span> <span class='ocrx_word' id='word_1_993' title='bbox 2206 1563 2217 1577; x_wconf 94' lang='lat'>,</span> <span class='ocrx_word' id='word_1_994' title='bbox 2234 1541 2268 1573; x_wconf 90' lang='lat'>&amp;</span> <span class='ocrx_word' id='word_1_995' title='bbox 2287 1539 2356 1571; x_wconf 88' lang='lat' dir='ltr'>Do-</span> 
     </span>
     <span class='ocr_line' id='line_1_134' title="bbox 1291 1578 2360 1619; baseline -0.001 -9"><span class='ocrx_word' id='word_1_996' title='bbox 1291 1581 1363 1610; x_wconf 88' lang='lat' dir='ltr'>mini</span> <span class='ocrx_word' id='word_1_997' title='bbox 1377 1579 1544 1619; x_wconf 81' lang='lat' dir='ltr'>Hiberniae,</span> <span class='ocrx_word' id='word_1_998' title='bbox 1562 1581 1596 1611; x_wconf 91' lang='lat' dir='ltr'>ad</span> <span class='ocrx_word' id='word_1_999' title='bbox 1616 1579 1831 1616; x_wconf 67' lang='lat' dir='ltr'>Trad’tandum,</span> <span class='ocrx_word' id='word_1_1000' title='bbox 1851 1578 2156 1616; x_wconf 87' lang='lat' dir='ltr'>Communicandum,</span> <span class='ocrx_word' id='word_1_1001' title='bbox 2183 1579 2218 1611; x_wconf 88' lang='lat'>&amp;</span> <span class='ocrx_word' id='word_1_1002' title='bbox 2241 1578 2360 1610; x_wconf 84' lang='lat' dir='ltr'>finaliter</span> 
     </span>
     <span class='ocr_line' id='line_1_135' title="bbox 1292 1616 2359 1656; baseline -0.001 -7"><span class='ocrx_word' id='word_1_1003' title='bbox 1292 1618 1537 1649; x_wconf 87' lang='lat' dir='ltr'>Concludendum</span> <span class='ocrx_word' id='word_1_1004' title='bbox 1569 1627 1656 1656; x_wconf 89' lang='lat' dir='ltr'>cum,</span> <span class='ocrx_word' id='word_1_1005' title='bbox 1674 1617 1966 1648; x_wconf 81' lang='lat' dir='ltr'>Reverendiffimo-in</span> <span class='ocrx_word' id='word_1_1006' title='bbox 1990 1616 2109 1648; x_wconf 88' lang='lat' dir='ltr'>Christo</span> <span class='ocrx_word' id='word_1_1007' title='bbox 2128 1616 2227 1655; x_wconf 87' lang='lat' dir='ltr'>Patre,</span> <span class='ocrx_word' id='word_1_1008' title='bbox 2248 1617 2359 1648; x_wconf 89' lang='lat' dir='ltr'>Domi-</span> 
     </span>
     <span class='ocr_line' id='line_1_136' title="bbox 1290 1640 2358 1701; baseline 0 -14"><span class='ocrx_word' id='word_1_1009' title='bbox 1290 1667 1330 1687; x_wconf 88' lang='lat' dir='ltr'>no</span> <span class='ocrx_word' id='word_1_1010' title='bbox 1350 1656 1506 1701; x_wconf 73' lang='lat' dir='ltr'>Johasme,</span> <span class='ocrx_word' id='word_1_1011' title='bbox 1535 1640 1594 1687; x_wconf 63' lang='lat' dir='ltr'>bei</span> <span class='ocrx_word' id='word_1_1012' title='bbox 1616 1656 1720 1694; x_wconf 67' lang='lat' dir='ltr'>gratia,</span> <span class='ocrx_word' id='word_1_1013' title='bbox 1747 1655 1951 1695; x_wconf 59' lang='lat' dir='ltr'>Archiepr&#39;siopo</span> <span class='ocrx_word' id='word_1_1014' title='bbox 1973 1656 2131 1697; x_wconf 79' lang='lat' dir='ltr'>Senonensi‚</span> <span class='ocrx_word' id='word_1_1015' title='bbox 2156 1656 2298 1687; x_wconf 81' lang='lat' dir='ltr'>Ludovico</span> <span class='ocrx_word' id='word_1_1016' title='bbox 2323 1657 2358 1687; x_wconf 81' lang='lat' dir='ltr'>de</span> 
     </span>
     <span class='ocr_line' id='line_1_137' title="bbox 1292 1693 2359 1735; baseline 0 -10"><span class='ocrx_word' id='word_1_1017' title='bbox 1292 1696 1396 1725; x_wconf 77' lang='lat' dir='ltr'>chalon</span> <span class='ocrx_word' id='word_1_1018' title='bbox 1411 1695 1533 1726; x_wconf 83' lang='lat' dir='ltr'>Comite</span> <span class='ocrx_word' id='word_1_1019' title='bbox 1545 1695 1580 1726; x_wconf 89' lang='lat' dir='ltr'>de</span> <span class='ocrx_word' id='word_1_1020' title='bbox 1594 1695 1728 1725; x_wconf 83' lang='lat' dir='ltr'>Tonerre</span> <span class='ocrx_word' id='word_1_1021' title='bbox 1737 1717 1747 1733; x_wconf 94' lang='lat'>,</span> <span class='ocrx_word' id='word_1_1022' title='bbox 1765 1694 1899 1733; x_wconf 79' lang='lat' dir='ltr'>Johanne</span> <span class='ocrx_word' id='word_1_1023' title='bbox 1914 1695 1946 1724; x_wconf 85' lang='lat' dir='ltr'>de</span> <span class='ocrx_word' id='word_1_1024' title='bbox 1963 1695 2047 1735; x_wconf 87' lang='lat' dir='ltr'>Vayly</span> <span class='ocrx_word' id='word_1_1025' title='bbox 2061 1693 2222 1725; x_wconf 84' lang='lat' dir='ltr'>Prelidente</span> <span class='ocrx_word' id='word_1_1026' title='bbox 2237 1696 2265 1725; x_wconf 86' lang='lat' dir='ltr'>in</span> <span class='ocrx_word' id='word_1_1027' title='bbox 2288 1695 2359 1725; x_wconf 88' lang='lat' dir='ltr'>Par-</span> 
     </span>
     <span class='ocr_line' id='line_1_138' title="bbox 1291 1732 2359 1773; baseline -0.001 -9"><span class='ocrx_word' id='word_1_1028' title='bbox 1291 1734 1447 1773; x_wconf 86' lang='lat' dir='ltr'>liamento,</span> <span class='ocrx_word' id='word_1_1029' title='bbox 1464 1733 1596 1772; x_wconf 85' lang='lat' dir='ltr'>Johanne</span> <span class='ocrx_word' id='word_1_1030' title='bbox 1620 1733 1722 1763; x_wconf 84' lang='lat' dir='ltr'>Tudret</span> <span class='ocrx_word' id='word_1_1031' title='bbox 1742 1732 1865 1764; x_wconf 92' lang='lat' dir='ltr'>Decano</span> <span class='ocrx_word' id='word_1_1032' title='bbox 1886 1733 2021 1763; x_wconf 76' lang='lat' dir='ltr'>Ecclesiae</span> <span class='ocrx_word' id='word_1_1033' title='bbox 2043 1732 2218 1771; x_wconf 87' lang='lat' dir='ltr'>Parifienfis,</span> <span class='ocrx_word' id='word_1_1034' title='bbox 2233 1732 2359 1763; x_wconf 76' lang='lat' dir='ltr'>Guilliel-</span> 
     </span>
     <span class='ocr_line' id='line_1_139' title="bbox 1291 1770 2359 1818; baseline 0 -16"><span class='ocrx_word' id='word_1_1035' title='bbox 1291 1784 1332 1803; x_wconf 85' lang='lat' dir='ltr'>mo</span> <span class='ocrx_word' id='word_1_1036' title='bbox 1348 1776 1452 1811; x_wconf 83' lang='lat' dir='ltr'>Seignet</span> <span class='ocrx_word' id='word_1_1037' title='bbox 1467 1772 1563 1804; x_wconf 86' lang='lat' dir='ltr'>Milite</span> <span class='ocrx_word' id='word_1_1038' title='bbox 1568 1795 1580 1818; x_wconf 76' lang='lat'>,²</span> <span class='ocrx_word' id='word_1_1039' title='bbox 1597 1772 1631 1803; x_wconf 92' lang='lat'>&amp;</span> <span class='ocrx_word' id='word_1_1040' title='bbox 1643 1771 1777 1811; x_wconf 81' lang='lat' dir='ltr'>Johanne</span> <span class='ocrx_word' id='word_1_1041' title='bbox 1797 1772 1829 1802; x_wconf 85' lang='lat' dir='ltr'>de</span> <span class='ocrx_word' id='word_1_1042' title='bbox 1844 1770 2019 1810; x_wconf 72' lang='lat' dir='ltr'>Vellebrefhae</span> <span class='ocrx_word' id='word_1_1043' title='bbox 2037 1770 2196 1801; x_wconf 81' lang='lat' dir='ltr'>Secretario</span> <span class='ocrx_word' id='word_1_1044' title='bbox 2206 1794 2216 1807; x_wconf 90' lang='lat'>,</span> <span class='ocrx_word' id='word_1_1045' title='bbox 2235 1771 2359 1802; x_wconf 84' lang='lat' dir='ltr'>Ambas-</span> 
     </span>
     <span class='ocr_line' id='line_1_140' title="bbox 1291 1808 2359 1851; baseline -0.002 -9"><span class='ocrx_word' id='word_1_1046' title='bbox 1291 1812 1454 1851; x_wconf 87' lang='lat' dir='ltr'>fiatoribus,</span> <span class='ocrx_word' id='word_1_1047' title='bbox 1471 1810 1614 1848; x_wconf 70' lang='lat' dir='ltr'>Nunciis,</span> <span class='ocrx_word' id='word_1_1048' title='bbox 1631 1810 1902 1848; x_wconf 60' lang='lat' dir='ltr'>&amp;Commissa-iis,</span> <span class='ocrx_word' id='word_1_1049' title='bbox 1922 1808 2094 1840; x_wconf 83' lang='lat' dir='ltr'>Sereniffimi</span> <span class='ocrx_word' id='word_1_1050' title='bbox 2116 1808 2274 1849; x_wconf 89' lang='lat' dir='ltr'>Principis,</span> <span class='ocrx_word' id='word_1_1051' title='bbox 2293 1809 2359 1840; x_wconf 89' lang='lat' dir='ltr'>Do-</span> 
     </span>
     <span class='ocr_line' id='line_1_141' title="bbox 1291 1846 2359 1889; baseline -0.003 -8"><span class='ocrx_word' id='word_1_1052' title='bbox 1291 1852 1362 1881; x_wconf 90' lang='lat' dir='ltr'>mini</span> <span class='ocrx_word' id='word_1_1053' title='bbox 1376 1850 1519 1889; x_wconf 77' lang='lat' dir='ltr'>Dauphini</span> <span class='ocrx_word' id='word_1_1054' title='bbox 1532 1851 1564 1880; x_wconf 82' lang='lat' dir='ltr'>de</span> <span class='ocrx_word' id='word_1_1055' title='bbox 1582 1853 1707 1888; x_wconf 81' lang='lat' dir='ltr'>Vienna,</span> <span class='ocrx_word' id='word_1_1056' title='bbox 1726 1849 1864 1888; x_wconf 86' lang='lat' dir='ltr'>Regentis</span> <span class='ocrx_word' id='word_1_1057' title='bbox 1881 1849 2009 1879; x_wconf 83' lang='lat' dir='ltr'>Franciae</span> <span class='ocrx_word' id='word_1_1058' title='bbox 2031 1856 2063 1878; x_wconf 90' lang='lat' dir='ltr'>ut</span> <span class='ocrx_word' id='word_1_1059' title='bbox 2087 1846 2207 1884; x_wconf 89' lang='lat' dir='ltr'>dicitur,</span> <span class='ocrx_word' id='word_1_1060' title='bbox 2226 1847 2260 1878; x_wconf 90' lang='lat' dir='ltr'>ad</span> <span class='ocrx_word' id='word_1_1061' title='bbox 2281 1847 2359 1878; x_wconf 75' lang='lat' dir='ltr'>Pne-</span> 
     </span>
     <span class='ocr_line' id='line_1_142' title="bbox 1292 1885 2356 1927; baseline -0.002 -7"><span class='ocrx_word' id='word_1_1062' title='bbox 1292 1890 1407 1921; x_wconf 83' lang='lat' dir='ltr'>sentiam</span> <span class='ocrx_word' id='word_1_1063' title='bbox 1422 1889 1530 1927; x_wconf 52' lang='lat' dir='ltr'>praelati</span> <span class='ocrx_word' id='word_1_1064' title='bbox 1545 1887 1764 1920; x_wconf 80' lang='lat' dir='ltr'>metuendiffimi</span> <span class='ocrx_word' id='word_1_1065' title='bbox 1776 1889 1900 1919; x_wconf 88' lang='lat' dir='ltr'>Domini</span> <span class='ocrx_word' id='word_1_1066' title='bbox 1914 1887 2005 1918; x_wconf 90' lang='lat' dir='ltr'>nostri</span> <span class='ocrx_word' id='word_1_1067' title='bbox 2021 1886 2058 1918; x_wconf 90' lang='lat' dir='ltr'>de</span> <span class='ocrx_word' id='word_1_1068' title='bbox 2071 1885 2198 1924; x_wconf 67' lang='lat' dir='ltr'>praesenti</span> <span class='ocrx_word' id='word_1_1069' title='bbox 2214 1887 2356 1918; x_wconf 82' lang='lat' dir='ltr'>transmis-</span> 
     </span>
     <span class='ocr_line' id='line_1_143' title="bbox 1293 1927 1881 1965; baseline -0.003 -6"><span class='ocrx_word' id='word_1_1070' title='bbox 1293 1928 1325 1959; x_wconf 80' lang='lat' dir='ltr'>fis</span> <span class='ocrx_word' id='word_1_1071' title='bbox 1334 1951 1343 1965; x_wconf 85' lang='lat'>‚</span> <span class='ocrx_word' id='word_1_1072' title='bbox 1362 1927 1561 1958; x_wconf 74' lang='lat' dir='ltr'>Commissarii</span> <span class='ocrx_word' id='word_1_1073' title='bbox 1574 1927 1726 1964; x_wconf 87' lang='lat' dir='ltr'>specialiter</span> <span class='ocrx_word' id='word_1_1074' title='bbox 1739 1927 1881 1965; x_wconf 73' lang='lat' dir='ltr'>deputati,</span> 
     </span>
     <span class='ocr_line' id='line_1_144' title="bbox 1329 1963 2017 2005; baseline -0.001 -8"><span class='ocrx_word' id='word_1_1075' title='bbox 1329 1966 1549 1997; x_wconf 85' lang='lat' dir='ltr'>Commiffionis</span> <span class='ocrx_word' id='word_1_1076' title='bbox 1562 1965 1666 1997; x_wconf 89' lang='lat' dir='ltr'>Tenor</span> <span class='ocrx_word' id='word_1_1077' title='bbox 1679 1965 1816 2005; x_wconf 86' lang='lat' dir='ltr'>sequitur,</span> <span class='ocrx_word' id='word_1_1078' title='bbox 1833 1966 1867 1996; x_wconf 86' lang='lat'>&amp;</span> <span class='ocrx_word' id='word_1_1079' title='bbox 1881 1963 1923 1995; x_wconf 88' lang='lat' dir='ltr'>est</span> <span class='ocrx_word' id='word_1_1080' title='bbox 1939 1964 2017 2003; x_wconf 64' lang='lat' dir='ltr'>talis,</span> 
     </span>
    </p>
   </div>
   <div class='ocr_carea' id='block_1_23' title="bbox 1295 2041 2362 2162">
    <p class='ocr_par' dir='ltr' id='par_1_55' title="bbox 1295 2041 2362 2162">
     <span class='ocr_line' id='line_1_145' title="bbox 1297 2041 2358 2106; baseline -0.003 -31"><span class='ocrx_word' id='word_1_1081' title='bbox 1297 2044 1501 2106; x_wconf 83' lang='lat' dir='ltr'>HEnricus,</span> <span class='ocrx_word' id='word_1_1082' title='bbox 1520 2044 1577 2075; x_wconf 80' lang='lat' dir='ltr'>Dei</span> <span class='ocrx_word' id='word_1_1083' title='bbox 1589 2043 1693 2083; x_wconf 67' lang='lat' dir='ltr'>gratia,</span> <span class='ocrx_word' id='word_1_1084' title='bbox 1709 2046 1768 2073; x_wconf 79' lang='lat' dir='ltr'>Rex</span> <span class='ocrx_word' id='word_1_1085' title='bbox 1787 2045 1909 2073; x_wconf 82' lang='lat' dir='ltr'>Franciae</span> <span class='ocrx_word' id='word_1_1086' title='bbox 1922 2041 1961 2077; x_wconf 60' lang='grc' dir='ltr'><strong><em>ὠ</em></strong></span> <span class='ocrx_word' id='word_1_1087' title='bbox 1981 2041 2113 2080; x_wconf 82' lang='lat' dir='ltr'>Angliae,</span> <span class='ocrx_word' id='word_1_1088' title='bbox 2134 2041 2194 2078; x_wconf 62' lang='lat' dir='ltr'>&amp;a</span> <span class='ocrx_word' id='word_1_1089' title='bbox 2216 2049 2298 2081; x_wconf 84' lang='lat' dir='ltr'>prout</span> <span class='ocrx_word' id='word_1_1090' title='bbox 2309 2041 2358 2082; x_wconf 66' lang='grc' dir='ltr'>β-</span> 
     </span>
     <span class='ocr_line' id='line_1_146' title="bbox 1385 2081 2362 2123; baseline -0.002 -9"><span class='ocrx_word' id='word_1_1091' title='bbox 1385 2093 1458 2123; x_wconf 89' lang='lat' dir='ltr'>pra,</span> <span class='ocrx_word' id='word_1_1092' title='bbox 1484 2087 1556 2113; x_wconf 87' lang='lat' dir='ltr'>Dat.</span> <span class='ocrx_word' id='word_1_1093' title='bbox 1583 2086 1612 2111; x_wconf 86' lang='lat' dir='ltr'>in</span> <span class='ocrx_word' id='word_1_1094' title='bbox 1637 2081 1754 2122; x_wconf 63' lang='lat' dir='ltr'>Ecclesia</span> <span class='ocrx_word' id='word_1_1095' title='bbox 1776 2081 1962 2112; x_wconf 82' lang='lat' dir='ltr'>Conventuali</span> <span class='ocrx_word' id='word_1_1096' title='bbox 1989 2086 2120 2111; x_wconf 84' lang='lat' dir='ltr'>Fratrum</span> <span class='ocrx_word' id='word_1_1097' title='bbox 2148 2082 2362 2112; x_wconf 74' lang='lat' dir='ltr'>Praea&#39;icatorm</span> 
     </span>
     <span class='ocr_line' id='line_1_147' title="bbox 1295 2120 2064 2162; baseline -0.005 -8"><span class='ocrx_word' id='word_1_1098' title='bbox 1295 2124 1472 2161; x_wconf 76' lang='lat' dir='ltr'>Rothomagi,</span> <span class='ocrx_word' id='word_1_1099' title='bbox 1495 2131 1538 2152; x_wconf 88' lang='lat'>12.</span> <span class='ocrx_word' id='word_1_1100' title='bbox 1558 2121 1659 2162; x_wconf 71' lang='lat' dir='ltr'>Mensis</span> <span class='ocrx_word' id='word_1_1101' title='bbox 1676 2122 1837 2159; x_wconf 66' lang='lat' dir='ltr'>Februarii,</span> <span class='ocrx_word' id='word_1_1102' title='bbox 1856 2128 1919 2151; x_wconf 81' lang='lat' dir='ltr'>tunc</span> <span class='ocrx_word' id='word_1_1103' title='bbox 1928 2120 1985 2162; x_wconf 83' lang='lat' dir='ltr'>fic,</span> <span class='ocrx_word' id='word_1_1104' title='bbox 2003 2123 2064 2150; x_wconf 75' lang='lat' dir='ltr'>vIz.</span> 
     </span>
    </p>
   </div>
   <div class='ocr_carea' id='block_1_24' title="bbox 1294 2197 2362 2545">
    <p class='ocr_par' dir='ltr' id='par_1_56' title="bbox 1294 2197 2362 2400">
     <span class='ocr_line' id='line_1_148' title="bbox 1334 2197 2359 2238; baseline -0.003 -8"><span class='ocrx_word' id='word_1_1105' title='bbox 1334 2200 1403 2231; x_wconf 88' lang='lat' dir='ltr'>Nos</span> <span class='ocrx_word' id='word_1_1106' title='bbox 1417 2209 1510 2231; x_wconf 88' lang='lat' dir='ltr'>autern</span> <span class='ocrx_word' id='word_1_1107' title='bbox 1521 2223 1529 2238; x_wconf 88' lang='lat'>,</span> <span class='ocrx_word' id='word_1_1108' title='bbox 1548 2199 1654 2230; x_wconf 86' lang='lat' dir='ltr'>Literas</span> <span class='ocrx_word' id='word_1_1109' title='bbox 1667 2197 1833 2236; x_wconf 67' lang='lat' dir='ltr'>praedietas,</span> <span class='ocrx_word' id='word_1_1110' title='bbox 1850 2207 1884 2229; x_wconf 88' lang='lat' dir='ltr'>ac</span> <span class='ocrx_word' id='word_1_1111' title='bbox 1898 2197 1996 2228; x_wconf 90' lang='lat' dir='ltr'>omnia</span> <span class='ocrx_word' id='word_1_1112' title='bbox 2011 2198 2045 2228; x_wconf 89' lang='lat'>&amp;</span> <span class='ocrx_word' id='word_1_1113' title='bbox 2061 2197 2165 2237; x_wconf 85' lang='lat' dir='ltr'>singula</span> <span class='ocrx_word' id='word_1_1114' title='bbox 2179 2198 2208 2228; x_wconf 90' lang='lat' dir='ltr'>in</span> <span class='ocrx_word' id='word_1_1115' title='bbox 2227 2197 2265 2227; x_wconf 89' lang='lat' dir='ltr'>eis</span> <span class='ocrx_word' id='word_1_1116' title='bbox 2286 2206 2359 2228; x_wconf 92' lang='lat' dir='ltr'>con-</span> 
     </span>
     <span class='ocr_line' id='line_1_149' title="bbox 1294 2235 2361 2277; baseline -0.004 -7"><span class='ocrx_word' id='word_1_1117' title='bbox 1294 2248 1389 2277; x_wconf 88' lang='lat' dir='ltr'>tenta,</span> <span class='ocrx_word' id='word_1_1118' title='bbox 1408 2238 1481 2269; x_wconf 87' lang='lat' dir='ltr'>Rata</span> <span class='ocrx_word' id='word_1_1119' title='bbox 1495 2239 1628 2269; x_wconf 89' lang='lat' dir='ltr'>habentes</span> <span class='ocrx_word' id='word_1_1120' title='bbox 1640 2239 1673 2268; x_wconf 70' lang='grc' dir='ltr'>ὃς</span> <span class='ocrx_word' id='word_1_1121' title='bbox 1688 2237 1792 2275; x_wconf 83' lang='lat' dir='ltr'>Grata,</span> <span class='ocrx_word' id='word_1_1122' title='bbox 1811 2247 1842 2268; x_wconf 88' lang='lat' dir='ltr'>ea</span> <span class='ocrx_word' id='word_1_1123' title='bbox 1861 2247 1915 2275; x_wconf 88' lang='lat' dir='ltr'>pro</span> <span class='ocrx_word' id='word_1_1124' title='bbox 1937 2235 2036 2266; x_wconf 88' lang='lat' dir='ltr'>Nobis</span> <span class='ocrx_word' id='word_1_1125' title='bbox 2057 2237 2091 2267; x_wconf 69' lang='grc' dir='ltr'>ὃς</span> <span class='ocrx_word' id='word_1_1126' title='bbox 2113 2235 2284 2267; x_wconf 86' lang='lat' dir='ltr'>Haeredibus</span> <span class='ocrx_word' id='word_1_1127' title='bbox 2304 2245 2361 2266; x_wconf 88' lang='lat' dir='ltr'>no-</span> 
     </span>
     <span class='ocr_line' id='line_1_150' title="bbox 1295 2274 2362 2316; baseline -0.002 -8"><span class='ocrx_word' id='word_1_1128' title='bbox 1295 2279 1354 2309; x_wconf 84' lang='lat' dir='ltr'>stris</span> <span class='ocrx_word' id='word_1_1129' title='bbox 1370 2302 1380 2316; x_wconf 90' lang='lat'>,</span> <span class='ocrx_word' id='word_1_1130' title='bbox 1398 2287 1431 2308; x_wconf 81' lang='lat' dir='ltr'>ex</span> <span class='ocrx_word' id='word_1_1131' title='bbox 1452 2287 1527 2308; x_wconf 82' lang='lat' dir='ltr'>certa</span> <span class='ocrx_word' id='word_1_1132' title='bbox 1548 2277 1670 2307; x_wconf 90' lang='lat' dir='ltr'>Scientia</span> <span class='ocrx_word' id='word_1_1133' title='bbox 1695 2275 1787 2306; x_wconf 87' lang='lat' dir='ltr'>nostra</span> <span class='ocrx_word' id='word_1_1134' title='bbox 1800 2299 1810 2314; x_wconf 83' lang='lat'>,</span> <span class='ocrx_word' id='word_1_1135' title='bbox 1829 2275 2021 2313; x_wconf 88' lang='lat' dir='ltr'>Acceptamus</span> <span class='ocrx_word' id='word_1_1136' title='bbox 2036 2298 2046 2312; x_wconf 89' lang='lat'>,</span> <span class='ocrx_word' id='word_1_1137' title='bbox 2065 2275 2288 2315; x_wconf 81' lang='lat' dir='ltr'>ApprobamuS,</span> <span class='ocrx_word' id='word_1_1138' title='bbox 2307 2274 2362 2311; x_wconf 64' lang='lat'>&amp;5</span> 
     </span>
     <span class='ocr_line' id='line_1_151' title="bbox 1294 2312 2362 2353; baseline -0.004 -6"><span class='ocrx_word' id='word_1_1139' title='bbox 1294 2319 1412 2348; x_wconf 84' lang='lat' dir='ltr'>Tenore</span> <span class='ocrx_word' id='word_1_1140' title='bbox 1424 2315 1625 2353; x_wconf 79' lang='lat' dir='ltr'>Praesentium,</span> <span class='ocrx_word' id='word_1_1141' title='bbox 1644 2314 1831 2345; x_wconf 87' lang='lat' dir='ltr'>Ratificamus</span> <span class='ocrx_word' id='word_1_1142' title='bbox 1845 2315 1878 2344; x_wconf 74' lang='grc' dir='ltr'>ὃς</span> <span class='ocrx_word' id='word_1_1143' title='bbox 1900 2313 2129 2353; x_wconf 84' lang='lat' dir='ltr'>Confirmamus,</span> <span class='ocrx_word' id='word_1_1144' title='bbox 2147 2321 2232 2352; x_wconf 88' lang='lat' dir='ltr'>prout</span> <span class='ocrx_word' id='word_1_1145' title='bbox 2255 2312 2362 2344; x_wconf 77' lang='lat' dir='ltr'>Literae</span> 
     </span>
     <span class='ocr_line' id='line_1_152' title="bbox 1294 2353 2029 2400; baseline -0.005 -14"><span class='ocrx_word' id='word_1_1146' title='bbox 1294 2356 1441 2400; x_wconf 56' lang='lat' dir='ltr'>praedistre</span> <span class='ocrx_word' id='word_1_1147' title='bbox 1455 2354 1658 2385; x_wconf 85' lang='lat' dir='ltr'>rationabiliter</span> <span class='ocrx_word' id='word_1_1148' title='bbox 1677 2353 1813 2384; x_wconf 84' lang='lat' dir='ltr'>testantur</span> <span class='ocrx_word' id='word_1_1149' title='bbox 1828 2353 1861 2384; x_wconf 65' lang='grc' dir='ltr'>ὃς</span> <span class='ocrx_word' id='word_1_1150' title='bbox 1873 2353 2029 2391; x_wconf 85' lang='lat' dir='ltr'>requirunt.</span> 
     </span>
    </p>

    <p class='ocr_par' dir='ltr' id='par_1_57' title="bbox 1296 2394 2362 2545">
     <span class='ocr_line' id='line_1_153' title="bbox 1332 2394 2362 2478; baseline -0.007 -15"><span class='ocrx_word' id='word_1_1151' title='bbox 1332 2394 1612 2478; x_wconf 46' lang='lat' dir='ltr'>sseffdufi’egeca&#39;pud</span> <span class='ocrx_word' id='word_1_1152' title='bbox 1628 2430 1749 2472; x_wconf 78' lang='lat' dir='ltr'>castrum</span> <span class='ocrx_word' id='word_1_1153' title='bbox 1774 2429 1934 2468; x_wconf 84' lang='lat' dir='ltr'>Rothomagi</span> <span class='ocrx_word' id='word_1_1154' title='bbox 1955 2429 2096 2462; x_wconf 88' lang='lat' dir='ltr'>vicefimo</span> <span class='ocrx_word' id='word_1_1155' title='bbox 2115 2428 2225 2460; x_wconf 69' lang='lat' dir='ltr'>octavo</span> <span class='ocrx_word' id='word_1_1156' title='bbox 2241 2425 2289 2458; x_wconf 82' lang='lat' dir='ltr'>die</span> <span class='ocrx_word' id='word_1_1157' title='bbox 2307 2425 2362 2457; x_wconf 91' lang='lat' dir='ltr'>Fe-</span> 
     </span>
     <span class='ocr_line' id='line_1_154' title="bbox 1296 2474 2258 2545; baseline -0.008 -4"><span class='ocrx_word' id='word_1_1158' title='bbox 1296 2474 1408 2505; x_wconf 48' lang='lat' dir='ltr'>bruam·</span> <span class='ocrx_word' id='word_1_1159' title='bbox 1981 2509 2035 2538; x_wconf 84' lang='lat' dir='ltr'>Per</span> <span class='ocrx_word' id='word_1_1160' title='bbox 2051 2505 2135 2545; x_wconf 49' lang='lat' dir='ltr'>nysam</span> <span class='ocrx_word' id='word_1_1161' title='bbox 2151 2507 2258 2542; x_wconf 86' lang='lat' dir='ltr'>Regem.</span> 
     </span>
    </p>
   </div>
   <div class='ocr_carea' id='block_1_25' title="bbox 1323 2581 2351 2594">
    <p class='ocr_par' dir='ltr' id='par_1_58' title="bbox 1323 2581 2351 2594">
     <span class='ocr_line' id='line_1_155' title="bbox 1323 2581 2351 2594; baseline 0 0"><span class='ocrx_word' id='word_1_1162' title='bbox 1323 2581 2351 2594; x_wconf 95' lang='lat' dir='ltr'> </span> 
     </span>
    </p>
   </div>
   <div class='ocr_carea' id='block_1_26' title="bbox 1298 2627 2364 2730">
    <p class='ocr_par' dir='ltr' id='par_1_59' title="bbox 1298 2627 2364 2730">
     <span class='ocr_line' id='line_1_156' title="bbox 1298 2627 2364 2680; baseline -0.012 -7"><span class='ocrx_word' id='word_1_1163' title='bbox 1298 2642 1356 2673; x_wconf 88' lang='lat' dir='ltr'>Pro</span> <span class='ocrx_word' id='word_1_1164' title='bbox 1367 2639 1453 2671; x_wconf 77' lang='lat' dir='ltr'>Duce</span> <span class='ocrx_word' id='word_1_1165' title='bbox 1471 2634 1654 2680; x_wconf 79' lang='lat' dir='ltr'>Bedfordiae‚</span> <span class='ocrx_word' id='word_1_1166' title='bbox 1666 2634 1702 2667; x_wconf 86' lang='lat' dir='ltr'>de</span> <span class='ocrx_word' id='word_1_1167' title='bbox 1717 2634 1853 2666; x_wconf 80' lang='lat' dir='ltr'>Licentia</span> <span class='ocrx_word' id='word_1_1168' title='bbox 1869 2631 2011 2677; x_wconf 71' lang='lat' dir='ltr'>affinficm</span> <span class='ocrx_word' id='word_1_1169' title='bbox 2022 2628 2169 2677; x_wconf 82' lang='lat' dir='ltr'>praebendi</span> <span class='ocrx_word' id='word_1_1170' title='bbox 2180 2627 2345 2675; x_wconf 83' lang='lat' dir='ltr'>Adoptiom&#39;</span> <span class='ocrx_word' id='word_1_1171' title='bbox 2354 2654 2364 2670; x_wconf 88' lang='lat'>,</span> 
     </span>
     <span class='ocr_line' id='line_1_157' title="bbox 1566 2678 2096 2730; baseline -0.006 -14"><span class='ocrx_word' id='word_1_1172' title='bbox 1566 2694 1622 2730; x_wconf 88' lang='lat' dir='ltr'>per</span> <span class='ocrx_word' id='word_1_1173' title='bbox 1644 2685 1791 2729; x_wconf 84' lang='lat' dir='ltr'>Reginam</span> <span class='ocrx_word' id='word_1_1174' title='bbox 1809 2681 1929 2728; x_wconf 79' lang='lat' dir='ltr'><em>Apulcae</em></span> <span class='ocrx_word' id='word_1_1175' title='bbox 1939 2678 2096 2724; x_wconf 76' lang='lat' dir='ltr'>faciendae.</span> 
     </span>
    </p>
   </div>
   <div class='ocr_carea' id='block_1_27' title="bbox 1300 2765 2490 3276">
    <p class='ocr_par' dir='ltr' id='par_1_60' title="bbox 1300 2765 2030 2827">
     <span class='ocr_line' id='line_1_158' title="bbox 1300 2765 2030 2827; baseline -0.005 -27"><span class='ocrx_word' id='word_1_1176' title='bbox 1300 2768 1414 2827; x_wconf 80' lang='lat' dir='ltr'>REX</span> <span class='ocrx_word' id='word_1_1177' title='bbox 1435 2768 1596 2807; x_wconf 83' lang='lat' dir='ltr'>Omnibus,</span> <span class='ocrx_word' id='word_1_1178' title='bbox 1613 2768 1648 2800; x_wconf 90' lang='lat' dir='ltr'>ad</span> <span class='ocrx_word' id='word_1_1179' title='bbox 1664 2778 1750 2806; x_wconf 87' lang='lat' dir='ltr'>quos,</span> <span class='ocrx_word' id='word_1_1180' title='bbox 1767 2767 1829 2798; x_wconf 89' lang='lat' dir='ltr'>&amp;c.</span> <span class='ocrx_word' id='word_1_1181' title='bbox 1848 2765 1983 2797; x_wconf 88' lang='lat' dir='ltr'>Salutem.</span> <span class='ocrx_word' id='word_1_1182' title='bbox 2027 2797 2030 2802; x_wconf 74' lang='grc'><strong>,</strong></span> 
     </span>
    </p>

    <p class='ocr_par' dir='ltr' id='par_1_61' title="bbox 1300 2803 2490 3194">
     <span class='ocr_line' id='line_1_159' title="bbox 1392 2803 2126 2845; baseline -0.005 -7"><span class='ocrx_word' id='word_1_1183' title='bbox 1392 2808 1428 2838; x_wconf 92' lang='lat' dir='ltr'>N</span> <span class='ocrx_word' id='word_1_1184' title='bbox 1429 2809 1544 2838; x_wconf 78' lang='lat' dir='ltr'>overitis</span> <span class='ocrx_word' id='word_1_1185' title='bbox 1557 2807 1627 2838; x_wconf 92' lang='lat' dir='ltr'>Nos</span> <span class='ocrx_word' id='word_1_1186' title='bbox 1636 2830 1646 2845; x_wconf 95' lang='lat'>,</span> <span class='ocrx_word' id='word_1_1187' title='bbox 1664 2816 1698 2837; x_wconf 87' lang='lat' dir='ltr'>ex</span> <span class='ocrx_word' id='word_1_1188' title='bbox 1711 2807 1794 2837; x_wconf 88' lang='lat' dir='ltr'>certis</span> <span class='ocrx_word' id='word_1_1189' title='bbox 1807 2804 1904 2836; x_wconf 86' lang='lat' dir='ltr'>Caufis</span> <span class='ocrx_word' id='word_1_1190' title='bbox 1917 2803 2126 2835; x_wconf 84' lang='lat' dir='ltr'>rationabilibus</span> 
     </span>
     <span class='ocr_line' id='line_1_160' title="bbox 1303 2825 2480 2884; baseline -0.008 -7"><span class='ocrx_word' id='word_1_1191' title='bbox 1303 2855 1417 2877; x_wconf 89' lang='lat' dir='ltr'>motum</span> <span class='ocrx_word' id='word_1_1192' title='bbox 1431 2846 1464 2876; x_wconf 89' lang='lat' dir='ltr'>ad</span> <span class='ocrx_word' id='word_1_1193' title='bbox 1479 2847 1538 2877; x_wconf 89' lang='lat' dir='ltr'>hoc</span> <span class='ocrx_word' id='word_1_1194' title='bbox 1555 2845 1768 2882; x_wconf 79' lang='lat' dir='ltr'>inducentibus,</span> <span class='ocrx_word' id='word_1_1195' title='bbox 1788 2843 1908 2874; x_wconf 82' lang='lat' dir='ltr'>Dediffe</span> <span class='ocrx_word' id='word_1_1196' title='bbox 1921 2844 1954 2874; x_wconf 68' lang='grc' dir='ltr'>ὅ(</span> <span class='ocrx_word' id='word_1_1197' title='bbox 1971 2825 2166 2878; x_wconf 68' lang='grc' dir='ltr'>Οοηεεῐῖὶίῑέ,</span> <span class='ocrx_word' id='word_1_1198' title='bbox 2184 2848 2288 2884; x_wconf 73' lang='lat' dir='ltr'>prout,</span> <span class='ocrx_word' id='word_1_1199' title='bbox 2303 2839 2366 2869; x_wconf 88' lang='lat' dir='ltr'>Te-</span> <span class='ocrx_word' id='word_1_1200' title='bbox 2382 2854 2434 2878; x_wconf 84' lang='lat' dir='ltr'>An.</span> <span class='ocrx_word' id='word_1_1201' title='bbox 2451 2854 2480 2878; x_wconf 49' lang='lat'>⁶,</span> 
     </span>
     <span class='ocr_line' id='line_1_161' title="bbox 1300 2877 2463 2922; baseline -0.007 -8"><span class='ocrx_word' id='word_1_1202' title='bbox 1300 2895 1372 2916; x_wconf 89' lang='lat' dir='ltr'>nore</span> <span class='ocrx_word' id='word_1_1203' title='bbox 1386 2884 1584 2922; x_wconf 84' lang='lat' dir='ltr'>Praesentium,</span> <span class='ocrx_word' id='word_1_1204' title='bbox 1610 2884 1721 2914; x_wconf 87' lang='lat' dir='ltr'>Damus</span> <span class='ocrx_word' id='word_1_1205' title='bbox 1743 2883 1777 2914; x_wconf 89' lang='lat'>&amp;</span> <span class='ocrx_word' id='word_1_1206' title='bbox 1800 2882 2018 2919; x_wconf 86' lang='lat' dir='ltr'>Concedimus,</span> <span class='ocrx_word' id='word_1_1207' title='bbox 2036 2879 2176 2911; x_wconf 81' lang='lat' dir='ltr'>cariffimo</span> <span class='ocrx_word' id='word_1_1208' title='bbox 2200 2877 2289 2909; x_wconf 83' lang='lat' dir='ltr'>Fratri</span> <span class='ocrx_word' id='word_1_1209' title='bbox 2310 2887 2365 2913; x_wconf 80' lang='lat' dir='ltr'>no·</span> <span class='ocrx_word' id='word_1_1210' title='bbox 2382 2893 2417 2917; x_wconf 80' lang='lat' dir='ltr'>H.</span> <span class='ocrx_word' id='word_1_1211' title='bbox 2434 2898 2463 2922; x_wconf 81' lang='lat'>5·</span> 
     </span>
     <span class='ocr_line' id='line_1_162' title="bbox 1302 2916 2489 2963; baseline -0.007 -10"><span class='ocrx_word' id='word_1_1212' title='bbox 1302 2923 1379 2962; x_wconf 85' lang='lat' dir='ltr'>stro,</span> <span class='ocrx_word' id='word_1_1213' title='bbox 1397 2923 1527 2963; x_wconf 80' lang='lat' dir='ltr'>Johanni</span> <span class='ocrx_word' id='word_1_1214' title='bbox 1541 2926 1612 2953; x_wconf 86' lang='lat' dir='ltr'>Duci</span> <span class='ocrx_word' id='word_1_1215' title='bbox 1631 2922 1806 2962; x_wconf 77' lang='lat' dir='ltr'>Bedfordiae,</span> <span class='ocrx_word' id='word_1_1216' title='bbox 1823 2919 2051 2956; x_wconf 47' lang='lat' dir='ltr'>Locumtenenti,</span> <span class='ocrx_word' id='word_1_1217' title='bbox 2061 2917 2162 2948; x_wconf 89' lang='lat' dir='ltr'>nostro</span> <span class='ocrx_word' id='word_1_1218' title='bbox 2177 2916 2305 2963; x_wconf 69' lang='lat' dir='ltr'>Angliae,</span> <span class='ocrx_word' id='word_1_1219' title='bbox 2315 2916 2366 2947; x_wconf 85' lang='lat' dir='ltr'>Li-</span> <span class='ocrx_word' id='word_1_1220' title='bbox 2384 2928 2489 2955; x_wconf 49' lang='lat' dir='ltr'>[bidem-</span> 
     </span>
     <span class='ocr_line' id='line_1_163' title="bbox 1303 2953 2490 2999; baseline -0.008 -6"><span class='ocrx_word' id='word_1_1221' title='bbox 1303 2964 1427 2993; x_wconf 89' lang='lat' dir='ltr'>centiam</span> <span class='ocrx_word' id='word_1_1222' title='bbox 1444 2962 1591 2999; x_wconf 89' lang='lat' dir='ltr'>specialem</span> <span class='ocrx_word' id='word_1_1223' title='bbox 1611 2970 1642 2993; x_wconf 92' lang='lat' dir='ltr'>ut</span> <span class='ocrx_word' id='word_1_1224' title='bbox 1663 2959 1821 2999; x_wconf 86' lang='lat' dir='ltr'>Adoptioni</span> <span class='ocrx_word' id='word_1_1225' title='bbox 1842 2959 1900 2990; x_wconf 81' lang='lat' dir='ltr'>five</span> <span class='ocrx_word' id='word_1_1226' title='bbox 1919 2958 1996 2989; x_wconf 88' lang='lat' dir='ltr'>Arro</span> <span class='ocrx_word' id='word_1_1227' title='bbox 2015 2957 2122 2994; x_wconf 91' lang='lat' dir='ltr'>ationi,</span> <span class='ocrx_word' id='word_1_1228' title='bbox 2141 2965 2205 2999; x_wconf 76' lang='lat' dir='ltr'>per,</span> <span class='ocrx_word' id='word_1_1229' title='bbox 2224 2953 2368 2985; x_wconf 71' lang='lat' dir='ltr'>Serenisfi—</span> <span class='ocrx_word' id='word_1_1230' title='bbox 2386 2977 2423 2995; x_wconf 44' lang='lat' dir='ltr'>m·</span> <span class='ocrx_word' id='word_1_1231' title='bbox 2446 2967 2490 2993; x_wconf 41' lang='lat'>26,</span> 
     </span>
     <span class='ocr_line' id='line_1_164' title="bbox 1303 2993 2369 3043; baseline -0.008 -12"><span class='ocrx_word' id='word_1_1232' title='bbox 1303 3011 1381 3031; x_wconf 91' lang='lat' dir='ltr'>mam</span> <span class='ocrx_word' id='word_1_1233' title='bbox 1401 3000 1566 3031; x_wconf 89' lang='lat' dir='ltr'>Dominam</span> <span class='ocrx_word' id='word_1_1234' title='bbox 1586 3000 1750 3039; x_wconf 86' lang='lat' dir='ltr'>Johannam</span> <span class='ocrx_word' id='word_1_1235' title='bbox 1773 3001 1904 3035; x_wconf 74' lang='lat' dir='ltr'>Reginam</span> <span class='ocrx_word' id='word_1_1236' title='bbox 1925 2999 1993 3043; x_wconf 67' lang='lat' dir='ltr'>Aga</span> <span class='ocrx_word' id='word_1_1237' title='bbox 2004 3006 2060 3034; x_wconf 85' lang='lat' dir='ltr'>eae,</span> <span class='ocrx_word' id='word_1_1238' title='bbox 2079 2996 2107 3024; x_wconf 91' lang='lat' dir='ltr'>in</span> <span class='ocrx_word' id='word_1_1239' title='bbox 2130 2994 2235 3025; x_wconf 77' lang='lat' dir='ltr'>Filium</span> <span class='ocrx_word' id='word_1_1240' title='bbox 2249 2994 2283 3025; x_wconf 89' lang='lat'>&amp;</span> <span class='ocrx_word' id='word_1_1241' title='bbox 2298 2993 2369 3024; x_wconf 78' lang='lat' dir='ltr'>l-iae-</span> 
     </span>
     <span class='ocr_line' id='line_1_165' title="bbox 1303 3032 2368 3077; baseline -0.008 -7"><span class='ocrx_word' id='word_1_1242' title='bbox 1303 3040 1401 3071; x_wconf 83' lang='lat' dir='ltr'>redem</span> <span class='ocrx_word' id='word_1_1243' title='bbox 1423 3039 1503 3077; x_wconf 81' lang='lat' dir='ltr'>ipfius</span> <span class='ocrx_word' id='word_1_1244' title='bbox 1526 3038 1652 3075; x_wconf 64' lang='lat' dir='ltr'>Reginae</span> <span class='ocrx_word' id='word_1_1245' title='bbox 1673 3037 1825 3073; x_wconf 74' lang='lat' dir='ltr'>faciende,</span> <span class='ocrx_word' id='word_1_1246' title='bbox 1843 3036 1924 3066; x_wconf 88' lang='lat' dir='ltr'>suurn</span> <span class='ocrx_word' id='word_1_1247' title='bbox 1946 3033 2124 3065; x_wconf 51' lang='lat' dir='ltr'>(Jonsensum</span> <span class='ocrx_word' id='word_1_1248' title='bbox 2142 3033 2267 3070; x_wconf 85' lang='lat' dir='ltr'>praebere</span> <span class='ocrx_word' id='word_1_1249' title='bbox 2279 3032 2368 3063; x_wconf 85' lang='lat' dir='ltr'>valeat</span> 
     </span>
     <span class='ocr_line' id='line_1_166' title="bbox 1303 3071 2370 3117; baseline -0.007 -8"><span class='ocrx_word' id='word_1_1250' title='bbox 1303 3080 1403 3117; x_wconf 87' lang='lat' dir='ltr'>pariter</span> <span class='ocrx_word' id='word_1_1251' title='bbox 1418 3080 1451 3109; x_wconf 69' lang='grc' dir='ltr'>ὅ(</span> <span class='ocrx_word' id='word_1_1252' title='bbox 1469 3077 1634 3115; x_wconf 72' lang='lat' dir='ltr'>Affensum,</span> <span class='ocrx_word' id='word_1_1253' title='bbox 1652 3087 1685 3107; x_wconf 86' lang='lat' dir='ltr'>ac</span> <span class='ocrx_word' id='word_1_1254' title='bbox 1697 3076 1794 3106; x_wconf 86' lang='lat' dir='ltr'>omnia</span> <span class='ocrx_word' id='word_1_1255' title='bbox 1809 3073 1861 3103; x_wconf 91' lang='lat' dir='ltr'>alia</span> <span class='ocrx_word' id='word_1_1256' title='bbox 1881 3082 1932 3111; x_wconf 81' lang='lat' dir='ltr'>per</span> <span class='ocrx_word' id='word_1_1257' title='bbox 1953 3073 1979 3103; x_wconf 89' lang='lat' dir='ltr'>se</span> <span class='ocrx_word' id='word_1_1258' title='bbox 2001 3073 2034 3103; x_wconf 76' lang='grc' dir='ltr'>δε</span> <span class='ocrx_word' id='word_1_1259' title='bbox 2054 3071 2117 3102; x_wconf 89' lang='lat' dir='ltr'>suos</span> <span class='ocrx_word' id='word_1_1260' title='bbox 2137 3071 2231 3102; x_wconf 88' lang='lat' dir='ltr'>facere</span> <span class='ocrx_word' id='word_1_1261' title='bbox 2243 3071 2276 3102; x_wconf 89' lang='lat'>&amp;</span> <span class='ocrx_word' id='word_1_1262' title='bbox 2289 3080 2370 3101; x_wconf 84' lang='lat' dir='ltr'>exer-</span> 
     </span>
     <span class='ocr_line' id='line_1_167' title="bbox 1306 3108 2371 3156; baseline -0.008 -8"><span class='ocrx_word' id='word_1_1263' title='bbox 1306 3128 1370 3148; x_wconf 84' lang='lat' dir='ltr'>cere</span> <span class='ocrx_word' id='word_1_1264' title='bbox 1385 3117 1491 3156; x_wconf 85' lang='lat' dir='ltr'>poterit</span> <span class='ocrx_word' id='word_1_1265' title='bbox 1501 3139 1510 3154; x_wconf 90' lang='lat'>,</span> <span class='ocrx_word' id='word_1_1266' title='bbox 1528 3126 1593 3153; x_wconf 85' lang='lat' dir='ltr'>quae</span> <span class='ocrx_word' id='word_1_1267' title='bbox 1604 3113 1765 3151; x_wconf 87' lang='lat' dir='ltr'>hujusmodi</span> <span class='ocrx_word' id='word_1_1268' title='bbox 1786 3112 1803 3127; x_wconf 70' lang='lat'><em>⁹</em></span> <span class='ocrx_word' id='word_1_1269' title='bbox 1824 3111 1998 3150; x_wconf 87' lang='lat' dir='ltr'>Adoptionis</span> <span class='ocrx_word' id='word_1_1270' title='bbox 2014 3111 2071 3143; x_wconf 90' lang='lat' dir='ltr'>five</span> <span class='ocrx_word' id='word_1_1271' title='bbox 2087 3110 2285 3150; x_wconf 78' lang='lat' dir='ltr'>Arrogationis</span> <span class='ocrx_word' id='word_1_1272' title='bbox 2301 3108 2371 3140; x_wconf 75' lang='lat' dir='ltr'>Ne-</span> 
     </span>
     <span class='ocr_line' id='line_1_168' title="bbox 1305 3152 2302 3194; baseline -0.01 -8"><span class='ocrx_word' id='word_1_1273' title='bbox 1305 3157 1378 3194; x_wconf 89' lang='lat' dir='ltr'>gotii</span> <span class='ocrx_word' id='word_1_1274' title='bbox 1393 3154 1506 3193; x_wconf 87' lang='lat' dir='ltr'>qualitas</span> <span class='ocrx_word' id='word_1_1275' title='bbox 1521 3154 1611 3191; x_wconf 77' lang='lat' dir='ltr'>exigit</span> <span class='ocrx_word' id='word_1_1276' title='bbox 1626 3154 1659 3183; x_wconf 92' lang='lat'>&amp;</span> <span class='ocrx_word' id='word_1_1277' title='bbox 1676 3152 1800 3190; x_wconf 87' lang='lat' dir='ltr'>requirit.</span> <span class='ocrx_word' id='word_1_1278' title='bbox 2297 3159 2302 3166; x_wconf 90' lang='lat'><strong>·</strong></span> 
     </span>
    </p>

    <p class='ocr_par' dir='ltr' id='par_1_62' title="bbox 1342 3192 1564 3230">
     <span class='ocr_line' id='line_1_169' title="bbox 1342 3192 1564 3230; baseline -0.014 -6"><span class='ocrx_word' id='word_1_1279' title='bbox 1342 3194 1376 3224; x_wconf 91' lang='lat' dir='ltr'>In</span> <span class='ocrx_word' id='word_1_1280' title='bbox 1388 3194 1484 3230; x_wconf 84' lang='lat' dir='ltr'>cujus,</span> <span class='ocrx_word' id='word_1_1281' title='bbox 1503 3192 1564 3222; x_wconf 72' lang='grc' dir='ltr'>δίε,</span> 
     </span>
    </p>

    <p class='ocr_par' dir='ltr' id='par_1_63' title="bbox 1324 3225 2374 3276">
     <span class='ocr_line' id='line_1_170' title="bbox 1324 3225 2374 3276; baseline -0.006 -14"><span class='ocrx_word' id='word_1_1282' title='bbox 1324 3231 1433 3276; x_wconf 66' lang='lat' dir='ltr'>uTeste</span> <span class='ocrx_word' id='word_1_1283' title='bbox 1448 3230 1530 3269; x_wconf 86' lang='lat' dir='ltr'>Rege</span> <span class='ocrx_word' id='word_1_1284' title='bbox 1544 3229 1618 3268; x_wconf 88' lang='lat' dir='ltr'>apud</span> <span class='ocrx_word' id='word_1_1285' title='bbox 1632 3227 1754 3268; x_wconf 80' lang='lat' dir='ltr'>castrum</span> <span class='ocrx_word' id='word_1_1286' title='bbox 1761 3228 1842 3268; x_wconf 80' lang='lat' dir='ltr'>fimm</span> <span class='ocrx_word' id='word_1_1287' title='bbox 1856 3227 2065 3268; x_wconf 70' lang='lat' dir='ltr'>Rothomagensb&#39;</span> <span class='ocrx_word' id='word_1_1288' title='bbox 2079 3227 2173 3263; x_wconf 76' lang='lat' dir='ltr'>xxviii.</span> <span class='ocrx_word' id='word_1_1289' title='bbox 2188 3225 2234 3257; x_wconf 90' lang='lat' dir='ltr'>die</span> <span class='ocrx_word' id='word_1_1290' title='bbox 2247 3225 2374 3257; x_wconf 72' lang='lat' dir='ltr'>Februa-</span> 
     </span>
    </p>
   </div>
   <div class='ocr_carea' id='block_1_28' title="bbox 1308 3280 1348 3300">
    <p class='ocr_par' dir='ltr' id='par_1_64' title="bbox 1308 3280 1348 3300">
     <span class='ocr_line' id='line_1_171' title="bbox 1308 3280 1348 3300; baseline -0.025 0"><span class='ocrx_word' id='word_1_1291' title='bbox 1308 3280 1348 3300; x_wconf 76' lang='lat' dir='ltr'>nl.</span> 
     </span>
    </p>
   </div>
   <div class='ocr_carea' id='block_1_29' title="bbox 2161 2771 2514 2851">
    <p class='ocr_par' dir='ltr' id='par_1_65' title="bbox 2161 2771 2514 2851">
     <span class='ocr_line' id='line_1_172' title="bbox 2200 2771 2514 2808; baseline 0 -5"><span class='ocrx_word' id='word_1_1292' title='bbox 2200 2802 2205 2808; x_wconf 89' lang='grc'><strong>,</strong></span> <span class='ocrx_word' id='word_1_1293' title='bbox 2241 2801 2248 2808; x_wconf 84' lang='grc'>,</span> <span class='ocrx_word' id='word_1_1294' title='bbox 2357 2771 2462 2806; x_wconf 77' lang='lat' dir='ltr'>,Ann.</span> <span class='ocrx_word' id='word_1_1295' title='bbox 2472 2771 2514 2803; x_wconf 93' lang='lat' dir='ltr'>D.</span> 
     </span>
     <span class='ocr_line' id='line_1_173' title="bbox 2161 2799 2490 2851; baseline -0.012 -18"><span class='ocrx_word' id='word_1_1296' title='bbox 2161 2811 2250 2833; x_wconf 80' lang='lat' dir='ltr'>ammi</span> <span class='ocrx_word' id='word_1_1297' title='bbox 2273 2799 2365 2832; x_wconf 74' lang='lat' dir='ltr'>nostri</span> <span class='ocrx_word' id='word_1_1298' title='bbox 2404 2820 2490 2851; x_wconf 43' lang='lat'>1419·</span> 
     </span>
    </p>
   </div>
   <div class='ocr_carea' id='block_1_30' title="bbox 1990 3303 2267 3344">
    <p class='ocr_par' dir='ltr' id='par_1_66' title="bbox 1990 3303 2267 3344">
     <span class='ocr_line' id='line_1_174' title="bbox 1990 3303 2267 3344; baseline -0.014 -9"><span class='ocrx_word' id='word_1_1299' title='bbox 1990 3307 2044 3335; x_wconf 82' lang='lat' dir='ltr'>Per&#39;</span> <span class='ocrx_word' id='word_1_1300' title='bbox 2061 3303 2143 3344; x_wconf 77' lang='lat' dir='ltr'>ipfhm</span> <span class='ocrx_word' id='word_1_1301' title='bbox 2160 3305 2267 3341; x_wconf 81' lang='lat' dir='ltr'>Regem.</span> 
     </span>
    </p>
   </div>
   <div class='ocr_carea' id='block_1_31' title="bbox 1559 3441 2120 3487">
    <p class='ocr_par' dir='ltr' id='par_1_67' title="bbox 1559 3441 2120 3487">
     <span class='ocr_line' id='line_1_175' title="bbox 1559 3441 2120 3487; baseline -0.005 -14"><span class='ocrx_word' id='word_1_1302' title='bbox 1559 3443 1617 3473; x_wconf 87' lang='lat' dir='ltr'>Pro</span> <span class='ocrx_word' id='word_1_1303' title='bbox 1641 3443 1813 3487; x_wconf 76' lang='lat' dir='ltr'>Agencourt</span> <span class='ocrx_word' id='word_1_1304' title='bbox 1837 3442 1915 3485; x_wconf 79' lang='lat' dir='ltr'>Rege</span> <span class='ocrx_word' id='word_1_1305' title='bbox 1933 3441 2120 3473; x_wconf 84' lang='lat' dir='ltr'>Armorum.</span> 
     </span>
    </p>
   </div>
   <div class='ocr_carea' id='block_1_32' title="bbox 1309 3524 2502 3984">
    <p class='ocr_par' dir='ltr' id='par_1_68' title="bbox 1309 3524 2502 3790">
     <span class='ocr_line' id='line_1_176' title="bbox 1313 3524 1997 3582; baseline -0.003 -26"><span class='ocrx_word' id='word_1_1306' title='bbox 1313 3524 1429 3582; x_wconf 78' lang='lat' dir='ltr'>REX</span> <span class='ocrx_word' id='word_1_1307' title='bbox 1449 3525 1612 3563; x_wconf 87' lang='lat' dir='ltr'>Omnibus,</span> <span class='ocrx_word' id='word_1_1308' title='bbox 1629 3524 1664 3555; x_wconf 88' lang='lat' dir='ltr'>ad</span> <span class='ocrx_word' id='word_1_1309' title='bbox 1677 3534 1766 3562; x_wconf 87' lang='lat' dir='ltr'>quos,</span> <span class='ocrx_word' id='word_1_1310' title='bbox 1781 3526 1842 3557; x_wconf 90' lang='lat' dir='ltr'>&amp;c.</span> <span class='ocrx_word' id='word_1_1311' title='bbox 1861 3524 1997 3556; x_wconf 87' lang='lat' dir='ltr'>Salutem.</span> 
     </span>
     <span class='ocr_line' id='line_1_177' title="bbox 1409 3556 2502 3602; baseline -0.006 -8"><span class='ocrx_word' id='word_1_1312' title='bbox 1409 3564 1506 3594; x_wconf 86' lang='lat' dir='ltr'>Sciatis</span> <span class='ocrx_word' id='word_1_1313' title='bbox 1527 3564 1621 3602; x_wconf 88' lang='lat' dir='ltr'>quod,</span> <span class='ocrx_word' id='word_1_1314' title='bbox 1641 3563 1676 3593; x_wconf 91' lang='lat' dir='ltr'>de</span> <span class='ocrx_word' id='word_1_1315' title='bbox 1698 3563 1797 3594; x_wconf 77' lang='lat' dir='ltr'>Gratia</span> <span class='ocrx_word' id='word_1_1316' title='bbox 1820 3562 1915 3593; x_wconf 83' lang='lat' dir='ltr'>nostra</span> <span class='ocrx_word' id='word_1_1317' title='bbox 1940 3559 2067 3600; x_wconf 84' lang='lat' dir='ltr'>speciali,</span> <span class='ocrx_word' id='word_1_1318' title='bbox 2085 3556 2306 3594; x_wconf 80' lang='lat' dir='ltr'>Conceffimus,</span> <span class='ocrx_word' id='word_1_1319' title='bbox 2326 3556 2370 3587; x_wconf 90' lang='lat' dir='ltr'>di-</span> <span class='ocrx_word' id='word_1_1320' title='bbox 2417 3568 2502 3598; x_wconf 83' lang='lat'>1419.</span> 
     </span>
     <span class='ocr_line' id='line_1_178' title="bbox 1309 3593 2487 3640; baseline -0.007 -8"><span class='ocrx_word' id='word_1_1321' title='bbox 1309 3602 1385 3632; x_wconf 75' lang='grc' dir='ltr'>1εᾶὶο</span> <span class='ocrx_word' id='word_1_1322' title='bbox 1400 3602 1518 3640; x_wconf 85' lang='lat' dir='ltr'>Nobis,</span> <span class='ocrx_word' id='word_1_1323' title='bbox 1534 3606 1691 3640; x_wconf 81' lang='lat' dir='ltr'>Agencourt</span> <span class='ocrx_word' id='word_1_1324' title='bbox 1710 3605 1774 3639; x_wconf 71' lang='lat' dir='ltr'>Rege·</span> <span class='ocrx_word' id='word_1_1325' title='bbox 1793 3604 1942 3631; x_wconf 80' lang='lat' dir='ltr'>Armorum</span> <span class='ocrx_word' id='word_1_1326' title='bbox 1958 3598 2106 3635; x_wconf 79' lang='lat' dir='ltr'>Maneria,</span> <span class='ocrx_word' id='word_1_1327' title='bbox 2123 3593 2243 3634; x_wconf 83' lang='lat' dir='ltr'>Terras,</span> <span class='ocrx_word' id='word_1_1328' title='bbox 2262 3594 2373 3626; x_wconf 88' lang='lat' dir='ltr'>Reddi-</span> <span class='ocrx_word' id='word_1_1329' title='bbox 2389 3602 2443 3626; x_wconf 79' lang='lat' dir='ltr'>An.</span> <span class='ocrx_word' id='word_1_1330' title='bbox 2457 3599 2487 3625; x_wconf 84' lang='lat'>6.</span> 
     </span>
     <span class='ocr_line' id='line_1_179' title="bbox 1310 3635 2472 3679; baseline -0.006 -9"><span class='ocrx_word' id='word_1_1331' title='bbox 1310 3648 1352 3670; x_wconf 87' lang='lat' dir='ltr'>tus</span> <span class='ocrx_word' id='word_1_1332' title='bbox 1367 3664 1376 3678; x_wconf 86' lang='lat'>,</span> <span class='ocrx_word' id='word_1_1333' title='bbox 1395 3642 1428 3671; x_wconf 89' lang='lat'>&amp;</span> <span class='ocrx_word' id='word_1_1334' title='bbox 1450 3641 1646 3671; x_wconf 84' lang='lat' dir='ltr'>Reventiones</span> <span class='ocrx_word' id='word_1_1335' title='bbox 1664 3663 1674 3679; x_wconf 92' lang='lat'>,</span> <span class='ocrx_word' id='word_1_1336' title='bbox 1689 3650 1752 3676; x_wconf 76' lang='lat' dir='ltr'>quae</span> <span class='ocrx_word' id='word_1_1337' title='bbox 1774 3639 1888 3670; x_wconf 87' lang='lat' dir='ltr'>cuidam</span> <span class='ocrx_word' id='word_1_1338' title='bbox 1913 3636 2068 3668; x_wconf 21' lang='lat' dir='ltr'>Colartidu</span> <span class='ocrx_word' id='word_1_1339' title='bbox 2089 3635 2198 3665; x_wconf 77' lang='lat' dir='ltr'>Gardin</span> <span class='ocrx_word' id='word_1_1340' title='bbox 2222 3642 2372 3673; x_wconf 80' lang='lat' dir='ltr'>nuncupato</span> <span class='ocrx_word' id='word_1_1341' title='bbox 2390 3641 2424 3664; x_wconf 86' lang='lat' dir='ltr'>H.</span> <span class='ocrx_word' id='word_1_1342' title='bbox 2443 3645 2472 3671; x_wconf 86' lang='lat'>5.</span> 
     </span>
     <span class='ocr_line' id='line_1_180' title="bbox 1310 3673 2456 3717; baseline -0.007 -8"><span class='ocrx_word' id='word_1_1343' title='bbox 1310 3680 1503 3717; x_wconf 79' lang='lat' dir='ltr'>pertinebant,</span> <span class='ocrx_word' id='word_1_1344' title='bbox 1522 3681 1615 3709; x_wconf 71' lang='lat' dir='ltr'>situata</span> <span class='ocrx_word' id='word_1_1345' title='bbox 1635 3681 1662 3708; x_wconf 86' lang='lat' dir='ltr'>in</span> <span class='ocrx_word' id='word_1_1346' title='bbox 1685 3678 1834 3708; x_wconf 87' lang='lat' dir='ltr'>Comitatu</span> <span class='ocrx_word' id='word_1_1347' title='bbox 1857 3676 1948 3714; x_wconf 90' lang='lat' dir='ltr'>d&#39;Eu,</span> <span class='ocrx_word' id='word_1_1348' title='bbox 1966 3677 1997 3705; x_wconf 89' lang='lat' dir='ltr'>in</span> <span class='ocrx_word' id='word_1_1349' title='bbox 2009 3673 2149 3704; x_wconf 85' lang='lat' dir='ltr'>Parochia</span> <span class='ocrx_word' id='word_1_1350' title='bbox 2162 3673 2198 3703; x_wconf 93' lang='lat' dir='ltr'>de</span> <span class='ocrx_word' id='word_1_1351' title='bbox 2215 3673 2310 3711; x_wconf 89' lang='lat' dir='ltr'>Criel,</span> <span class='ocrx_word' id='word_1_1352' title='bbox 2326 3673 2372 3704; x_wconf 89' lang='lat' dir='ltr'>vel</span> <span class='ocrx_word' id='word_1_1353' title='bbox 2391 3675 2456 3703; x_wconf 75' lang='lat' dir='ltr'>ibid.</span> 
     </span>
     <span class='ocr_line' id='line_1_181' title="bbox 1310 3711 2488 3755; baseline -0.006 -9"><span class='ocrx_word' id='word_1_1354' title='bbox 1310 3716 1417 3746; x_wconf 87' lang='lat' dir='ltr'>ibidem</span> <span class='ocrx_word' id='word_1_1355' title='bbox 1436 3718 1526 3754; x_wconf 87' lang='lat' dir='ltr'>circa,</span> <span class='ocrx_word' id='word_1_1356' title='bbox 1547 3719 1595 3754; x_wconf 91' lang='lat' dir='ltr'>qui</span> <span class='ocrx_word' id='word_1_1357' title='bbox 1618 3716 1735 3755; x_wconf 81' lang='lat' dir='ltr'>quidem</span> <span class='ocrx_word' id='word_1_1358' title='bbox 1755 3715 1849 3746; x_wconf 81' lang='lat' dir='ltr'>Colart</span> <span class='ocrx_word' id='word_1_1359' title='bbox 1865 3713 1990 3745; x_wconf 87' lang='lat' dir='ltr'>Rebellis</span> <span class='ocrx_word' id='word_1_1360' title='bbox 2006 3711 2096 3742; x_wconf 82' lang='lat' dir='ltr'>existit</span> <span class='ocrx_word' id='word_1_1361' title='bbox 2117 3712 2151 3743; x_wconf 62' lang='grc' dir='ltr'>ὃς</span> <span class='ocrx_word' id='word_1_1362' title='bbox 2172 3711 2207 3742; x_wconf 87' lang='lat' dir='ltr'>ad</span> <span class='ocrx_word' id='word_1_1363' title='bbox 2221 3711 2376 3742; x_wconf 81' lang='lat' dir='ltr'>Obedien-</span> <span class='ocrx_word' id='word_1_1364' title='bbox 2392 3723 2429 3742; x_wconf 88' lang='lat' dir='ltr'>m.</span> <span class='ocrx_word' id='word_1_1365' title='bbox 2446 3719 2488 3747; x_wconf 70' lang='grc' dir='ltr'>ις.</span> 
     </span>
     <span class='ocr_line' id='line_1_182' title="bbox 1312 3753 2342 3790; baseline -0.006 -4"><span class='ocrx_word' id='word_1_1366' title='bbox 1312 3756 1380 3786; x_wconf 88' lang='lat' dir='ltr'>tiam</span> <span class='ocrx_word' id='word_1_1367' title='bbox 1394 3755 1520 3785; x_wconf 89' lang='lat' dir='ltr'>nostram</span> <span class='ocrx_word' id='word_1_1368' title='bbox 1534 3756 1664 3786; x_wconf 91' lang='lat' dir='ltr'>nondum</span> <span class='ocrx_word' id='word_1_1369' title='bbox 1680 3756 1757 3785; x_wconf 89' lang='lat' dir='ltr'>venit</span> <span class='ocrx_word' id='word_1_1370' title='bbox 1773 3762 1805 3784; x_wconf 89' lang='lat' dir='ltr'>ut</span> <span class='ocrx_word' id='word_1_1371' title='bbox 1819 3753 1940 3790; x_wconf 84' lang='lat' dir='ltr'>dicitur,</span> <span class='ocrx_word' id='word_1_1372' title='bbox 2329 3762 2342 3769; x_wconf 40' lang='grc' dir='ltr'><em>κ</em></span> 
     </span>
    </p>

    <p class='ocr_par' dir='ltr' id='par_1_69' title="bbox 1314 3787 2384 3984">
     <span class='ocr_line' id='line_1_183' title="bbox 1350 3787 2378 3830; baseline -0.003 -8"><span class='ocrx_word' id='word_1_1373' title='bbox 1350 3793 1486 3823; x_wconf 81' lang='lat' dir='ltr'>Habenda</span> <span class='ocrx_word' id='word_1_1374' title='bbox 1503 3793 1634 3830; x_wconf 62' lang='lat' dir='ltr'>praediffli</span> <span class='ocrx_word' id='word_1_1375' title='bbox 1658 3793 1840 3828; x_wconf 77' lang='lat' dir='ltr'>Manerium,</span> <span class='ocrx_word' id='word_1_1376' title='bbox 1855 3791 1958 3821; x_wconf 85' lang='lat' dir='ltr'>Terras</span> <span class='ocrx_word' id='word_1_1377' title='bbox 1979 3787 2122 3819; x_wconf 86' lang='lat' dir='ltr'>Redditus</span> <span class='ocrx_word' id='word_1_1378' title='bbox 2136 3813 2146 3825; x_wconf 91' lang='lat'>,</span> <span class='ocrx_word' id='word_1_1379' title='bbox 2164 3789 2198 3820; x_wconf 72' lang='grc' dir='ltr'>ὃς</span> <span class='ocrx_word' id='word_1_1380' title='bbox 2216 3788 2378 3820; x_wconf 82' lang='lat' dir='ltr'>Reventio-</span> 
     </span>
     <span class='ocr_line' id='line_1_184' title="bbox 1314 3827 2379 3870; baseline -0.003 -9"><span class='ocrx_word' id='word_1_1381' title='bbox 1314 3841 1378 3869; x_wconf 89' lang='lat' dir='ltr'>nes,</span> <span class='ocrx_word' id='word_1_1382' title='bbox 1397 3832 1531 3869; x_wconf 87' lang='lat' dir='ltr'>quamdiu</span> <span class='ocrx_word' id='word_1_1383' title='bbox 1544 3833 1628 3862; x_wconf 82' lang='lat' dir='ltr'>nobis</span> <span class='ocrx_word' id='word_1_1384' title='bbox 1642 3832 1792 3870; x_wconf 83' lang='lat' dir='ltr'>placuerit,</span> <span class='ocrx_word' id='word_1_1385' title='bbox 1810 3829 1895 3868; x_wconf 86' lang='lat' dir='ltr'>usque</span> <span class='ocrx_word' id='word_1_1386' title='bbox 1908 3827 1944 3859; x_wconf 86' lang='lat' dir='ltr'>ad</span> <span class='ocrx_word' id='word_1_1387' title='bbox 1965 3827 2094 3859; x_wconf 86' lang='lat' dir='ltr'>valorem</span> <span class='ocrx_word' id='word_1_1388' title='bbox 2117 3827 2229 3865; x_wconf 87' lang='lat' dir='ltr'>Viginti</span> <span class='ocrx_word' id='word_1_1389' title='bbox 2249 3827 2379 3858; x_wconf 88' lang='lat' dir='ltr'>Franco-</span> 
     </span>
     <span class='ocr_line' id='line_1_185' title="bbox 1315 3870 2379 3951; baseline -0.004 -14"><span class='ocrx_word' id='word_1_1390' title='bbox 1315 3870 1632 3951; x_wconf 47' lang='lat' dir='ltr'>ruiligapgniggrnurffgd’</span> <span class='ocrx_word' id='word_1_1391' title='bbox 1649 3908 1669 3938; x_wconf 86' lang='lat' dir='ltr'>fi</span> <span class='ocrx_word' id='word_1_1392' title='bbox 1682 3907 1816 3946; x_wconf 65' lang='lat' dir='ltr'>praedista</span> <span class='ocrx_word' id='word_1_1393' title='bbox 1830 3895 2013 3942; x_wconf 70' lang='lat' dir='ltr'>Maneriuin,</span> <span class='ocrx_word' id='word_1_1394' title='bbox 2031 3903 2150 3942; x_wconf 86' lang='lat' dir='ltr'>Terrae,</span> <span class='ocrx_word' id='word_1_1395' title='bbox 2168 3903 2327 3941; x_wconf 87' lang='lat' dir='ltr'>Redditus,</span> <span class='ocrx_word' id='word_1_1396' title='bbox 2344 3902 2379 3933; x_wconf 76' lang='grc' dir='ltr'>δε</span> 
     </span>
     <span class='ocr_line' id='line_1_186' title="bbox 1317 3941 2384 3984; baseline -0.005 -8"><span class='ocrx_word' id='word_1_1397' title='bbox 1317 3945 1512 3977; x_wconf 82' lang='lat' dir='ltr'>Revenuones</span> <span class='ocrx_word' id='word_1_1398' title='bbox 1560 3946 1668 3977; x_wconf 79' lang='lat' dir='ltr'>alorem</span> <span class='ocrx_word' id='word_1_1399' title='bbox 1693 3944 1807 3984; x_wconf 82' lang='lat' dir='ltr'>Viginti</span> <span class='ocrx_word' id='word_1_1400' title='bbox 1829 3944 2005 3976; x_wconf 83' lang='lat' dir='ltr'>Francorum</span> <span class='ocrx_word' id='word_1_1401' title='bbox 2026 3952 2075 3980; x_wconf 87' lang='lat' dir='ltr'>per</span> <span class='ocrx_word' id='word_1_1402' title='bbox 2094 3941 2215 3975; x_wconf 87' lang='lat' dir='ltr'>Annum</span> <span class='ocrx_word' id='word_1_1403' title='bbox 2228 3941 2384 3978; x_wconf 78' lang='lat' dir='ltr'>excedant,</span> 
     </span>
    </p>
   </div>
   <div class='ocr_carea' id='block_1_33' title="bbox 2389 3518 2524 3552">
    <p class='ocr_par' dir='ltr' id='par_1_70' title="bbox 2389 3518 2524 3552">
     <span class='ocr_line' id='line_1_187' title="bbox 2389 3518 2524 3552; baseline 0.015 -2"><span class='ocrx_word' id='word_1_1404' title='bbox 2389 3519 2465 3550; x_wconf 87' lang='lat' dir='ltr'>Arm.</span> <span class='ocrx_word' id='word_1_1405' title='bbox 2481 3518 2524 3552; x_wconf 86' lang='lat' dir='ltr'>D&#39;.</span> 
     </span>
    </p>
   </div>
  </div>
 </body>
</html>
