2562 4274
722 129 831 171 ET
914 132 1182 174 ACTA
1265 133 1685 180 PUBLICA.

21 211 98 243 Ann.
112 210 151 242 D.
165 221 208 244 res
222 236 231 252 ,
250 212 468 245 Comrniffarios
481 236 490 250 ,
511 212 691 255 Deputatos,
709 216 743 246 ὃς
758 216 894 246 Nuncios
915 215 1026 246 nostros
1039 217 1111 255 Sex,
1130 219 1225 257 Quin-

42 251 125 289 1416.
162 262 231 291 que,
249 253 396 291 Quatuor,
415 262 461 282 aut
483 252 557 282 Tres
579 253 745 282 eorumdem
758 276 768 290 ,
786 255 907 290 Adtum,
927 254 1068 293 Gestum,
1089 256 1228 287 Procura-

21 293 82 318 Hm.
98 299 125 325 5.
165 298 241 328 turn,
263 292 308 320 ieu
326 289 541 322 Concordatum
562 290 642 320 fuerit
661 292 690 320 in
707 290 872 330 Praemiffis,
889 293 923 324 &
939 293 1050 330 singulis
1064 294 1229 325 Praemiiso-

163 338 381 403 rurinn³quorum
404 366 538 396 omniurn
564 367 598 397 δε
621 366 790 405 singulorum
806 367 1022 399 Testimonium
1045 379 1127 407 atque
1143 370 1227 401 fidem

168 404 217 434 has
232 403 334 471 Litgras
349 403 453 447 nostras
468 405 594 435 Parentes
607 404 682 443 fieri,
700 407 733 437 &
749 405 855 443 Magni
871 406 961 444 Sigilli
977 409 1142 447 appensione
1157 410 1229 440 feci-

167 449 276 509 mlssartc.)
288 451 440 510 igrigclz'latio
453 480 540 519 nostro
556 480 777 521 Westmonasterii
792 505 801 521 ,
821 483 952 514 Secundo
965 483 1023 515 Die
1036 483 1206 516 Decembris
1217 508 1227 524 ,

165 517 251 548 Anno
266 517 362 556 Regni
375 518 464 550 nostri
480 520 601 558 Quaato.

916 561 968 590 Per
987 561 1067 600 ipsimz
1084 564 1186 600 Regem.

967 637 1122 677 Gaunstede.

202 748 233 778 D
905 713 957 743 Sub
974 717 1077 751 ,Μαρια
1091 714 1188 752 sigillo.

234 759 263 778 or
277 771 283 777 .

203 749 419 816 Progratorium
436 791 514 826 Regis
528 788 639 827 Angliae
650 787 692 818 ad
701 789 882 819 Traffandum
902 800 958 818 cum
972 790 1136 827 Principibus
1150 790 1223 820 Ale-

173 828 290 864 maniae,
307 824 345 861 &¹
359 827 398 856 ad
411 828 584 865 recqtzena'um
599 830 758 865 Homagium
774 828 811 863 ὠ·
825 827 995 857 fidelitatem
1010 838 1115 866 eorum,
1134 828 1193 863 &a

509 902 554 933 M.
575 913 656 935 cccc.
677 906 734 934 xvi.
748 913 776 942 4.
795 903 836 933 H.
857 913 882 942 ς.

382 1048 431 1079 De
446 1045 612 1079 Traffando
631 1058 700 1079 cum
719 1048 838 1080 Ifivzza
852 1048 1024 1081 Tetitonica.

18 1142 147 1176 Arm-D·
168 1128 290 1183 REX
310 1130 452 1160 Omnibus
467 1154 476 1168 ,
494 1131 528 1161 ad
552 1142 620 1170 quos
636 1155 644 1171 ,
663 1132 723 1163 &c.
743 1132 866 1163 Salutem
880 1156 889 1171 ,
912 1134 945 1164 Sc
970 1132 1055 1163 fidem
1078 1133 1224 1164 indubiam

38 1183 113 1220 1416
244 1169 423 1209 praesentibus
435 1170 576 1201 adhibere.

16 1228 69 1249 An.
83 1232 102 1257 4
115 1206 122 1212 ’
202 1207 249 1237 De
263 1206 408 1244 fidelitate,
426 1209 582 1247 probitate,
601 1209 633 1240 ὃ(
646 1209 909 1247 circumspectionis
928 1208 1078 1248 industrii,
1096 1210 1223 1247 praedile-

16 1265 50 1286 H.
105 1243 112 1249 ’
164 1247 279 1276 <storum
301 1247 333 1276 ὃ(
357 1245 482 1276 fidelium
505 1248 665 1278 nostrorum
681 1271 690 1285 ,
710 1248 918 1278 Venerabilium
940 1246 1055 1277 Pan-um
1071 1271 1081 1286 ,
1100 1247 1226 1277 Nsrholai

15 1269 103 1325 frag}-
117 1308 145 1333 4·
164 1284 286 1315 Bathon.
298 1284 334 1319 ὠ
345 1283 456 1315 Wellen.
474 1285 586 1316 Roherti
600 1290 712 1323 Sarum,
725 1286 907 1324 &Jolmnm's
919 1289 1080 1315 Covmtlrcn.
1091 1285 1128 1321 όν
1143 1286 1223 1315 Lich.

14 1340 50 1363 Η,
69 1345 86 1371 5
110 1347 133 1364 ῃ,
165 1323 389 1361 Episcoporum,
409 1334 461 1360 ac,
480 1324 754 1363 circumspector-um
769 1324 920 1361 Virorum,
940 1323 1151 1361 Dominarum,
1170 1325 1227 1362 Jo-

19 1383 48 1409 9·
88 1359 95 1365 ”
141 1358 147 1364 '
165 1363 262 1393 hannis
274 1361 396 1401 'lyptofte
405 1385 413 1399 ,
433 1363 557 1392 Hrrtonk
572 1366 631 1392 Van
646 1362 730 1401 Clux,
750 1363 875 1392 Militum
886 1385 894 1399 ,
913 1363 945 1392 &
966 1361 1097 1401 Magistri
1110 1363 1225 1401 Philippi

32 1411 52 1429 at
79 1413 132 1440 ῙΧ,
167 1405 286 1437 Murgan
302 1401 438 1439 utriusque
449 1400 523 1438 Juris
538 1401 691 1439 Do&oris,
701 1402 819 1438 plenarie
831 1399 1018 1438 confidentes,

40 1460 104 1487 4¹4·
204 1439 223 1458 *
243 1439 289 1469 Ad
306 1440 499 1470 Trac‘tandum
511 1461 521 1477 ,
541 1438 799 1477 Conveniendum,
818 1438 1126 1477 Concordandum,&
1141 1439 1223 1469 Con-

165 1477 336 1509 cludendum
353 1487 421 1507 cum
436 1477 584 1507 honorabil:
596 1482 726 1508 Sosietate
741 1477 844 1515 Hansae
858 1481 1004 1507 Teutmicae
1021 1481 1094 1507 Sacri
1105 1481 1121 1507 I
1124 1482 1222 1517 asperti,

163 1518 208 1548 seu
226 1526 295 1546 cum
310 1515 458 1553 Deputatis
470 1517 513 1547 vel
527 1517 699 1556 Deputandis
712 1539 722 1553 ,
740 1516 906 1546 Potestatein
922 1515 1110 1546 sufficientem
1126 1519 1160 1547 ab
1176 1527 1217 1547 ea-

162 1556 230 1585 dem
245 1554 385 1583 Societate
397 1554 617 1592 habentibus,de
627 1556 659 1584 &
668 1554 745 1592 super
759 1554 982 1594 quibuscamque
997 1555 1137 1585 Ainicitiis
1149 1565 1221 1586 con-

162 1591 317 1630 tinuandiS,
337 1592 536 1631 PaCtionibus,
555 1594 611 1624 sive
621 1593 886 1630 Conventionibus,

187 1631 247 1662 vDe
263 1640 342 1660 novo
356 1631 428 1660 inter
442 1631 502 1660 Nor
517 1654 526 1670 ,
546 1631 645 1670 Regna
661 1654 670 1669 ,
689 1631 789 1661 Terras
805 1653 814 1669 ,
833 1633 866 1662 δε
883 1630 1022 1661 Dominia
1037 1631 1129 1662 nostra
1143 1643 1222 1672 quze-

161 1679 301 1708 cumque,
318 1678 352 1699 ex
367 1678 443 1706 parte
458 1680 510 1700 una
526 1692 535 1707 ,
554 1670 587 1700 &
602 1670 710 1700 dietam
726 1673 882 1699 Societatem
892 1693 900 1707 ,
917 1669 961 1699 seu
974 1680 1043 1699 cum
1058 1670 1223 1709 Deputatis,

159 1709 204 1739 vel
220 1708 413 1746 Deputandis,
432 1717 461 1739 ut
473 1709 666 1746 praemittitur,
683 1709 720 1738 ab
733 1709 832 1740 eadem
845 1731 854 1746 ,
868 1710 1022 1746 perpetuo,
1041 1709 1085 1738 vel
1097 1710 1131 1739 ad
1148 1719 1222 1739 tem-

160 1757 226 1785 pus,
245 1749 273 1777 in
289 1755 390 1776 eventu
405 1748 533 1777 ineundis
547 1769 556 1784 ,
571 1746 725 1785 faciendis,
743 1749 775 1778 &
795 1746 951 1784 firmandis,
970 1746 1126 1778 secundum
1142 1748 1217 1787 quod

158 1785 241 1816 distis
259 1784 509 1815 Ambassiatoribus
525 1785 626 1816 nostris
640 1786 710 1823 Sex,
728 1786 881 1824 Qiinque,
902 1785 1103 1824 Quatuor,aut
1113 1787 1220 1817 Tribus

158 1833 258 1854 eorum
272 1823 414 1853 videbitur
430 1823 579 1862 expedire,

196 1862 324 1892 Necnon
341 1860 571 1892 Promitteridum
587 1863 620 1893 &
636 1861 883 1900 Concedendum,
902 1871 954 1900 pro
972 1861 1084 1900 Nobis,
1102 1864 1133 1894 &
1150 1863 1220 1894 No-

156 1901 239 1930 mine
251 1899 367 1938 nostro,
386 1899 435 1936 ipsi
449 1901 581 1931 Societati
594 1900 695 1931 Hansae
710 1901 853 1938 praeditstae
862 1923 871 1938 ,
880 1900 958 1939 quod
969 1901 1018 1940 ipsi
1030 1902 1066 1931 de
1080 1901 1156 1932 dicta
1165 1902 1219 1932 So-

157 1939 258 1969 cietate
277 1937 377 1975 poffint
394 1939 467 1969 bene
484 1961 493 1977 ,
512 1940 598 1969 libere
613 1962 623 1977 ,
641 1941 675 1970 &
686 1939 780 1969 secure
794 1940 849 1976 ire,
867 1939 975 1976 redire,
994 1941 1028 1970 &
1043 1941 1162 1977 morari,
1185 1941 1218 1971 ὃς

155 1976 357 2008 mercandisare
373 1999 382 2014 ,
400 1977 428 2006 in
445 1978 668 2016 quibuscumque
683 1977 902 2015 Mercimoniis,
918 1977 989 2007 infra
1008 1977 1125 2017 Regna,
1145 1979 1218 2009 Ter-

156 2025 213 2054 ras,
231 2017 264 2046 &
282 2015 422 2045 Dominia
437 2014 528 2046 nostra
543 2016 573 2045 iri
588 2015 713 2046 Partibus
726 2015 927 2046 Transmarinis
941 2025 1149 2054 quaecumque,
1168 2027 1218 2054 per

156 2052 242 2085 Mare
256 2077 265 2092 ,
284 2054 316 2083 ὃς
339 2064 387 2090 per
404 2053 522 2084 Terram
536 2077 545 2090 ,
564 2054 700 2085 solvendo
722 2055 765 2084 vel
787 2064 845 2083 non
869 2054 1001 2084 solvendo
1017 2053 1167 2085 Custumas
1185 2057 1218 2086 &

155 2091 298 2129 Deveria,
318 2100 400 2129 prout
414 2092 486 2122 inter
501 2092 592 2122 dictos
608 2091 717 2122 nostros
732 2092 949 2123 Ambassiatores
963 2092 1017 2123 Sex
1060 2093 1217 2132 Quinque,

157 2131 289 2169 Qiatuor
304 2152 314 2168 ,
330 2131 362 2161 &
378 2131 450 2162 Tres
465 2131 633 2161 eorumdem
648 2153 658 2169 ,
676 2132 709 2161 δε
725 2131 832 2161 dietam
855 2133 1013 2160 Societatem
1029 2115 1133 2162 ilanize
1144 2156 1152 2170 ,
1170 2133 1215 2163 seu

157 2168 315 2206 Deputatos
328 2169 372 2199 vel
385 2169 569 2207 Deputandos
588 2170 624 2199 ab
646 2169 746 2200 eadem
761 2192 772 2208 ,
794 2169 892 2200 melius
914 2171 1015 2208 poterit
1029 2171 1215 2209 concordari,

155 2206 276 2245 firmari,
293 2209 327 2238 &
342 2207 497 2244 concludi,

197 2245 327 2276 Necnon
343 2246 378 2275 de
393 2247 425 2276 (St
446 2245 524 2284 super
541 2247 675 2277 omnibus
696 2247 729 2277 δε
752 2246 861 2285 singulis
887 2246 1019 2277 Articulis
1034 2269 1043 2285 ,
1069 2255 1220 2284 quantum-

156 2293 280 2321 cumque
292 2283 468 2321 specialibus,
487 2285 534 2322 qui
550 2284 712 2323 Amicitias,
731 2284 898 2324 Paestiones,
918 2286 972 2315 sive
987 2284 1220 2324 Conventiones,

157 2322 229 2352 inter
242 2324 303 2351 Nos
316 2323 347 2352 ὃς
358 2322 465 2353 dic‘tam
479 2322 658 2353 honorabilem
671 2327 828 2353 Societatem
844 2324 1042 2354 contrahendas
1056 2325 1088 2354 &
1102 2323 1216 2354 firman-

156 2360 221 2398 das,
239 2370 410 2392 concernere
424 2369 558 2398 poterunt
573 2362 672 2399 quovis
686 2361 793 2400 modo,
811 2373 879 2393 cum
896 2372 994 2393 eorum
1011 2361 1216 2400 incidentibus,

157 2400 381 2436 emergentibus,
402 2398 625 2437 dependentibus
633 2422 642 2438 ,
651 2400 684 2430 &
698 2402 835 2431 connexis
843 2423 853 2439 ,

195 2437 326 2468 Necnon
349 2439 448 2468 omnia
467 2439 500 2470 δε
522 2438 623 2478 lingula
638 2461 647 2476 ,
667 2448 732 2476 quae
756 2438 793 2469 sic
818 2439 950 2470 Tradtata
964 2462 973 2476 ,
992 2439 1143 2469 Conventa
1157 2461 1166 2476 ,
1181 2439 1214 2469 &

157 2475 339 2506 Concordata
349 2477 467 2513 fuerint,
487 2486 554 2507 curn
566 2478 646 2507 omni
660 2477 810 2508 Securitate
826 2500 835 2516 ,
854 2478 946 2509 debita
958 2480 991 2509 &
1006 2477 1121 2508 honesta
1138 2500 1147 2516 ,
1165 2487 1217 2515 pro

157 2513 273 2551 Nobis,
288 2515 321 2544 &
339 2515 472 2546 Nomine
485 2515 597 2553 nostro,
617 2515 817 2553 Firmandum,

192 2551 230 2582 Et
242 2553 321 2592 quod
338 2556 396 2583 Nos
413 2553 571 2592 hujusmodi
587 2576 596 2591 ,
614 2553 649 2584 sic
664 2553 798 2585 Tradiata
815 2576 824 2592 ‚
843 2552 995 2584 Conventa
1009 2577 1019 2591 ,
1038 2555 1070 2584 &
1082 2553 1218 2584 Concor-

156 2590 219 2621 data
230 2613 238 2628 ,
257 2601 305 2629 per
321 2591 425 2622 Literas
440 2591 546 2623 nostras
560 2593 706 2631 Patentes,
719 2592 769 2623 sub
783 2592 883 2631 Sigillo
896 2592 994 2623 nostro
1006 2591 1120 2630 Magno
1132 2593 1216 2630 Sigil-

158 2629 249 2660 landas
257 2652 265 2668 ,
275 2629 518 2661 Confirmabimus
526 2653 536 2669 ,

196 2667 241 2698 Ac
256 2669 415 2701 consimiles
429 2669 611 2700 Securitatem
628 2671 660 2701 ὃς
677 2668 935 2700 Confirmationem
951 2692 959 2706 ,
979 2679 1032 2707 pro
1048 2668 1164 2708 Nobis,
1181 2670 1214 2699 &

158 2707 276 2737 nomine
297 2706 393 2738 nostro
406 2732 415 2747 ,
433 2709 448 2738 ὲ
462 2708 574 2746 praefata
595 2708 752 2738 honorabili
773 2707 911 2738 societate
926 2731 936 2746 ,
950 2707 994 2738 seu
1013 2709 1048 2738 ab
1065 2708 1121 2745 ejus
1141 2710 1169 2737 i'n
1186 2719 1217 2738 ea

156 2754 234 2782 parte
248 2744 417 2777 sufficienter
440 2746 586 2784 Depumus
606 2746 650 2777 seu
671 2746 847 2785 Deputandis
859 2769 868 2785 ,
885 2746 1061 2785 Petendum,
1080 2746 1219 2785 stipulan-

157 2783 245 2821 dum,
264 2785 297 2814 &
314 2784 542 2824 Recipiendum,

192 2821 406 2861 Jurandumque
425 2824 453 2853 in
472 2823 607 2854 Animam
632 2823 756 2854 nostram
773 2824 854 2864 quod
877 2823 1009 2856 Traeiata
1023 2848 1032 2862 ,
1049 2824 1199 2856 Conventa
1210 2849 1219 2863 ,

160 2861 194 2892 &
210 2860 393 2893 Concordata
413 2863 568 2900 hujusmodi
591 2862 665 2892 Rata
687 2863 851 2893 habebimus
872 2863 904 2893 δε
923 2863 1029 2902 Grata,
1047 2873 1100 2893 nec
1115 2865 1218 2902 aliquid

160 2901 369 2935 procurabimus
383 2900 428 2931 vel
443 2901 595 2937 facicmuS,
613 2911 660 2938 per
676 2901 753 2938 quod
767 2901 898 2931 Traetata
909 2903 942 2933 &
959 2901 1143 2933 Concordata
1167 2903 1219 2933 hu-

159 2936 282 2973 jusmodi
295 2938 415 2970 frustrari
430 2948 561 2977 poterunt
576 2939 620 2969 seu
637 2939 854 2977 quomodolibet
868 2939 1008 2978 impediri,

201 2977 246 3008 Ac
259 2978 452 3015 Juramentum
474 2977 618 3008 consimile
635 2977 650 3007 a
663 2977 888 3015 supranominata
902 2978 1052 3008 honorabili
1067 2982 1218 3017 societate,

162 3012 208 3045 seu
222 3016 257 3046 ab
270 3015 327 3052 ejus
338 3016 368 3045 in
383 3026 414 3046 ea
429 3026 503 3053 parte
518 3015 684 3047 sufficienter
700 3016 849 3054 Deputaris
863 3024 907 3046 aut
929 3015 1106 3054 Deputandis
1120 3017 1220 3048 Peten-

162 3051 247 3092 dum,
265 3053 462 3091 Exigendum,
480 3056 514 3086 &
530 3053 755 3094 Recipiendum,

200 3091 364 3128 Caeteraque
377 3093 474 3122 omnia
489 3094 523 3124 &
537 3093 639 3132 singula
654 3092 847 3132 Faciendum,
865 3091 1082 3124 Excercendum
1094 3117 1103 3132 ,
1121 3095 1153 3124 ὅς
1163 3093 1218 3125 Ex-

162 3129 332 3168 pediendum
346 3151 355 3166 ‚
381 3139 443 3167 quae
462 3131 493 3160 in
517 3130 663 3161 l’raemil'sis
683 3133 715 3162 &
737 3133 811 3162 circa
833 3143 865 3164 ea
888 3132 1033 3162 neceffiria
1054 3133 1157 3162 fuerint
1176 3133 1219 3164 seu

163 3168 379 3207 quomodolibet
393 3176 534 3205 oportuna
548 3190 558 3207 ,
573 3179 606 3200 ac
621 3179 684 3207 quae
700 3169 812 3208 qualitas
825 3172 857 3200 &
874 3180 969 3201 natura
982 3170 1141 3208 hujusmodi
1155 3171 1221 3202 Ne-

162 3208 232 3247 gotii
253 3208 366 3246 exigunt
390 3207 423 3237 &
445 3207 584 3244 requirunt
599 3229 609 3245 ,
626 3209 659 3239 δε
679 3218 742 3245 quae
764 3208 921 3246 nosmetipsi
935 3209 1025 3240 facere
1041 3209 1182 3247 poffemus
1201 3211 1219 3240 si

163 3245 343 3284 personaliter
363 3244 570 3283 intereffernus,
589 3246 674 3276 etiam
690 3246 709 3275 fi
724 3247 785 3277 talia
800 3247 892 3277 forent
903 3257 964 3286 quae
980 3248 1149 3279 Mandatum
1165 3249 1224 3278 exi-

163 3286 253 3323 gerint
277 3291 538 3322 quantumcumque
560 3283 674 3321 speciale
689 3306 699 3321 ,

201 3322 295 3360 Ipsos,
315 3321 491 3352 Venerabiles
506 3320 616 3359 Patres,
632 3323 767 3359 egregios
779 3322 881 3361 Viros,
899 3323 1132 3363 Sex,Qiinque,
1176 3336 1222 3355 ua-

163 3369 228 3392 tuor
237 3384 246 3399 ,
261 3369 307 3391 aut
320 3360 394 3390 Tres
408 3369 506 3389 eorum
515 3382 524 3397 ,
544 3359 651 3390 nostros
664 3359 821 3398 solempnes
831 3361 1043 3393 Ambaffiatores
1079 3363 1222 3401 legitimos

164 3400 380 3435 Procuratores,
400 3397 451 3428 Ne
471 3398 595 3428 otiorum
619 3397 752 3429 Gestores
765 3421 775 3436 ,
793 3397 1027 3439 Commiss'arios,
1046 3385 1222 3440 beputatos,

163 3439 197 3469 &
209 3438 242 3468 N
246 3439 345 3468 uncios
366 3437 455 3474 speci-a
466 3447 512 3474 es,
529 3436 677 3474 Facimus,
697 3436 849 3476 Creamus,
869 3436 1094 3479 Censtituimus,
1109 3441 1142 3472 ὃς
1161 3441 1221 3471 Or-

164 3476 292 3507 dinamus
308 3486 356 3513 per
371 3474 533 3512 pnesentes,

202 3515 414 3552 Promittentes,
434 3513 510 3544 bona
525 3511 597 3551 fide,
615 3513 648 3544 &
664 3513 693 3542 in
706 3513 795 3544 verbo
810 3514 943 3553 veritatis,
961 3525 993 3545 ac
1007 3515 1056 3546 sub
1070 3515 1222 3556 Yporheca

164 3555 199 3585 &
213 3553 399 3590 Obligatione
412 3554 543 3584 omnium
560 3550 702 3582 Bonorum
717 3553 894 3591 nostrorum,
912 3555 1089 3591 praesentium
1104 3556 1134 3584 ὃ(
1147 3554 1222 3584 futu-

165 3601 262 3621 rorum
277 3614 287 3629 ,
306 3591 373 3621 Nos
394 3590 504 3622 Rarum
518 3615 527 3630 ,
545 3588 666 3631 Gratum
682 3612 692 3627 ,
714 3590 747 3620 δε
771 3589 900 3620 Firmum
921 3596 1057 3631 perpetuo
1080 3593 1221 3623 habituros

166 3638 260 3660 totum
274 3630 307 3660 ὃ(
320 3629 455 3669 quicquid
480 3639 527 3667 per
549 3628 640 3659 dictos
660 3627 770 3658 nostros
785 3627 1018 3668 Ambaffiatores,
1037 3631 1106 3668 Sex,
1127 3631 1222 3669 Quin-

165 3678 220 3703 que
264 3668 392 3706 Quatuor
408 3690 418 3705 ,
436 3675 482 3699 aut
496 3668 568 3698 Tres
582 3676 681 3697 eorum
696 3689 705 3703 ,
723 3665 831 3696 Aetam
846 3688 857 3704 ,
874 3666 1014 3706 Gestum,
1033 3669 1222 3708 Tractatum,

167 3705 429 3775 &Inoncordatuni
443 3705 526 3736 fuerit
541 3707 569 3736 in
585 3704 739 3735 Praemiffis
748 3727 758 3743 ,
777 3706 810 3736 &
826 3704 936 3745 singulis
950 3706 1170 3738 Praemifforum.

256 3745 350 3782 cujus,
368 3745 427 3774 ὅτε.

267 3797 351 3831 Data.
369 3800 399 3830 in
418 3799 528 3831 Palatio
544 3798 783 3841 westmonasterii,
805 3799 928 3831 secundo
944 3799 989 3831 die
1005 3799 1182 3833 Decembris.

851 3879 901 3907 Per
915 3878 998 3916 ipsum
1016 3880 1119 3916 Regem.

198 4057 272 4088 Tom.
288 4054 335 4084 IV.
357 4054 440 4083 Part.
458 4056 497 4084 11.

2259 147 2338 198 185

1528 309 1578 340 De
1600 308 1767 341 variando
1786 322 1853 343 cum
1873 310 2083 358 Januenfibus.

1274 389 1394 458 REfi}
1409 391 1567 432 Omnibus,
1586 395 1619 426 ad
1638 406 1723 434 quos,
1741 399 1802 428 &c.
1820 398 1998 437 Salutem,&
2012 400 2188 438 praesentibus
2200 399 2330 432 adhibere

1385 441 1430 460 em
1446 430 1565 462 firmam.

2245 272 2276 275 ⁴
2314 274 2320 276 ξ
2347 227 2480 262 Αηη.1).’

2372 270 2458 305 1416.

2347 310 2409 334 Hm.
2429 316 2460 342 5.

2345 390 2418 420 Ann.
2434 391 2475 421 D„

2365 430 2451 469 1416.

1309 470 1408 506 Csim,
1427 471 1498 500 inter
1510 479 1626 509 caetem,
1642 471 1740 509 quibus
1757 472 1978 510 principantinm
1994 485 2156 512 procuratur
2171 477 2331 516 sublimitas,
2344 472 2396 495 An,
2410 478 2441 504 4·

1271 508 1305 549 ᾇ
1318 508 1352 538 de
1367 508 1512 546 tranquillo
1527 519 1559 539 ac
1578 509 1672 539 salubri
1688 510 1837 541 consulitur
1854 513 1919 542 statu
1935 513 2115 545 Subditorum
2162 515 2227 546 illud
2243 518 2329 554 potis-

1271 549 1372 576 iirnum
1386 546 1449 576 fore
1464 546 1634 585 dinoscitur,

1271 594 1330 614 rere
1346 607 1354 621 ,
1372 584 1404 614 ὅ(
1417 607 1427 621 ,
1446 585 1511 614 diris
1530 585 1703 615 Guerraruin
1729 587 1822 617 led-atis
1835 588 2009 618 Tui-binibus
2021 612 2030 626 ,
2060 590 2328 630 Diiseniionurnque

1270 624 1403 690 VOsstglffl?
1421 623 1542 653 funditus
1559 623 1770 662 circumscripta
1784 647 1794 663 ,
1819 635 1892 655 verae
1914 626 2038 657 Unionis
2055 629 2087 659 &
2105 629 2184 660 Pacis
2207 632 2331 662 nexubus

1270 670 1343 699 copu
1356 672 1411 698 art,

1309 697 1400 729 *Nos
1416 698 1499 737 igitur
1510 699 1668 736 (praelibata
1684 701 1797 731 internis
1813 702 1986 732 revolventes
1999 702 2165 741 affectubus)
2175 705 2207 735 ad
2227 706 2329 745 bonas,

1270 736 1361 766 firmas
1372 760 1381 774 ,
1399 738 1432 767 &
1448 737 1569 774 stabiles,
1589 737 1694 767 Pacem
1711 748 1890 776 perpetuam⁷
1908 740 2107 780 Tollerantias,
2128 743 2330 784 Abstinentias,

1269 776 1302 805 ἃ
1317 776 1443 813 Treugas
1462 776 1618 813 generales,
1634 776 1780 815 speciales,
1796 777 1842 807 seu
1857 779 2109 817 particulares‚tam
2126 791 2172 817 per
2187 782 2327 822 Terram,

1272 814 1381 850 Aquas,
1400 814 1485 850 quarn
1500 812 1643 856 perlMare
1658 837 1666 850 ,
1686 814 1763 844 fimul
1778 839 1786 852 ,
1805 816 1849 845 vel
1864 816 2006 853 separatim
2018 839 2029 856 ,
2049 817 2207 848 melioribus
2224 821 2330 860 modo,

1270 852 1334 888 via,
1352 852 1384 881 ὅ(
1400 850 1492 884 formai
1507 852 1607 890 quibus
1620 851 1678 881 fieri
1694 853 1776 889 poisit
1793 876 1802 891 ,
1820 863 1877 884 tam
1897 854 1945 885 diu
1960 856 1994 885 &
2009 863 2089 885 tanto
2103 866 2232 894 ternpore
2247 859 2326 889 dura-

1273 898 1344 918 [UTES

1308 912 1384 957 Inr³er
1396 926 1465 957 Nos
1474 950 1483 965 ,
1499 927 1531 957 &
1544 927 1724 959 successores
1736 928 1863 968 nostros,
1882 930 1973 969 Reges
1983 931 2112 970 Angliz,
2130 931 2277 972 vassallos,
2296 935 2329 965 &

1272 965 1423 1004 Subditos,
1441 966 1580 1003 Amicos,
1599 967 1755 1006 Alligatos,
1774 968 1806 998 ὃ(
1823 967 2040 999 Consoederatos
2053 972 2165 1001 nostros
2180 972 2333 1009 quoscum-

1273 1015 1348 1042 que,
1368 1005 1472 1041 Regna
1487 1027 1496 1042 ,
1515 1004 1618 1035 Terras
1634 1028 1643 1044 ,
1661 1007 1694 1036 &
1716 1005 1854 1036 Dominia
1878 1007 1972 1038 nostra
1991 1018 2178 1048 quaecumque
2197 1033 2205 1048 ,
2223 1019 2256 1041 ex
2277 1020 2330 1042 una

1271 1052 1364 1090 parte,
1384 1043 1432 1081 ὅτ,
1450 1042 1638 1073 Maonificum
1651 1054 1683 1074 ac
1696 1043 1817 1074 Nobiles
1827 1067 1836 1083 ,
1851 1047 1973 1084 Ducem,
1992 1049 2089 1086 Cives,
2107 1049 2139 1079 &
2149 1052 2334 1078 communita-

1273 1087 1327 1110 tem
1343 1080 1450 1119 jamcae
1465 1103 1474 1118 ,
1494 1067 1639 1111 ssucatuin
1656 1084 1688 1113 ὃ(
1705 1082 1857 1113 Civitatem
1870 1083 1986 1122 Januae,
2005 1085 2107 1116 Terras
2119 1109 2128 1124 ,
2147 1088 2179 1117 ὅτ
2196 1087 2334 1118 Dominia

1272 1119 1316 1148 sua
1333 1129 1521 1156 quaecumque
1556 1129 1629 1156 parte
1645 1130 1677 1149 ex
1693 1120 1792 1159 altera,
1808 1122 1962 1152 secundum
1979 1124 2055 1160 quod
2072 1124 2249 1163 infrascriptis
2261 1127 2334 1156 Am-

1273 1156 1462 1200 baffiatoribus
1480 1180 1489 1195 ,
1539 1158 1718 1189 oininiffinis
1734 1182 1743 1196 ,
1759 1159 1989 1191 procuratoribus
2005 1184 2014 1198 ,
2039 1164 2071 1192 ὃ(
2091 1162 2126 1193 N
2129 1164 2216 1194 unciis
2234 1164 2335 1195 nostri-‘r

1272 1194 1326 1263 {ex
1341 1219 1349 1231 ‚
1370 1195 1506 1234 Quinque
1520 1218 1529 1232 ,
1548 1195 1678 1233 Qiatuor
1695 1219 1704 1235 ,
1721 1206 1766 1227 aut
1780 1197 1886 1229 Tribus
1900 1199 2065 1229 eorumdem
2088 1201 2227 1232 videbitur
2248 1211 2334 1241 expe-

1295 1243 1333 1264 ire
1348 1255 1358 1270 ,

1310 1270 1390 1301 Cum
1405 1271 1486 1314 elifius
1503 1271 1586 1301 Duce
1601 1294 1610 1310 ,
1629 1271 1748 1302 Civibus
1764 1295 1774 1311 ,
1791 1274 1823 1304 &
1840 1274 2054 1308 Communitate
2069 1299 2078 1314 ,
2096 1276 2140 1308 seu
2159 1276 2280 1315 ipsorum
2302 1279 2334 1310 in

1272 1309 1326 1339 hac
1340 1318 1414 1350 parte
1430 1311 1596 1340 iur'r‘icienter
1613 1309 1761 1347 Deputatis
1775 1321 1821 1342 aut
1831 1312 2020 1353 Deputandis,
2039 1316 2333 1355 ineundum,capien-

1273 1348 1359 1386 dum,
1381 1347 1600 1385 perficiendum,
1618 1350 1650 1379 &
1668 1349 1781 1379 finaliter
1795 1350 2042 1390 concludendum,

1308 1387 1437 1416 Necnon
1454 1410 1463 1424 ,
1483 1387 1517 1417 ad
1534 1387 1772 1418 Tollerantiarum
1790 1412 1798 1427 ,
1818 1389 2057 1420 Abstinentiirum
2073 1413 2083 1427 2
2100 1391 2131 1422 δε
2147 1392 2329 1432 Treugarurn

1272 1425 1430 1463 hujusmodi
1448 1426 1620 1455 Firniitatem
1635 1426 1667 1455 ὃς
1683 1426 1912 1457 Stabilimentum
1928 1450 1937 1466 ,
1955 1438 2046 1458 certos
2068 1429 2282 1466 Conservatores
2295 1436 2328 1466 δε

1266 1463 1381 1501 judices
1403 1463 1521 1502 ipsarum
1545 1463 1726 1499 Trcuf-tarum
1744 1487 1752 1502 ,
1771 1475 1819 1502 per
1834 1466 1969 1502 Terram,
1988 1467 2103 1506 Aquas,
2116 1470 2148 1499 ὃς
2169 1470 2268 1510 Mare,
2287 1482 2330 1505 tot

1272 1503 1305 1533 δε
1320 1503 1384 1533 tales
1399 1526 1407 1539 ,
1425 1503 1562 1541 generales
1577 1525 1585 1539 ,
1601 1503 1645 1532 vel
1663 1502 1790 1540 speciales
1805 1526 1815 1542 ,
1832 1505 1863 1534 ὅ(
1879 1505 1906 1534 in
1923 1513 2001 1535 tanto
2016 1505 2151 1536 Numero
2166 1531 2176 1546 ,
2193 1519 2273 1546 prout
2295 1513 2328 1543 &

1271 1540 1340 1571 sicut
1356 1541 1531 1579 infrascriptis
1545 1541 1795 1573 Ambaffiatoribus
1811 1566 1820 1581 ,
1840 1541 2064 1581 Cominiffariis,
2083 1543 2329 1588 procuratoribus,

1269 1580 1303 1610 δε
1319 1578 1445 1610 Nunciis
1460 1579 1558 1610 nostris
1575 1579 1630 1609 Sex
1645 1602 1655 1617 ,
1674 1580 1809 1618 Qiinque
1821 1605 1831 1620 ,
1858 1581 1988 1620 Quatuor
2000 1604 2012 1620 ,
2035 1581 2079 1612 vel
2101 1583 2209 1615 Tribus
2230 1596 2329 1619 eorum

1269 1617 1410 1648 videbitur
1424 1628 1616 1656 oportunum,
1633 1618 1821 1656 Faciendum,
1842 1619 2057 1659 ordinandum,
2075 1620 2332 1663 &Deputandum,

1269 1656 1301 1685 ad
1321 1655 1528 1695 Corrigendum
1542 1658 1575 1688 δε
1591 1656 1821 1687 Reformandum
1838 1665 1932 1688 totum
1942 1660 1973 1688 &
1983 1659 2117 1697 quicquid
2134 1669 2232 1692 contra
2244 1663 2332 1696 dietas

1274 1694 1478 1733 Tollerantias,
1497 1695 1701 1733 Abstinentias,
1718 1695 1860 1734 Trcugas,
1879 1705 2074 1734 attemptatum
2088 1698 2184 1738 fuerit,

1309 1733 1440 1764 Dilectos
1454 1734 1486 1765 ὃ(
1496 1733 1601 1764 Fideles
1615 1733 1722 1763 nostros
1731 1757 1739 1771 ,
1760 1733 1921 1764 Nicholaum
1932 1758 1940 1774 ,
1961 1735 2080 1765 Bathm.
2098 1735 2136 1771 όν
2151 1736 2263 1769 usellen,
2274 1742 2329 1770 Ro-

1269 1771 1372 1801 bertum
1379 1776 1477 1802 Sarum
1487 1796 1495 1808 ‚
1512 1772 1545 1802 δε
1555 1772 1880 1811 Johannemcwentren.
1901 1772 2025 1808 &Lice
2046 1776 2098 1812 Epi
2113 1784 2199 1815 copas,
2217 1776 2332 1814 Johan-

1269 1822 1328 1840 nem
1336 1810 1443 1850 Tiprofr
1452 1834 1461 1848 ,
1470 1812 1503 1842 &
1513 1812 1637 1841 Hertonk
1648 1814 1706 1840 Vari
1717 1811 1787 1840 Clux
1797 1835 1805 1849 ,
1815 1811 1921 1842 Milites
1930 1835 1939 1849 ,
1957 1822 1990 1842 ac
2001 1812 2094 1849 Magil
2111 1823 2171 1844 rum
2180 1815 2329 1855 Philippum

1271 1853 1390 1886 Morgan
1407 1849 1630 1889 utriusqueJuris
1644 1848 1910 1891 Dostoremhipsos
1927 1852 1997 1888 Sex,
2016 1851 2170 1891 Quinque,
2186 1855 2329 1895 Quatuor,

1271 1896 1317 1917 aut
1331 1888 1402 1918 Tres
1417 1889 1585 1918 eorumdum
1607 1887 1656 1925 (de
1678 1898 1800 1925 quorum
1823 1889 1951 1919 fidelitate
1969 1890 2000 1919 ὃς
2016 1891 2145 1920 circums
2158 1892 2275 1924 effitionis
2287 1896 2329 1924 in-

1268 1925 1370 1956 dustria
1391 1926 1502 1964 plenam
1525 1927 1557 1956 δε
1579 1925 1690 1956 firmam
1707 1925 1909 1957 confidentiam
1924 1930 2064 1965 tenemus)
2086 1939 2124 1958 no
2151 1940 2193 1960 ros
2209 1931 2331 1963 Ambas-

1269 1964 1376 1994 fiatores
1389 1987 1398 2002 ,
1424 1964 1641 1995 Cominissarios
1659 1986 1668 2002 ,
1695 1963 1892 1995 Procuratores
1907 1988 1915 2003 ,
1939 1967 1971 1996 &
1995 1966 2127 1997 Nuncios
2147 1969 2274 2006 speciales
2294 1973 2328 2002 ὃς

1268 2002 1416 2045 indubios,
1433 2003 1576 2041 Facimus,
1595 2001 1821 2041 Constituiinus,
1837 2002 2026 2043 OrdinarnuS,
2042 2007 2076 2036 &
2093 2005 2264 2045 Deputamus
2278 2019 2327 2047 per

1293 2044 1416 2071 iacientes

1271 2051 1290 2079 p
1304 2063 1518 2117 Promitsimus,
1535 2076 1565 2109 i‘n
1578 2079 1652 2110 bona
1665 2078 1719 2109 fide
1728 2080 1777 2118 ,ad
1786 2079 1960 2110 Tenendum
1971 2080 2134 2118 ,&Teneri
2149 2082 2308 2116 faciendum
2318 2109 2328 2125 ,

1269 2117 1395 2148 Firmum
1411 2141 1421 2156 ,
1441 2118 1548 2148 Rarum
1564 2141 1572 2155 ,
1588 2119 1620 2149 ὃς
1636 2118 1739 2149 Stabile
1757 2128 1849 2149 totuin
1864 2120 1896 2149 δε
1910 2120 2042 2159 quicquid
2057 2131 2106 2158 per
2123 2122 2214 2153 dictos
2230 2123 2325 2154 Corn-

1269 2156 1404 2186 missarios
1419 2156 1540 2195 nostros,
1557 2157 1682 2188 autTres
1697 2167 1815 2195 eorum,
1833 2158 1862 2188 in
1878 2158 2045 2198 Praemiffis,
2061 2159 2106 2190 seu
2120 2160 2213 2200 aliquo
2228 2171 2327 2194 eorum

1269 2194 1378 2225 fad'tum
1393 2194 1494 2232 fuerit,

1304 2232 1339 2263 Et
1362 2233 1441 2270 quod
1466 2232 1536 2263 Nos
1556 2232 1757 2263 Concedemus
1776 2235 1810 2265 &
1833 2233 1982 2265 Faciemus
1994 2257 2004 2274 ,
2024 2235 2068 2266 seu
2092 2235 2151 2267 fieri
2174 2236 2328 2280 faciemus,

1266 2270 1372 2301 Literas
1393 2268 1623 2302 confirmatorias
1637 2293 1647 2309 ,
1664 2272 1713 2301 sub
1735 2271 1850 2307 Magno
1874 2272 1975 2309 Sigillo
1998 2273 2095 2305 nostro
2110 2297 2120 2312 ,
2138 2275 2173 2306 de
2196 2278 2229 2308 ὃς
2249 2277 2328 2317 super

1266 2310 1399 2339 omnibus
1413 2309 1446 2339 &
1462 2308 1573 2348 singulis
1589 2310 1720 2340 Articulis
1734 2310 1766 2339 &
1781 2309 1914 2348 Punetis,
1931 2311 1966 2341 de
1982 2313 2080 2349 quibus
2096 2313 2167 2344 inter
2181 2325 2229 2345 eos
2243 2315 2328 2348 fuerit

1267 2346 1507 2386 Concordatum,
1533 2349 1566 2378 &
1587 2348 1622 2378 de
1645 2347 1819 2385 Exequendo
1843 2348 1940 2378 eadem
1964 2359 2030 2380 cum
2055 2351 2147 2382 debita
2168 2352 2328 2395 diligentia,

1266 2386 1421 2416 secundum
1438 2385 1571 2415 Formam
1587 2387 1621 2417 ὅ(
1634 2386 1779 2416 Tenoiem
1793 2396 1892 2417 eorum
1907 2409 1918 2426 ,
1935 2389 1965 2417 in
1981 2397 2115 2426 quantum
2130 2391 2160 2420 in
2174 2393 2257 2422 nobis
2270 2393 2328 2432 est,

1267 2424 1300 2455 ὃ(
1312 2425 1344 2454 ad
1361 2434 1412 2454 nos
1427 2425 1564 2461 pertinet,

1302 2462 1339 2492 Et
1354 2463 1409 2492 boc
1426 2462 1624 2493 Promittimus
1639 2463 1724 2493 etiam
1739 2463 1787 2493 sub
1803 2462 2181 2503 Cautione&Obligatione
2196 2471 2328 2501 omnium

1266 2500 1412 2531 Bonorum
1436 2500 1601 2531 nostrorum
1617 2523 1626 2538 ,
1645 2501 1794 2532 mobilium
1817 2502 1850 2532 &
1873 2503 2063 2534 immobilium
2080 2527 2089 2542 ,
2111 2506 2275 2542 prasentium
2293 2509 2327 2540 δε

1267 2540 1423 2570 futurorum
1433 2562 1441 2576 ,
1460 2540 1495 2569 ira
1510 2538 1589 2577 quod
1602 2549 1745 2576 nunquam
1760 2550 1807 2577 per
1823 2539 1908 2578 Nos,
1926 2542 1969 2571 vel
1984 2542 2069 2572 alium
2087 2545 2206 2575 nornine
2220 2546 2330 2586 nostro,

1266 2577 1411 2615 dicemuS,
1427 2578 1576 2615 faciemus,
1593 2586 1638 2608 aut
1655 2587 1866 2617 proponemuS,
1884 2578 2038 2618 injudicio
2050 2603 2059 2619 ,
2080 2582 2122 2612 vel
2139 2592 2230 2622 estra,
2247 2586 2329 2624 quic-

1265 2626 1349 2656 quam
1368 2617 1398 2645 in
1414 2617 1595 2646 contrarium.

1303 2654 1334 2684 ln
1350 2655 1428 2692 cujus
1445 2655 1482 2683 rci
1501 2653 1716 2684 Testimonium
1736 2655 1783 2685 has
1803 2655 1904 2686 Literas
1919 2655 2025 2687 nostras
2044 2657 2172 2689 Parentes
2189 2660 2248 2691 fieri
2262 2684 2273 2700 ,
2290 2663 2325 2694 δε

1267 2693 1373 2729 Magni
1385 2692 1471 2731 Sigilli
1487 2692 1572 2722 nostri
1590 2693 1748 2722 munimine
1763 2694 1882 2724 fecimus
1897 2695 2031 2725 roborari.

1303 2731 1369 2762 Dat.
1388 2732 1416 2761 in
1430 2730 1539 2762 Palatio
1553 2730 1608 2772 710st
1614 2741 1643 2760 ro
1660 2731 1898 2773 Wstmonasterii,
1916 2733 2040 2765 secundo
2053 2734 2098 2765 die
2112 2735 2292 2768 Decembris.

2018 2813 2072 2842 Per
2087 2811 2168 2852 1'pſscm
2185 2816 2291 2852 Regem.

1420 2937 1478 2971 Ad
1492 2936 1699 2971 Trafiana'um
1719 2949 1787 2970 cum
1805 2935 1948 2983 praedzflis
1962 2936 2179 2984 Januenfibus.

1329 3023 1393 3054 EX
1408 3024 1541 3053 omnibus
1550 3045 1560 3060 ,
1576 3032 1647 3062 quos
1662 3023 1753 3059 tangit
1768 3022 1887 3060 praesens
1903 3022 2066 3062 Negotium
2076 3047 2086 3061 ,
2103 3025 2146 3055 vel
2156 3036 2328 3059 concernere

1349 3063 1448 3099 poterit
1464 3062 1563 3100 quovis
1580 3061 1670 3091 inodo
1683 3063 1712 3091 in
1727 3061 1852 3091 futurum
1863 3083 1872 3098 ,
1892 3060 2033 3100 Salutem,
2049 3064 2082 3094 &
2091 3064 2266 3102 praesentibus
2281 3067 2327 3097 ad-

1268 3102 1364 3131 hibere
1379 3099 1466 3130 fidem
1481 3099 1602 3129 firmam.

1305 3139 1403 3175 Licet,
1421 3148 1480 3167 non
1500 3138 1555 3167 sine
1572 3147 1683 3174 magnae
1704 3136 1884 3168 solicitudinis
1905 3136 1996 3168 studio
2012 3163 2021 3176 ,
2045 3138 2173 3171 dedimus
2194 3141 2327 3174 haetenus

1265 3187 1381 3216 operam
1398 3198 1407 3214 ,
1424 3176 1457 3206 δε
1471 3175 1562 3206 adhuc
1578 3175 1764 3213 impendimus
1781 3175 1899 3212 operosi
1915 3176 2110 3213 prosecutione
2133 3178 2277 3218 Labores,
2295 3190 2327 3212 ut

1265 3217 1338 3246 inter
1353 3213 1420 3245 Nos
1439 3215 1471 3244 δε
1494 3223 1611 3244 caeteros
1627 3213 1774 3244 Cristianae
1796 3214 1871 3244 Fidei
1891 3213 2042 3245 Potestites
2058 3216 2090 3245 &
2105 3216 2250 3255 Principes
2264 3222 2330 3251 uni-

1266 3254 1356 3284 versos
1370 3255 1458 3292 vigeat
1474 3252 1623 3283 ferventius
1645 3252 1783 3290 tranquilli
1799 3252 1941 3283 beatitudo
1964 3254 2074 3292 Quietis
2086 3277 2095 3293 ,
2130 3264 2164 3284 ac
2183 3257 2327 3290 Amicitiae

1267 3301 1369 3323 mutuae
1379 3314 1389 3329 ,
1408 3292 1440 3321 &
1456 3290 1580 3320 Unimtis
1594 3292 1731 3330 integritas
1746 3313 1756 3328 ,
1774 3291 1957 3328 irrefragabili
1972 3292 2085 3322 Amoris
2099 3292 2218 3325 Foedere
2235 3318 2246 3333 ,
2263 3296 2328 3329 soli-

1266 3331 1328 3361 dius
1342 3329 1564 3366 conticetaiitur,

1305 3368 1351 3399 Ad
1368 3368 1520 3398 Civitatem
1536 3365 1842 3398 tamenseCommune
1852 3367 2199 3405 Januae,Progenit0rum
2215 3372 2328 3404 nostro-

1266 3418 1330 3438 rum
1353 3406 1518 3437 inhaerendo
1543 3405 1663 3445 vestigiis
1679 3428 1688 3444 ,
1706 3405 1838 3443 peculiari
1854 3406 1972 3444 quadam
1995 3405 2158 3439 Affectione
2176 3410 2325 3449 dirigimus

1267 3446 1381 3476 intuitus
1396 3444 1503 3474 Mentis
1513 3443 1630 3481 nostrae,

1305 3485 1369 3522 Ac,
1385 3483 1419 3513 de
1436 3483 1580 3519 fidelitate,
1600 3482 1800 3520 prudentia,&
1816 3483 2078 3522 circumspectionis
2093 3484 2239 3525 industria,
2255 3486 2325 3517 dile-

1267 3522 1380 3552 &orutn
1396 3522 1427 3552 &
1443 3521 1566 3551 fidelium
1583 3520 1744 3550 nostrorum
1760 3543 1769 3558 ,
1788 3519 1916 3550 Nicholai
1938 3521 2052 3552 Bathon
2080 3522 2117 3558 ό
2141 3524 2252 3554 Wllen.
2270 3527 2324 3554 Ro-

1266 3562 1336 3589 berti
1353 3563 1468 3596 Sarum,
1486 3560 1518 3589 &
1533 3558 1675 3596 Johannis
1695 3562 1858 3589 Coventren.
1876 3558 1914 3594 ὠ
1927 3561 2008 3590 Lich.
2026 3560 2250 3600 Epiicoporum,
2266 3563 2324 3600 Jo-

1265 3599 1363 3628 hanm‘s
1378 3597 1486 3636 Tlpfflst
1497 3620 1506 3634 ,
1524 3599 1556 3627 δεῖ
1573 3597 1698 3626 Hei-tonse
1717 3599 1776 3626 Van
1791 3596 1877 3635 Clux‚
1898 3596 2045 3637 Militum,
2065 3609 2097 3629 ac
2117 3599 2241 3638 Magistri
2258 3601 2325 3629 Phi-

1263 3637 1458 3704 lippifigdorgan
1473 3636 1607 3673 utriulque
1618 3635 1689 3673 juris
1702 3634 1855 3674 Doti‘toris,
1873 3636 1906 3667 &
1920 3645 2020 3667 eorum
2029 3637 2187 3675 cujussibet,
2204 3638 2326 3675 plenarie

1264 3685 1321 3706 COD
1362 3682 1436 3704 entes

1303 3713 1319 3731 ⁴*
1341 3712 1385 3742 Ad
1401 3696 1593 3741 Tr’aetandum
1609 3733 1619 3748 ,
1637 3710 1875 3742 Conveniendum
1893 3734 1902 3750 ,
1921 3714 1954 3744 &
1978 3712 2218 3743 Concordandum
2242 3724 2327 3753 cum,

1267 3749 1428 3784 Maenifico
1443 3750 1474 3780 &
1491 3749 1664 3786 Nobilibus,
1684 3752 1758 3779 Duce
1768 3773 1777 3787 ,
1795 3750 1924 3788 Civibus,
1943 3752 1976 3781 &
1992 3754 2187 3780 Communia-te
2200 3751 2326 3792 Januae,

1265 3799 1311 3819 aut
1325 3798 1426 3818 eorum
1442 3787 1611 3818 sufficienter
1627 3787 1773 3831 Deputatis
1789 3789 1845 3819 live
1862 3789 2033 3825 Deputandis
2049 3810 2057 3825 ,
2075 3788 2109 3817 de
2123 3789 2155 3818 ὃς
2169 3788 2247 3826 super
2263 3794 2324 3831 qni-

1266 3827 1436 3864 buscumque
1454 3826 1545 3865 Ligis,
1566 3826 1722 3864 Amicitiis‚
1740 3828 1773 3857 &
1790 3826 2107 3860 Confcederationibus,

1304 3865 1377 3895 [nter
1402 3864 1470 3894 Nos
1487 3886 1496 3901 2
1509 3866 1547 3896 -&
1570 3863 1745 3895 Succeffores
1766 3864 1875 3894 nostros
1888 3886 1898 3901 ,
1918 3863 2010 3901 Reges
2033 3861 2141 3902 Angliae
2155 3886 2164 3902 ,
2193 3866 2299 3903 Ligeos
2315 3891 2324 3906 ,

1267 3902 1417 3940 vassallos,
1435 3903 1467 3933 ὅς
1483 3903 1613 3933 Subditos
1627 3903 1752 3939 nostros,
1772 3901 1889 3938 Regna,
1905 3901 2003 3931 Terras
2013 3902 2062 3938 ,&
2077 3903 2215 3935 Doininia
2229 3905 2325 3938 nostra

1268 3951 1472 3980 quaecumque,
1489 3950 1524 3971 ex
1539 3941 1610 3978 una,
1628 3941 1661 3971 δε
1676 3941 1782 3976 dictos,
1802 3939 1916 3969 Ducem
1953 3938 2057 3977 Cives,
2074 3942 2107 3973 &
2123 3940 2328 3976 Communiu-

1269 3988 1326 4009 teni
1337 3979 1433 4018 Januae
1450 4001 1459 4016 ,
1476 3978 1652 4010 Successores
1664 4001 1674 4016 ,
1695 3976 1824 4007 Valsallos
1838 4000 1847 4014 ,
1865 3979 1897 4008 δε
1936 3977 2044 4009 ubditos
2058 3977 2119 4010 suos
2133 4004 2142 4018 ‚
2164 3981 2327 4022 Ducatum,

1267 4018 1384 4056 Terras,
1402 4017 1435 4048 ὃς
1451 4017 1591 4049 Dominis
1605 4017 1649 4049 sua
1667 4025 1871 4085 quaeffmque,
1885 4015 2010 4047 exaltem
2025 4025 2099 4056 parte
2105 4021 2328 4059 ,contrahendis,

1770 4064 1785 4084 ἢ
2234 4060 2332 4091 ineun-

2344 510 2377 533 Η.
2400 515 2431 540 5.

1651 559 1700 585 ea,
1719 559 1781 586 quae
1798 550 1913 580 Amoris
1928 551 1987 580 sunt
2000 555 2103 590 mutui,
2121 539 2236 584 sedulius
2251 565 2327 594 quae·
2340 545 2404 572 [bid.
2421 553 2459 573 '³’-

2347 594 2388 611 10.

2360 704 2379 724 ¹*
2398 705 2453 733 IX.

2361 753 2428 779 4i5,

2350 3032 2424 3063 Ann.
2436 3033 2476 3064 D.

2373 3073 2458 3110 1416.

2349 3115 2388 3138 Am
2397 3134 2401 3137 .
2411 3123 2439 3147 ψ.

2347 3154 2380 3176 H.
2402 3159 2427 3183 5-

2373 3189 2436 3216 ibix.

2362 3744 2381 3764 ³¹³
2402 3747 2455 3774 IX.

2361 3786 2429 3820 4⁴⁶-
