2562 4274
36 256 112 288 Ann.
127 253 166 288 D.

64 305 115 336 ¹4¹
122 304 148 334 7.

34 338 97 363 Hm.
116 344 146 370 5.

27 818 106 850 Ann.
118 819 162 851 D.

48 866 135 896 1417.

27 900 79 923 An.
94 907 123 932 4.

27 938 55 961 H
84 943 109 969 5.

27 976 67 999 Ex
82 975 141 1000 Aic-

23 1017 89 1048 eegr.

50 2707 66 2725 ⁸
81 2709 134 2737 lx:

30 2755 99 2783 425.

813 179 922 220 ET
1007 181 1263 223 ACTA
1345 181 1815 227 PUBLICA.

181 261 330 294 Praemiffis
342 286 352 302 ,
377 272 430 294 nec
453 260 547 302 Ipsum
567 283 577 301 ,
601 270 648 293 aut
666 260 838 294 Potestatem
856 264 887 294 ei.
895 273 944 302 per
961 264 1028 295 Nos
1042 263 1231 304 Attributam,

178 301 392 334 Revocabimus
408 302 464 332 {ine
477 301 599 332 Scientia
614 302 648 332 &
664 300 781 331 Assensu
800 300 887 341 Regis
903 303 1058 341 supradicti.

217 377 250 408 In
271 386 393 422 quorum
413 377 548 422 omnium
572 376 786 421 Testimonium
806 377 992 422 Praesentibus
1004 380 1118 420 Signeta
1136 379 1231 412 nostra

181 416 443 485 ifflfflsscimff
451 416 1028 492 fflffifflffffississffiffffi?“³325ss
1052 419 1232 488 Ἓωῗὲἳξὲξῖἶ

183 492 300 527 lefirno,
320 492 626 529 Quadringentesimo,
645 491 855 524 SeXtodeci'mo.
902 479 911 495 ³

180 529 350 599 stffilzrdgsle'.
372 531 469 562 Gehan
485 553 495 569 ,
522 534 686 571 Bouciquaut
713 529 861 562 Marescall
882 531 919 563 de
947 533 1090 571 Fraunce‚
1108 533 1178 573 Joh.
1198 534 1231 565 de

223 693 407 726 Eorumdem
434 695 560 726 Ducum
589 691 740 742 Obligatio
761 697 935 742 pecuniaria
953 695 1045 743 sitper
1058 696 1185 741 prxfata

636 746 783 777 Licentia.

253 825 381 857 Niverfis
413 824 521 856 Christi
557 825 698 858 Fidelibus
717 852 727 865 ,
753 828 897 866 praesentes
919 827 1025 859 Literas
1044 826 1207 865 inspecsturis
1223 849 1233 864 ,

268 864 351 903 Nos,
369 864 487 894 Karalus
503 865 722 905 Aurelianenfis,
740 868 773 897 &
787 867 932 904 Johannes
940 865 1131 905 Bourbonenfis
1142 887 1152 903 ,
1170 868 1233 894 Du-

174 915 231 973 ῗς,
246 902 370 934 Salutem
391 904 420 934 in
438 903 572 933 Domino
589 926 599 942 ‚
625 904 657 934 &
678 903 862 935 Praesentibus
880 904 965 935 fidem
985 904 1131 936 indubiam
1155 903 1233 933 adhi-

198 952 252 973 ere.

213 979 294 1011 Cum
310 1003 320 1019 ,
343 979 538 1011 Serenlffimus
557 978 692 1017 Princeps
707 1002 716 1017 ,
732 982 882 1019 Henricus,
900 980 956 1011 Dei
970 979 1074 1019 gratia,
1091 982 1151 1010 Rex
1164 982 1232 1010 An-

172 1019 253 1057 gliae,
273 1019 333 1049 &c.
349 1018 383 1048 ad
405 1028 538 1056 magnam
556 1017 681 1048 nostram
697 1017 855 1049 instantiam
866 1041 875 1057 ,
892 1021 925 1051 ὃς
938 1029 991 1058 pro
1005 1020 1120 1050 utilitate
1137 1018 1232 1049 nostra

177 1058 329 1096 specialiter
341 1057 530 1095 procuranda,
548 1056 666 1094 gratiose
681 1056 851 1089 concesserit
866 1057 1148 1096 DominoRadulpho
1156 1060 1232 1086 Gau-

175 1103 250 1126 court
267 1095 353 1126 Militi
368 1094 527 1125 Licentiam
544 1095 691 1132 specialem
712 1095 744 1125 ad
769 1094 906 1134 Regnum
922 1097 945 1127 F
946 1098 1048 1128 ranciae
1064 1095 1234 1134 Redeundi,

178 1134 330 1167 &ibidem
345 1143 395 1171 per
412 1141 522 1163 certum
536 1140 646 1170 tempus
663 1132 858 1173 Remanendi,

215 1173 260 1203 Ad
283 1171 496 1202 Procurandum
520 1170 634 1201 Bonum
654 1171 734 1203 Pacis
749 1172 834 1203 finalis
851 1174 922 1204 inter
936 1173 1038 1211 Regna
1054 1171 1182 1202 Franciae
1197 1171 1231 1202 δε

177 1211 293 1248 Angliae
309 1232 318 1248 ,
341 1211 374 1240 &
393 1209 678 1240 Communicandum
691 1211 724 1241 &
741 1210 953 1250 Tractandum,
971 1221 1039 1242 cum
1054 1209 1233 1248 Consangui-

175 1251 235 1280 neis
255 1249 289 1280 &
311 1248 419 1279 Amicis
436 1247 555 1287 nostris,
570 1248 607 1278 de
621 1250 674 1279 viis
697 1250 730 1280 ὃς
746 1249 836 1280 modis
852 1250 952 1288 quibus
968 1248 1119 1280 comeditis
1136 1249 1167 1278 δε
1185 1256 1233 1277 ce·

175 1288 258 1318 lerius
279 1287 386 1318 liberari
408 1287 552 1324 possemus
567 1286 603 1317 de
618 1286 805 1325 Captivitate,
824 1288 881 1326 qua
893 1288 984 1318 modo
999 1288 1104 1318 detenti
1120 1286 1214 1317 sumus
1224 1307 1234 1322 ,

174 1335 291 1357 necnon
318 1325 353 1356 ad
377 1324 578 1355 Ordinandum
607 1326 641 1356 &
665 1325 906 1356 Concludendum
922 1349 931 1364 ,
956 1336 1024 1356 cum
1046 1325 1210 1356 Parentibus
1224 1346 1233 1361 ,

177 1364 400 1403 Consanguineis
413 1387 422 1401 ,
445 1365 478 1394 ὃς
503 1363 609 1393 Amicis
630 1363 679 1393 suis
691 1386 701 1402 ,
728 1364 855 1394 Modum
878 1366 912 1396 &
927 1364 1080 1402 Formam,
1099 1373 1146 1402 per
1163 1371 1233 1400 quos

178 1404 263 1434 etiam
279 1402 334 1442 ipse
353 1402 446 1433 utilius
460 1403 493 1433 ὃς
506 1401 622 1432 celerius
639 1404 702 1432 exui
717 1401 808 1441 poiset
822 1401 858 1433 de
872 1401 1055 1442 Captivitate,
1073 1411 1129 1441 qua
1143 1399 1235 1432 consi-

180 1441 284 1474 militer
297 1441 453 1477 detinetur,

217 1478 258 1510 Ita
280 1488 375 1510 tamen
392 1478 471 1517 quod
492 1477 567 1509 idern
589 1477 746 1516 Radulphus
762 1504 770 1517 ,
789 1480 858 1510 citra
872 1479 1005 1510 ultimum
1022 1479 1111 1509 Diem
1129 1476 1236 1508 Mensis

178 1517 278 1548 Martii
298 1518 429 1555 proxime
449 1517 534 1547 futuri
548 1538 558 1555 ,
576 1517 605 1546 in
623 1516 758 1555 Angliam
776 1519 808 1549 &
824 1519 852 1548 in
873 1517 1045 1549 Potestatem
1054 1516 1171 1558 praesati
1183 1518 1237 1546 Re-

174 1560 217 1594 gis
232 1564 384 1587 revertatur
397 1554 433 1585 de
445 1554 522 1585 facto
531 1578 541 1592 ,

213 1594 253 1625 Et
266 1593 364 1633 quod,
380 1593 414 1623 ad
430 1593 488 1623 hoc
503 1592 656 1623 efficaciter
669 1592 901 1633 adimplendum,
919 1603 982 1624 ante
991 1594 1145 1625 Receffum
1155 1593 1236 1624 suum

177 1631 214 1663 de
212 1632 332 1702 §mgna
338 1655 349 1671 ,
366 1631 436 1661 dic'io
451 1634 516 1669 Regi
530 1631 715 1662 Securitatem
732 1632 889 1671 praestiterit
902 1632 1106 1672 sufficientem,

250 1680 284 1701 os

213 1693 410 1740 Desiderantes
431 1707 560 1739 foelicem
582 1708 615 1740 δε
640 1707 774 1739 festinum
796 1708 959 1740 Transitum
974 1709 1042 1741 dieti
1059 1706 1194 1747 Radulphi
1207 1708 1236 1737 in

178 1747 321 1785 Regnum
344 1747 471 1778 Franciae
487 1771 497 1784 ,
520 1757 579 1777 non
603 1747 694 1778 solum
712 1758 765 1785 pro
781 1747 865 1778 Bono
880 1748 960 1779 Pacis
975 1748 1172 1787 procurando,
1190 1745 1237 1776 sed

177 1787 264 1817 etiam
283 1796 337 1825 pro
351 1785 444 1817 nostra
458 1785 636 1817 Liberatione
651 1785 796 1817 efficacius
813 1786 1001 1826 pertraitanda
1010 1808 1021 1826 ,

215 1824 434 1862 promittimus,
452 1823 507 1854 fide
520 1823 616 1854 media
627 1846 638 1862 ,
663 1825 696 1855 &
715 1824 865 1863 Juratnus,
881 1827 997 1856 remotis
1009 1825 1079 1856 dolo
1095 1825 1128 1856 &
1141 1821 1236 1854 fraude

177 1863 415 1901 quibuscunque,
439 1862 508 1892 Nos
527 1862 650 1893 facturos
670 1862 704 1893 &
725 1871 866 1893 curaturos
881 1863 960 1907 quod
974 1864 1049 1895 idem
1064 1861 1236 1900 Radulphus,

179 1903 250 1931 citra
266 1901 400 1932 ultimum
418 1900 495 1931 diem
511 1899 620 1931 Mensis
636 1899 751 1940 Martii,
770 1902 799 1931 in
815 1901 949 1940 Angliam
964 1902 997 1933 &
1021 1903 1047 1932 in
1060 1900 1235 1933 Potestatem

171 1938 287 1979 praefati
305 1942 382 1978 Regis
403 1939 510 1970 realiter
534 1940 568 1971 &
590 1938 626 1969 de
646 1939 724 1970 faeco
743 1948 922 1978 revertetur,
942 1940 992 1971 nisi
1008 1940 1091 1971 Mors
1107 1939 1236 1970 naturalis

177 1979 310 2016 interim,
329 1978 387 2010 fine
401 1977 445 2009 sua
461 1977 560 2015 culpa,
578 1976 667 2015 ipsum
680 1977 855 2008 substraxerit
869 1979 905 2009 ab
918 1979 970 2009 hac
986 1979 1076 2010 Luce.

216 2016 256 2047 Et
269 2040 279 2055 ,
304 2017 432 2055 insuper,
448 2015 621 2053 Obligamus
641 2015 708 2046 Nos
723 2017 757 2048 &
771 2026 922 2055 utrumque
936 2016 1067 2048 nostrum
1085 2027 1134 2054 per
1149 2016 1185 2046 Se
1202 2016 1235 2047 δί

179 2054 210 2083 in
221 2055 370 2092 Solidum,
389 2053 539 2091 Haeredes,
557 2053 730 2085 Executores
746 2055 873 2093 nostrOS,
883 2055 915 2086 &
927 2055 1069 2094 utriusque
1085 2054 1216 2085 nostrum
1226 2075 1237 2091 ‚

179 2102 214 2123 ac
229 2094 326 2124 omnia
339 2092 417 2124 Bona
432 2092 542 2130 nostra,
560 2092 676 2123 mobilia
692 2093 727 2123 &
740 2094 915 2132 immobilia,
931 2094 1073 2132 praesentia
1088 2095 1120 2125 ὃς
1135 2093 1237 2129 futura,

180 2131 217 2161 ad
237 2131 414 2163 Solvendum
487 2130 624 2170 adraginta
639 2130 730 2161 Millia
743 2131 899 2162 Scutorurn
914 2132 1002 2171 Auri,
1018 2142 1142 2171 quorum
1162 2131 1236 2161 sem—

180 2178 232 2208 per
245 2170 316 2201 Duo
333 2170 426 2201 valent
478 2179 548 2199 num
565 2169 676 2200 Nobile
690 2169 901 2209 Anglicanum‚

219 2208 256 2239 Et
279 2208 385 2240 dietam
405 2207 556 2239 Summam
579 2207 686 2239 realiter
702 2208 898 2240 Promittirnus
910 2207 1028 2248 praefato
1041 2211 1123 2247 Regi,
1142 2207 1237 2238 Com-

182 2247 309 2278 miffariis
322 2270 331 2286 ,
353 2247 399 2279 vel
422 2245 569 2285 Affignatis
587 2247 654 2283 suis,
676 2246 857 2286 Londoniae,
873 2248 921 2278 die
935 2249 1027 2286 primo
1043 2247 1149 2278 Mensis
1164 2244 1236 2276 Maii

180 2287 312 2322 proxime
329 2286 424 2316 futuro
434 2308 444 2322 ‚
460 2284 479 2314 si
495 2284 623 2322 praefatus
637 2284 810 2324 Radulphus,
829 2288 898 2318 citra
914 2287 990 2317 diem
1003 2286 1135 2316 ultimum
1155 2282 1237 2314 Mar-

181 2324 214 2353 tii
226 2324 413 2364 praedictum,
432 2324 462 2353 iri
476 2322 606 2361 Angliam
623 2324 655 2354 ὃς
673 2323 845 2355 Potestatem
854 2324 969 2364 praefati
986 2327 1063 2361 Regis
1085 2324 1189 2355 realiter
1202 2323 1236 2353 ὃς

176 2363 214 2395 de
236 2363 314 2394 facto
335 2361 455 2393 reversus
483 2371 542 2391 non
564 2362 671 2399 fuerit3
697 2362 748 2392 nisi
772 2362 858 2394 Mors
880 2363 1008 2394 naturalis
1029 2363 1160 2400 interim,
1180 2361 1238 2391 fine

179 2403 226 2433 sua
238 2401 332 2439 culpa,
351 2401 441 2439 ipsum
457 2399 642 2431 Substraxerit
657 2399 693 2429 ab
707 2400 761 2431 hac
780 2401 869 2431 Luce.

217 2440 256 2471 Et
270 2440 304 2470 ad
319 2439 458 2478 praemissa
472 2438 570 2468 omnia
584 2439 617 2469 &
632 2439 737 2475 singula
754 2438 870 2471 fideliter
884 2439 1061 2478 adimplenda
1071 2462 1080 2477 ,
1103 2445 1238 2477 quatenus

179 2478 251 2510 Nos
265 2486 313 2508 aut
333 2478 452 2508 alterum
471 2475 602 2507 nostrfim
619 2485 813 2515 concernunt,
832 2478 1002 2517 Obligamus
1016 2478 1100 2516 Nos,
1116 2477 1239 2514 conjun-

176 2517 268 2554 ctim,
285 2517 319 2547 &
338 2515 448 2546 divisim
464 2538 474 2552 ,
498 2516 531 2546 &
556 2524 707 2552 utrumque
727 2515 860 2546 nostrum
881 2527 929 2553 per
953 2517 989 2547 Se
1008 2517 1041 2547 <Sc
1056 2518 1084 2546 in
1098 2514 1238 2552 solidum,

177 2553 316 2586 Haeredes
331 2577 341 2593 ,
368 2554 402 2584 &
422 2553 591 2584 Executores
607 2553 735 2592 nostrOS,
753 2555 786 2585 &
802 2554 942 2593 utriusque
956 2554 1089 2586 nostrum
1099 2577 1108 2591 ,
1126 2564 1159 2584 ac
1173 2562 1239 2583 om-

176 2595 225 2625 nia
245 2592 343 2625 nostra
364 2592 441 2623 Bona
458 2614 468 2630 ,
494 2592 610 2622 mobilia
631 2592 664 2623 δε
683 2593 858 2630 immobilia,
874 2594 1016 2633 praesentia
1031 2594 1064 2624 ὃς
1079 2593 1188 2629 futura,
1204 2592 1238 2621 &

178 2632 378 2664 Submittimus
404 2630 472 2661 Nos
494 2630 528 2660 &
551 2638 702 2667 utrumque
725 2630 855 2662 nostrum
872 2642 919 2669 per
936 2632 989 2669 Se,
1008 2632 1085 2663 &in
1102 2630 1238 2666 solidum,

179 2671 209 2701 iri
225 2671 277 2701 hac
300 2678 377 2708 parte
389 2668 583 2708 jurisdictioni
599 2670 633 2700 &
647 2668 823 2700 Cohercioni
838 2669 1043 2701 Cantuaricnsis
1058 2670 1091 2700 &
1107 2668 1236 2699 Eborum

180 2709 201 2729 ²*
220 2708 512 2747 Archiepiscoporum
525 2730 535 2746 ,
561 2717 675 2737 necnon
697 2707 912 2746 Dominorum,
929 2708 1156 2745 Wintoniensis,
1172 2707 1239 2737 Du-

180 2746 370 2779 nelmonenfis
385 2769 395 2785 ,
418 2745 625 2784 Episcoporum
660 2755 712 2784 pro
728 2755 859 2783 tempore
872 2746 1065 2783 existentium,
1083 2748 1116 2779 &
1130 2747 1238 2777 alterius

180 2787 387 2831 cujuscumque
408 2783 551 2814 Ordinarii
564 2808 574 2822 ‚
590 2785 620 2814 in
635 2769 769 2816 Romana
783 2784 871 2816 Curia
885 2786 931 2817 vel
948 2786 977 2816 in
991 2785 1093 2825 Anglia
1109 2784 1239 2816 Existen-

177 2833 220 2856 tis.

215 2862 417 2900 volumusque
432 2860 465 2891 &
480 2859 677 2891 Concedimus
686 2885 695 2898 ,
711 2870 743 2891 ac
758 2861 828 2892 Vult
842 2862 875 2893 &
892 2861 1043 2893 Concedit
1056 2870 1174 2900 uterque
1183 2870 1237 2890 no—

178 2900 271 2933 strum
288 2924 298 2941 ‚
324 2910 356 2931 ut
377 2898 593 2937 Archiepiscopi
612 2899 645 2929 &
666 2899 811 2930 Ordinarii
831 2900 995 2939 supradffiti,
1018 2902 1051 2931 ὃς
1068 2899 1237 2931 eorumdem

178 2939 294 2977 quilibet
316 2940 401 2970 etiam
420 2937 496 2969 solus
518 2937 553 2968 &
575 2939 604 2967 in
624 2937 745 2967 solidum
759 2962 769 2975 ,
787 2938 908 2977 possint,
927 2940 959 2970 δι
976 2939 1076 2978 possit,
1098 2939 1184 2976 Nos,
1203 2939 1236 2968 &

178 2986 330 3016 utrumque
349 2975 484 3008 nostrum
497 3000 507 3014 ,
533 2974 567 3005 ad
585 2974 796 3007 Perficiendum
812 2977 844 3007 &
859 2976 1076 3015 Complendum
1092 2979 1189 3007 omnia
1203 2977 1236 3006 ὅς

178 3015 284 3054 singula
298 3015 469 3053 supradicta,
488 3022 623 3052 quatenus
638 3024 690 3045 nos
703 3022 882 3045 concernunt
895 3039 905 3054 ,
924 3016 1136 3053 constringere,
1154 3025 1237 3045 com-

199 3054 298 3092 ellere,
312 3054 346 3084 δε
360 3062 449 3083 artare
461 3062 513 3093 per
526 3050 663 3084 Censuras
677 3052 884 3084 Ecclesiasticas
906 3054 1062 3090 (videlicet)
1082 3054 1237 3084 Sententias

207 3092 491 3123 xcommunicationis
513 3091 628 3129 majoris
642 3114 651 3130 ,
678 3091 884 3130 Suspenfionis,
902 3093 935 3123 &
950 3091 1113 3129 Interdiffl,
1130 3093 1236 3129 aliaque

173 3130 250 3170 Juris
264 3128 386 3159 remedia
402 3138 608 3167 quaecumque,
625 3131 655 3161 in
667 3129 720 3160 hac
735 3140 810 3168 parte
826 3131 974 3161 necessaria
990 3131 1036 3162 vel
1052 3139 1207 3169 oportuna:

215 3168 430 3200 Renunciamus
443 3166 501 3197 insu
523 3176 569 3204 er,
579 3167 612 3197 &
627 3177 744 3207 uterque
760 3166 892 3199 nostrum
907 3169 1085 3207 Renunciat,
1115 3179 1143 3198 er
1160 3168 1237 3199 Prae—

177 3208 284 3245 sentes,
302 3207 475 3243 cuicumque
516 3206 657 3242 xceptioni
670 3205 730 3236 doli
744 3207 824 3244 mali,
843 3217 902 3237 non
917 3217 1072 3239 numeratae
1110 3208 1219 3239 ecuniae

179 3255 215 3277 ex
235 3243 337 3284 injusta
362 3242 474 3281 Causa,
500 3242 545 3274 vel
559 3252 621 3272 non
641 3243 747 3284 libere,
764 3254 812 3276 aut
826 3255 875 3282 per
894 3245 1007 3276 Metum
1029 3246 1075 3277 vel
1096 3245 1234 3276 Fraudem

177 3284 311 3315 celebrati
326 3280 519 3319 contradicis,
538 3280 599 3319 plus
612 3280 737 3320 dictum,
755 3284 788 3314 &
804 3285 896 3314 minus
909 3285 1058 3322 scriptum,
1077 3285 1122 3315 vel
1139 3286 1156 3314 e
1166 3294 1238 3314 con·-

177 3331 238 3361 tra3
252 3332 287 3353 ac
298 3320 361 3361 juri
375 3319 480 3351 dicenti
494 3319 652 3358 generalem
660 3319 919 3352 Renunciationem
932 3333 991 3352 non
1007 3324 1100 3355 valere
1114 3324 1162 3353 nili
1176 3331 1237 3352 tan-

180 3360 336 3392 tummodo
357 3360 385 3389 in
409 3357 555 3396 expressis,
567 3358 602 3387 &
617 3358 780 3395 generaliter
794 3361 966 3396 cuicumque
979 3362 1054 3392 alteri
1065 3360 1236 3399 Exceptioni

174 3399 251 3439 Juris
270 3398 316 3429 vel
339 3397 418 3428 Facti
431 3420 440 3436 ,
467 3406 552 3434 quam
574 3394 645 3426 Nos
659 3420 669 3433 ,
692 3396 738 3427 vel
754 3397 822 3427 alter
838 3398 987 3437 nostrum,
1005 3410 1050 3431 aut
1063 3400 1157 3440 aliquis
1169 3401 1234 3430 allus

179 3438 299 3470 nomine
314 3436 414 3468 nostro
424 3458 434 3473 ‚
450 3435 496 3465 vel
509 3435 618 3465 alterius
631 3433 778 3473 nostrum,
797 3435 892 3466 dicere
906 3458 916 3474 ,
941 3447 1120 3476 proponere,
1138 3438 1182 3469 vel
1196 3438 1236 3468 al-

180 3477 271 3516 legare
295 3475 439 3514 poffemus
450 3496 460 3512 ,
485 3473 531 3504 vel
552 3472 727 3517 pollet,·per
745 3483 830 3517 quam
847 3473 965 3508 effecitus
980 3476 1167 3515 obligationis
1181 3487 1234 3507 no-

180 3515 246 3545 strae
263 3515 322 3553 jam
345 3513 430 3544 dictae
443 3535 453 3550 ,
476 3519 523 3543 aut
539 3510 737 3542 Restitutionis
755 3511 836 3549 ipsius
851 3512 1005 3552 Radulphi,
1022 3516 1064 3544 vel
1080 3516 1185 3553 aliqua,
1204 3523 1233 3545 ut

180 3554 358 3592 praemittitur
372 3574 382 3590 ,
408 3561 456 3589 per
479 3560 531 3595 nos
543 3549 704 3594 implenda,
721 3548 823 3582 deferri
837 3551 882 3582 vel
898 3552 1026 3584 retardari
1041 3554 1169 3592 poffcnt,
1187 3563 1234 3584 aut

180 3592 243 3622 alias
262 3590 484 3629 quomodolibet
496 3587 634 3627 impediri.

217 3667 253 3697 In
268 3676 391 3706 quorum
406 3666 542 3699 omnium
555 3664 768 3696 Testimonium
777 3664 962 3698 Praesentibus
973 3666 1066 3706 sigilla
1081 3667 1173 3698 nostra
1188 3679 1236 3706 ap-

183 3705 343 3773 ffsuirnus,
361 3706 395 3737 &
408 3705 537 3736 manibus
571 3705 667 3743 ropriis
680 3703 886 3741 subscripsimus
909 3706 981 3742 apud
994 3708 1105 3736 Pontem
1109 3704 1235 3745 frac‘Zum

217 3745 311 3774 ecimo
331 3744 448 3774 Odiavo
468 3742 527 3774 Die
587 3743 656 3774 ensis
667 3741 808 3782 Januarii,
826 3743 914 3778 Anno
928 3743 1051 3776 Domini
1063 3745 1237 3783 Millesimo,

184 3780 469 3823 Quadringentesimo
477 3805 488 3822 ,
505 3781 719 3813 Sextodecirno.

2264 196 2343 247 189

1276 348 1412 381 Licentiae
1429 374 1439 391 ,
1458 349 1594 395 praediffo
1618 353 1771 385 Gaucourt
1786 380 1795 396 ‚
1828 357 2000 401 transbundi
2016 359 2120 404 versit!
2140 362 2243 394 Partes
2252 364 2328 408 sitm

1535 404 1690 444 proprias,
1716 403 1856 448 concrffe,
1883 406 2070 450 AVotificatio.

2350 305 2426 336 Ann.
2441 306 2490 343 D„

2368 352 2453 383 1417.

2347 389 2409 411 Hen.
2428 396 2456 421 5.

1280 479 1371 534 RE
1383 480 1431 519 X,
1451 483 1582 514 universis
1594 483 1627 515 ὃς
1643 484 1753 523 singulis
1769 485 1928 518 Admirallis
1939 512 1948 528 ,
1965 492 2024 522 &0
2043 492 2075 521 ad
2093 503 2164 531 quos
2175 519 2184 533 ‚
2203 494 2263 526 ἃς,
2281 495 2330 526 Sa-
2345 491 2396 516 ΑΗ·
2411 499 2440 526 4⁵

1356 519 1454 550 lutem.

2347 532 2380 554 H.
2399 537 2426 563 5-

1289 596 1296 600 .
1314 555 1412 588 Sciatis
1427 559 1524 602 quod,
1547 560 1583 591 de
1598 559 1698 590 Gratia
1710 561 1805 592 nostra
1822 562 1944 602 speciali,
1964 565 2161 600 Conceslimus
2174 572 2204 601 ὅ(
2224 571 2330 603 Licen-
2344 567 2430 593 me‘
2448 572 2479 604 4·

1277 602 1343 625 tiam
1361 595 1502 628 Dedimus
1517 598 1607 627 Raoul
1626 599 1658 628 de
1673 601 1827 638 Gaurum,
1854 600 1987 632 Cliivaler
2006 605 2041 634 de
2055 606 2184 646 Francia,
2203 610 2329 642 Prisona-
2346 608 2372 631 H
2386 613 2459 639 5-7712

1278 634 1545 679 ηοῃοῆῑολρυοό
1561 637 1633 675 ipse,
1649 637 1676 666 i'n
1695 646 1879 677 quocumque
1896 640 1985 671 Portu
2002 642 2095 682 Regni
2116 647 2199 676 nostri
2217 649 2330 689 Angliae

1278 672 1328 701 nbi
1342 673 1494 716 placuerit,
1514 675 1606 705 versus
1621 684 1709 712 partes
1720 677 1776 706 suas
1790 679 1912 714 proprias
1928 680 2013 709 libere
2029 682 2140 713 tranlire
2156 686 2252 721 poilic-

1316 709 1354 740 Et
1366 712 1431 743 ideo
1446 714 1527 755 vobis
1539 712 1710 744 Mandamus
1722 716 1800 753 quod
1816 716 1904 753 ipsum
1921 718 2024 757 Raoul,
2045 721 2098 749 una
2113 731 2195 760 cum,
2217 712 2314 757 Rebus

1278 748 1312 778 &
1328 748 1468 792 Hernefiis
1488 750 1556 788 suis,
1574 752 1664 782 versus
1683 761 1770 789 partes
1789 753 1844 783 suas
1863 756 2023 794 praedictas,
2041 758 2069 786 in
2088 759 2244 797 hujusmodi
2259 750 2332 799 Ροι·ἰ

1279 795 1327 822 tu,
1342 786 1434 829 *libere
1453 789 1486 818 &
1504 790 1608 826 absque
1625 790 1834 827 impedimento
1852 794 1965 831 aliquo,
1984 795 2096 826 transire
2115 801 2294 834 permittatis:

1312 823 1472 868 Eidemque
1490 826 1581 856 Raoul
1591 850 1600 866 ,
1626 829 1656 857 in
1682 831 1815 865 proximo
1833 830 1940 861 Reditu
1958 833 2008 863 luo
2023 855 2032 871 ,
2060 834 2096 864 de
2113 836 2196 865 dietis
2214 842 2334 874 partibus

1279 861 1347 900 suiS,
1367 873 1396 892 in
1417 863 1558 909 Regnum⁴
1570 865 1699 896 nostrum
1718 868 1906 905 praedictum,
1925 871 1952 898 iri
1970 880 2153 911 q.1ocumque
2166 874 2253 907 Portu
2265 880 2335 916 ejus-

1279 900 1345 930 dem
1361 900 1456 939 Regni
1473 902 1560 933 nostri
1577 904 1756 942 applicuerit,
1772 915 1825 942 pro
1839 907 1909 937 salva
1925 907 2130 941 Conductione
2151 914 2235 951 iplius
2247 915 2338 947 Raoul

1277 947 1364 1008 Ξὲἓὲἒ
1382 941 1556 977 praesentiam
1574 941 1715 981 nostram,
1733 942 1912 976 Intendentes
1930 946 1985 977 sitis
2000 948 2033 978 &
2049 949 2235 991 Auxiliantes,
2249 963 2335 991 prout

1316 1015 1585 1094 ssef’tfflunggegcaiiud
1604 1057 1862 1098 Wstmonasterium
1878 1058 2014 1093 vicesimo
2029 1064 2129 1101 quinto
2143 1064 2188 1096 die
2198 1065 2333 1105 Januarii.

1960 1144 2014 1172 Per
2027 1144 2110 1182 ipsie'm
2124 1149 2227 1184 Regem.

1284 1219 2333 1245 ῇ-ἫἫ

1281 1277 1474 1322 Responstones
1488 1276 1532 1309 ad
1551 1279 1722 1321 Articulos,
1739 1281 1829 1326 fhper
1848 1282 1986 1316 Reditum
2004 1287 2101 1318 Ducis
2127 1288 2163 1321 de
2180 1291 2334 1327 Bourbonn

1326 1327 1361 1362 (J
1380 1327 1506 1359 Domini
1522 1324 1558 1358 de
1574 1328 1728 1360 Gaucourt
1748 1332 1778 1360 in
1794 1331 1956 1364 franciam
1969 1358 1978 1373 ‚
2003 1345 2023 1364 a
2039 1337 2114 1382 Rege
2126 1341 2287 1383 propcfitos.
2329 1332 2331 1334 Ι

1280 1408 1328 1470 P

1337 1410 1416 1440 Laise
1432 1419 1466 1440 au
1485 1409 1553 1448 Roy
1568 1410 1654 1451 nostre
1670 1415 1812 1456 Sovereign
1830 1417 1969 1459 Seigneur,
1979 1416 2078 1448 Savoir
2095 1428 2150 1458 que
2164 1422 2252 1456 Nous
2278 1436 2336 1459 voz

1346 1448 1552 1480 Treffiumbles
1573 1449 1700 1490 Soubg1z
1715 1474 1725 1489 ,
1752 1455 1780 1480 T.
1801 1453 1864 1482 Eve
1878 1465 1926 1494 que
1943 1457 1974 1483 de
1989 1457 2138 1497 Durefiaesse,
2156 1462 2192 1490 H.
2208 1450 2291 1495 Con'te
2303 1468 2335 1496 de

2347 649 2374 677 7.

2352 1422 2426 1453 Ann.
2441 1421 2485 1455 D=

2372 1468 2456 1501 1417.

1282 1485 1468 1517 Northumbre
1485 1509 1494 1525 ‚
1520 1491 1554 1518 R.
1573 1491 1656 1518 conte
1671 1490 1703 1519 de
1721 1490 1812 1531 chstn.
1819 1502 1849 1520 er
1860 1495 1934 1530 and,
1952 1495 1984 1524 &
2002 1496 2035 1522 H
2061 1498 2085 1523 F
2094 1495 2123 1524 lz
2141 1500 2222 1536 Hugh
2240 1505 2334 1536 vostre
2346 1504 2398 1529 Aa.
2419 1512 2447 1536 4.

1283 1525 1419 1557 Tresorer
1438 1527 1471 1556 &
1492 1525 1694 1570 Chamberlein
1710 1551 1719 1565 ‚
1745 1538 1819 1559 veuz
1841 1541 1929 1573 avons
1944 1531 1981 1561 les
1999 1532 2133 1572 Articles,
2154 1538 2188 1565 le„
2201 1542 2301 1576 quelles
2317 1544 2333 1573 11

1282 1573 1354 1594 vous
1373 1574 1389 1595 a
1410 1563 1483 1602 plieu
1504 1564 1601 1595 escrier
1615 1589 1625 1603 ,
1648 1568 1784 1597 touchant
1799 1568 1891 1599 l'Aille
1909 1570 1941 1598 de
1956 1573 2018 1600 Duc
2037 1572 2069 1600 de
2084 1575 2227 1606 Bourbonn
2252 1581 2284 1610 ὃς
2307 1582 2338 1611 de

1282 1604 1425 1647 Gaucourt‘
1436 1612 1463 1633 as
1482 1603 1581 1640 parties
1599 1613 1647 1641 par
1664 1604 1724 1649 dela
1735 1627 1744 1643 ,
1760 1615 1832 1644 pour
1868 1618 1982 1639 rocurer
2002 1609 2036 1639 &
2052 1611 2167 1643 inducer
2181 1615 2217 1644 les
2231 1619 2339 1650 moiens

1283 1640 1319 1672 de
1335 1640 1360 1671 la
1378 1640 1446 1671 Paix
1463 1640 1571 1672 d'entre
1589 1642 1626 1674 les
1644 1642 1790 1675 Rotalmes
1806 1645 1834 1676 d'
1853 1646 2001 1684 'ngleterre
2015 1647 2048 1678 &
2066 1649 2102 1680 de
2121 1651 2238 1683 France.

1322 1717 1361 1749 Et
1379 1717 1646 1758 PR1MERMENT,
1663 1720 1799 1752 touchant
1818 1720 1844 1752 le
1862 1722 1903 1754 dit
1918 1726 2070 1764 Gaucourt,
2090 1737 2159 1765 pour
2179 1730 2205 1760 le
2225 1731 2287 1769 quel
2306 1731 2344 1764 les

1283 1758 1357 1787 Ducs
1379 1756 1518 1801 d'Orlienr
1535 1758 1568 1789 ὃς
1591 1758 1624 1788 de
1639 1759 1785 1790 Bourbonn
1800 1760 1826 1791 se
1844 1769 1897 1791 ont
1918 1762 2011 1794 offiert
2030 1764 2066 1794 de
2079 1764 2125 1805 luy
2139 1766 2260 1807 Plegger
2299 1771 2343 1803 sur

1284 1793 1364 1834 Payn
1392 1795 1428 1826 de
1458 1795 1538 1826 Paier
1556 1795 1593 1826 xl.
1612 1795 1658 1826 M·
1680 1799 1697 1817 ²*
1715 1798 1810 1829 Escuz
1824 1821 1833 1836 ,
1864 1799 1883 1829 si
1905 1800 1930 1831 le
1948 1801 1989 1831 dit
2007 1804 2143 1835 Gaucourt
2158 1817 2194 1838 ne
2213 1794 2291 1840 entr³e
2308 1822 2341 1842 au

1278 1832 1355 1902 Jgg
1369 1843 1384 1864 a
1413 1833 1476 1874 Luy
1492 1845 1508 1865 a
1527 1833 1656 1874 Affigner
1670 1858 1681 1874 ,
1706 1836 1727 1867 si
1743 1846 1791 1876 par
1810 1836 1895 1868 Mort
1912 1841 2044 1871 naturelle
2060 1841 2080 1872 il
2098 1852 2134 1875 ne
2151 1845 2203 1877 soit
2219 1844 2340 1886 Empes-

1281 1881 1298 1903 c
1365 1882 1371 1901 z

1321 1909 1358 1940 Et
1374 1918 1493 1955 coment
1513 1910 1533 1942 il
1547 1919 1619 1942 vous
1635 1921 1651 1942 a
1666 1911 1771 1943 semble
1788 1922 1845 1950 que
1863 1925 1934 1946 vous
1950 1925 1987 1945 ne
2003 1915 2088 1948 doiez
2106 1929 2220 1953 recurre
2238 1923 2277 1954 les
2295 1926 2344 1957 diz

1282 1950 1356 1978 Duos
1373 1948 1498 1993 Obligez
1516 1959 1589 1987 pour
1608 1950 1683 1981 nulle
1701 1951 1775 1982 tielle
1792 1952 1912 1984 Somme
1929 1977 1938 1992 ,
1963 1953 2148 1989 Conliderant
2172 1961 2240 1998 q’ilz
2257 1964 2341 1996 sount

1282 1996 1342 2017 voz
1361 1985 1521 2031 Prisoners3
1536 1988 1584 2025 &,
1602 1998 1674 2026 pour
1696 1999 1748 2028 ce,
1764 2000 1804 2020 on
1823 1991 1881 2021 leur
1901 2002 1982 2030 puri-a
2000 1997 2155 2033 compellet
2179 1998 2215 2029 de
2242 2000 2323 2033 Paier

1283 2034 1357 2064 pour
1374 2024 1432 2056 leur
1448 2026 1588 2064 Fmance,
1606 2035 1669 2058 tout
1686 2037 1721 2058 ce
1736 2028 1796 2066 q'ils
1809 2039 1927 2066 purront
1946 2030 2042 2062 Pater:
2333 2025 2343 2043 ²

1322 2063 1377 2108 Et,
1396 2073 1469 2100 pour
1483 2073 1542 2095 tant
1558 2063 1667 2104 Escript
1681 2075 1770 2104 avez,
1788 2078 1843 2105 que
1857 2068 1895 2098 s'i‘l
1911 2079 1982 2100 nous
1995 2071 2099 2102 semble
2112 2075 2258 2111 expedient
2286 2087 2342 2117 que

1283 2102 1310 2132 le
1327 2103 1367 2133 dit
1382 2104 1535 2139 Gaucourt,
1553 2113 1626 2140 pour
1638 2105 1677 2134 les
1689 2105 1814 2135 susdictes
1828 2105 1946 2145 causes,
1967 2109 1993 2138 se
2007 2110 2205 2148 Transportera
2229 2101 2276 2153 pai,⁴
2291 2119 2342 2148 de-

1284 2140 1324 2178 la,
1343 2141 1361 2171 il
1381 2150 1452 2171 vous
1472 2152 1489 2172 a
1509 2142 1635 2179 semble,
1654 2144 1764 2179 pourla
1778 2145 1903 2175 meilleur
1915 2146 2014 2177 Seurte
2029 2147 2125 2179 deson
2140 2150 2252 2183 Retour
2287 2166 2343 2194 que

1284 2179 1322 2210 les
1337 2183 1398 2209 Diz
1411 2182 1485 2209 Ducs
1497 2181 1530 2214 ὃς
1545 2188 1634 2211 autres
1647 2181 1828 2220 Seigneures‚
1843 2192 1901 2214 voz
1911 2183 2068 2224 prisonem,
2085 2188 2132 2227 luy
2144 2189 2240 2223 doient
2255 2179 2343 2232 {Heg-

1284 2227 1351 2256 ger,
1369 2218 1402 2247 ἃ
1424 2228 1481 2255 que
1501 2218 1526 2248 le
1542 2219 1584 2248 dit
1599 2222 1736 2250 Gaucourt
1750 2221 1812 2251 doit
1826 2221 1941 2253 Affurer
1954 2223 1991 2254 de
2009 2224 2171 2258 Retourner
2184 2239 2218 2260 au
2234 2231 2345 2265 Terme

1284 2265 1340 2296 que
1355 2255 1399 2295 luy
1415 2256 1484 2285 serra
1501 2256 1647 2293 Affignez.

1320 2293 1373 2338 Sur
1389 2293 1617 2338 cesteMatiere,
1628 2304 1690 2339 'tm
1703 2299 1844 2335 Sovereign
1860 2300 1984 2335 seigneur
2000 2300 2230 2338 (sauvanttoudiz
2245 2306 2343 2342 vostre

1283 2331 1410 2376 treffaige
1430 2331 1604 2375 Discretion)
1626 2334 1645 2363 il
1665 2333 1753 2365 Nous
1773 2335 1877 2366 semble
1900 2347 1975 2376 que,
1990 2340 2104 2372 s'aucun
2119 2342 2246 2376 Traic‘tie
2265 2347 2300 2380 de
2316 2349 2342 2380 la

1283 2370 1400 2401 suidiCie
1412 2370 1477 2400 Paix
1489 2371 1586 2401 serroit
1599 2381 1636 2401 en
1652 2381 1741 2403 acune
1750 2372 1880 2405 Maniere
1895 2385 2088 2410 commencez
2096 2402 2106 2418 ,
2115 2381 2133 2410 il
2148 2382 2207 2414 faut
2221 2394 2276 2422 que
2290 2387 2343 2419 soit

1285 2417 1405 2439 trouvez
1427 2419 1519 2439 aucun
1537 2409 1690 2453 Solicitour
1706 2420 1712 2439 z
1738 2411 1771 2441 &
1784 2433 1794 2449 ‚
1818 2422 1890 2450 pour
1908 2424 1943 2445 ce
1965 2425 2020 2453 que
2037 2417 2075 2448 les
2093 2419 2180 2451 suffliz
2197 2425 2272 2453 Ducs
2287 2434 2344 2457 ont

1284 2448 1390 2485 espoir,
1411 2457 1528 2478 comme
1541 2447 1573 2477 ils
1586 2448 1681 2486 dient,
1697 2459 1768 2487 que,
1784 2449 1804 2479 fi
1817 2451 1844 2481 le
1859 2452 1900 2481 dit
1919 2456 2055 2484 Gauconrt
2078 2467 2110 2487 va
2128 2468 2177 2495 par
2191 2461 2253 2491 dela
2288 2464 2306 2494 il
2325 2472 2344 2502 y

1284 2495 1366 2523 purra
1387 2495 1524 2523 procurer
1546 2487 1579 2517 ὃς
1599 2485 1720 2517 Inducer
1746 2497 1850 2519 aucuns
1866 2493 1976 2521 moiens
1991 2493 2028 2522 de
2042 2495 2065 2523 la
2082 2495 2199 2528 susdicte
2213 2484 2280 2530 Pai’x
2313 2503 2347 2532 &

1284 2532 1372 2554 autres
1394 2523 1502 2554 Choses
1520 2534 1575 2561 que
1599 2534 1717 2562 purront
1732 2534 1846 2557 tourner
1866 2538 1881 2558 a
1895 2530 1989 2559 vostre
2002 2531 2114 2571 Plaisir3
2134 2535 2151 2564 il
2166 2537 2270 2568 semble
2284 2524 2346 2571 'bon

1284 2573 1340 2606 que
1363 2563 1388 2592 le
1410 2563 1452 2592 dit
1473 2565 1609 2592 Gaucourt
1632 2572 1650 2602 y
1673 2573 1706 2594 va
1720 2587 1730 2602 ,
1755 2564 1800 2595 sur
1815 2565 1840 2596 sa
1856 2565 2044 2608 Affeurance,
2061 2581 2096 2601 en
2112 2574 2209 2605 bonne
2224 2577 2328 2608 Forme

1283 2601 1330 2638 q’il
1351 2611 1510 2631 retournera
1531 2611 1565 2631 au
1582 2601 1692 2632 Tei-me
1711 2613 1725 2633 a
1741 2602 1787 2642 luy
1801 2613 1816 2632 a
1831 2605 1949 2645 limitet,
1969 2609 2002 2639 δε
2018 2619 2073 2647 que
2087 2611 2125 2641 les
2141 2613 2191 2642 diz
2205 2617 2280 2645 Ducr
2295 2600 2344 2656 luy2

1286 2639 1426 2678 Pieggent
1445 2639 1487 2669 sur
1503 2640 1527 2670 la
1542 2639 1661 2670 somme
1676 2640 1712 2684 de
1729 2641 1756 2671 xl
1773 2641 1819 2671 M.
1840 2642 1932 2674 Escuz
1948 2657 1957 2682 ς
1984 2656 2033 2677 car
2048 2648 2064 2676 il
2079 2648 2184 2681 semble
2196 2662 2223 2681 as
2239 2664 2347 2686 aucuns

1285 2677 1404 2715 Clercs,
1421 2677 1456 2709 de
1475 2677 1565 2708 cestes
1583 2677 1735 2717 CoustleS,
1755 2690 1811 2717 que
1824 2691 1858 2711 ce
1872 2682 1969 2714 serroit
1986 2685 2010 2715 la
2031 2687 2158 2719 meilleur
2175 2690 2275 2723 Seurte
2290 2704 2345 2732 que

1284 2716 1406 2754 Plegger
1422 2716 1447 2746 le
1461 2715 1502 2746 dit
1522 2719 1659 2746 Gaucourt
1676 2718 1741 2747 sanz
1756 2718 1893 2758 Somme,

1319 2754 1358 2785 Et
1379 2754 1414 2785 de
1435 2765 1469 2786 ce
1484 2777 1494 2793 ,
1521 2764 1574 2785 tres
1596 2755 1770 2799 Souvereign
1793 2757 1945 2798 Seigneur,
1984 2770 2064 2792 urrez
2076 2763 2160 2795 aviser
2178 2776 2226 2803 par
2242 2767 2342 2801 Clercs

1282 2802 1384 2824 entour
1397 2803 1487 2831 vouS,
1503 2793 1536 2823 &
1551 2804 1586 2824 en
1603 2793 1669 2825 faire
1685 2794 1804 2825 certifiei·
1818 2806 1854 2827 en
1868 2806 1948 2829 toute
1969 2800 2021 2830 iast
2035 2811 2050 2830 a
2066 2799 2211 2844 [Evesque
2233 2808 2265 2836 de
2280 2812 2342 2838 Du·-

1281 2831 1381 2876 resme,
1419 2833 1462 2870 ui,
1474 2841 1552 2901 fpour
1568 2834 1683 2870 vaquier
1700 2844 1716 2864 a
1728 2834 1754 2864 la
1768 2834 1999 2882 dicte-Manere,
2017 2839 2087 2869 serra
2111 2851 2127 2871 a
2142 2845 2236 2875 vostre
2252 2845 2343 2878 Chas-

1283 2870 1331 2901 tiel
1348 2870 1383 2900 de
1421 2878 1472 2900 ont
1484 2879 1536 2901 reit
1548 2870 1573 2901 la
1588 2870 1708 2912 Samady
1721 2872 1894 2912 prouchain,
1913 2878 1932 2905 ii
1947 2875 2025 2907 Dieu
2039 2878 2131 2917 plest;

1319 2946 1575 2990 Seconnmissnr
1594 2969 1604 2985 ,
1623 2947 1758 2979 touchant
1778 2948 1804 2979 le
1827 2949 1907 2981 susdit
1928 2952 2034 2982 Ducde
2049 2955 2210 2996 Bourbonn,
2229 2960 2277 2998 qui
2292 2971 2340 3000 par

1282 2984 1307 3014 sa
1330 2985 1429 3015 Lettre
1452 2984 1561 3021 Escript
1583 2995 1654 3016 vous
1673 2996 1688 3017 a
1704 2996 1758 3024 que
1770 3008 1780 3024 ‚
1805 2988 1845 3018 s⁷il
1865 2999 1937 3019 vous
1950 2989 2037 3028 plerra
2056 3003 2111 3031 que
2120 2996 2220 3033 ycellui
2235 3002 2297 3030 Duc
2312 3001 2340 3031 se

1281 3023 1483 3061 Transportera
1504 3032 1552 3060 par
1574 3022 1667 3067 dela,
1684 3034 1757 3061 pour
1782 3025 1819 3055 les
1837 3026 1968 3058 susdictes
1982 3027 2103 3070 Causes,
2123 3033 2140 3063 il
2159 3045 2224 3066 voet
2239 3048 2341 3070 mettre

1283 3072 1318 3091 en
1337 3061 1466 3100 Hostage
1478 3061 1516 3091 ses
1533 3060 1618 3105 Dein<
1637 3061 1698 3092 Filz
1734 3064 1767 3094 ὃς
1783 3073 1871 3095 autres
1891 3066 2038 3104 Seigneurs
2052 3070 2192 3108 espicifiez
2205 3084 2240 3104 en
2255 3076 2280 3106 sa
2296 3078 2340 3107 di-

1283 3101 1330 3143 ἃς
1349 3099 1461 3145 Lenre,
1479 3110 1494 3129 a
1510 3099 1627 3129 devenir
1644 3085 1786 3138 Hostages
1803 3102 1847 3133 sur
1862 3104 1920 3134 leur
1937 3106 2016 3144 Fies3
2036 3109 2086 3147 ὃς,
2106 3119 2187 3143 outre
2202 3123 2236 3143 ce
2270 3124 2340 3145 vor-

1283 3146 1338 3168 r01t
1352 3137 1377 3167 le
1396 3138 1437 3167 dit
1462 3140 1522 3167 Duc
1545 3136 1655 3168 donner
1673 3138 1844 3171 Marchantz
1875 3141 2079 3181 Respondentz
2096 3157 2168 3184 pour
2179 3150 2202 3180 la
2220 3137 2340 3184 Somme

1283 3177 1320 3206 de
1338 3174 1397 3206 CC
1406 3175 1451 3206 M.
1468 3176 1582 3214 Escuz,
1599 3186 1654 3214 que
1667 3176 1691 3207 le
1704 3178 1747 3208 dit
1761 3181 1822 3209 Duc
1838 3164 2014 3213 fietourneia
2033 3195 2066 3215 au
2076 3184 2148 3224 Jour
2161 3198 2216 3226 que
2231 3190 2277 3230 luy
2286 3192 2341 3222 ser-

1230 3230 1240 3245 2
1283 3225 1313 3245 ra
1330 3214 1483 3253 Affignez,
1502 3215 1519 3244 fi
1535 3224 1582 3251 par
1598 3214 1680 3246 Mort
1695 3218 1817 3247 naturele
1832 3219 1849 3247 il
1869 3229 1904 3249 ne
1921 3220 1971 3250 soit
1987 3224 2162 3260 empeichez.

1319 3253 1371 3283 Sur
1393 3254 1417 3282 la
1435 3253 1526 3298 quelle
1546 3251 1684 3298 Manere,
1703 3258 1767 3284 Tres
1777 3259 1904 3287 Soverein
1918 3262 2061 3299 Seigneur,
2080 3262 2097 3291 il
2115 3273 2187 3294 nous
2202 3274 2217 3296 a
2231 3266 2338 3299 semble

1281 3303 1335 3360 31⁰⁷?
1342 3291 1489 3365 'iioliassss
1501 3294 1561 3366 {335
1575 3291 1897 3364 siiafiZ'ZLT‘iisssffi‘ssltrfiss
1908 3297 2051 3367 Pagyda,
2070 3299 2087 3352 ¹2¹
2099 3300 2159 3332 d⁰³t
2176 3313 2277 3348 ‘¹¹³5‘oe
2300 3307 2340 3353 ¹⁵³⁵

1280 3373 1340 3399 Duc
1357 3363 1474 3398 trouver
1496 3367 1669 3398 Marchantz
1692 3342 1764 3405 poctlir
1780 3371 1804 3400 la
1819 3357 1940 3404 Somnie
1953 3358 1994 3404 de’
2007 3346 2164 3409 8]ιὲἶεὶἰῖ
2181 3342 2336 3413 (ῗνῗίῑϋέεέἑξ

1280 3416 1349 3437 cuz:
1370 3406 1406 3436 Et
1421 3405 1487 3436 auffi
1503 3416 1558 3444 que
1571 3406 1609 3436 les
1624 3407 1671 3436 diz
1685 3407 1826 3448 Hostages
1842 3410 2011 3456 demourent
2025 3424 2052 3444 as
2066 3414 2224 3457 Coustages
2238 3420 2274 3450 du
2290 3422 2332 3450 dit

1278 3448 1356 3483 Duc,
1371 3455 1411 3489 *ou
1432 3454 1446 3474 a
1467 3444 1539 3475 leurs
1561 3454 1675 3491 propres
1691 3445 1850 3485 Coustages
1865 3461 1875 3486 .·,
1896 3450 1927 3480 &
1938 3473 1946 3488 ,
1962 3451 2002 3481 s’il
2015 3456 2126 3485 avenoit
2142 3467 2196 3493 que
2227 3458 2331 3490 devant

1277 3485 1326 3514 son
1349 3483 1389 3513 dit
1410 3481 1524 3513 Retour
1538 3505 1548 3521 ,
1571 3484 1596 3513 le
1616 3483 1658 3513 a'zt
1683 3487 1743 3514 Duc
1762 3486 1794 3515 de
1812 3488 1958 3532 Bourbmn
1971 3490 2036 3521 aloit
2051 3491 2086 3521 de
2103 3495 2147 3523 vie
2162 3481 2330 3533 atssespaiseu

1278 3531 1373 3566 ment,
1392 3531 1438 3559 par
1460 3520 1541 3565 Mort
1564 3522 1696 3565 naturelle
1712 3546 1721 3560 ,
1744 3534 1799 3560 que
1820 3525 1857 3555 les
1871 3526 1970 3557 susditz
1985 3527 2128 3568 Hostages
2149 3534 2244 3564 doient
2258 3535 2330 3565 estre

1276 3561 1438 3597 deliverez,
1461 3559 1557 3590 Paiant
1580 3559 1768 3604 Primerment
1792 3573 1863 3599 pour
1883 3564 1933 3608 les¹
1946 3565 2102 3608 Coustages
2124 3570 2160 3600 de
2173 3571 2272 3602 l'avant
2287 3573 2329 3602 dit

1277 3601 1353 3637 Duc,
1371 3607 1444 3635 pour
1456 3597 1481 3627 le
1494 3598 1604 3634 Temps
1621 3598 1666 3636 q’il
1676 3608 1691 3629 a
1708 3598 1766 3630 este
1779 3600 1874 3631 vostre
1888 3602 2024 3635 Prisoner.
2173 3606 2176 3609 '

1316 3673 1372 3711 Et,
1381 3673 1474 3704 oultre
1487 3683 1521 3704 ce
1533 3676 1597 3703 Tres
1611 3677 1753 3712 Sovereign
1765 3679 1889 3714 Seigneur
1914 3679 1931 3710 il
1946 3690 2017 3712 vous
2031 3691 2045 3711 a
2059 3681 2163 3712 semble
2173 3693 2227 3721 que
2252 3693 2327 3724 pour

1279 3712 1330 3743 son
1346 3712 1476 3749 Retour,
1500 3711 1524 3740 le
1544 3712 1586 3742 dit
1607 3715 1668 3742 Duc
1688 3714 1750 3744 doit
1761 3715 1833 3745 estre
1847 3702 1983 3749 Ass²eurez
1997 3721 2031 3750 ὅ(
2045 3720 2178 3759 Obligiez
2193 3708 2327 3755 en’meil-

1281 3752 1339 3782 leur
1357 3750 1476 3780 Manere
1490 3760 1544 3788 que
1559 3761 1640 3788 purra
1653 3750 1724 3782 estre
1737 3754 1863 3784 devisez:

1319 3788 1374 3827 Et,
1390 3798 1428 3818 ou
1442 3787 1501 3832 Cas
1516 3799 1570 3826 que
1584 3789 1661 3819 ceste
1677 3787 1798 3821 Manere
1812 3793 1878 3829 prist
1892 3794 1986 3832 delay,
2000 3805 2071 3824 vous
2087 3805 2122 3825 ne
2138 3797 2250 3828 vorriez
2279 3809 2327 3837 par

1281 3826 1357 3858 ceste
1379 3827 1504 3870 Traictie
1521 3850 1530 3865 ,
1555 3826 1626 3859 estre
1646 3837 1736 3859 tenuz
1753 3840 1807 3867 que
1823 3831 1848 3860 le
1867 3831 1907 3862 dit
1922 3831 1990 3862 Duc
2005 3832 2101 3863 serroit
2116 3834 2176 3865 seur
2190 3847 2205 3866 a
2220 3823 2323 3874 pisler-

1284 3875 1344 3895 mes
1358 3866 1492 3895 voudriez
1503 3876 1575 3903 que,
1596 3877 1611 3896 a
1624 3875 1685 3896 tout
1700 3868 1823 3905 Temps,
1839 3870 1941 3898 devant
1957 3880 2011 3907 que
2030 3869 2055 3899 le
2080 3872 2122 3900 dst
2146 3876 2207 3904 Duc
2219 3863 2327 3909 averni?

1278 3904 1359 3933 baille
1378 3902 1519 3942 Hostages
1538 3905 1572 3934 &
1595 3903 1798 3942 Respondentz
1811 3929 1820 3943 ,
1839 3915 1887 3944 par
1904 3907 2022 3937 Manere
2038 3918 2094 3946 que
2104 3910 2209 3951 deffus,
2228 3914 2307 3946 Vous

1280 3939 1482 3980 weffiuverain
1501 3945 1625 3980 Seigneur
1639 3965 1649 3981 ,
1676 3953 1745 3980 pour
1760 3942 1862 3973 Caiises
1874 3954 1929 3982 que
1943 3948 2087 3982 purroient
2101 3948 2224 3982 survenir
2259 3941 2329 3992 pur:

1281 3982 1360 4011 roiez
1375 3979 1510 4010 deliberet
1525 3981 1544 4010 si
1556 3980 1580 4010 le
1597 3981 1638 4010 dit
1652 3984 1714 4011 Duc
1729 3981 1761 4010 de
1778 3980 1920 4012 Bourbonn
1937 3983 2064 4020 pafferoit
2076 3996 2115 4017 ou
2130 3975 2240 4029 nemy.’

1317 4018 1371 4049 Sur
1385 4017 1460 4049 ceste
1472 4018 1610 4056 Matiere,
1627 4021 1689 4048 Tres
1701 4023 1844 4057 Savereign
1856 4023 1996 4060 seigneur,
2013 4023 2033 4053 il
2046 4033 2120 4055 nous
2132 4037 2148 4057 a
2163 4027 2269 4060 semble
2278 4038 2327 4060 ex-

1282 4055 1394 4094 pedient
1415 4066 1470 4093 que
1483 4080 1494 4094 ,
1517 4055 1537 4087 fi
1557 4056 1580 4087 Ie
1594 4057 1635 4087 dit
1655 4060 1729 4095 Duc,
1746 4067 1817 4125 Ἕω·
1829 4058 1866 4087 les
1880 4058 2007 4092 susdictes
2020 4060 2143 4103 Causes,
2159 4066 2263 4104 passera
2276 4076 2326 4107 par

1787 4105 1803 4125 a
1819 4103 1834 4134 3
2296 4105 2334 4136 de

2349 1543 2382 1567 H.
2404 1550 2430 1573 5.

2358 1583 2393 1604 Ex
2403 1576 2466 1605 Bibl.

2355 1620 2411 1643 CM.
2432 1620 2483 1644 Cb*

2353 1654 2432 1690 ligula

2356 1697 2393 1720 D.
2409 1701 2437 1728 5.

2371 1813 2390 1832 ’Β
2412 1814 2465 1844 IX.

2349 1853 2417 1887 426.
