2562 4274
35 279 112 312 Ann.
125 278 164 310 D.

60 326 147 356 1417.

35 361 97 385 Hen.
119 366 147 393 5.

21 1190 97 1221 Arm.
110 1189 150 1220 D.

49 1237 137 1268 1417.

18 1274 71 1298 An.

36 1329 103 1373 1sz

18 1394 56 1413 m.
77 1393 121 1420 35.

29 2133 48 2152 ⁸
69 2135 123 2163 IX.

27 2182 95 2210 45¹-

28 2212 108 2241 Ann.
120 2211 160 2242 D.

53 2258 139 2288 1417.

28 2292 82 2316 An.
99 2299 125 2323 5.

26 2349 116 2395 franc:
135 2377 164 2404 5.

27 2407 63 2431 H.
72 2413 145 2439 5.m.

31 2451 75 2478 ¹7·

744 192 852 234 ET
937 189 1207 230 ACTA

185 280 230 311 &a
242 303 251 318 ‚
269 289 337 311 curn
360 279 550 317 pertinentiis,
568 278 597 307 in
619 276 721 308 Balliva
742 285 806 316 tua,
823 277 921 307 liberes
941 277 971 306 in
986 276 1077 307 forma
1093 273 1242 314 praedicta,

184 319 269 350 Salvo
279 320 340 355 jure
353 317 509 355 cujussibet.
816 354 821 359 θ
913 354 918 359 .
1008 354 1021 358 ..

219 357 306 388 Teste
320 356 403 396 Rege
416 356 489 394 apud
505 352 761 394 Wstmonasterium
780 363 876 391 primo
891 352 937 383 dte
952 353 1030 383 Mau·

840 433 893 460 Per
905 430 988 470 ipftm
1003 434 1106 468 Regem.

181 510 347 543 Consimilia
363 511 461 543 Brevia
475 512 635 549 diriguntur
653 510 845 541 Escaetoribus
867 511 1039 548 subscriptis,
1055 511 1085 541 in
1109 508 1236 539 Comita-

351 552 424 581 tibus
440 551 615 588 subscriptis,
632 549 681 579 sub
694 551 792 581 eadem
807 549 897 588 Data,
913 551 1059 587 videlicet,

212 626 354 666 Estaetori
368 630 446 665 Regis
460 631 488 657 in
502 630 637 657 comitatu
653 626 818 666 Glaucestriae
833 638 864 656 ac
884 625 1013 656 Marchia
1030 624 1138 656 Walliae
1154 623 1235 653 eidem

177 668 324 697 Comitatui
335 666 486 704 adjacente.
972 703 974 706 Ι
1146 703 1150 708 ι

212 704 319 734 Βὶίεέῖο
329 704 378 743 fibi
390 704 522 735 Henrico
546 703 648 734 Barton
670 706 775 743 Majori
794 707 925 734 Civitatis
942 702 1002 742 fiaae
1026 702 1174 734 Londomae
1195 698 1233 734 &⁶

175 741 315 781 Efiaetori
322 742 371 781 fico
386 746 416 772 in
429 743 519 772 eadem
533 746 665 772 Civitate.

210 780 350 819 Efiaetori
364 784 439 818 Regis
451 785 479 811 in
495 786 557 811 Com
587 783 709 818 ngorn.
1182 817 1186 822 .

210 817 352 858 Efiaetori
363 823 441 857 Regis
451 823 480 849 in
492 824 563 850 Com.
581 819 669 858 Salop.
681 831 713 848 ac
728 819 857 849 Marchia
875 816 983 848 Walliae
1007 816 1090 846 eidem
1114 818 1233 845 Conuta-

171 860 214 886 tui
226 857 378 893 adjacente.

209 895 351 935 Efiaetori
367 899 444 934 Regis
457 900 486 926 in
504 900 575 926 Com.
596 898 638 927 W
637 894 712 934 iltes?

207 970 247 1003 Et
264 972 434 1003 Mandatum
450 971 491 1003 est
508 972 661 1010 Militibus,
681 971 742 1002 &c.

170 1100 220 1132 De
240 1094 476 1138 Securitatibus,
497 1095 588 1141 ficper
603 1091 859 1140 Redemptionibus
879 1097 1002 1127 Comitis
1028 1093 1063 1127 de
1088 1091 1230 1128 Wndom.

172 1181 303 1238 REX,
320 1181 466 1211 Omnibus
481 1181 514 1211 ad
531 1190 617 1218 quOS,
635 1181 695 1211 ὅτε.
714 1178 848 1211 Salutem.
1209 1214 1215 1220 ¹

262 1220 362 1251 Sciatis
376 1219 455 1258 quod
468 1242 477 1256 ,
494 1219 529 1249 de
542 1217 641 1250 Gratia
653 1217 750 1248 nostra
764 1218 890 1256 speciali,
908 1216 1110 1247 Conceffimus
1125 1216 1158 1247 &
1180 1214 1231 1244 Lt-

175 1260 295 1290 centiam
310 1257 469 1296 Dedimus,
486 1257 591 1288 dilessto
615 1257 648 1287 &
673 1256 748 1286 fideli
770 1257 886 1293 nostro,
903 1255 1033 1295 Johanni
1053 1252 1230 1296 Cornewaille

176 1297 309 1329 Chivaler
322 1296 401 1335 quod
417 1296 472 1335 ipse
489 1296 526 1326 Se
545 1295 643 1326 Nobis
664 1295 792 1331 obligare
812 1294 914 1333 poffit,
932 1296 960 1324 in
982 1293 1090 1332 Viginti
1113 1292 1231 1336 Milibus

172 1336 325 1367 Scutorum
342 1336 426 1373 Auri,
446 1344 498 1371 pro
512 1338 611 1364 Comite
627 1333 659 1362 de
673 1333 788 1363 Vendom
803 1335 839 1363 de
863 1332 977 1363 Francia
1000 1332 1158 1362 Prisonario
1177 1339 1232 1360 no-

171 1375 248 1412 stro,
267 1376 295 1405 in
310 1374 421 1404 Partem
439 1373 592 1403 Solurionis
606 1371 827 1408 Redemptionis
847 1372 901 1401 suae
917 1371 1014 1401 Nobis
1028 1370 1131 1401 debitae
1141 1391 1150 1407 ,

208 1413 342 1443 Volentes
365 1412 477 1442 ulterius
498 1412 530 1441 &
553 1409 741 1441 concedentes
768 1409 848 1448 quod
872 1409 948 1439 idem
969 1408 1114 1447 Johannes
1135 1407 1231 1451 habeat

172 1450 343 1482 Custodiam
361 1449 497 1487 Corporis
513 1449 588 1490 ipfius
602 1451 728 1486 Comitis,
747 1448 893 1485 quousque
910 1448 959 1477 fibi
975 1448 1011 1478 de
1026 1447 1167 1484 praedietis
1179 1445 1232 1476 Vi-

169 1491 241 1527 ginti
256 1489 376 1520 Milibus
392 1489 563 1525 Scutorum,
582 1496 629 1517 aut
641 1486 678 1517 de
692 1486 841 1517 sufficienti
857 1486 1011 1516 Securitate
1034 1495 1085 1523 pro
1108 1485 1209 1515 eisdem
1221 1507 1230 1522 ,

169 1539 220 1568 per
242 1528 366 1558 eundem
388 1529 516 1556 Comitem
538 1525 657 1564 plenarie
678 1524 758 1555 fuerit
778 1525 955 1555 satisfactum
977 1525 1032 1554 five
1054 1524 1230 1567 Agreatum3

171 1567 312 1634 311ςυί1)υᾶ
332 1566 432 1596 Literis
444 1565 544 1595 nostris
560 1564 596 1595 de
606 1563 682 1595 salvo
702 1562 879 1601 Conductu,
898 1563 989 1593 eidem
1015 1566 1111 1593 comiti
1134 1562 1231 1600 faChs,

171 1615 232 1635 non
246 1604 287 1634 ob
313 1604 437 1634 antibus:

211 1642 257 1673 Ac
279 1643 362 1672 etiam
383 1640 463 1679 quod
487 1640 563 1670 idem
581 1638 743 1678 Johannes,
761 1649 813 1678 pro
834 1640 932 1676 majori
952 1639 1106 1670 Securitate
1122 1638 1233 1670 Satisfa-

171 1680 274 1711 &ionis
296 1681 329 1711 &
351 1679 528 1718 Agreationis
549 1679 692 1709 did'torum
719 1678 830 1715 Viginti
852 1678 969 1709 Milium
993 1678 1149 1708 Scutorum
1164 1700 1174 1716 ,
1196 1678 1233 1708 de

171 1719 304 1758 Johanne
319 1722 395 1748 Duce
408 1717 552 1747 Burboniae
568 1718 602 1748 &
616 1716 744 1747 Arthuro
764 1717 796 1746 de
816 1719 982 1755 Britannia,
1001 1717 1162 1747 Prisonariis
1178 1727 1232 1746 no-

172 1758 232 1789 stris
250 1781 260 1796 ,
284 1757 470 1788 sufficientem
491 1756 676 1787 Securitatem
701 1756 786 1786 libere
809 1757 932 1793 recipere
952 1755 1035 1792 possit
1056 1757 1089 1786 ὃς
1111 1756 1233 1794 habere,

170 1796 274 1834 absque
287 1795 466 1834 Impetitione
481 1794 586 1834 nostri,
600 1793 646 1826 seu
661 1794 776 1833 alicujus
789 1794 898 1824 alterius
913 1794 1123 1833 cujuscumque.

210 1835 246 1866 In
261 1836 357 1873 cuius,
376 1835 437 1866 ἃς.

210 1909 303 1942 Teste
316 1910 399 1949 Rege
410 1908 484 1947 apud
498 1907 754 1950 Wstmonasterium
770 1916 869 1947 quarto
884 1909 930 1940 die
943 1908 1024 1940 Maii.

658 1987 712 2015 Per
724 1985 806 2025 ipficm
817 1988 912 2025 Regem
925 1985 963 2022 ὠ·
979 1984 1130 2015 Concilium.

323 2109 350 2136 ³5
378 2114 489 2145 Forma
511 2111 674 2146 Traffasus
696 2122 766 2144 cum
789 2114 876 2145 Duce
898 2110 1085 2158 Burgundiae.

249 2195 380 2227 Niverfis
405 2195 511 2227 Christi
533 2195 677 2235 fidelibus,
701 2196 735 2227 ad
761 2207 833 2234 quos
854 2197 1007 2241 praesentes·
1021 2196 1109 2241 literae
1131 2195 1235 2242 nostrae

267 2236 461 2272 pervenerint,
478 2238 608 2265 Henricus
623 2240 700 2264 Ware
714 2235 823 2280 Custos
836 2245 934 2274 privati
951 2235 1058 2279 sigilli,
1073 2234 1237 2279 Willzelmus

178 2272 325 2312 Bardolfe,
343 2274 377 2304 ὃς
399 2273 551 2312 Radolphus
573 2273 737 2313 Rocheford‚
756 2273 883 2313 Mil1tes,
906 2274 1030 2305 Salutem
1052 2283 1080 2303 1n
1103 2282 1236 2304 omnium

178 2312 347 2387 sakitttgitiis,
367 2349 588 2380 metuendissimi
611 2350 860 2395 Domini-nostri,
883 2353 1014 2395 fremui,
1038 2348 1094 2381 Dei
1118 2350 1236 2395 Gratia,

178 2387 430 2464 Ξξῗὲεέἴξίὶζᾶῗῇι
445 2391 584 2428 Franciae,
602 2390 635 2421 &
649 2389 775 2420 Domini
789 2390 954 2429 Hiberniae,
972 2398 1061 2428 nuper
1079 2399 1238 2429 recepimus

176 2502 384 2566 HEnricus,
401 2503 460 2534 Dei
477 2503 581 2543 gratia,
602 2507 661 2534 Rex
680 2504 794 2542 Angliae
815 2503 853 2540 ῥ’
875 2508 1015 2542 Franciae,
1034 2504 1067 2535 &
1091 2503 1237 2535 Dominus

175 2580 186 2611 l
270 2542 418 2573 Hiberniae
432 2544 565 2573 omnibus
580 2543 615 2574 ad
633 2553 703 2582 quos
714 2544 861 2582 praesentes
875 2544 961 2574 literae
974 2545 1170 2583 pervenerint,
1186 2544 1237 2574 Sa-

188 2589 276 2612 utem.

213 2619 314 2650 Sciatis
331 2619 410 2657 quod
425 2618 514 2658 Nos,

213 2656 264 2687 De
280 2657 425 2696 fidelitate,
443 2658 624 2695 discretione,
642 2659 675 2690 &
691 2657 844 2697 industria,
862 2659 1031 2690 dilecstorum
1053 2660 1086 2690 Se
1111 2657 1236 2688 fidelium

173 2696 355 2734 nostrorum,
378 2696 506 2733 Magistri
529 2696 652 2728 Henrici
674 2697 764 2727 Ware
786 2697 924 2728 Custodis
944 2697 1048 2727 Privati
1069 2697 1160 2734 Sigilli
1183 2707 1237 2727 no-

173 2734 221 2803 gtgi
232 2757 241 2772 ,
259 2734 411 2766 Willielrni
425 2735 570 2774 Bardolfe‚
588 2737 621 2767 &
637 2735 779 2774 Radulphi
799 2736 970 2767 Rocheford
980 2758 990 2774 ,
1010 2735 1142 2767 Militum
1164 2745 1237 2767 con-

214 2781 291 2803 entes

211 2797 436 2850 Affigtiavimus,
451 2811 659 2850 Depuravimus
669 2836 678 2850 ,
697 2812 730 2844 &
744 2812 967 2851 Ordinavimus,
985 2814 1034 2851 ὃς,
1048 2822 1147 2843 tenore
1161 2823 1234 2850 prae-

172 2848 312 2888 sentium,
339 2849 517 2888 Affignamus
533 2873 543 2889 ,
561 2850 740 2888 Deputamus
753 2874 763 2889 ,
784 2853 817 2883 δε
840 2852 1015 2882 Ordinarnus
1039 2852 1113 2890 ipsos
1135 2852 1209 2882 Tres
1225 2876 1234 2889 ,

173 2897 222 2918 aut
236 2887 321 2919 Duos
335 2898 435 2919 eorum
453 2889 588 2926 (quorum
602 2898 692 2920 unum
710 2890 859 2926 praefatum
875 2890 1047 2928 Magistrum
1071 2889 1234 2920 Henricum

173 2924 342 2993 {gatelesse
365 2927 507 2965 volumus)
530 2927 642 2958 nostros
663 2927 902 2967 Ambaffiatores,
928 2928 1145 2959 Commiffarios
1160 2952 1170 2966 ,
1201 2930 1234 2960 &

214 2973 312 2995 uncios

212 3001 259 3031 Ad
282 2987 520 3035 Cdnveniendum
535 3028 545 3042 ,
572 3003 772 3036 Traetandum
787 3029 796 3042 ,
820 3005 853 3036 &
877 3004 1140 3044 Commicandum,
1167 3015 1234 3036 cum

177 3038 446 3078 Ambaffiatoribus,
464 3042 604 3082 Nunciis,
621 3042 678 3073 five
700 3043 921 3081 Commisiariis,
940 3043 1049 3074 illustris
1074 3043 1235 3082 Principis,

177 3076 302 3108 Domini
317 3078 409 3109 Ducis
423 3080 610 3120 Burgunfflae,
628 3081 664 3111 de
679 3083 713 3113 &
731 3083 810 3120 super
832 3082 972 3120 Treugis,
990 3082 1046 3114 five
1063 3081 1235 3114 abstinentiis

174 3125 356 3156 guerrarum,
373 3116 435 3152 &c.
447 3119 620 3159 proutfhpra
635 3123 707 3151 Dat.
728 3130 776 3160 24.
796 3124 870 3160 Apr.
889 3129 952 3151 tunc
961 3121 1010 3161 fic.

215 3192 261 3223 Ad
276 3192 378 3261 vegtrae
390 3195 476 3232 igitur
488 3193 685 3227 Univerfitatis
699 3198 828 3229 notitiam
845 3197 1011 3229 deducimus
1022 3221 1031 3237 ,
1049 3208 1099 3236 per
1114 3198 1233 3237 praesen-

176 3239 233 3268 tes,
251 3242 311 3269 quo

214 3270 297 3301 Licet
309 3255 488 3309 in'Treugis,
505 3270 562 3301 five
575 3270 750 3303 Guerrarum
767 3273 967 3312 Abstinentiis,

215 3308 309 3347 Inter,
331 3308 573 3339 excellentiffimos
597 3308 762 3348 Principes,
787 3312 933 3342 Dominos
954 3316 1049 3351 Regem
1072 3312 1109 3348 ὠ
1132 3317 1233 3342 Ducem

177 3348 348 3386 praedidios,
366 3347 412 3377 die
426 3346 570 3377 Vicefima
586 3348 682 3385 quarta
700 3349 807 3380 Mensis
819 3349 914 3388 Junii,
929 3351 1005 3381 Anni
1024 3352 1145 3382 Domini
1161 3351 1232 3382 Mil—

175 3386 283 3424 lefimi,
302 3385 593 3424 Qadringentefimi,
615 3385 734 3417 Decimi
759 3388 855 3423 Sexti,
872 3390 975 3427 captis,
1004 3391 1060 3420 five
1082 3391 1174 3428 initis,
1198 3390 1231 3421 &

177 3424 367 3462 postmodum
383 3425 478 3455 debite
495 3423 684 3462 confirmatis,
702 3426 788 3464 usque
802 3426 837 3456 ad
853 3426 967 3457 Festum
980 3428 1076 3459 Sanffi
1102 3428 1234 3459 Michae-

176 3463 209 3494 lis
228 3465 361 3500 proximo
375 3463 500 3494 futurum
516 3462 668 3500 duraturis,

216 3501 306 3533 Prout
320 3504 350 3532 in
364 3502 485 3540 Literis,
502 3501 566 3531 inde
578 3501 731 3540 confectis,
749 3502 782 3533 &
797 3503 847 3534 sub
864 3503 966 3544 Sigillis
981 3505 1120 3542 utriusque
1143 3505 1234 3536 Partis

177 3538 305 3579 Sigillatis
340 3540 487 3578 expressius
504 3541 685 3578 continetur,
701 3551 768 3579 quas
790 3541 894 3573 Literas
917 3543 965 3574 hic
987 3544 1083 3574 haberi
1102 3545 1234 3575 volumus

178 3579 212 3610 &
224 3579 300 3610 inten
322 3581 394 3610 imus
405 3589 457 3617 pro
470 3578 598 3616 expressis
613 3580 646 3610 &
661 3579 780 3617 insertis,

215 3616 377 3648 Comitatus
391 3617 539 3656 Boloniae,
556 3626 623 3647 cum
636 3617 686 3647 suis
700 3619 889 3656 pertinentiis,
907 3629 966 3650 non
979 3620 1104 3650 videatur
1117 3620 1235 3658 includi,

178 3664 233 3692 pro
248 3656 282 3687 &
296 3666 330 3687 ex
344 3666 379 3686 eo
394 3656 475 3694 quod
487 3665 547 3686 non
559 3656 647 3686 fuerat
663 3657 693 3686 in
709 3658 838 3687 manibus
851 3658 919 3688 dieti
935 3658 1058 3688 Domini
1068 3661 1150 3688 Ducis
1162 3668 1235 3689 tem-

180 3703 251 3760 Rore
269 3693 418 3738 Captionis
439 3695 496 3726 five
513 3695 693 3726 Firmationis
711 3695 870 3726 earumdem
882 3697 1076 3736 Treugarum,
1095 3697 1152 3727 five
1173 3696 1235 3728 Ab-

207 3739 392 3771 inentiarum,

221 3768 289 3799 Nos
302 3779 396 3801 tamen

221 3805 333 3843 vigore
352 3811 385 3841 ὅ(
402 3794 567 3842 Ξιιέὶοτίῑαῑε
586 3810 672 3841 dietae
693 3810 858 3850 Potestatis,
880 3812 963 3842 nobis
984 3812 1162 3850 commissae,
1187 3821 1236 3850 per

187 3843 308 3888 modum
332 3845 553 3887 Declarationis,
577 3860 661 3880 novae
684 3849 849 3888 Captionis,
868 3850 924 3880 five
943 3850 1136 3888 EXtentionis,
1153 3859 1237 3888 prout

183 3882 283 3926 melius
297 3884 330 3914 &
345 3887 526 3929 commodius
539 3888 697 3926 hujusmodi
709 3888 741 3918 N
745 3890 830 3927 egotii
847 3889 1017 3927 expeditioni
1042 3891 1145 3926 poterit
1165 3900 1237 3920 con-

182 3931 296 3959 venire,
313 3931 345 3951 ac
361 3932 451 3959 magis
468 3925 607 3964 expediat,

221 3958 270 4003 De
299 3960 436 4004 consensu·
451 3962 484 3991 &
506 3962 610 3994 assensu
632 3963 757 3994 Domini
780 3964 926 3994 Guillrelmz
947 3965 979 3994 de
1000 3969 1097 4004 Campo
1120 3967 1239 4005 Diverso

184 3996 300 4035 Militis,
320 3997 489 4028 Conciharii
508 4000 541 4029 &
557 4000 731 4033 Cambellani
743 4027 751 4039 ,
769 4013 801 4033 ac
828 4003 955 4040 Magistri
970 4002 1089 4034 Therrici
1111 4007 1188 4042 Regis
1208 4006 1238 4035 in

187 4036 310 4074 Legibus
326 4036 489 4074 Licentiati,
506 4036 672 4070 Conciliarii
687 4043 720 4072 &
736 4041 865 4075 Magistri
886 4042 1091 4079 Requestarum
1105 4041 1241 4081 Hospitii,

1291 185 1774 233 PUBLICA.
2281 211 2359 247 199

1280 268 1403 302 Domini
1419 271 1527 312 Ducis,
1547 274 1779 308 Ambaxiatorum
1795 279 1850 309 una
1864 278 2028 310 Nobiscum
2043 279 2121 318 super
2135 279 2193 311 hoc
2217 289 2339 319 congre·
2363 277 2488 312 Ann.D.

1570 353 1574 356 .
2383 327 2470 359 1417.

1315 347 1431 379 Tenore
1452 351 1626 387 praesennum
1653 353 1834 385 Declaramus
1847 377 1857 392 ,
1883 354 2045 394 Volumus,
2078 357 2111 388 &
2133 355 2334 388 Consentimus
2357 362 2420 387 Hen.
2437 369 2465 395 5.

1280 316 1409 346 garorum
1425 313 1458 342 ὃς
1472 313 1648 344 tractantium
1658 339 1666 351 ,

1278 386 1358 428 qubd
1373 386 1532 432 Comitatus
1550 389 1720 433 Bolonienfis
1735 393 1906 430 antedictus,
1926 404 1993 424 curn
2015 395 2065 425 suis
2089 395 2268 433 ResortibuS,
2281 396 2336 433 Ju-

1277 424 1352 454 r1bus
1360 426 1418 467 [ὃς
1434 430 1606 463 pertinentiis
1620 430 1768 467 univerfis,
1785 441 1868 467 prout
1891 431 2022 464 Comites
2044 433 2218 464 Bolonienses
2240 434 2336 464 hafte-

1276 471 1326 492 nus
1341 468 1378 507 uli
1392 466 1470 508 sunt,
1490 467 1645 497 includatur
1663 469 1691 497 in
1716 469 1854 508 Treugis,
1872 470 1928 500 five
1951 470 2127 502 Guerrarum
2153 472 2335 502 Abstinentiis

1275 501 1439 546 anted16tis,
1457 504 1491 534 ad
1505 515 1626 535 ornnem
1639 505 1712 544 Juris
1726 507 1758 537 &
1772 507 1838 537 faeti
1853 508 1978 539 debitum
2002 509 2137 541 effestum
2147 533 2156 548 ,
2172 520 2201 541 ut
2224 511 2335 541 Subditi

1276 546 1333 568 tarn
1354 550 1434 583 unius
1454 542 1540 574 Partis
1561 553 1647 581 quam
1668 544 1794 582 alterius,
1813 546 1864 583 δε,
1890 548 1961 577 inter
1982 557 2115 587 caeteros,
2138 549 2238 579 subditi
2262 550 2333 580 dieti

1276 576 1438 609 Com1tats1s
1458 580 1630 612 Bolonienfis
1646 606 1656 620 ,
1683 582 1851 614 Resortuum
1866 606 1874 621 ,
1901 586 1933 615 &
1956 584 2188 617 pertinentiarum
2210 589 2333 625 ejusdem

1274 616 1396 646 eundem
1415 617 1593 650 Comitatum
1604 644 1613 658 ,
1628 631 1696 651 cum
1710 622 1844 651 omnibus
1861 624 1912 652 suis
1926 623 2102 655 Pertinentiis
2116 626 2148 656 ὃς
2161 626 2334 665 Resortibus,

1275 662 1387 685 teneant
1404 666 1456 692 pro
1471 658 1579 689 incluso
1593 661 1621 688 in
1635 659 1698 696 ipsis
1712 660 1850 698 Treugis,

1311 692 1356 723 Ac
1378 694 1523 734 Treugas,
1542 697 1598 728 five
1619 696 1793 728 Guerrarum
1815 698 2000 729 Abstinentias
2023 701 2189 739 antedicffias,
2206 709 2263 732 tam
2282 714 2332 741 per

1274 728 1412 770 Terram,
1431 734 1517 771 quam
1539 745 1588 772 per
1609 734 1709 774 Mare,
1728 746 1795 767 cum
1814 737 1947 767 omnibus
1967 738 2017 767 suis
2031 740 2168 776 clausulis,
2184 742 2333 774 observent

1274 768 1307 798 &
1321 770 1468 812 observare
1483 780 1643 809 teneantur,
1661 784 1694 804 ac
1709 775 1728 804 fi
1741 776 1775 804 ab
1791 776 1871 805 initio
1889 777 2007 812 ipsarum
2022 775 2220 816 principalium
2236 780 2331 811 Absti-

1274 816 1431 839 nennarum
1446 809 1559 841 fuiffent
1576 812 1746 843 nominatim
1761 813 1876 851 expreffi
1891 816 1920 843 in
1936 814 2047 844 eisdem.

1311 844 1442 886 Insuper,

1311 883 1390 915 Cum
1406 887 1435 916 in
1452 886 1535 917 dietis
1548 887 1684 927 Treugis,
1703 889 1759 920 five
1773 889 1946 920 Guerrarum
1968 890 2167 928 Abstinentiis,
2186 893 2257 922 inter
2275 903 2333 923 cae-

1273 929 1331 952 tera
1349 947 1358 960 ,
1388 924 1419 955 fit
1441 934 1608 956 contentum
1634 928 1706 967 quod
1720 927 1882 967 illistrfflmi
1905 931 2037 966 Principes
2055 931 2184 959 antedffli
2203 941 2255 959 non
2269 940 2333 969 per-

1274 965 1405 1000 mittent,
1421 966 1450 993 in
1464 974 1551 994 eorum
1567 965 1666 1003 Villis,
1681 966 1781 1006 Castris
1796 967 1961 1006 Fortalinis,
1979 968 2127 1006 Portubus,
2146 969 2203 1007 five
2219 972 2334 1008 Hauris,

1272 998 1321 1038 effl’
1344 1000 1463 1042 aliquam
1480 1003 1664 1043 Garng'fionem
1690 1008 1817 1034 Gentium
1841 1016 1990 1044 armorum,
2003 1011 2171 1044 portantium
2191 1008 2333 1046 dampnum

1273 1045 1324 1067 aut
1342 1040 1529 1078 Praejudicium
1544 1044 1665 1081 Patriis,
1680 1043 1812 1082 Subditis,
1822 1047 1970 1083 Dominiis,
1988 1052 2037 1074 aut
2051 1046 2243 1085 Poſjeffiom'bus
2256 1051 2335 1076 unius

1272 1084 1322 1120 aut
1343 1078 1456 1108 alterius
1476 1084 1583 1118 partis,
1606 1092 1670 1119 quae
1695 1083 1810 1120 quidem
1830 1083 1957 1114 Clausala
1981 1084 2090 1115 videtur
2112 1085 2274 1123 quibusdam
2292 1087 2336 1116 ni-

1273 1123 1360 1145 mmm
1376 1117 1576 1149 obscuritatem
1591 1120 1620 1149 in
1638 1122 1790 1151 verborum
1806 1121 1874 1152 serie
1889 1123 2036 1152 continere
2042 1145 2052 1161 ,

1311 1153 1380 1184 Nos

1311 1191 1366 1222 Per
1381 1177 1502 1224 modum
1517 1195 1551 1225 &
1568 1195 1764 1227 austoritatem
1787 1198 1974 1237 supradieros,
1992 1199 2120 1230 volentes
2137 1211 2258 1231 ornnem
2278 1201 2334 1232 tol-

1273 1228 1330 1260 lere
1346 1230 1574 1268 Ambiguitatem
1588 1234 1620 1263 ὃ(
1640 1237 1783 1265 materiam
1799 1235 1972 1276 Discordiae,
1991 1247 2042 1276 pro
2060 1239 2078 1258 ²*
2099 1239 2207 1278 Majori
2222 1239 2334 1271 Securi·
2355 1242 2370 1259 ¹*
2389 1243 2443 1272 IX.

2351 1290 2418 1318 452·

1272 1275 1327 1298 tate
1346 1269 1581 1301 Abstinentiarum
1597 1273 1793 1309 praedidtarum
1803 1296 1814 1312 ,

1310 1306 1514 1346 Declaramus‚
1530 1309 1686 1347 Volumus,
1703 1312 1737 1342 ὅ(
1757 1311 1930 1343 Ordinamus
1953 1314 2032 1351 quod
2054 1314 2180 1346 Clausula
2200 1316 2333 1355 praediela

1273 1344 1358 1375 debet
1376 1346 1413 1377 fic
1431 1347 1562 1386 intelligi,
1580 1348 1638 1380 five
1653 1349 1687 1379 ad
1701 1349 1759 1379 hoc
1777 1350 1889 1381 extendi
1908 1353 2002 1388 (prout
2015 1352 2133 1383 Tenore
2150 1354 2335 1386 Praesentium

1273 1384 1391 1415 eandem
1412 1385 1596 1417 Declararnus
1619 1388 1652 1417 &
1680 1387 1875 1424 Extendimus)
1894 1390 1972 1426 quod
1995 1401 2048 1421 nec
2070 1394 2130 1421 Rex
2151 1394 2264 1432 Angliae
2280 1404 2336 1425 nec

1274 1426 1343 1452 Dux
1368 1426 1531 1462 Burgundiae
1551 1425 1708 1465 patientur,
1726 1436 1780 1457 nec
1804 1436 1904 1456 eorum
1927 1428 1995 1458 alter
2019 1431 2154 1468 patietur,
2173 1442 2225 1468 pro
2251 1432 2337 1463 Posse

1275 1461 1342 1500 suo,
1361 1462 1417 1493 fine
1433 1463 1502 1494 dolo
1518 1465 1551 1495 ὃς
1568 1463 1683 1503 fraude,
1701 1464 1803 1503 aliquas
1819 1464 1971 1503 Carracas,
1990 1466 2024 1496 N
2027 1477 2107 1505 aves,
2124 1477 2169 1499 aut
2195 1470 2264 1501 Vasa
2286 1481 2335 1501 na-

1273 1501 1404 1544 vigabilia
1429 1512 1617 1542 quaecumque
1642 1504 1671 1532 in
1694 1503 1856 1542 PortubuS,
1873 1504 2014 1544 Rippariis
2029 1505 2097 1543 suis,
2117 1516 2163 1537 aut
2186 1508 2241 1538 aliis
2263 1510 2335 1540 locis

1274 1538 1401 1570 Paruum
1423 1540 1532 1571 suarum
1555 1543 1670 1579 armari,
1695 1551 1742 1572 aut
1762 1543 1941 1580 Armaturas,
1968 1543 2025 1574 five
2047 1544 2204 1584 Vidiualia,
2221 1556 2265 1576 aut
2285 1549 2335 1578 alia

1274 1576 1500 1615 Praeparamenta
1513 1578 1690 1615 Guerrarum
1716 1590 1906 1620 quaecumque
1927 1583 1957 1611 in
1973 1583 2010 1613 eis
2023 1585 2108 1621 poni,
2126 1584 2159 1614 ad
2174 1585 2336 1615 faciendum

1274 1616 1398 1686 {invafive
1413 1616 1572 1656 Guerram,
1585 1616 1755 1657 Dampnum
1765 1643 1776 1657 ,
1794 1628 1841 1650 aut
1857 1619 2023 1651 Gravamen
2036 1622 2118 1653 alicui
2132 1621 2208 1654 Parti
2222 1633 2338 1654 eorum-

1295 1665 1360 1686 em:

1314 1692 1370 1732 Et,
1389 1694 1417 1723 in
1432 1693 1492 1725 casu
1503 1717 1512 1732 ,
1531 1703 1589 1732 quo
1606 1695 1706 1732 aliquae
1723 1694 1872 1734 Carracae,
1889 1695 2006 1733 Naves,
2023 1705 2069 1728 aut
2083 1697 2152 1729 Vasa
2165 1700 2232 1738 alia,
2251 1700 2338 1731 taliter

1277 1731 1413 1770 Armata,
1429 1734 1458 1762 in
1472 1732 1633 1771 Portubus,
1651 1733 1772 1771 Hauris,
1791 1744 1837 1765 aut
1853 1736 1940 1765 Locis
1962 1736 2036 1773 aliis,
2057 1738 2136 1767 unius
2161 1739 2206 1769 vel
2228 1739 2338 1770 alterius

1276 1770 1382 1809 Partis,
1400 1779 1507 1809 reperta
1518 1771 1638 1810 fuerint,
1656 1773 1783 1810 praedicsti
1798 1773 1922 1804 Domini
1939 1777 1999 1803 Rex
2018 1776 2050 1805 &
2075 1779 2144 1805 Dux
2165 1778 2262 1815 (prout
2286 1788 2338 1808 eo-

1277 1819 1340 1840 rum
1363 1817 1513 1848 utrumque
1536 1818 1582 1841 aut
1606 1812 1723 1841 alterum
1744 1812 1911 1843 eorumdem
1926 1823 2104 1852 concernet,
2124 1815 2179 1846 five
2193 1817 2226 1846 ad
2249 1827 2337 1854 quem

1276 1849 1428 1885 pertinebit
1449 1848 1550 1879 Portus
1571 1858 1618 1880 aut
1642 1849 1739 1879 Locus
1764 1850 1948 1888 hujusmodi,
1979 1853 2007 1880 in
2032 1862 2090 1888 quo
2112 1862 2158 1884 aut
2180 1857 2207 1883 in
2237 1856 2338 1893 quibus

1276 1886 1434 1924 hujusmodi
1458 1887 1528 1918 Vasa
1548 1896 1651 1918 armata
1669 1889 1853 1927 reperientur)
1878 1890 2032 1926 impedient
2055 1891 2087 1922 ὃ(
2109 1892 2262 1931 impediet,
2283 1903 2336 1931 pro

1275 1924 1361 1955 Poffe
1380 1925 1430 1955 suo
1452 1925 1510 1956 fine
1531 1927 1601 1957 dolo
1620 1927 1653 1958 &
1674 1927 1787 1963 fraude,
1805 1937 1841 1958 ne
1863 1927 2012 1967 Carracae,
2029 1938 2076 1961 aut
2101 1929 2172 1962 Vasa
2190 1931 2337 1969 hujusmo-

1277 1963 1324 2032 di(3
1342 1964 1380 1995 fic
1403 1974 1537 2004 armatae,
1556 1965 1601 1997 vel
1625 1974 1744 2004 armata,
1769 1975 1865 1997 exeant
1888 1966 2006 2004 Portus,
2033 1967 2158 2008 Ham-es,
2184 1980 2230 2001 aut
2254 1971 2337 2004 Loca

1274 2011 1306 2034 ea
1327 2011 1382 2032 em.

1315 2040 1392 2071 Non
1416 2041 1599 2078 intelligimus
1621 2051 1714 2073 tamen
1738 2043 1840 2081 quod,
1859 2043 1877 2073 fi
1902 2053 2090 2083 quaecumque
2111 2044 2256 2085 Carracae,
2275 2046 2339 2077 Na-

1277 2089 1343 2117 veS,
1361 2087 1408 2110 aut
1425 2079 1495 2110 Vasa
1509 2080 1726 2119 Mercatorum,
1744 2082 1824 2112 causa
1840 2082 2099 2121 Mercandisarum,
2116 2085 2144 2114 in
2161 2085 2241 2116 dietis
2265 2085 2339 2115 Por-

1278 2118 1378 2156 tubus,
1398 2118 1517 2156 Hauris,
1535 2128 1581 2150 aut
1595 2119 1683 2151 Locis
1697 2121 1753 2150 aliis
1769 2120 1950 2159 accesserint,
1968 2122 2000 2152 &
2017 2123 2119 2160 velint,
2139 2123 2273 2163 Negotiis
2288 2125 2340 2154 suis

1277 2156 1436 2196 ExpeditiS,
1455 2157 1587 2188 recedere
1598 2168 1665 2189 cum
1681 2159 1867 2190 Mercandifis
1877 2182 1887 2198 ,
1901 2169 1947 2190 aut
1961 2162 2040 2191 vacui
2061 2162 2164 2200 absque
2184 2164 2340 2193 intentione

1278 2195 1399 2226 faciendi
1414 2195 1557 2226 Guerram
1575 2198 1715 2235 invafive,
1734 2199 1802 2236 quin
1820 2208 1873 2236 pro
1889 2198 2045 2230 Securitate
2064 2202 2248 2232 convenienti
2267 2201 2340 2239 ipso-

1278 2243 1341 2264 rum
1357 2233 1462 2272 poffint
1476 2234 1650 2266 victualibus
1662 2236 1695 2266 &
1709 2236 1867 2267 Armaturis
1885 2237 1912 2266 se
1928 2239 2054 2276 munire,
2071 2239 2103 2270 &
2128 2239 2164 2270 fic
2189 2240 2340 2279 recedere,

1278 2282 1315 2302 ne
1327 2272 1470 2303 dierorum
1483 2272 1642 2313 Portuum,
1660 2274 1846 2312 Haurorum,
1863 2283 1910 2305 aut
1925 2275 2075 2307 Locorum
2093 2277 2211 2308 aliorum
2233 2278 2341 2310 destru-

1279 2311 1340 2342 etio
1356 2310 1551 2349 consequatur.

1322 2350 1399 2389 Qae
1421 2351 1518 2380 omnia
1541 2351 1574 2381 ὅ(
1596 2350 1716 2389 singula,
1744 2351 1781 2381 fic
1800 2351 1951 2391 Tractata,
1972 2352 2138 2392 Declarata,
2155 2354 2288 2392 Extensa,
2304 2356 2340 2388 δε

1280 2388 1433 2427 Ordinata,
1458 2388 1671 2427 PromittimuS,
1694 2389 1772 2421 bonit
1793 2390 1847 2420 fide
1861 2414 1871 2429 ,
1895 2391 1928 2422 &
1948 2394 2069 2423 nomine
2086 2416 2096 2431 ,
2121 2393 2340 2425 metuendiffimi

1280 2427 1405 2457 Domini
1428 2426 1532 2464 nostri,
1547 2430 1625 2465 Regis
1641 2429 1783 2466 praedicti,
1802 2429 1998 2460 inviolabiliter
2016 2432 2154 2463 observari
2175 2432 2284 2470 facere,
2306 2434 2340 2465 &

1280 2466 1359 2503 super
1374 2466 1431 2496 hoc
1446 2465 1552 2496 Literas
1566 2465 1694 2496 Parentes
1708 2466 1930 2498 confirmatorias
1943 2469 2014 2500 dieti
2030 2469 2154 2500 Domini
2169 2470 2258 2501 nostri
2278 2470 2340 2502 Re-

1279 2506 1338 2544 gis,
1357 2505 1385 2534 in
1408 2505 1497 2534 verbo
1517 2505 1566 2534 suo
1586 2504 1705 2542 Regio,
1720 2506 1754 2537 &
1774 2506 1822 2536 sub
1842 2507 2029 2544 Obligatione
2044 2508 2191 2539 Bonorum
2205 2510 2339 2547 suorum,

1280 2544 1388 2573 tradere
1402 2544 1435 2574 ὃς
1450 2542 1582 2580 expedire
1591 2566 1600 2579 ,
1614 2543 1719 2574 realiter
1734 2544 1768 2575 ὃ(
1781 2554 1849 2576 cum
1861 2545 1965 2576 effectu
1975 2569 1984 2585 ‚
2001 2555 2072 2576 certo
2087 2549 2193 2577 Nuncio
2214 2548 2338 2578 Domini

1279 2585 1373 2650 531chss
1378 2581 1503 2650 Pffidfffi
1510 2604 1519 2620 ‚
1537 2582 1567 2612 in
1589 2581 1660 2613 Villa
1686 2581 1787 2614 Calefii
1811 2584 1962 2624 praedicta,
1986 2594 2050 2616 ante
2071 2586 2174 2624 lapsum
2198 2587 2340 2624 praesentis

1320 2631 1353 2649 cn
1368 2631 1387 2650 is
1442 2630 1493 2658 all,

1316 2657 1493 2689 Dumtamen
1509 2658 1613 2689 Literae
1625 2659 1781 2690 consimiles
1795 2661 2032 2700 confirmatoriae,
2050 2672 2103 2702 pro
2117 2671 2194 2701 parte
2215 2663 2339 2695 Domini

1278 2700 1361 2727 Ducis
1371 2698 1513 2736 praedic‘i‘i,
1532 2698 1710 2736 expediantur
1724 2700 1757 2730 &
1774 2699 1925 2732 liberentur
1944 2700 2019 2731 Parti
2040 2701 2162 2740 nostrae,
2179 2703 2208 2732 in
2231 2703 2337 2741 Hospi-

1279 2738 1320 2767 tio
1338 2738 1396 2767 mei
1411 2735 1557 2767 Willielmi
1572 2736 1705 2776 Bardolfe
1715 2737 1842 2775 praedic‘ti
1853 2762 1863 2777 ,
1880 2740 1910 2769 in
1928 2738 2028 2770 eadem
2044 2739 2128 2770 Villa.

1312 2820 1347 2851 In
1362 2831 1486 2859 quorum
1502 2822 1635 2853 omnium
1651 2823 1684 2854 &
1701 2822 1874 2861 singulorum
1888 2824 2106 2856 Testimonium
2119 2835 2171 2856 nos
2193 2825 2338 2860 Praesenti-

1277 2860 1345 2899 bus,
1362 2861 1442 2900 super
1456 2861 1515 2892 hoc
1529 2861 1668 2893 confectis
1678 2885 1688 2900 ,
1705 2861 1799 2901 sigilla
1814 2862 1910 2894 nostra
1923 2863 2109 2901 apposuimus.

1313 2947 1423 2980 Datum
1438 2949 1471 2980 &
1486 2949 1612 2987 Adtum,
1627 2950 1655 2978 in
1669 2948 1744 2979 Villa
1760 2948 1859 2981 Calefii
1872 2950 2024 2988 praediera,
2041 2951 2145 2982 οᾶιινᾶ
2163 2951 2209 2982 die
2229 2952 2337 2983 Mensis

1279 2986 1368 3031 Maii,
1386 2988 1474 3018 Anno
1488 2987 1610 3018 Domini
1628 2987 1803 3027 Millefimo,
1822 2989 2109 3029 Quadringentesimo
2115 3013 2125 3028 ,
2143 2990 2258 3021 decimo
2278 2993 2339 3030 sep-

1278 3034 1360 3056 nmo.

1467 3177 1516 3208 De
1543 3178 1740 3221 Attemptatis
1764 3174 1972 3219 Reformana'is
1995 3176 2148 3210 Flandriae.

1330 3275 1354 3306 E
1372 3275 1444 3305 Rov
1456 3300 1466 3313 ,
1483 3286 1498 3306 a
1510 3283 1591 3307 toutz
1604 3285 1695 3314 ceux,
1713 3277 1759 3315 qui
1775 3275 1864 3308 cestes
1878 3276 1987 3309 Lettres
2009 3285 2125 3309 verront
2147 3286 2188 3308 ou
2213 3287 2333 3319 orront,
2351 3281 2424 3312 Ann.
2440 3282 2480 3313 D.

2371 3330 2456 3360 14¹7·

1311 3352 1369 3382 Pur
1392 3363 1446 3383 ceo
1466 3362 1521 3391 que
1534 3352 1657 3390 plusours
1670 3352 1783 3391 Griefs,
1803 3353 2006 3393 Domrnaiges,
2025 3355 2058 3386 ὅ(
2077 3355 2261 3393 Attemptates
2279 3365 2331 3388 ont
2349 3363 2399 3387 Au.
2414 3371 2442 3396 5·

1274 3391 1332 3422 este
1347 3392 1414 3422 faitz
1428 3392 1453 3422 le
1466 3401 1557 3429 temps
1574 3392 1663 3430 passe,
1681 3394 1713 3422 &
1731 3392 1757 3423 se
1772 3391 1834 3422 font
1846 3402 1964 3423 encores
1980 3393 2101 3424 chescun
2124 3395 2202 3432 jour,
2222 3405 2331 3426 encon-
2348 3403 2380 3426 H.
2403 3408 2428 3432 5.

1274 3439 1316 3460 tre
1335 3431 1361 3460 le
1381 3430 1499 3460 Teneur
1519 3431 1569 3460 des
1591 3431 1719 3468 Treues,
1734 3440 1789 3470 que
1806 3440 1857 3461 ont
1877 3441 1927 3469 eu,
1946 3432 1979 3462 ὃς
2000 3440 2051 3462 ont
2065 3442 2167 3470 courS,
2187 3443 2221 3464 en
2236 3435 2329 3464 ascuns
2350 3436 2415 3465 Ibid.

1275 3469 1377 3498 Parties
1396 3468 1432 3499 de
1453 3467 1548 3498 nostre
1571 3468 1701 3499 Roialme
1715 3492 1724 3507 ,
1743 3478 1801 3498 tant
1819 3479 1854 3499 en
1877 3469 1987 3507 Terre,
2005 3480 2123 3501 comme
2138 3481 2173 3501 en
2187 3471 2209 3501 la
2229 3472 2329 3509 Meer,
2350 3485 2386 3502 m.
2405 3474 2447 3503 18.

1351 3314 1454 3344 Salutz.

1275 3517 1322 3546 par
1335 3507 1373 3537 les
1388 3507 1526 3546 Subgiez,
1538 3507 1574 3537 de
1590 3508 1664 3537 l'une
1677 3508 1710 3538 &
1725 3507 1818 3538 l’autre
1835 3507 2143 3548 Partie,d’Englererre
2156 3510 2189 3540 &
2205 3511 2239 3540 de
2249 3510 2270 3539 F
2272 3510 2330 3539 lan-

1273 3546 1353 3589 dres,
1370 3545 1461 3576 dount
1482 3546 1607 3583 plusours
1626 3545 1746 3575 Plainres
1765 3546 1847 3577 sount
1868 3555 1978 3585 venuz,
1998 3548 2031 3578 &
2051 3549 2186 3578 viennent
2207 3548 2327 3578 chascun

1272 3583 1555 3659 JOng'Izideatitdiriess
1568 3583 1957 3668 ἒξέἶὲῗξῗεῗῐεςέφρῐηχ
1969 3622 2072 3663 Pertz,
2090 3625 2123 3656 &
2146 3623 2330 3662 Dommagez

1274 3662 1317 3690 n’a
1330 3660 1387 3690 este
1401 3660 1500 3690 ascune
1519 3659 1666 3690 Provifion
1681 3671 1719 3691 ou
1735 3661 1907 3692 Restitution
1923 3663 1971 3693 fait
1996 3662 2020 3692 le
2038 3673 2127 3699 temps
2149 3662 2237 3699 passe,
2255 3661 2328 3693 fico-
2366 3679 2369 3681 ·

1274 3709 1321 3730 me
1333 3699 1368 3729 de
1380 3708 1434 3729 ceo
1446 3708 1533 3728 avons
1547 3698 1620 3730 estee
1633 3701 1665 3730 ὅ(
1681 3699 1804 3730 sommes
1818 3700 2016 3731 suffisantment
2032 3701 2175 3730 Informez
2184 3722 2193 3737 ,

1311 3738 1410 3768 Savoir
1423 3737 1522 3767 faisons
1535 3747 1590 3775 que
1604 3737 1706 3775 Nous,

1313 3775 1444 3807 Defirans
1467 3776 1605 3806 Purvoier
1627 3777 1660 3808 ὃς
1682 3775 1834 3806 Remedier
1854 3786 1907 3807 aux
1929 3776 2024 3806 choses
2045 3775 2192 3813 desusditz,
2209 3776 2236 3806 le
2256 3776 2328 3814 pluis

1275 3814 1462 3847 hastivement
1477 3815 1510 3844 &
1523 3814 1712 3852 diligealment
1728 3825 1782 3853 que
1794 3815 1858 3845 faire
1871 3815 1897 3846 se
1909 3825 1988 3852 purra
1997 3837 2006 3852 ,
2138 3853 2143 3857 .
2157 3854 2161 3858 1

1312 3852 1468 3884 Confiantz
1483 3862 1497 3882 a
1511 3853 1584 3890 plein
1597 3853 1646 3883 des
1667 3854 1754 3890 Sens,
1772 3853 1911 3889 Loialtee,
1931 3854 1964 3883 δε
1980 3854 2088 3883 bonnes
2105 3851 2268 3889 D1ligences
2282 3854 2329 3893 de,

1277 3901 1336 3923 noz
1360 3890 1539 3929 Tresctriers,
1559 3891 1678 3922 Maistre
1696 3891 1810 3922 Thomas
1831 3895 1958 3921 stevenes
1977 3890 2101 3920 Chanon
2121 3891 2156 3920 de
2177 3891 2200 3921 la
2226 3891 2329 3929 Esglise

1278 3929 1445 3960 Cathedrale
1459 3930 1495 3960 de
1507 3929 1584 3961 Saint
1600 3930 1663 3960 Pier
1677 3929 1855 3967 d’Excestre,
1875 3928 1954 3967 John
1973 3927 2100 3968 Michell,
2113 3929 2195 3967 Jolm
2216 3931 2310 3962 Urban
2319 3954 2329 3970 ,

1277 3969 1357 4009 John
1372 3967 1482 3998 chirche
1492 3991 1502 4007 ,
1517 3970 1550 4000 &
1563 3968 1645 4007 John
1661 3969 1810 4009 Pykeryng,

1314 4007 1343 4037 C
1362 4008 1420 4044 nk,
1435 4006 1560 4044 Quatre,
1577 4017 1616 4038 ou
1632 4008 1726 4045 Troys
1740 4008 1776 4036 de
1790 4014 1861 4042 eux,
1877 4015 1966 4036 avons
1980 4004 2138 4046 Commys,
2159 4006 2329 4045 Ordonnez,

1280 4046 1313 4076 &
1384 4045 1472 4082 abliz,
1490 4047 1540 4082 &,
1559 4056 1606 4082 par
1631 4046 1654 4075 la
1679 4046 1810 4075 Teneure
1827 4045 1918 4083 d'yces
1935 4043 2090 4081 presentes,
2107 4044 2331 4083 Commettons,

184 4074 254 4127 dieti
266 4074 390 4105 Domini
402 4077 502 4113 Ducis,
522 4076 555 4107 δε
572 4076 705 4117 Magistri
721 4078 826 4118 Georgii
843 4081 1161 4120 d‘ostende,Secretarii
1171 4081 1244 4114 disti
1283 4084 1476 4123 Ordennons,
1493 4084 1526 4116 &
1547 4083 1748 4121 Establiffons,
1772 4092 1845 4120 pour
1864 4083 1971 4121 Nous,
1995 4083 2027 4114 &
2048 4093 2084 4114 en
2105 4083 2200 4114 nostre
2219 4083 2311 4115 Noun
2323 4107 2333 4119 ,

2304 4121 2339 4151 de
