2562 4274
678 127 793 169 ET
876 122 1148 167 ACTA

0 221 65 253 Xnn.
74 220 114 252 D.
137 219 266 257 Aueior,
285 215 333 254 qui
350 215 450 256 fingula
465 214 510 247 sua
526 212 643 254 Agenda
656 213 799 251 hucusque
813 211 943 250 prospere
958 210 1103 240 direxit&
1125 209 1192 239 diri-

14 260 96 299 1418.
137 268 184 299 get
200 260 227 288 in
238 256 356 295 justitia.

0 304 47 328 len.
64 307 94 335 5.
176 298 302 332 Domini,
319 293 378 328 (ἶφι.
534 324 536 326 v
744 327 748 332 ¹
835 326 840 332 .
1026 325 1031 329 Ι

177 335 253 365 Bene
276 332 449 370 percepimus
469 326 557 358 Gesta
577 326 690 364 vestra,
716 326 778 356 alias
797 334 872 355 enim
893 325 1006 356 fuerunt
1024 334 1052 353 in
1074 323 1193 359 Campo

138 382 237 405 contra
258 373 401 400 Dominum
423 367 537 406 nostrum
559 367 747 402 Burgundt'ani
771 374 838 394 cum
866 362 1103 402 Aurelianenfibur
1117 386 1127 399 ,
1158 362 1191 391 &

138 407 347 447 Aurelianenfis
363 417 430 437 cum
446 403 661 443 Burgundianis‚
685 402 773 432 stante
788 404 860 432 inter
885 402 956 440 ipsos
979 400 1091 431 Guerra
1110 407 1194 437 prout

142 449 195 479 stat
208 448 244 478 de
258 446 400 484 praesenti,
419 446 451 475 ὃς
465 452 560 474 tamen
574 443 620 472 ille
629 441 725 480 Justus
736 440 845 480 Judex,
863 441 891 470 in
911 450 969 478 quo
984 439 1089 476 semper
1104 439 1193 475 spera-

140 488 183 517 vit
199 486 232 517 &
247 485 334 522 sperat
359 486 484 513 Dominus
507 480 606 520 noster,
622 480 711 517 ipsum
734 480 853 517 adjuvit,
872 480 904 510 ὃς
927 480 1011 509 etiam
1032 477 1143 514 adjuvet
1163 483 1194 505 ut

139 525 261 561 solebat,
280 523 317 553 fic
330 522 443 553 forfitan
454 522 512 558 jam
528 519 685 557 proponitis
699 525 729 548 ut
742 527 791 557 per
805 518 876 548 faeta
890 516 980 547 vestra
996 516 1094 546 Nobis
1112 524 1195 552 appa-

140 571 202 600 ret,
221 562 328 592 habetis
342 561 419 590 enim
435 559 540 589 Literas
554 557 619 595 hic,
638 565 669 586 ut
687 556 888 593 informamur,
908 555 1005 594 Sigillo
1026 554 1109 593 vestri
1135 556 1194 582 Do-

141 604 207 631 mini
219 600 369 639 Sigillatas,
384 599 419 628 de
432 594 597 627 abstinendo
612 605 627 624 a
641 594 779 625 Traetatu
795 595 827 625 ὅ(
844 593 1009 624 Concordia
1030 601 1098 622 cum
1122 595 1196 621 Duce

141 639 323 676 Burgundiae5
344 638 377 668 &
391 645 479 671 nuper
492 632 722 664 metuendiffimo
737 636 852 662 Domino
869 631 955 671 nostro
970 634 1051 668 Regi,
1070 639 1103 659 ex
1118 639 1195 667 parte

141 681 252 708 Domini
272 675 358 714 vestri
378 673 513 712 Dalphini
526 695 535 711 ,
568 672 657 701 fuerat
679 681 731 708 pro
756 671 950 701 consimilibus
979 669 1195 707 Supplicatum,

143 715 207 746 Vos
221 723 314 746 tamen
328 712 470 750 hucusque
485 711 520 741 de
535 710 586 740 illis
600 710 668 740 nihil
684 710 765 740 nobis
788 709 955 747 loquimini,
973 708 1009 738 de
1035 717 1092 745 quo
1113 708 1197 736 mira-

144 762 225 784 mur:
244 752 312 790 quid
330 751 407 781 enim
427 749 528 780 volunt
550 748 707 784 huiusmodi
723 747 808 779 Facta
827 747 932 785 vestra,
950 747 1031 777 novit
1051 746 1097 775 ille
1111 745 1196 776 Sum-

142 802 205 822 mus
217 790 360 822 Scrutator
372 788 516 819 Cordium
532 789 580 826 qui
592 786 631 816 nil
646 787 766 824 ignorat.

183 867 298 906 Qibus
318 865 400 897 dietis
412 888 421 904 ,
448 860 554 903 praefati
574 862 786 901 Ambaffiatores
807 857 934 899 Delphini
958 868 1096 891 traxerunt
1114 859 1140 890 se
1163 857 1198 889 ad

144 914 270 944 partem,
289 905 323 936 δε
339 905 485 936 redeuntes
499 901 657 940 Respondit
674 900 906 939 Archiepiscopus,

183 947 299 975 Domine
311 947 401 974 Comes
409 966 417 981 ,
432 941 493 978 &c.

185 982 377 1013 Intelleximus
389 991 420 1012 ea
435 989 498 1017 quae
510 987 559 1016 per
571 976 742 1014 Magistrum
755 975 905 1014 Philippum
914 975 972 1013 jam
988 975 1072 1005 nobis
1087 974 1200 1005 fuerunt

149 1021 302 1058 declarata,
317 1027 512 1050 verumtamen
527 1017 606 1046 novit
621 1016 701 1046 Deus
715 1015 864 1052 quomodo
880 1015 897 1033 *ι
913 1017 1043 1044 Dominus
1057 1013 1140 1053 noster
1159 1012 1200 1042 est

150 1061 184 1091 &
200 1059 267 1090 Nos
279 1060 364 1090 etiam
375 1059 414 1088 sui
427 1057 519 1086 sumus
534 1053 654 1092 dispositi
667 1054 701 1084 ad
718 1053 837 1091 Pacem,
855 1053 888 1083 &
904 1061 1018 1091 propter
1031 1053 1103 1082 hanc
1117 1051 1201 1082 Con-

148 1098 316 1136 sequendam
330 1097 448 1127 fecimus
462 1104 493 1124 ea
508 1102 572 1132 quae
584 1093 703 1122 fecimus
716 1094 750 1123 ὃς
761 1093 931 1129 obtulimus,
947 1092 979 1122 ὃς
994 1090 1056 1120 alias
1071 1090 1126 1119 sine
1146 1089 1200 1118 du<-

150 1137 201 1166 bio
213 1145 287 1167 tanta
301 1144 359 1165 non
372 1132 549 1169 fecissemus,
563 1141 653 1168 quum
669 1130 730 1161 talia
744 1131 776 1161 ὃς
788 1138 862 1161 tanta
877 1139 1021 1167 nunquam
1033 1129 1145 1159 fuerunt
1160 1128 1201 1157 fa-

149 1175 194 1205 c‘ta
210 1174 308 1204 diebus
329 1171 448 1210 nostris,
466 1181 546 1208 quae,
565 1178 595 1199 ut
614 1178 744 1207 apparet,
761 1179 813 1199 vos
831 1178 892 1199 non
912 1167 1089 1198 consideratis
1109 1175 1201 1203 neque

147 1212 300 1252 appenditis
319 1220 420 1242 eorum
442 1207 683 1248 Magnitudinem:
702 1207 746 1237 sed
763 1208 842 1244 quia,
861 1215 890 1237 ut
912 1206 1049 1243 diximus,
1068 1205 1202 1235 habemus

148 1251 179 1281 in
194 1250 335 1285 Mandatis
348 1250 439 1280 redire
451 1248 485 1278 ad
508 1250 652 1277 Dominum
672 1245 788 1284 nostrum
811 1254 875 1275 ante
893 1244 1103 1281 Expirationem
1126 1242 1203 1272 Salvi

148 1286 324 1320 Condud‘tus
337 1287 442 1325 nostri,
459 1288 493 1318 &
508 1285 589 1324 quod
603 1285 677 1315 clare
696 1285 852 1322 percipietis
875 1284 955 1320 qubd
975 1292 1033 1311 non
1053 1281 1135 1311 stabit
1155 1289 1202 1317 per

148 1338 203 1358 nos
225 1328 292 1365 quin
312 1326 371 1357 Pax
393 1325 443 1356 ista
466 1325 607 1362 sequetur,
626 1322 695 1352 Deo
710 1323 808 1359 dante,
828 1322 938 1351 bonum
953 1320 1042 1351 visum
1057 1317 1098 1350 est
1120 1319 1202 1348 nobis

148 1366 246 1405 qu‘od,
262 1366 405 1403 capiantur
418 1363 543 1402 Treugae
558 1371 617 1395 non
633 1362 746 1398 longae,
765 1360 864 1398 quibus
879 1359 980 1396 poterit
1004 1358 1053 1387 ista
1074 1358 1132 1387 Pax
1157 1355 1203 1386 fir-

149 1406 221 1435 mari
242 1405 274 1436 &
296 1403 445 1441 concludi:
467 1403 501 1433 &
516 1401 580 1438 quia
593 1399 795 1437 preloquutum
810 1398 899 1428 fuerat
912 1399 1026 1427 Domino
1042 1395 1130 1436 vestro
1150 1398 1204 1424 Re-

145 1447 192 1482 gi,
211 1444 243 1474 &
266 1444 349 1473 etiarn
369 1442 450 1472 vobis
471 1440 523 1470 suis
543 1437 793 1468 Ambaffiatoribus
813 1437 876 1474 hic,
895 1446 942 1473 per
967 1434 1119 1465 Personam
1143 1443 1204 1463 me-

151 1483 229 1512 diam
249 1480 417 1517 (videlicet)
439 1486 488 1517 per
506 1477 670 1507 Guitardum
685 1475 721 1506 de
741 1474 899 1514 hujusmodi
919 1474 1020 1504 Literis
1050 1473 1116 1502 hinc
1138 1472 1203 1502 inde

150 1518 344 1559 proponendis
364 1519 397 1549 &
419 1516 567 1553 faciendis,
585 1515 716 1545 volumus
737 1514 770 1544 ὃς
791 1513 881 1552 placet
902 1512 983 1542 nobis
1004 1511 1084 1549 quod
1104 1511 1205 1541 dentur

150 1560 220 1589 hinc
243 1557 310 1587 inde
329 1557 393 1586 tales
413 1556 533 1592 Literae,
551 1556 584 1585 &
605 1563 666 1583 non
686 1552 777 1582 solum
793 1552 827 1581 ad
843 1549 957 1581 Festum
971 1549 1206 1579 Circumcifionis

151 1596 296 1634 Domini,
315 1602 347 1625 ut
360 1602 418 1625 erat
431 1594 557 1630 dietum,
575 1592 621 1622 sed
633 1590 668 1623 ad
684 1589 799 1621 Festum
814 1588 1018 1620 Purificationis
1033 1587 1124 1618 Beatae
1142 1587 1207 1618 Vir-

147 1635 219 1675 ginis
230 1634 378 1665 duraturae.

0 1039 17 1060 ⁹
38 1039 90 1067 IX.

0 1079 61 1114 545.

187 1709 243 1749 Et,
260 1707 302 1741 his
316 1708 414 1747 dietis,
432 1714 575 1740 traxerunt
590 1707 616 1737 se
629 1704 842 1745 Ambaffiatores
860 1707 938 1742 Regis
953 1703 988 1733 ad
1008 1698 1138 1741 Partem,
1156 1703 1207 1741 &,

151 1749 331 1780 redeuntibus
345 1748 413 1785 illis,
432 1746 574 1783 Magister
589 1745 722 1783 Philippus
744 1744 886 1775 Recitavit
907 1741 1137 1780 Archiepiscopum
1158 1742 1207 1772 sub

152 1787 330 1825 compendio
341 1786 438 1817 dixisse
451 1786 538 1823 Tria,

191 1826 230 1857 Et
242 1834 380 1863 quantum
394 1825 428 1855 ad
446 1826 563 1853 Primum
578 1821 732 1860 (videlicet)
743 1820 777 1851 ad
790 1820 1010 1858 Dispofitionem
1025 1827 1125 1849 eorum
1148 1820 1208 1847 Do-

153 1867 221 1894 mini
245 1863 379 1901 Dalphini
401 1863 436 1893 ad
455 1862 576 1899 Pacem,
593 1861 672 1898 quod
693 1858 852 1890 constanter
873 1859 1023 1895 afferebat,
1050 1856 1207 1894 Respondit

153 1902 252 1939 quod,
278 1902 328 1939 nisi
350 1902 448 1932 clarius
465 1899 532 1930 illud
552 1900 705 1936 percipiant
726 1897 850 1928 Domini
874 1898 932 1933 sui,
958 1906 1044 1935 quam
1067 1905 1115 1932 per
1136 1895 1207 1933 ipsos

154 1941 217 1971 suos
233 1939 450 1971 Ambaffiatores
465 1945 666 1978 perceperunt,
685 1947 746 1967 non
759 1935 875 1967 credent
888 1937 976 1976 ipsum
989 1937 1022 1966 ad
1042 1934 1150 1964 Pacem
1169 1934 1207 1964 ita

155 1975 331 2047 Dipspositum
347 1986 377 2008 ut
393 1977 442 2016 ipsi
458 1977 627 2015 praedicant,

219 2026 248 2054 t,
265 2026 401 2054 quantum
423 2015 458 2046 ad
479 2015 637 2052 hujusmodi
662 2013 790 2051 Treugas
810 2012 971 2050 capiendas,
988 2011 1008 2042 fi
1030 2013 1068 2042 eis
1082 2010 1208 2041 videatur

155 2054 434 2126 ἓξρθὸἑΐιὲἒὲἰᾶἶὲῗὲ
447 2054 698 2122 Ῥῗὲῗῖγῗὲῗὶἴς
704 2048 1208 2120 Risioffmissffffcssssssaefflfizr‘iffisasnc

156 2133 253 2163 caeteri
276 2129 400 2162 Domini
420 2130 458 2160 sui
480 2100 843 2166 Amgbaffiatiares'ibidem
869 2128 978 2165 pollent
996 2129 1026 2158 in
1048 2111 1210 2164 aliquo'suo

157 2171 302 2210 disponere
314 2171 347 2201 ὅ(
361 2168 495 2200 defiderio
506 2168 616 2206 valere,
634 2167 713 2206 quod
727 2167 776 2204 ipsi
789 2168 891 2197 facient
903 2166 995 2196 debita
1009 2166 1054 2196 sua
1074 2165 1211 2195 affecura—

158 2218 206 2247 re,
223 2211 257 2241 &
279 2207 359 2246 quod
380 2207 563 2237 consimiliter
581 2206 693 2244 possent
710 2205 760 2243 ipsi
780 2205 888 2242 facere,
907 2205 927 2235 s1
947 2205 1050 2235 vellent
1069 2203 1103 2233 ad
1117 2203 1211 2240 hujus-

160 2247 241 2277 modi
265 2246 368 2276 Literas
391 2245 577 2276 Abstinentiae
601 2245 736 2282 tractare,
750 2244 846 2282 quod,
865 2253 925 2274 non
939 2243 1069 2273 obstante
1084 2241 1164 2279 quod
1179 2241 1212 2270 ii-

158 2286 227 2316 dem
248 2282 372 2322 Domini
390 2284 429 2314 sui
448 2284 588 2314 habebant
609 2282 796 2314 sufficientem
819 2282 989 2313 Potestatem
1015 2281 1080 2312 tales
1109 2280 1212 2309 Literas

160 2323 350 2355 Concedendi
363 2347 372 2360 ,
398 2322 508 2360 adhuc,
532 2322 581 2352 nifi
597 2322 725 2352 viderent
741 2322 811 2358 ipsos
826 2321 861 2351 ad
881 2320 985 2350 Pacem
1004 2320 1102 2350 melius
1119 2318 1212 2355 dispo-

160 2362 241 2399 sitos,
259 2371 347 2401 quam
365 2361 427 2391 sunt
445 2360 481 2391 de
499 2360 592 2396 facto,
610 2368 641 2390 ut
658 2367 786 2397 apparet,
803 2359 868 2390 tales
884 2369 945 2389 non
959 2358 1148 2389 concederent
1163 2357 1212 2386 be-

160 2402 200 2432 ne
219 2400 316 2438 scivit,
343 2400 378 2430 &
393 2399 473 2437 quod
490 2399 539 2437 ipsi
558 2397 771 2437 Ambaffiatores
787 2397 919 2435 Dalphini
935 2397 1046 2426 ulterius
1065 2395 1213 2426 immorari

159 2439 264 2470 vellent
283 2439 312 2468 in
330 2437 480 2476 Tractatu,
497 2438 529 2469 ὃ(
548 2437 624 2476 plura
642 2439 676 2469 &
693 2437 743 2467 alia
759 2435 864 2467 offerre
879 2445 964 2474 quam
982 2435 1118 2466 fecerunt.

199 2512 313 2554 Qibus
331 2511 414 2545 dietis
429 2516 530 2546 iterum
546 2514 572 2545 se
590 2521 730 2546 traxerunt
748 2513 856 2552 praefati
874 2512 1085 2551 Ambaffiatorex
1101 2509 1215 2549 Delphi-

161 2557 191 2584 ni
205 2555 238 2593 ad
258 2552 388 2591 Partem,
406 2555 439 2584 &
454 2554 597 2584 redeuntes
614 2553 762 2591 dixerunt,

199 2595 314 2622 Domine
332 2595 440 2628 comes,
458 2591 518 2626 &c.

198 2629 332 2660 Novistis
357 2630 508 2668 quomodo
533 2631 561 2660 in
582 2629 640 2670 isto
664 2629 800 2659 Trai-statu
821 2629 879 2667 jam
904 2639 919 2658 a
942 2628 989 2659 diu
1017 2628 1142 2658 stetimus
1160 2626 1217 2656 fine.

163 2667 258 2699 fru&u
273 2691 283 2706 ,
314 2668 348 2698 ὃς
369 2668 521 2706 quomodo
540 2668 724 2698 effectualiter
743 2667 861 2698 fecimus
882 2667 1021 2697 Debitum
1039 2666 1166 2697 nostrum
1182 2665 1216 2695 ad

167 2707 290 2750 eundem
305 2707 387 2737 novit
404 2707 503 2745 Deus,
521 2706 718 2743 nihilominus,
736 2707 800 2743 quia
817 2715 930 2743 oportet
949 2705 1015 2735 Nos
1035 2705 1162 2742 transire,
1181 2705 1215 2734 ὃς

165 2752 249 2788 ettam
268 2745 348 2782 quod
365 2746 447 2775 vobis
464 2745 618 2776 obtulimus
637 2744 765 2774 Maxima
781 2765 789 2781 ,
820 2746 849 2774 in
867 2753 976 2774 tantum
995 2743 1074 2781 quod
1096 2743 1130 2773 ad
1157 2752 1217 2772 ma-

161 2793 225 2821 jora
241 2783 393 2827 *ascendere
419 2792 477 2814 non
494 2783 662 2821 possumuS,
688 2783 768 2813 sicuti
784 2793 837 2813 nec
855 2783 990 2813 debemus
1011 2783 1100 2818 (cum
1120 2781 1164 2811 illa
1181 2780 1218 2811 de

165 2831 248 2851 omni
279 2822 386 2851 rarione
406 2831 458 2852 vos
482 2823 604 2857 debeant
629 2822 809 2858 contentare)
828 2823 861 2852 &
888 2822 951 2859 quia
975 2823 1105 2850 Dominus
1130 2819 1217 2860 veJhr

165 2863 226 2890 Rex
244 2859 286 2890 est
303 2856 437 2896 Princeps
454 2859 662 2896 sapientiffimus
680 2861 712 2890 ὃ(
732 2860 758 2889 se
777 2860 891 2897 rationi,
910 2867 939 2889 ut
957 2858 1130 2896 audivimus,
1152 2859 1218 2889 iolet

166 2899 321 2935 inclinare;
345 2898 428 2928 ecce!
455 2908 502 2936 per
520 2900 665 2927 Dominum
683 2898 714 2927 de
732 2901 846 2927 Severac
862 2899 894 2927 &
911 2897 1033 2926 Guitard
1048 2898 1114 2934 (qui
1133 2906 1216 2934 penes

167 2936 258 2973 ipsum
273 2937 377 2967 habent
390 2958 399 2974 ,
425 2945 455 2966 ut
473 2936 593 2966 asserunt
610 2959 619 2973 ,
641 2935 691 2966 alia
710 2935 877 2973 Peragenda)
898 2934 1117 2965 Committirnus
1135 2935 1219 2965 Facta

168 2973 264 3017 nostra
279 2976 334 3005 suae
352 2976 518 3013 Serenitati,
543 2983 679 3012 quantum
698 2973 732 3002 ad
752 2973 910 3010 hujusmodi
927 2983 1021 3010 parvas
1041 2973 1166 3013 Treugas
1186 2975 1219 3005 &

170 3008 276 3042 Literas
298 3012 472 3043 declarandas
483 3036 494 3051 ,
527 3014 574 3051 qui
592 3015 707 3042 Domino
725 3011 810 3051 nostro
827 3010 959 3048 Delphina
976 3012 1121 3049 superinde
1137 3011 1221 3043 affer—

169 3059 233 3081 rent
248 3049 428 3088 Responsum
442 3052 531 3082 suum.

208 3126 264 3164 Et,
284 3125 347 3164 post
366 3125 434 3165 ista,
452 3127 589 3167 Magister
607 3127 740 3166 Philippus
754 3127 839 3166 dixit,

206 3162 426 3203 Reverendrffime
443 3168 543 3204 Pater,
560 3165 622 3200 &c.

206 3203 283 3233 Non
299 3204 428 3241 mittatis,
453 3204 626 3241 quaesumus,
648 3204 683 3234 ad
701 3203 919 3243 Suggestionem
938 3199 1082 3242 nostram,
1105 3206 1221 3233 Domino

170 3241 256 3282 nostro
273 3244 354 3280 Regi,-
375 3241 436 3279 sed,
455 3241 475 3271 fi
496 3242 577 3271 vobis
596 3241 719 3273 videatur
734 3243 897 3280 expediens,
919 3243 1031 3273 mittatis
1049 3243 1081 3272 &
1102 3252 1160 3271 non
1173 3242 1221 3271 alri-

171 3289 232 3318 ter,
250 3280 302 3318 &,
320 3286 454 3318 quantum
471 3279 506 3309 ad
525 3279 609 3318 Nos,
633 3290 692 3310 non
709 3280 839 3310 dubitetis
856 3282 924 3319 quin
944 3280 1049 3317 semper
1066 3279 1100 3310 ad
1117 3280 1220 3310 Pacem

169 3318 336 3348 firmandam
355 3318 567 3356 procurabimus
582 3342 592 3356 ,
620 3319 653 3349 &
669 3319 703 3348 ad
720 3328 819 3349 omnes
838 3319 903 3348 Vns
922 3320 1095 3349 rationabiles
1113 3318 1221 3356 Hujus-

170 3357 251 3387 modi
269 3355 367 3395 Pacis,
391 3357 460 3388 ficut
478 3355 620 3394 hucusque
638 3356 757 3386 fecimus
771 3379 781 3394 ,
805 3364 835 3386 ut
854 3358 925 3386 bene
944 3357 1016 3387 scitis
1029 3380 1038 3395 ,
1063 3357 1108 3388 seu
1127 3357 1220 3387 saltem

170 3395 241 3426 scire
259 3395 366 3426 debetis
383 3405 430 3432 per
447 3394 521 3425 faeta
537 3394 631 3424 nostra
646 3416 656 3432 ‚
681 3396 715 3426 &
733 3394 770 3424 fic
787 3393 922 3424 faciemus
933 3417 942 3432 ,
967 3397 1099 3425 omnibus
1124 3395 1221 3425 diebus

171 3435 239 3464 vitae
257 3433 360 3464 nostrae
377 3433 576 3471 perseverando
590 3443 597 3462 :
623 3433 657 3463 &
669 3455 679 3471 ,
710 3433 759 3470 qui
776 3442 829 3462 vos
846 3432 945 3462 scimus
962 3432 1107 3463 Dominos
1126 3435 1222 3471 magni

171 3471 265 3503 Statfis
283 3474 317 3504 &
335 3470 512 3509 Prudentiae,
538 3481 590 3501 vos
608 3471 772 3510 requirimus
787 3471 832 3507 (ὅτ
849 3471 916 3500 absit
931 3470 993 3501 alias
1011 3472 1028 3501 a
1044 3472 1127 3502 vobis
1143 3480 1174 3502 ut
1192 3482 1221 3501 a·

171 3511 236 3541 liter
260 3511 422 3549 ubicunque
447 3511 580 3546 locorum
603 3509 761 3546 reportetis)
787 3509 855 3546 quin
883 3508 950 3539 Nos
970 3519 1022 3547 pro
1038 3518 1113 3547 parte
1128 3510 1221 3540 nostra

172 3549 292 3580 fecimus
307 3550 405 3580 omnia
423 3558 486 3586 quae
505 3548 610 3579 Pacem
629 3546 709 3577 istam
728 3546 763 3577 de
775 3548 881 3577 ratione
894 3547 1006 3585 pollent
1020 3548 1168 3586 inducere,
1187 3548 1221 3578 &

172 3587 250 3625 plura
275 3589 309 3619 &
333 3587 383 3619 alia
405 3587 539 3618 faciemus
564 3586 583 3616 si
607 3586 640 3616 &
665 3593 799 3623 quatenus
823 3595 874 3615 vos
894 3586 975 3615 vultis
995 3587 1160 3622 immorari,
1188 3588 1221 3617 ὃς

173 3625 278 3656 offerre
302 3626 385 3656 nobis
409 3626 469 3656 talia
483 3649 493 3663 ,
524 3625 560 3656 de
586 3624 686 3662 quibus
710 3623 798 3661 posset
823 3625 951 3653 Dominus
969 3624 1055 3664 noster
1069 3627 1129 3653 Rex
1148 3634 1220 3654 con-

173 3665 289 3708 tentari,
308 3671 362 3694 nec
382 3674 431 3702 per
446 3674 498 3695 nos
515 3663 608 3694 deficit
627 3664 695 3700 quin
713 3661 760 3691 fiet
778 3660 827 3691 ista
846 3661 920 3699 Pax,
939 3672 992 3692 nec
1011 3662 1158 3700 aliquando
1173 3662 1223 3692 de—

173 3700 249 3770 ἓξὲξ
263 3711 293 3733 m
310 3702 460 3741 futurum3
494 3702 528 3734 &
546 3702 624 3740 super
641 3703 699 3732 hoc
718 3699 816 3730 Deum
835 3700 999 3731 assumimus
1016 3702 1098 3731 nobis
1116 3702 1146 3730 in
1164 3700 1224 3731 Te-

210 3811 325 3857 Et,·his
342 3816 439 3855 dietis,
457 3815 515 3848 fine
537 3814 662 3855 pluribus
680 3813 869 3852 surrexerunt,
885 3815 936 3852 &‚
952 3814 1176 3847 valefacientibus
1195 3816 1221 3847 se

172 3850 209 3881 ad
219 3852 361 3895 invicem,
379 3856 564 3895 recesserunt,
582 3854 646 3894 post
661 3854 812 3885 Prandium
827 3854 860 3884 ad
874 3853 954 3890 suos,
972 3856 1019 3892 qui
1033 3855 1058 3884 se
1071 3854 1220 3892 miserunt,

172 3888 320 3920 Dominos
332 3894 470 3924 reversuri.

283 3965 350 3996 Ric.
371 3964 516 4008 Caudray,
529 3970 719 4010 praemifforum
734 3967 868 4000 Ac‘t’orum
882 3965 974 4000 Scriba
988 3967 1026 4004 &
1038 3971 1181 4000 Notarius.

211 4043 285 4074 Tam.
308 4044 357 4073 IV.
374 4042 408 4073 P.
426 4044 484 4074 m.

1235 119 1719 163 PUBLICA.

2248 133 2270 171 7
2279 130 2301 170 5

2299 200 2376 232 Ann.
2392 199 2434 232 D,

2327 239 2412 279 1418.

1484 286 1510 312 *ἕ
1536 291 1581 322 De
1598 292 1743 322 Financia
1761 285 1873 332 Jacobi
1893 289 2038 334 Douglas.
2298 283 2417 343 fel-ax?

1239 372 1375 427 REX,
1390 384 1448 416 'per
1472 373 1576 403 Literas
1598 373 1655 403 suas
1676 372 1820 409 Patentes,
1844 372 2074 416 usque-primum
2091 371 2166 402 diem
2190 369 2287 401 Martii
2300 355 2367 389 ⁶4⁶·

1254 424 1258 426 ·
1317 414 1449 449 proximo
1472 411 1596 441 futurum
1621 411 1779 447 duraturas,
1799 411 1913 448 suscepit
1934 421 1962 440 1n
1982 410 2088 440 salvum
2109 411 2141 441 &
2158 410 2286 440 securum
2330 402 2356 418 '¹'

1237 445 1429 480 Condueium
1449 449 1547 488 suum,
1566 459 1597 478 ac
1619 451 1646 478 in
1662 449 1895 489 Proreffionem,
1912 448 2099 486 Tuitionem,
2117 449 2150 479 &
2178 448 2286 478 Defen-
2304 434 2338 456 H
2350 475 2360 494 t
2389 468 2407 493 5

1236 484 1393 518 fensionem
1417 488 1474 518 suas
1493 486 1620 524 speciales
1642 487 1815 524 Magistrum
1840 486 2032 516 Alexandrum
2060 487 2092 516 de
2121 490 2223 525 Carnys
2250 486 2285 515 de
2304 475 2370 495 ⁶⁶⁰*
2411 487 2417 493 '

1236 522 1349 563 Scoria,
1367 535 1435 557 cum
1458 525 1540 556 Octo
1561 525 1686 555 Personis
1709 526 1741 555 ὃς
1764 524 1845 554 OCto
1865 524 1952 562 Equis
1966 526 1993 554 in
2008 525 2155 555 Comitiva
2172 525 2234 563 sua,
2255 525 2286 553 in
2303 510 2339 572 ἔ

1237 560 1372 601 Regnum
1396 563 1483 601 Regis
1504 564 1630 600 Anoliae‚
1650 572 1719 593 curn
1738 562 1949 599 Redemptione
1970 563 2015 592 seu
2035 563 2165 593 Financia
2186 563 2286 600 Jacohi
2324 567 2330 574 ·

1237 601 1373 643 Douglas,
1391 611 1479 640 nuper
1493 588 1658 639 Prisgnaru,
1677 601 1772 631 dilecti
1787 601 1819 631 ὃς
1834 600 1920 630 fidelis
1934 600 2039 638 Regis,
2057 600 2197 637 Johannis
2220 600 2290 630 Phe-

1237 636 1288 682 ltpp
1302 640 1434 670 Chivaler
1450 639 1604 678 Defundii,
1624 641 1651 669 in
1666 639 1768 669 eodem
1792 638 1898 677 Regno
1919 638 2030 676 Angliae
2053 639 2200 677 solvenda,
2220 649 2293 677 quo·-

1238 686 1307 721 tiens
1322 679 1369 746 sigi
1387 679 1518 746 plaicuerit
1532 678 1692 716 veniendo,
1710 676 1819 707 ibidem
1836 676 1992 714 morando,
2010 677 2042 707 &
2057 677 2156 707 exinde
2170 678 2204 708 ad
2226 687 2293 715 pro-

1259 726 1296 745 na
1312 726 1339 746 re
1360 726 1413 746 eun
1435 727 1468 746 o·

1238 726 1264 798 p*
1276 753 1395 785 Proviso
1417 740 1526 792 semper
1548 753 1644 792 quod,
1669 750 1729 788 &a
1746 758 1777 782 ut
1799 757 1828 783 in
1850 751 1981 782 Similibus
2002 752 2033 781 de
2055 753 2190 782 Condubi‘u
2213 756 2293 783 Lite·

1239 802 1263 820 rt

2355 413 2400 464 5·⁴

2355 514 2383 542 5.
2429 524 2436 533 ψ

1239 803 1496 898 Ιὲἷάὶεῦρξκήῑο
1508 829 1618 870 Custode
1635 829 1709 868 apud
1721 828 1978 868 Wstmonasterium
1994 828 2121 859 Decimo
2135 830 2218 859 tertio
2235 828 2294 860 Die

1296 879 1363 899 vem
1385 879 1429 899 HS.

1944 947 1998 974 Per
2017 941 2166 974 Concilium.

1311 1067 1471 1110 Commiffio
1489 1068 1532 1100 ad
1547 1067 1785 1102 Promittendum
1804 1067 1885 1114 quod
1903 1080 1959 1099 non
1974 1064 2096 1099 debeant
2102 1065 2231 1110 firmari

1483 1117 1659 1163 Alliganciae
1674 1129 1743 1149 cum
1763 1119 1844 1149 Duce
1862 1114 2050 1163 Burgundios.

1245 1198 1450 1260 HEnricus,
1474 1201 1534 1231 &0
1562 1200 1728 1239 Hiberniae,
1752 1199 2000 1231 Reverendiffimo
2020 1200 2049 1229 in
2072 1198 2189 1229 Christo
2208 1199 2300 1237 Patri,
2320 1187 2448 1221 Anu-D·

1336 1240 1470 1275 Henrico,
1488 1238 1587 1268 eadem
1604 1238 1721 1276 Gratia,
1740 1238 1940 1278 Cantuarienfi,
1959 1240 2018 1269 &c.
2037 1237 2197 1268 Venerabili
2213 1238 2299 1276 Patri,
2346 1228 2432 1265 1418.

1247 1276 1380 1320 Domino
1394 1278 1511 1305 Henrico
1523 1276 1674 1316 Cicestrenfi
1686 1277 1825 1316 Episcopo,
1841 1277 1984 1306 cariilimis
1997 1276 2222 1315 consanguineis
2246 1286 2302 1306 no-
2320 1270 2372 1293 An.
2388 1268 2417 1293 ⁶·

1246 1315 1321 1353 stris,
1339 1315 1453 1343 Ricardo
1469 1317 1565 1344 comiti
1582 1317 1744 1352 Warwae‘cae,
1762 1315 1795 1344 ὃ(
1810 1313 1915 1343 Thomae
1928 1318 2024 1344 Comiti
2043 1317 2157 1352 Sarum,
2175 1324 2208 1344 ac
2231 1314 2301 1344 dile-
2320 1309 2353 1332 H.
2374 1314 2403 1349 5.-

1246 1354 1298 1382 &is
1317 1353 1350 1384 &
1369 1352 1495 1383 fidelibus
1518 1353 1632 1392 nostris,
1650 1352 1780 1391 Johanni
1798 1355 1913 1382 Domino
1934 1353 1966 1381 de
1987 1356 2078 1391 Gray,
2096 1355 2211 1382 Henrico
2233 1355 2298 1382 Fitz
2321 1348 2357 1370 Ex
2366 1341 2432 1387 ΒΖΗ]

1245 1391 1327 1428 Hugh
1351 1390 1515 1421 Camerario
1528 1391 1644 1430 nostro,
1662 1390 1784 1420 Waltero
1798 1390 1986 1427 Hungerforde
2001 1391 2154 1421 Senescallo
2176 1391 2299 1427 Hospitii
2317 1385 2374 1426 0⁰²1
2389 1383 2435 1408 T1·

1246 1430 1353 1466 nostri,
1367 1439 1499 1466 necnon,
1523 1429 1630 1460 dilectis
1650 1429 1719 1467 fibi,
1745 1428 1850 1458 Thomae
1871 1428 2026 1466 Chauciers,
2047 1428 2194 1459 Willielmo
2209 1428 2302 1468 Alyn-
2322 1420 2405 1447 bmm

1246 1475 1309 1504 ton,
1329 1469 1361 1498 &
1380 1467 1520 1507 Magistro
1532 1467 1660 1506 Johanni
1673 1468 1750 1497 Stoke
1766 1467 1882 1504 Legum
1897 1467 2038 1505 Dodmri,
2055 1466 2188 1498 Salutem.
2320 1462 2349 1485 B.
2365 1455 2454 1493 ⁶-f0lv

1284 1505 1331 1536 Ad
1355 1506 1586 1537 promittendum
1605 1507 1639 1538 δε
1661 1505 1910 1536 Concordandum
1926 1529 1935 1542 ,
1960 1514 2011 1543 pro
2032 1504 2116 1534 Nobis
2131 1506 2164 1536 ὃς
2184 1507 2302 1536 nomine
2322 1505 2363 1533 13·
2379 1499 2416 1523 Α·

1249 1544 1366 1582 nostro,
1382 1544 1483 1575 Illustri
1497 1544 1638 1582 Principi,
1655 1543 1800 1583 Dauphino
1814 1544 1847 1573 de
1862 1546 1985 1581 Vienna,
2005 1541 2228 1580 Consanguineo
2250 1554 2303 1574 no-

1249 1582 1307 1614 stro
1323 1582 1479 1621 carissimo,
1496 1584 1529 1614 &
1542 1593 1611 1614 cum
1624 1592 1678 1621 e0,
1696 1594 1729 1614 ac
1743 1582 1800 1612 aliis
1820 1582 2033 1620 quibuscunque
2053 1581 2306 1612 Ambassiatoribus

1249 1622 1316 1660 suis,
1334 1621 1505 1652 Potestatem
1525 1622 1554 1652 in
1573 1622 1627 1652 hac
1646 1630 1724 1666 parte
1746 1621 1913 1651 habentibus

1949 1630 1981 1651 ac
2004 1620 2110 1650 Literas
2130 1619 2211 1657 ipsius
2225 1618 2309 1650 Con-

1250 1660 1390 1698 sanguinei
1409 1659 1517 1697 nostri,
1535 1661 1585 1691 sub
1602 1660 1699 1700 Sigillo
1714 1659 1764 1690 suo
1780 1659 1899 1689 fimilem

1919 1643 2140 1689 Promiffionem
2160 1659 2310 1688 continen-

1251 1707 1307 1737 tes,
1325 1699 1534 1737 exhibentibus,
1553 1699 1649 1736 quod,
1667 1708 1682 1728 a
1701 1697 1760 1728 Die
1778 1697 1862 1728 Datae
1879 1697 2078 1734 Praesentium,
2098 1698 2183 1734 usque
2199 1696 2233 1726 ad
2254 1696 2308 1727 Fe-

1250 1737 1325 1768 stum
1343 1736 1575 1768 Circumcisionis
1593 1738 1727 1775 proximo
1744 1736 1871 1766 futurum
1886 1759 1895 1773 ,
1922 1745 1980 1765 non
1998 1734 2232 1771 Concludemus,
2258 1745 2308 1764 ne-

1251 1786 1306 1812 que
1339 1775 1524 1806 Firmabimus
1543 1800 1553 1814 ,
1588 1785 1656 1806 cum
1680 1774 1810 1813 Johanne
1836 1774 1911 1803 Duce
1934 1773 2099 1811 Burgundiae
2126 1773 2308 1811 Alligantias,

1252 1813 1520 1845 Confoederationes
1533 1838 1541 1852 ,
1567 1814 1611 1844 seu
1634 1814 1797 1850 Amicitias,
1827 1812 1872 1842 sed
1892 1813 1970 1850 quod
1987 1823 2001 1842 a
2020 1810 2231 1842 Concludendo
2251 1811 2309 1841 five

1250 1853 1404 1883 Firmando
1425 1852 1585 1892 Alligantias
1601 1853 1647 1883 seu
1667 1851 1814 1882 Amicitias
1832 1851 1994 1888 hujusmodi
2010 1849 2308 1887 qualescunque,cutn

1250 1893 1368 1929 praefato
1388 1891 1490 1930 Duce,
1518 1891 1603 1929 usque
1619 1890 1729 1921 diuum
1748 1889 1862 1919 Festum
1881 1888 2129 1926 circumcisionis,
2157 1887 2225 1917 Nos
2242 1897 2307 1917 om-

1250 1931 1319 1960 nino
1337 1929 1556 1968 abstinebimus,

1288 1968 1325 1998 Et
1349 1969 1429 2006 quod
1454 1966 1598 1999 Praemissa
1621 1968 1655 1998 &
1675 1966 1857 1997 Concordata
1874 1964 2032 2003 hujusmodi
2049 1964 2124 1995 bene
2140 1965 2173 1995 ὅ(
2191 1963 2310 1994 fideliter

1251 2006 1472 2038 observabimus
1492 2008 1521 2037 in
1541 2007 1676 2037 Animam
1695 2005 1818 2036 nostram
1833 2004 1959 2041 jurandi,

1288 2044 1456 2083 Caeteraque
1474 2046 1571 2075 omnia
1589 2044 1623 2074 &
1639 2043 1740 2083 singula
1756 2042 1887 2073 Faciendi
1902 2065 1912 2081 ,
1947 2041 2105 2073 Exercendi
2120 2063 2128 2078 ,
2159 2040 2191 2071 ὃς
2216 2040 2310 2078 Expe-

1253 2083 1347 2114 diendi
1371 2093 1434 2121 quae
1456 2084 1485 2113 in
1510 2082 1660 2113 Praemiffis
1687 2083 1721 2114 &
1746 2083 1821 2112 circa
1840 2091 1871 2111 ea
1889 2081 2038 2111 necessaria
2053 2081 2156 2110 fuerint
2173 2079 2217 2109 seu
2237 2088 2310 2117 quo-

1254 2122 1413 2152 modolibet
1430 2130 1585 2159 oportuna,
1603 2121 1687 2151 vobis
1705 2121 1776 2158 Sex,
1802 2120 1935 2158 Quatuor
1950 2128 1996 2149 aut
2012 2119 2098 2148 tribus
2117 2117 2242 2148 vestrum
2264 2117 2311 2154 (de

1253 2170 1379 2199 quorum
1396 2160 1542 2191 Fidelitate
1557 2182 1567 2198 ,
1589 2158 1855 2198 circumspectione
1870 2182 1879 2196 ,
1903 2159 1936 2188 &
1954 2156 2092 2187 Industria
2108 2156 2220 2193 plenam
2239 2155 2311 2185 fidu-

1254 2201 1328 2229 ciam
1344 2200 1466 2267 gffgimus
1484 2200 1518 2229 &
1537 2197 1692 2236 habemus)
1709 2197 1918 2228 committimus
1936 2194 2020 2226 Vices
2039 2194 2146 2225 nostras
2157 2217 2167 2233 ‚
2199 2203 2233 2225 ac
2251 2193 2311 2231 ple-

1255 2247 1338 2274 nam,
1388 2246 1475 2267 enore
1491 2236 1692 2274 Praesentium,
1711 2235 1903 2267 Potestatem:

1292 2274 1507 2313 Promittentes,
1524 2274 1602 2306 boni
1623 2274 1706 2312 Fide,
1721 2276 1755 2306 &
1771 2273 1870 2304 Verbo
1890 2271 2002 2311 Regio,
2018 2270 2088 2302 Nos
2106 2270 2312 2310 Ratum,Gra-

1253 2322 1316 2345 tum
1333 2336 1342 2351 ,
1368 2314 1402 2344 ὃς
1421 2313 1547 2343 Firmum
1566 2313 1709 2343 habituros
1724 2321 1818 2343 totum
1837 2312 1870 2342 &
1889 2311 2043 2348 quicquid,
2064 2320 2113 2348 per
2136 2308 2213 2346 Vos,
2239 2309 2310 2346 Sex,

1256 2352 1408 2420 Qg-tuor,
1426 2359 1473 2382 aut
1486 2351 1559 2382 Tres
1577 2350 1723 2388 vestrum,
1741 2351 1850 2382 Actum
1869 2349 1924 2380 five
1942 2348 2067 2379 Gestum
2085 2348 2168 2379 fuerit
2186 2348 2217 2378 in
2231 2347 2310 2378 Prae-

1255 2400 1296 2420 mi
1321 2401 1351 2420 is.

1291 2428 1326 2459 In
1341 2427 1419 2464 cuius
1434 2428 1473 2458 rei
1487 2426 1699 2458 Testimonium
1713 2427 1761 2458 has
1777 2427 1883 2458 Literas
1905 2425 2013 2456 nostras
2036 2424 2096 2455 fieri
2119 2424 2238 2456 fecimus
2258 2424 2312 2456 Pa-

1256 2475 1354 2500 tentes*

1293 2505 1385 2535 Teste
1409 2505 1531 2542 meipso,
1548 2505 1576 2534 in
1592 2504 1725 2535 Exercitu
1737 2503 1852 2541 nostro,
1871 2511 1935 2533 ante
1949 2505 2099 2532 Civitatem
2117 2500 2314 2538 Rothomagen-

1250 2544 1309 2586 fi’m
1323 2543 1450 2574 Decimo
1465 2551 1563 2581 quarto
1577 2542 1636 2574 Die
1650 2543 1847 2581 Novembris,
1865 2543 1952 2572 Anno
1967 2542 2063 2581 Regni
2076 2540 2165 2570 nostri
2179 2540 2276 2570 Sexto.

1914 2617 2157 2648 STURGEON.

1282 2757 1444 2802 Commiffio
1457 2784 1467 2801 ,
1492 2757 1537 2790 ad
1552 2757 1792 2791 Promittendnm
1810 2755 1971 2803 Dauphino
1982 2780 1992 2796 ‚
2017 2755 2204 2801 Alligantias
2222 2765 2292 2786 cum

1487 2810 1572 2841 Duce
1593 2806 1769 2852 Burgundiae
1787 2818 1846 2838 non
1861 2802 2081 2839 concludendas.

1265 2891 1398 2951 REX,
1415 2891 1658 2930 Reverendislimo
1673 2890 1702 2921 in
1718 2889 1836 2920 Christo
1851 2889 1927 2920 Patri
1942 2890 2076 2926 Henrico‚
2094 2887 2193 2919 eidem
2208 2886 2311 2926 gratia,
2332 2882 2399 2913 Arm
2418 2884 2460 2917 D.

1341 2931 1532 2971 cantuariensi
1552 2926 1769 2968 Archiepifiopo,
1786 2929 1871 2959 totius
1891 2927 2001 2966 Angliae
2023 2927 2158 2965 primati,
2176 2928 2208 2957 &
2233 2926 2312 2962 Apo-
2353 2924 2437 2960 1418.

1263 2970 1371 3002 stolicae
1385 2970 1462 3001 Sedis
1478 2969 1601 3008 Legato‚
1618 2967 1776 2998 Venerabili
1791 2968 1819 2996 in
1833 2965 1951 2996 Christo
1971 2965 2062 3003 Patri,
2081 2964 2214 2995 Domino
2235 2966 2313 2992 Hen-
2334 2965 2382 2989 An.
2399 2965 2426 2990 6.

1264 3012 1316 3039 rico
1330 3008 1480 3049 cicestrenst
1490 3006 1626 3046 Epifiopo,
1647 3005 1792 3036 carissimis
1808 3003 2029 3043 Consanguineis
2043 3003 2161 3041 nostris,
2182 3002 2313 3032 Richardo
2331 3003 2363 3025 H.
2383 3008 2409 3034 5.

1265 3051 1362 3078 Comiti
1380 3049 1524 3076 Warwicae
1543 3046 1576 3076 &
1594 3043 1699 3074 Thomae
1721 3046 1819 3073 Comiti
1833 3047 1945 3080 Sarum,
1964 3052 2015 3080 ac,
2030 3041 2150 3072 Dileetis
2165 3043 2198 3072 &
2214 3040 2313 3070 Fideli—
2330 3041 2418 3067 Norm.
2434 3041 2462 3068 6.

1264 3088 1316 3117 bus
1337 3085 1451 3122 nostris,
1469 3083 1595 3122 Johanni
1616 3085 1730 3112 Domino
1748 3082 1779 3110 de
1799 3084 1890 3120 Gray,
1908 3082 2024 3110 Henrico
2044 3082 2110 3110 Fitz
2124 3081 2142 3099 ³*
2157 3079 2239 3115 Huyo
2255 3078 2312 3108 Ca·
2332 3079 2359 3101 H
2364 3098 2369 3103 -
2374 3086 2401 3111 5.
2406 3085 2461 3115 pu.

1265 3126 1385 3154 merario
1407 3124 1520 3159 nostro,
1545 3121 1665 3151 Wltero
1690 3119 1868 3159 Hungerford
1884 3119 2040 3150 Senescallo
2061 3118 2184 3156 Hospitii
2207 3116 2311 3153 nostri,
2331 3123 2365 3141 m.
2386 3115 2412 3143 8.

1264 3161 1410 3193 Willielmo
1425 3160 1621 3198 Bourghchier,
1641 3158 1781 3197 Magistro
1797 3158 1915 3196 Philippo
1930 3161 2051 3194 Murgan
2066 3156 2242 3186 Cancellario
2257 3164 2311 3184 no-
2329 3151 2345 3167 ¹⁸
2365 3154 2417 3181 IX.

1264 3201 1321 3231 stro
1338 3200 1546 3236 Normanniae,
1565 3198 1683 3227 Rolando
1697 3196 1818 3235 Lental,
1837 3196 1976 3235 Magistro
1996 3195 2124 3234 Johanni
2144 3195 2228 3231 Kemp
2250 3192 2312 3223 Cu·
2328 3191 2392 3225 647.

1263 3239 1336 3270 stodi
1352 3237 1456 3269 Privati
1472 3238 1558 3275 Sigilli
1572 3236 1677 3274 nostri,
1696 3245 1828 3272 necnon,
1845 3235 1952 3264 dileffis
1966 3234 2032 3270 libi,
2052 3233 2157 3262 Thomae
2172 3231 2313 3269 Chaucerr,

1263 3276 1412 3346 Williellmo
1425 3276 1583 3316 Alyngton,
1602 3275 1635 3305 &
1652 3273 1795 3312 Magistro
1808 3273 1937 3312 Johanni
1950 3273 2041 3302 stokes
2062 3270 2175 3310 Legum
2196 3269 2314 3300 006ῒο-

1259 3318 1280 3347 ri
1315 3316 1351 3346 Sa
1364 3325 1450 3346 utem.
2365 3328 2368 3332 .

1287 3339 1346 3385 'Ad
1368 3351 1595 3384 promittendum
1614 3353 1648 3383 &
1670 3348 1934 3386 Concordandum,
1954 3358 2006 3386 pro
2019 3347 2117 3377 Nobis
2132 3347 2165 3378 &
2180 3346 2313 3377 Nomine

1263 3393 1379 3431 nostro,
1399 3391 1499 3422 Illustri
1514 3390 1654 3428 Principi,
1673 3388 1816 3427 Dauphino
1831 3388 1863 3417 de
1881 3389 1988 3417 Vienna
1998 3409 2007 3424 ,
2025 3386 2244 3427 Consanguineo
2258 3395 2312 3414 no-

1263 3431 1320 3461 stro
1340 3430 1499 3467 cariffimo,
1518 3430 1551 3460 &
1572 3439 1640 3459 cum
1660 3437 1713 3465 eo,
1730 3437 1763 3457 ac
1785 3427 1841 3457 aliis
1862 3426 2085 3464 quibuscumque
2100 3424 2312 3455 Ambassiatori-

1261 3470 1311 3500 bus
1333 3469 1383 3499 suis
1404 3468 1577 3499 potestatem
1598 3468 1625 3496 in
1648 3466 1703 3495 hac
1723 3473 1800 3503 parte
1819 3464 1986 3494 habentibus
2036 3472 2083 3493 aut
2105 3463 2208 3492 Literas
2231 3461 2311 3498 ipsius

1260 3508 1468 3546 Consanguinei
1483 3506 1588 3541 nostri,
1605 3505 1655 3535 sub
1666 3504 1767 3541 Sigillo
1779 3503 1846 3539 suo,
1863 3502 1980 3532 similem
2000 3487 2216 3531 Promiffionem
2240 3508 2310 3528 con-

1261 3547 1378 3576 tinentes
1394 3567 1403 3583 ,
1428 3545 1622 3576 exhibentibus
1636 3565 1646 3581 ,
1668 3542 1766 3580 quod,
1791 3542 1807 3571 a
1822 3541 1880 3570 Die
1898 3540 1982 3570 Datae
2001 3539 2199 3574 praesentium,
2226 3537 2309 3573 usque

1262 3583 1375 3614 Festum
1395 3582 1625 3613 Circumcilionis
1639 3580 1774 3618 proximo
1789 3580 1930 3616 futurum,
1948 3588 2007 3608 non
2023 3577 2234 3608 Concludemus
2257 3585 2308 3604 ne-

1284 3633 1317 3652 ue
1337 3622 1523 3651 Firmabimus
1537 3641 1547 3658 ,
1576 3627 1644 3650 curn
1665 3617 1796 3657 Johanne
1815 3619 1889 3647 Duce
1910 3616 2072 3654 Burgundiae
2085 3637 2094 3653 ,
2124 3613 2282 3652 Alligantias
2297 3634 2308 3650 ‚

1291 3660 1546 3695 onfoederationes,
1569 3657 1614 3688 seu
1629 3657 1790 3694 Amicitias,
1810 3657 1848 3686 set
1869 3655 1965 3694 quod,
1989 3656 2004 3684 a
2025 3652 2235 3694 Concludendo
2251 3650 2308 3694 live

1263 3698 1413 3728 Firmando
1430 3697 1604 3736 inligamus,
1622 3695 1908 3731 Confoederationes,
1925 3694 1969 3724 seu
1982 3692 2125 3722 Amicitias
2147 3689 2305 3727 hujusmodi

1263 3737 1495 3776 qualescumque,
1518 3744 1586 3765 curn
1606 3735 1721 3772 praefato
1739 3733 1842 3769 Duce,
1866 3732 1951 3769 usque
1969 3731 2077 3761 dmum
2101 3727 2216 3757 Festum
2241 3726 2308 3757 Cir-

1262 3775 1458 3812 cumcisionis,
1475 3774 1544 3804 Nos
1557 3771 1678 3803 omnino
1693 3768 1919 3806 Abstinebimus,

1300 3813 1353 3851 Et,
1369 3813 1449 3850 quod
1463 3811 1608 3842 Praemiffa
1620 3811 1653 3841 &
1668 3809 1851 3840 Concordata
1866 3804 2022 3845 hujusmodi
2041 3805 2115 3834 bene
2137 3804 2170 3834 &
2191 3803 2307 3836 fideliter

1262 3852 1487 3889 observabimus,
1505 3852 1532 3880 in
1548 3850 1683 3879 Animam
1697 3847 1819 3877 nostram
1828 3845 1960 3883 Jurandi,

1302 3890 1468 3927 Caeteraque
1489 3889 1585 3918 omnia
1604 3889 1635 3918 &
1658 3887 1762 3923 lingula
1784 3883 1929 3919 Faciendi,
1952 3879 2142 3918 Excercendi,
2160 3880 2194 3910 ὃς
2214 3880 2308 3919 Expe-

1261 3928 1355 3959 diendi
1364 3950 1373 3966 ,
1389 3937 1452 3965 quae
1466 3928 1493 3957 in
1507 3925 1657 3957 Praemiffis
1672 3925 1705 3955 &
1716 3925 1791 3954 circa
1804 3931 1835 3952 ea
1847 3919 1991 3950 necessaria
2007 3919 2109 3962 fuerint
2125 3921 2169 3949 seu
2183 3929 2307 3965 quomo·

1263 3967 1369 3997 dolibet
1381 3975 1537 4003 oportuna,
1555 3964 1655 4001 vobis,
1673 3963 1743 3998 Sex,
1760 3961 1910 3997 Quatuor,
1926 3967 1970 3988 aut
1984 3957 2089 4001 Tribus
2109 3957 2235 3988 vestrum
2260 3958 2309 3995 (de

1262 4014 1387 4045 quorum
1402 4004 1562 4041 Fidelitate,
1580 3998 1863 4066 Circumspeffione,
1880 3998 1915 4030 ὃς
1932 3995 2086 4034 Industria,
2102 3996 2216 4034 plenam
2237 3995 2308 4040 fidu-

1801 4044 1828 4066 2-
2239 4043 2312 4065 ciam
