2562 4274
668 57 1488 133 CONVEN'TIONES,
1544 43 1936 143 LITEliAE,

1376 165 1509 206 Idcirco,
1528 168 1630 199 habitis
1643 170 1721 208 super
1736 169 1795 201 hoc
1809 171 1903 202 multis
1916 169 2211 211 Considerationibus,
2231 168 2354 203 Animos
2368 172 2410 204 di·
2423 168 2498 204 Ann.
2515 168 2560 210 D,

1337 200 1711 250 &orum'Ambaxiatorum
1734 205 1822 240 Partis
1842 209 1954 249 Angliae
1965 210 1999 242 &
2013 211 2125 242 nostros
2137 212 2238 250 pariter
2252 212 2286 242 &
2304 214 2408 243 mutuo
2451 215 2537 251 1413.

1338 245 1538 283 moventibuS,
1553 246 1588 276 ὃς
1607 247 1641 277 ad
1664 247 1840 279 obviandum
1861 248 1961 279 futuris
1981 248 2099 281 Cafibus
2118 251 2151 281 &
2167 249 2410 281 Inconvenientiis
2426 255 2488 279 Han.
2506 260 2538 287 5.

1336 292 1401 321 quae
1427 283 1539 320 poffent
1561 282 1599 314 ab
1621 294 1736 325 utraque
1756 285 1883 317 Partium
1904 288 2089 320 verisimiliter
2111 289 2251 328 insurgere
2265 288 2308 319 vel
2321 289 2409 328 oriri,

209 72 266 123 48

67 148 147 182 Anii.
163 151 205 184 D.

95 199 180 230 1413.
220 198 305 232 Elian
322 201 354 233 de
376 198 543 243 Jaclemille,

69 232 96 259 Η
779 203 927 244 Johannes
946 208 1097 247 Legonays,

96 241 133 258 m·
148 241 178 266 5·
220 241 368 272 Robinetus
385 243 417 272 de
436 242 553 282 Mailly,

779 244 948 274 Guillielnms
966 249 1125 286 Legonays,

777 281 816 314 Et
831 282 978 321 Johannes
995 288 1137 324 Legonays
1155 282 1218 314 Filii
1232 283 1298 313 dieii

46 2669 63 2688 ὓ
72 2672 123 2700 ix.
133 2672 180 2707 56.

46 2746 122 2777 Ann.
140 2746 181 2778 D.

67 2795 154 2825 1413.

45 2830 98 2852 An.
118 2835 141 2853 1.

46 2870 82 2892 Η.
96 2873 123 2899 5.

45 2907 137 2931 Franc.
157 2914 181 2932 1.

44 2990 80 3009 nl.
99 2989 144 3008 20.

218 280 340 311 Karalus
358 282 390 311 de
409 284 500 319 Lens,

217 318 330 349 Milites
340 342 351 357 ,

217 356 350 396 Magistri
377 356 539 398 Eustachiux
558 357 590 387 de
608 356 738 399 Laislre,

215 395 364 434 Johannes
385 400 481 435 Troyes
490 419 501 435 ,
717 431 720 433 Δ

215 434 413 501 ΕῑΓΙ-Ιεκνίιιιε
437 434 469 464 de
496 437 599 487 Troyes⁸
609 436 670 475 ejus
688 435 738 467 Fi-

266 483 322 511 ius,

215 510 322 541 Baldus
349 511 395 541 des
412 512 515 543 Bordes
535 514 570 545 &
589 516 736 552 Georgetus

255 551 311 588 ejus
332 549 482 590 Clericus,

213 587 347 629 Magistri
368 591 467 620 Petrus
486 589 628 631 Cauchon,

213 628 373 657 Dominicus
390 632 535 668 Francois,

212 662 344 696 Nicolaus
363 667 396 697 de
413 670 495 699 Saint
514 667 623 707 Hilier,

210 704 360 772 {ohannes
378 709 457 745 Bon,

238 750 312 773 etrux
330 744 441 784 Barbo,

210 781 301 812 Faelix
317 784 441 823 Dubois,

210 820 310 851 Petrus
329 822 483 853 Lombardi
492 846 502 861 ,

210 859 344 890 Nicolaus
363 862 399 891 du
418 861 563 901 Qnffoy,

208 898 380 930 Guillielmus
399 904 512 930 Barrau
531 901 565 932 &
585 902 731 939 Margari-

247 945 280 967 ta
298 940 356 976 ejus
372 938 476 977 Uxor,

205 975 343 1006 quzdreas
359 976 384 1006 le
402 977 524 1016 Reuffi’l,

207 1013 354 1052 Johannes
371 1018 492 1054 Guerni,

207 1055 347 1083 Garnotus
365 1054 397 1083 de
417 1057 496 1084 Saint
517 1057 590 1094 Yon,

204 1090 353 1129 Johannes
372 1095 526 1133 Pimoriny,

203 1127 327 1168 Jacobus
340 1131 488 1170 Lamban,

204 1168 375 1198 Guillielmus
395 1173 500 1209 Gente,

203 1206 351 1245 Johamzes
371 1210 495 1247 Parent,

203 1245 327 1284 Jacobus
344 1248 376 1276 de
395 1248 476 1277 sam
492 1250 641 1287 Laurens,

201 1284 325 1323 Jacobus
344 1286 377 1316 de
395 1289 510 1325 Roven,

202 1327 348 1354 Martinus
366 1325 397 1355 de
448 1325 563 1363 amulle,

815 322 924 352 Thomae
930 346 940 362 ,

815 399 894 429 bache
912 403 1017 438 Botmz,

775 437 918 475 Johannes
936 439 968 468 de
986 443 1100 477 Roven,

775 475 923 515 Johannes
943 477 1095 515 Maillart,

773 519 794 545 S
811 524 950 545 monnetus
970 519 1112 555 Baviart,

802 553 922 584 ohannes
939 557 1056 592 Boim'n‚

773 592 923 632 Denisbtus
941 593 973 623 de
992 591 1163 631 Chaumont,

776 630 907 670 Qidam
926 633 1049 663 nomine
1070 630 1231 668 Perrichon‚

809 720 860 738 nus
877 710 910 739 de
925 712 1100 748 Manceaux,

810 787 882 817 muli
900 789 927 816 E
955 790 1004 816 mis
1023 787 1120 825 Valee,

771 825 942 856 Guillielmus
961 827 1064 855 Bardiu
1081 825 1224 863 Panmer,

769 864 894 903 Jacobus
913 865 945 894 de
964 863 1076 903 Choisy',

769 901 916 941 Johannes
932 903 1038 932 Dubois
1057 905 1168 933 Auren.

769 945 788 971 S
804 948 943 971 monnetus
961 940 1115 980 Robillart,

769 952 921 1018 Siephanus
940 979 1095 1018 Lombart,

769 1019 872 1047 D.=via'
887 1018 922 1047 du
942 1017 1059 1057 Confiil,

767 1055 896 1094 Johann.
906 1057 1045 1088 Lorillart
1059 1056 1152 1089 dietus
1161 1054 1267 1096 Merley
1276 1078 1286 1094 ,

767 1096 868 1124 Petrus
887 1095 1012 1133 Tillart,

760 1132 914 1172 ‘Johannes
931 1134 1047 1173 Maille,

764 1173 926 1203 Anthemius
946 1173 1054 1213 Forest,

763 1213 889 1248 Liger-ius
908 1212 1005 1252 Palm,

762 1248 910 1287 Johanner
928 1253 1058 1290 Errant,

764 1287 802 1319 Et
823 1289 939 1328 quidem
954 1290 1022 1321 alter
1035 1298 1153 1321 vocatus
1171 1291 1282 1320 Errant

801 1326 922 1359 Scolaris
941 1329 998 1366 ejus·
1017 1329 1128 1368 Frater,

763 1366 931 1397 Guillielmus
951 1367 1056 1397 Baillet
1065 1392 1074 1407 ,

760 1403 906 1442 Jolmnnes
925 1407 1068 1444 Elcobcrt,

760 1445 923 1483 Εωψῖίωιις
943 1444 967 1473 [κ
992 1444 1140 1484 ἶὶαἵσὶΙΙεν,

759 1485 912 1512 Yv02¹7zetus
931 1483 1001 1513 Lai!
1008 1483 1053 1520 rr,

757 1522 929 1560 Symenwetvrs
952 1525 1035 1557 Lam
1057 1534 1078 1551 ,ω’

757 1558 796 1589 Et
816 1560 972 1600 Franciscus
991 1545 1133 1601 Lorfeu’re.

202 1366 350 1393 Martinus
367 1364 399 1393 de
417 1364 613 1402 Solommuers,

200 1400 352 1441 Magistri,
371 1402 510 1442 Touffizins
528 1407 651 1441 Baiart,

198 1438 345 1478 Johanues
362 1444 479 1481 Rapiat,

200 1481 342 1516 Huguetus
361 1481 394 1509 de
414 1480 538 1519 Verdun,

200 1519 370 1548 Laurentius
390 1518 488 1559 Calot,

197 1555 315 1586 Thomas
336 1559 488 1598 Legonas‘s,

236 1633 273 1665 In
290 1644 413 1674 quorum
435 1636 567 1667 omnium
587 1635 675 1667 fidem
691 1636 725 1667 &
744 1636 943 1668 testimonium
960 1637 1178 1670 Praetziss‘orum
1194 1634 1274 1665 Prae-

197 1671 322 1704 sentibus
343 1674 456 1705 Litteris
474 1675 604 1705 nostrum
621 1675 739 1706 fecimus
755 1677 875 1716 appendi
892 1677 1029 1717 Sigillum.

225 1711 354 1755 ‘Datum
374 1713 511 1753 Parifius,
530 1713 576 1744 die
599 1714 712 1745 decima
725 1715 830 1746 octav-21
847 1715 1040 1754 Septembris,
1060 1716 1149 1747 Anno
1166 1713 1276 1745 Domi-

198 1759 231 1780 ni
243 1750 425 1794 Mfflefimo,
443 1752 755 1793 Quadringentesimo,
769 1754 888 1785 decimo
906 1756 1005 1793 tertio,
1024 1755 1120 1794 Regni
1134 1756 1206 1786 vero
1221 1762 1276 1783 no-

198 1787 250 1819 stri
269 1789 436 1830 Trigesimo
453 1800 562 1832 quarto.

688 1833 744 1862 Per
762 1834 859 1871 Regem
877 1836 906 1863 in
919 1831 971 1872 βο
989 1832 1110 1862 Concilio.

194 1902 229 1934 In
247 1914 325 1945 quo,
755 1909 887 1941 Comites
906 1921 912 1940 :
929 1914 934 1917 ”

194 1946 256 1973 Rex
276 1943 372 1976 Siciliae
383 1956 393 1974 .·
755 1949 888 1979 Dominus
905 1948 1143 1989 Con-stabularius,

194 1981 340 2028 Domini,
753 1990 853 2017 Domes
875 1991 1032 2019 Tancarvos
1059 1989 1186 2028 Magnus
1207 1987 1276 2019 Ma·

194 2023 362 2051 Bttturicen.
791 2026 876 2065 gister
897 2026 1016 2058 Domus
1036 2038 1042 2057 :

193 2059 379 2090 Aurelianen.
754 2067 884 2095 Senonen.

194 2098 342 2129 Bourbonii
348 2122 358 2138 ‚
754 2105 919 2134 Bitturicen.

193 2136 232 2168 Et
250 2137 409 2178 Barcenfis,
754 2142 968 2183 Archiepiscopi
986 2154 993 2173 t

193 2175 294 2206 Duces
313 2186 320 2205 t
755 2181 962 2218 Andrguavm.

194 2214 357 2252 Alenconii,
754 2221 921 2250 Noviomen.
938 2228 942 2234 '

195 2255 358 2292 Virtutum,
753 2256 792 2287 Et
810 2257 931 2289 Melden.

193 2296 227 2321 A
231 2296 275 2328 ngi
283 2315 292 2330 ,
753 2294 905 2336 Episcopi,

194 2330 370 2361 Richimontis
377 2353 386 2369 ,

233 2407 406 2445 Aquittaniae
427 2409 461 2440 ὅτ.
487 2408 636 2441 Alenconii
651 2409 820 2443 Cancellarii
830 2425 840 2450 ς

229 2445 365 2489 Necnon
382 2449 561 2492 quamplures
580 2450 624 2479 alii
642 2449 809 2491 Magnates,
827 2451 960 2490 Baiones,
980 2450 1161 2490 Conciliarii‚
1180 2450 1271 2482 Cam-

194 2482 315 2521 bellam,
333 2486 367 2516 &
384 2487 464 2518 multi
476 2487 520 2518 alii
533 2496 620 2519 erant.

974 2531 1097 2558 Gontier.

259 2648 287 2678 ³ss
310 2653 429 2698 Treugae
449 2661 521 2682 cum
547 2648 824 2686 Ambaxiatorilms
850 2654 982 2686 Franciae
1002 2652 1192 2686 concordata.

196 2734 339 2797 NOS
358 2737 492 2768 Henricus
506 2759 515 2774 ,
539 2735 728 2768 Permissiorie
746 2737 844 2768 divinzi
855 2760 865 2775 ,
889 2736 1070 2768 Menevenfis
1094 2735 1268 2776 Episcopus,

292 2777 335 2804 W
336 2774 460 2804 illielmus
479 2778 612 2805 Dominus
629 2775 659 2805 la
676 2776 782 2806 Zouche
802 2777 1018 2807 Locumtenens
1032 2776 1151 2816 Calefii,
1170 2778 1203 2808 &
1219 2780 1268 2806 Ri-

196 2814 312 2844 chardus
329 2813 427 2843 Holme
443 2815 473 2844 in
485 2822 606 2852 utroque
615 2813 686 2852 Jure
700 2815 890 2852 Licentiatus,

233 2853 474 2890 Ambassiatores,
491 2852 622 2891 Nuncii,
641 2854 675 2884 &
697 2852 892 2884 commissarii
914 2853 1041 2884 Domini
1062 2853 1151 2883 nostri
1164 2853 1270 2892 Regis,

197 2893 231 2922 &
254 2902 303 2931 per
326 2891 415 2929 ipsum
437 2891 587 2929 specialiter
608 2892 732 2929 deputati
754 2892 789 2923 ad
805 2892 1068 2929 Conveniendum,
1087 2893 1116 2922 in
1130 2892 1269 2923 Marchiis

196 2931 252 2960 sive
271 2931 398 2961 Partibus
417 2928 575 2968 Picardiae,
602 2939 668 2960 curn
693 2931 967 2968 Ambaffiatoribus,
994 2930 1120 2960 Nunciis
1135 2953 1144 2968 ,
1174 2930 1268 2961 Com-

196 2969 322 2999 miffaiiis
337 2991 347 3006 ,
372 2970 406 3000 δε
432 2968 582 3006 Deputatis
607 2969 855 3009 quibuscumque,
882 2969 1056 3000 Potestatem
1078 2968 1266 3000 sufficientem

192 3008 380 3045 habentibus,
399 3017 453 3045 pro
470 3015 547 3045 parte
559 3007 703 3045 Franci-se,
717 3008 752 3038 de
766 3010 799 3039 &
816 3008 894 3047 super
910 3007 1069 3038 Nonnullis
1083 3008 1174 3038 arduis
1188 3007 1266 3038 Cau-

193 3047 245 3084 sis,
264 3046 418 3084 Negotiis,
437 3046 470 3076 ὃ(
494 3045 637 3083 Materiis,
661 3045 796 3085 Bonum,
812 3046 985 3085 Honorem,
1003 3048 1037 3077 ὃς
1060 3045 1264 3077 Commodum

192 3085 336 3123 utriusque
349 3084 522 3123 Regnorum
538 3084 686 3124 (Angliae,
704 3085 852 3124 videlicet,
870 3086 903 3117 &
925 3085 947 3115 F
949 3085 1051 3115 ranciae
1059 3101 1069 3121 J
1089 3094 1267 3116 concernen-

191 3125 266 3156 tibus

192 3201 202 3231 l
231 3148 396 3201 Ux'iiversis‚
414 3161 560 3199 praesentes
585 3160 691 3192 Literas
706 3161 870 3200 inspeeturis
884 3163 986 3202 pariter
1001 3160 1034 3192 &
1047 3162 1198 3201 audituris,
1215 3162 1266 3193 Sa-

203 3210 291 3232 utem.

230 3239 351 3270 Notum
369 3239 489 3270 facimus
509 3238 606 3278 qubd,

229 3277 312 3308 Cum
330 3288 420 3317 nuper
438 3279 598 3314 (intrante,
623 3276 750 3315 scilicet,
779 3276 883 3308 Mense
908 3277 1026 3318 Augusti
1052 3278 1154 3310 ultimo
1171 3277 1264 3316 lapso)

190 3315 226 3345 ad
247 3324 337 3355 partes
350 3316 398 3347 has
413 3315 640 3355 Accefferimus,
659 3316 819 3353 Pluriesque
833 3315 1022 3355 postmodum
1036 3317 1069 3348 &
1086 3317 1194 3348 vicibus
1210 3315 1263 3346 ite-

189 3355 272 3392 ratis,
289 3355 342 3385 una
364 3363 453 3391 curri,
471 3353 629 3384 reverendo
649 3356 678 3384 in
699 3353 819 3384 Christo
842 3354 941 3392 Patre,
961 3355 1095 3385 Domino
1110 3354 1262 3393 Johamie,

191 3392 252 3423 Dei
266 3392 368 3432 gratia,
386 3390 510 3431 Epifiopo
523 3392 699 3431 Tornacenfi,
718 3391 842 3431 Egregio
855 3393 888 3424 ὃς
903 3395 1011 3430 potenti
1029 3394 1108 3431 viro,
1128 3392 1262 3431 Johatme

189 3434 309 3461 Domino
327 3432 359 3461 de
377 3434 491 3471 Croyaco
514 3430 626 3468 Milite,
647 3430 760 3470 Magno
773 3431 943 3462 Buticulario
957 3432 1100 3469 Fraiiciae,
1119 3431 1262 3468 Magistro

189 3469 284 3500 Radul
297 3469 331 3500 ho
354 3468 474 3505 Maioris
495 3468 651 3508 Praeposito
672 3469 809 3500 Eccleliae
822 3469 920 3501 Sane'ti
936 3470 1098 3500 Donaciani
1113 3469 1261 3508 Brugenfi,

189 3510 225 3540 ὃ(
241 3478 384 3546 Νῐζὲίῆῑο
397 3507 532 3545 Johanne
546 3510 652 3537 Huonis
668 3507 882 3538 Archidiacono
903 3509 1071 3539 Avalonensi
1082 3532 1091 3547 ,
1110 3509 1260 3538 Ambaxia-

189 3548 298 3578 toribus
318 3557 370 3584 pro
391 3555 470 3583 parte
492 3545 633 3583 Franciae,
657 3548 705 3585 qui
726 3547 742 3576 a
762 3555 892 3585 ternpore
915 3556 1072 3585 praenotato
1094 3547 1127 3577 &
1144 3556 1196 3585 pro
1211 3547 1261 3576 eis-

187 3586 254 3616 dem
277 3585 375 3616 Causis
389 3593 523 3614 venerant
537 3584 705 3622 Boloniam,
722 3594 791 3615 cum
808 3585 955 3615 sufficienti
972 3585 1114 3616 Potestate
1129 3585 1164 3615 ad
1180 3584 1259 3615 Prte-

187 3625 286 3662 miffii,
306 3623 482 3662 personaliter
495 3622 724 3653 Convenerimus
738 3624 766 3652 in
782 3623 909 3654 Ecclesia
924 3625 979 3653 sive
990 3623 1107 3662 Capella
1120 3623 1156 3653 de
1172 3623 1260 3653 Lieo-

186 3663 337 3702 lyngham,
364 3671 510 3700 tamquam
532 3661 600 3691 loco
619 3661 682 3691 alias
708 3662 736 3690 in
757 3662 890 3692 similibus
912 3663 1065 3699 consueto,
1094 3662 1258 3699 ibidemque

189 3703 287 3738 fuerit,
307 3703 379 3732 inter
398 3700 576 3730 Praenotatos
590 3699 810 3730 Ambaffiatores
823 3698 912 3730 Partis
929 3700 1055 3731 Franciie
1070 3701 1103 3730 &
1119 3700 1205 3737 Nos,
1223 3700 1259 3730 de

186 3741 220 3769 δε
234 3740 312 3777 super
329 3739 423 3770 multis
436 3739 470 3770 δε
485 3739 567 3768 variis
579 3736 722 3775 Materiis,
740 3746 797 3767 tarn
811 3738 999 3776 quorumdam
1015 3739 1258 3778 Attemptatorum

189 3776 425 3815 Reparatoribus,
445 3787 533 3816 quain
552 3776 609 3806 aliis
624 3776 845 3818 multiplicibuS,
864 3787 928 3813 quae
943 3777 977 3806 ad
994 3776 1099 3806 Pacem
1116 3777 1150 3807 &
1165 3777 1260 3807 Tran-

188 3816 356 3852 quillitatem
376 3816 523 3846 dictorum
545 3814 719 3853 Regnorum
739 3814 849 3852 disponi
868 3817 902 3845 &
925 3815 1053 3846 conferre
1067 3815 1146 3854 posse
1161 3815 1258 3847 crede-

188 3853 306 3891 bantur,
324 3855 510 3891 prolocutum
523 3852 627 3884 diutius
642 3853 676 3884 δε
692 3852 845 3890 collatum,

225 3890 358 3921 Tandem
377 3902 488 3931 tamen,

222 3929 300 3967 Qiia
322 3929 467 3961 Praemiffa
482 3932 643 3970 longiorem
664 3930 698 3961 δε
712 3930 898 3960 maturiorem
914 3929 1180 3970 Deliberationem,
1199 3930 1256 3961 Di-

185 3966 336 4005 lationem,
352 3969 383 3998 &
400 3968 570 3999 Tractatum
586 3971 698 4007 exigere
712 3968 897 4006 videbantur,
912 3978 946 3998 ex
961 3979 997 3998 eo
1012 3970 1091 4009 quod
1108 3971 1187 4008 super
1202 3970 1255 3999 hiis

183 4014 260 4037 erant
276 4004 473 4039 Confoedcmti
488 4007 578 4039 Partis
592 4008 733 4047 utriusque
746 4007 880 4046 primitiis
895 4007 1078 4046 consulendi,

777 364 873 400 Symon
892 361 917 390 le
936 361 1107 401 Cousteiller,
1133 361 1224 393 didius
1244 363 1298 392 Cam

774 669 812 700 Et
835 669 910 702 Duo
927 669 973 701 alii
995 672 1153 711 nuncupati
1172 672 1295 700 Hanoti-

773 745 812 778 Et
820 747 987 779 Guillielmus
995 772 1005 787 ,
1021 748 1091 779 dieti
1100 747 1231 788 Denofhti
1240 747 1293 778 Fa-

1336 321 1632 360 impedimentumque
1645 334 1705 354 non
1721 325 1873 356 modicum
1887 327 1920 357 &
1936 327 2129 359 turbationem
2151 327 2250 367 (quod
2266 327 2355 365 absit)
2369 329 2412 359 af-

1335 359 1406 389 ferre
1420 360 1456 390 N
1457 362 1554 399 egotio
1566 361 1734 401 Principali‚

1372 398 1441 428 Nos
1455 421 1465 436 ,
1492 400 1594 444 virtute
1614 400 1766 432 Potestatis
1780 424 1791 441 ,
1810 412 1860 441 per
1880 403 2071 441 supradieium
2093 403 2261 436 Dominum
2278 405 2411 437 nostrum

1335 431 1466 475 Regem,
1486 437 1604 475 Nobis,
1622 447 1671 482 per
1687 440 1743 471 suas
1758 440 1890 472 Parentes
1905 443 2027 482 Literas,
2040 443 2070 473 in
2085 442 2140 474 hac
2153 453 2230 482 parte
2236 445 2408 485 ,conceffae,

1334 483 1454 513 quarum
1469 475 1571 507 Tenor
1586 476 1707 516 sequitur
1719 479 1749 509 in
1761 479 1824 511 haec
1839 481 1940 519 verba,

1333 548 1532 605 ΗΕηνίςω,
1551 552 1610 584 Dei
1623 553 1728 598 gratia,
1746 553 1807 586 Rex
1821 556 1936 600 Angliaj
1948 557 1986 593 ῤ’
2003 557 2194 601 Franciae,&
2208 563 2340 591 Dominus
2353 564 2410 592 Hi-

1407 590 1522 629 bermae,
1541 591 1703 631 Omnibus,
1719 594 1753 624 ad
1774 605 1844 633 quos
1859 601 2005 636 praelentes
2022 597 2128 629 Literae
2143 600 2340 639 pervenerint,
2355 601 2406 632 Sa-

1294 650 1298 652 *
1332 625 1422 658 lutern
1442 628 1471 659 in
1487 629 1625 661 Domino
1640 632 1846 669 sempiternam.

1367 666 1496 699 Noverit
1513 668 1692 701 Universitas
1705 670 1794 702 vestra
1811 672 1909 712 quod,

1368 705 1415 736 Ad
1438 706 1604 753 Honorem·
1620 708 1694 745 Dei,
1712 719 1745 753 ac
1758 709 1919 753 ⁴Sanguinis
1933 712 2093 745 Christiani
2107 714 2296 755 effusionem,
2314 715 2409 748 Mala-

1329 753 1385 784 que
1396 755 1430 776 ac
1442 745 1581 784 Dampna
1597 748 1780 787 irreparabilia
1792 750 1920 780 evitanda
1928 773 1938 789 ,

1370 783 1449 823 Qae
1459 784 1573 827 ,pstante
1589 785 1703 817 Guerra
1716 788 1788 818 inter
1805 790 1865 817 Nos
1881 788 1914 819 &
1928 789 2134 830 Adverfirium
2149 789 2266 832 nostrum
2277 795 2309 824 de
2317 796 2406 825 Fran-

1329 824 1390 861 cia,
1408 824 1592 855 verisimiliter
1606 826 1639 856 &
1656 826 1712 856 sine
1725 825 1815 856 dubio
1830 835 1963 866 poterunt
1977 831 2109 867 evenire,
2125 840 2209 867 prout
2223 835 2283 870 jam
2298 836 2407 865 veraci—

1329 869 1372 892 ter
1384 870 1556 906 evenerunt,
1576 864 1646 895 sicut
1662 864 1787 894 transac‘ti
1802 866 1943 902 temporis
1957 865 2062 897 Cursus
2076 868 2178 899 edocet
2193 871 2342 902 manifeste
2351 895 2364 910 ,

1367 899 1541 933 Inclinamur
1563 903 1596 933 &
1619 903 1798 940 Affendmus
1810 904 1845 934 ad
1859 904 2061 935 Tractandum
2078 915 2146 937 cum
2160 907 2240 939 dieto
2255 911 2404 950 Adversa}-

1328 941 1369 968 rio
1383 939 1470 979 nostro
1484 941 1516 969 de
1532 944 1665 980 Francia,

1351 977 1403 1020 'Et
1422 978 1464 1008 ob
1484 979 1558 1010 hanc
1578 979 1700 1011 Causam
1715 980 1871 1021 mittimus,
1887 981 1924 1013 de
1938 982 2085 1022 praesenti,
2101 983 2193 1015 versus
2207 993 2296 1022 partes
2307 986 2404 1018 Picar-

1325 1014 1401 1060 diae,
1417 1015 1618 1049 venerabilem
1640 1018 1771 1058 Patrem,
1789 1021 1936 1051 Henricum
1950 1023 2108 1062 Episcopum
2121 1024 2333 1064 Menevensbm‚
2352 1027 2402 1065 ὃς,

1326 1055 1484 1085 cariffimos
1504 1055 1736 1096 Consanguineos
1758 1058 1869 1089 nostros
1904 1060 2070 1091 Richardum
2092 1065 2219 1092 Comitem
2236 1066 2402 1104 Warwicae,

1325 1093 1359 1124 ὅ(
1384 1093 1565 1138 Willielmum
1585 1099 1732 1126 Dominum
1745 1096 1775 1126 la
1793 1083 1899 1128 zoucsse
1913 1099 2176 1131 Locumtenentem
2194 1100 2278 1133 Villae
2295 1103 2401 1135 nostrae

1325 1129 1441 1172 Caleni,
1460 1143 1512 1174 ac,
1531 1134 1669 1165 dilectum
1692 1136 1724 1166 ὃς
1745 1134 1857 1166 fidelem
1880 1137 2030 1177 nostrum,
2049 1141 2198 1169 Henricum
2213 1143 2360 1171 Dominum
2373 1142 2402 1172 le

1323 1174 1419 1211 Scrop,
1440 1182 1574 1211 necnon,
1593 1173 1713 1215 dilectos
1735 1172 1865 1205 Clericos
1886 1175 2015 1214 nostros,
2043 1177 2215 1217 Magistrum
2235 1179 2399 1218 Johannem

1321 1210 1488 1250 Grenehurst
1506 1213 1618 1251 Legum
1640 1212 1806 1243 Doctorem
1828 1212 2083 1246 Protbonotarium
2103 1216 2251 1256 nostrum,
2274 1219 2308 1249 &
2332 1219 2400 1251 Ma-

1304 1249 1440 1288 ·gistrum
1461 1248 1628 1281 Richardum
1649 1251 1746 1282 Holme
1767 1253 1796 1282 in
1811 1252 1935 1292 Legibus
1947 1253 2139 1285 Licentiatutn
2154 1254 2342 1288 Canonicurn
2357 1258 2399 1289 E-

1319 1289 1443 1328 borum,

1319 1367 1338 1398 d
1358 1328 1407 1359 De
1427 1339 1553 1368 quorum
1573 1329 1705 1362 fidelitate
1719 1354 1729 1370 ,
1756 1330 1926 1362 discretione
1939 1353 1950 1371 ,
1970 1331 2158 1374 &industria
2176 1331 2285 1370 plenius
2304 1336 2397 1367 confi-

1340 1376 1415 1399 entes

1359 1391 1430 1446 Ipsis³
1448 1406 1522 1446 Sex,
1550 1408 1708 1448 Quinque,
1727 1407 1879 1447 Qatuor,
1897 1408 1942 1439 vel
1964 1408 2073 1440 Tribus
2097 1410 2285 1450 eorumdem,
2303 1411 2397 1445 Dedi·
2444 1406 2448 1409 χ

1321 1454 1402 1483 mus,
1419 1444 1637 1486 Concessimus,
1663 1449 1697 1479 &
1721 1446 1932 1478 Commisimus
1969 1457 2002 1478 ac
2027 1447 2158 1487 Damus,
2178 1449 2376 1483 Concedimus

1319 1484 1353 1515 &
1371 1483 1610 1524 Committimus,
1630 1496 1680 1524 per
1701 1485 1866 1525 Praesentes,
1886 1470 2072 1517 sufficientem
2089 1488 2319 1528 Auctoritatem,
2335 1478 2395 1529 ple:

1320 1533 1445 1562 namque
1463 1534 1496 1554 ac
1511 1525 1626 1556 liberam
1643 1524 1816 1556 Potestatem
1851 1527 1884 1556 &
1901 1524 2075 1556 Mandatum
2091 1527 2220 1563 generale
2237 1529 2270 1559 &
2287 1528 2393 1568 specia-

1318 1561 1344 1605 le
1358 1586 1367 1601 ,
1387 1573 1440 1600 pro
1455 1562 1555 1594 Nobis
1570 1564 1604 1594 &
1621 1563 1758 1594 Nomine
1772 1549 1890 1602 noti-m,
1910 1573 2026 1594 necnon
2042 1574 2093 1602 pro
2107 1565 2230 1596 Subditis
2264 1567 2392 1608 Colliga-

1318 1608 1368 1639 tis,
1388 1602 1421 1632 &
1443 1600 1670 1641 Confoederatis,
1689 1602 1816 1642 Regnis,
1833 1603 1951 1640 Terris,
1970 1605 2003 1634 ὃς
2020 1602 2167 1635 Dominiis
2184 1589 2302 1644 nosiris,
2322 1617 2392 1639 citra

1318 1639 1352 1670 δε
1373 1641 1441 1670 ultra
1465 1640 1563 1679 Mare,
1582 1640 1808 1680 quibuscumque
1831 1641 1915 1672 Locis
1930 1642 1964 1672 ὃς
1983 1645 1998 1658 ·“
2013 1641 2209 1682 Temporibus
2224 1648 2393 1686 oportunis,

1317 1687 1384 1708 cuin
1408 1678 1488 1710 dicto
1507 1678 1684 1719 Adverfiaerio
1704 1680 1736 1709 de
1757 1682 1892 1719 Francia,
1910 1679 1971 1716 &a
1990 1688 2073 1719 prout
2086 1682 2174 1721 sispra
2193 1681 2225 1712 de
2246 1685 2320 1713 Dat.
2344 1694 2390 1724 14.

1316 1715 1381 1754 Jut.

1354 1795 1516 1837 Dedimus,
1535 1798 1679 1837 cepimus,
1696 1796 1921 1837 acceptavimus,
1939 1796 1973 1827 &
1986 1797 2238 1838 concordavimus,
2253 1799 2392 1834 Tenore-

1317 1845 1373 1875 que
1390 1835 1593 1875 praesentium,
1613 1837 1738 1875 Damus,
1755 1837 1898 1875 capimus,
1911 1844 2108 1875 acceptamus,
2121 1837 2155 1867 &
2169 1841 2390 1881 concordamus,

1317 1873 1453 1905 Nomine
1475 1877 1582 1915 praefati
1601 1874 1727 1906 Domini
1747 1875 1834 1906 nostri
1859 1874 1969 1913 Regis,
1987 1875 2020 1904 ὅτ
2032 1884 2086 1915 pro
2101 1875 2180 1915 ipso,
2195 1877 2250 1907 unii
2262 1886 2333 1908 cum
2347 1880 2391 1910 su-

1318 1923 1365 1951 pra
1388 1915 1558 1954 nominatis,
1573 1915 1708 1954 Johanne
1728 1917 1755 1944 E
1772 1914 1853 1982 {slope
1873 1913 2050 1954 Tornacenfi,
2068 1913 2202 1952 Jahanne
2222 1918 2340 1946 Domino
2355 1919 2390 1948 de

1317 1956 1450 1992 eron-vaco
1465 1977 1473 1992 ,
1498 1953 1639 1993 Magistro
1664 1953 1808 1992 Radupm
1837 1952 1978 1992 Praepostto
1993 1974 2004 1990 ,
2028 1953 2064 1984 &
2091 1951 2233 1993 Magistro
2256 1953 2392 1993 Johanne

1317 1994 1423 2021 Huom's
1443 1992 1678 2030 Archidiacono,
1705 1992 1883 2023 Ambaxiatoi
1891 1992 1952 2021 ibus
1971 1990 2056 2021 dietae
2077 1989 2166 2023 Partis
2178 1992 2306 2024 Franciae
2340 1996 2391 2033 qui

1316 2031 1460 2069 similiter,
1476 2033 1509 2063 ὃ(
1533 2032 1638 2062 eisdem
1656 2031 1691 2062 de
1706 2030 1820 2070 Cauiis,
1841 2031 1998 2069 virtuteque
2012 2028 2177 2068 Potestatis,
2196 2032 2235 2062 eis
2250 2033 2312 2063 attri
2334 2043 2391 2065 utae

1315 2078 1365 2110 per
1382 2070 1505 2109 Literas,
1520 2081 1641 2111 quarum
1655 2070 1745 2101 Series
1760 2070 1881 2110 sequitur
1898 2069 1985 2100 etiam
1998 2069 2029 2098 in
2046 2067 2109 2099 haec
2123 2071 2227 2110 verba,

1318 2147 1467 2200 CHarles
1476 2171 1485 2185 ,
1500 2157 1548 2185 par
1564 2147 1590 2179 la
1603 2147 1700 2180 Grace
1712 2148 1748 2179 de
1761 2147 1838 2178 Dieu
1848 2171 1857 2186 ,
1871 2149 1926 2187 Roy
1941 2146 1972 2176 de
1984 2148 2105 2185 France,
2122 2156 2137 2176 a
2150 2155 2223 2178 touz
2236 2148 2319 2181 ceulx
2337 2150 2387 2189 qui

1377 2197 1425 2217 ces
1441 2187 1550 2218 Lettres
1566 2197 1700 2225 verront,
1721 2187 1807 2218 Salut.

1353 2224 1455 2256 Savoir
1471 2226 1569 2256 faisons
1583 2236 1639 2265 que
1654 2227 1759 2264 Nous,

1352 2262 1492 2295 Consians
1514 2275 1529 2295 a
1548 2265 1623 2303 plein
1647 2266 1682 2296 de
1704 2265 1790 2303 Sens,
1808 2264 1940 2302 loaulres,
1958 2263 2131 2303 prudences,
2155 2264 2337 2303 discretioris,
2352 2266 2388 2298 &

1315 2299 1455 2343 diligence
1479 2306 1532 2343 dc,
1551 2314 1603 2334 nos
1628 2304 1714 2335 Aniiz
1735 2305 1769 2336 &
1795 2303 1908 2341 Foialx,
1929 2303 2083 2333 Wallerain
2102 2307 2185 2333 Conte
2199 2305 2231 2334 de
2245 2307 2325 2335 Saint
2340 2304 2392 2334 Pol

1315 2340 1354 2376 ὠ
1377 2344 1409 2372 de
1426 2346 1512 2384 Liney
1528 2342 1624 2374 nostre
1639 2343 1749 2374 Cousin
1765 2343 1798 2373 &
1814 2341 1989 2373 Conestable
2004 2342 2040 2372 de
2055 2341 2078 2371 F
2079 2351 2179 2379 rance,
2198 2343 2279 2381 John
2297 2343 2386 2383 Evesl

1314 2392 1364 2450 ἷκε
1387 2384 1419 2412 de
1436 2386 1560 2421 Tornay,
1578 2384 1682 2413 David
1704 2385 1812 2420 Seignur
1835 2383 1866 2411 de
1881 2384 2040 2410 Ramvuxes
2052 2381 2148 2411 nostre
2162 2380 2340 2412 Cambellain
2354 2382 2388 2413 &

1338 2420 1437 2451 sinistre
1457 2422 1492 2452 de
1522 2420 1701 2452 Arbalestiirs
1723 2421 1758 2451 de
1782 2420 1908 2458 France,
1935 2419 2036 2458 Johan
2051 2422 2110 2448 Sire
2129 2420 2162 2450 de
2183 2423 2269 2456 Crony
2291 2420 2388 2451 nostre

1314 2458 1516 2491 Chambellain
1532 2461 1566 2491 &
1581 2469 1660 2499 grant
1676 2459 1826 2490 Bouteiller
1841 2460 1876 2489 de
1893 2459 2016 2496 France,
2037 2457 2157 2488 Maistre
2167 2458 2258 2488 Raoul
2268 2457 2293 2488 le
2308 2462 2389 2488 Mai-

1314 2510 1342 2528 re
1365 2499 1483 2530 Prevost
1505 2499 1541 2530 de
1564 2500 1643 2530 Saint
1668 2498 1781 2529 Donast
1803 2498 1839 2528 de
1851 2497 1972 2535 Bruges,
1991 2504 2062 2526 touz
2073 2505 2134 2526 noz
2148 2494 2336 2537 conseiller-s,
2350 2498 2384 2529 δε

1313 2537 1436 2568 Maistre
1447 2538 1546 2577 Johan
1562 2541 1626 2568 Hue
1636 2537 1733 2568 nostre
1747 2537 1902 2567 Secretaiie
1910 2558 1919 2573 ,

1354 2576 1409 2607 Les
1427 2577 1530 2614 quelles
1551 2587 1639 2608 avons
1662 2576 1774 2614 n’agairs
1794 2574 1954 2604 Ordeniiez
1966 2572 2057 2603 d’eulx
2069 2572 2248 2611 transportier
2262 2584 2292 2605 es
2306 2574 2389 2605 Mar-

1312 2613 1379 2644 che<
1395 2616 1430 2646 de
1445 2615 1671 2653 Picardie,p0ur
1684 2613 1834 2645 assembler
1847 2621 1918 2642 avec
1933 2612 2052 2642 certains
2068 2611 2238 2648 Messagiers
2255 2623 2294 2644 ou
2312 2614 2386 2644 Am-

1312 2653 1463 2684 baffateurs
1483 2654 1520 2684 de
1543 2654 1566 2684 la
1589 2654 1676 2691 partie
1695 2651 1913 2688 d’Angleterre,
1932 2659 2005 2688 pour
2020 2649 2114 2680 Parler
2128 2650 2278 2682 d'aucunes
2291 2651 2387 2683 Besoi-

1312 2700 1380 2731 gnes
1403 2692 1538 2723 touchans
1560 2692 1586 2722 le
1602 2692 1668 2721 bien
1681 2690 1729 2721 des
1747 2689 1834 2720 Deux
1850 2689 2012 2727 Reaumes,
2031 2688 2066 2719 de
2081 2689 2188 2720 France
2201 2691 2235 2721 &
2249 2690 2386 2731 d’Angle-

1310 2739 1483 2800 terigelirans
1496 2769 1533 2800 de
1546 2777 1610 2800 tout
1623 2768 1650 2799 le
1665 2765 1786 2806 Cuour,
1803 2766 1847 2798 sui·
1860 2775 1944 2811 tout⁷3
1962 2765 2070 2811 Choses
2083 2765 2271 2805 Teaiennes,
2299 2806 2305 2812 .

1349 2808 1426 2838 Pour
1441 2808 1584 2840 l’Onneur
1600 2809 1633 2839 ὃς
1656 2806 1824 2837 Reverence
1846 2806 1883 2836 de
1898 2806 1974 2836 Dieu
1984 2830 1993 2842 ,
2013 2805 2082 2836 faire
2096 2805 2193 2836 nostre
2207 2805 2322 2835 Devorr
2333 2815 2384 2835 en-

1311 2857 1373 2877 vers
1395 2846 1474 2885 Luy,
1494 2848 1527 2877 &
1550 2847 1651 2877 rendre
1670 2856 1686 2876 a
1709 2845 1832 2876 chescun
1847 2854 1882 2874 ce
1899 2845 1949 2883 qui
1964 2845 2002 2874 lui
2017 2846 2188 2884 appertient‚
2206 2844 2240 2874 δε
2256 2853 2327 2881 pour
2341 2843 2382 2874 es-

1311 2886 1409 2917 cheuir
1436 2885 1574 2916 l'effulion
1598 2885 1633 2915 de
1662 2884 1736 2922 Sang
1758 2883 1888 2914 Humain
1902 2906 1911 2922 ,
1935 2884 1967 2913 &
1987 2883 2026 2912 les
2047 2891 2128 2922 grans
2149 2882 2183 2912 &
2204 2883 2383 2919 irreparabiee

1310 2923 1415 2955 Maulx
1430 2925 1463 2955 ὅ(
1476 2923 1633 2964 Domaiges
1645 2923 1695 2963 qui
1709 2924 1770 2953 sont
1786 2931 1880 2953 venuz
1895 2932 1924 2952 es
1935 2929 2025 2960 temps
2039 2919 2144 2958 passez,
2157 2921 2191 2951 &
2207 2930 2311 2958 peuent
2325 2931 2379 2952 en-

1309 2973 1409 2994 coui-es
1430 2964 1546 2994 advenir
1570 2973 1642 3001 pour
1661 2961 1793 2993 occasion
1806 2961 1842 2991 de
1855 2960 1882 2991 la
1895 2959 2011 2990 Guerre
2029 2958 2138 2989 d’entre
2159 2961 2238 2990 Nous
2253 2961 2286 2991 &
2300 2960 2327 2991 la
2339 2960 2382 2993 dit

1309 3004 1395 3031 Parte
1414 3001 1623 3040 d'Englcterre,

1346 3038 1435 3071 Venir
1449 3052 1465 3072 a
1479 3043 1578 3072 bonne
1590 3041 1677 3078 Paix,

1347 3078 1443 3110 Iceulx
1469 3090 1521 3110 nos
1541 3080 1744 3110 Ambaxateurs
1765 3076 1855 3107 dessus
1875 3085 1984 3106 nomez
2003 3075 2176 3114 emsemble,
2195 3076 2232 3107 les
2247 3075 2380 3116 Cinque,

1347 3128 1439 3158 uatre,
1458 3129 1496 3149 ou
1519 3118 1607 3149 Trois
1625 3116 1737 3154 d'eulx,
1755 3125 1858 3147 avons.
1875 3126 1924 3153 per
1945 3115 2035 3153 grand
2055 3118 2088 3147 &
2109 3124 2206 3146 meure
2231 3116 2381 3146 Delibera-

1308 3159 1368 3186 tion
1388 3157 1424 3187 de
1445 3157 1567 3197 plusours
1585 3155 1621 3185 de
1643 3150 1739 3185 nostre
1760 3153 1824 3193 sang
1845 3155 1878 3185 &
1900 3154 2054 3193 Lignaige,
2077 3155 2111 3184 &
2133 3163 2223 3184 autres
2242 3154 2325 3193 Sages
2342 3156 2378 3186 δε

1308 3195 1467 3226 Prudomes
1485 3196 1521 3225 de
1541 3193 1637 3225 nostre
1653 3202 1733 3231 grant
1749 3192 1882 3231 Conseil,
1902 3192 2051 3230 Commis,
2072 3192 2251 3231 OrdonneZ,
2267 3194 2300 3224 &
2313 3192 2377 3224 De-

1309 3242 1396 3271 putez
1411 3257 1421 3271 ,
1447 3234 1499 3271 &,
1524 3243 1572 3273 par
1591 3233 1616 3263 la
1636 3233 1756 3263 Teneur
1783 3232 1819 3261 de
1840 3241 1886 3263 ces
1906 3231 2064 3269 Preseiites,
2083 3231 2119 3261 de
2142 3230 2238 3261 nostre
2257 3233 2380 3262 certaine

1307 3273 1444 3311 Science,
1462 3272 1688 3309 Commerrons,
1708 3269 1902 3307 Ordonnons,
1918 3272 1952 3302 &
1967 3270 2120 3308 Deputons
2133 3279 2192 3300 noz
2203 3269 2378 3300 Procureurs

1306 3311 1340 3341 &
1362 3314 1480 3341 certains
1504 3310 1669 3350 Meliaigers
1690 3309 1859 3348 especiaulx,
1882 3309 1990 3339 &leur
2011 3318 2099 3340 avons
2113 3307 2224 3338 Donne
2239 3309 2272 3338 ὃ(
2290 3307 2377 3337 Don-

1306 3359 1377 3379 nons
1391 3350 1465 3389 plein
1479 3349 1602 3385 Pouoir,
1625 3348 1789 3386 Auetorite,
1805 3349 1838 3379 ὃ(
1855 3348 2044 3378 Mandement
2059 3346 2236 3385 especial,de
2254 3355 2377 3389 vacquer

1307 3388 1339 3418 ὃς
1363 3389 1506 3419 entendier
1527 3399 1541 3417 a
1560 3388 1720 3425 Traietier,
1738 3397 1810 3425 pour
1832 3388 1865 3418 &
1888 3397 1923 3416 en
1944 3386 2040 3417 Noun
2056 3385 2092 3415 de
2108 3383 2212 3422 Nous,
2230 3384 2321 3421 Alies,
2340 3386 2376 3416 ὃς

1306 3426 1506 3465 Consederez,
1524 3436 1576 3457 nos
1592 3426 1753 3464 Reaumes,
1772 3425 1861 3464 Paiis,
1880 3425 2000 3462 Terres,
2018 3423 2232 3465 Seignoriesn,&
2245 3421 2376 3461 Subgicts

1307 3465 1429 3504 quelcon
1452 3476 1517 3503 ues,
1532 3475 1570 3495 ou
1593 3465 1654 3495 lour
1676 3463 1756 3495 Gent
1772 3486 1781 3501 ‚
1801 3464 1975 3494 Procureurs
1990 3484 2000 3499 ,
2016 3471 2055 3491 ou
2076 3460 2245 3497 Messaigers
2259 3483 2268 3498 ,
2286 3472 2300 3491 a
2324 3471 2373 3493 ans

1304 3515 1320 3534 a
1333 3513 1367 3534 ce
1382 3504 1409 3536 su
1445 3506 1500 3534 sant
1515 3503 1642 3542 Pouoir,
1658 3503 1693 3534 de
1708 3505 1740 3534 &
1758 3502 1800 3532 sur
1812 3503 1927 3539 bonne,
1941 3501 2047 3536 ferme,
2057 3500 2089 3529 &
2107 3499 2277 3543 perpetuelle
2317 3502 2372 3539 aix,

1304 3552 1382 3572 enter
1410 3546 1505 3581 Nous,
1524 3552 1576 3572 nos
1599 3542 1699 3579 Aniis,
1720 3541 1817 3577 Aliez,
1842 3540 1996 3578 Subgietz,
2021 3537 2112 3574 Paiis,
2136 3538 2170 3567 &
2193 3537 2371 3577 Seignories,

1303 3581 1386 3611 d'une
1407 3591 1483 3622 part,
1503 3583 1536 3612 ὃς
1557 3581 1594 3610 les
1607 3581 1659 3611 dits
1672 3579 1878 3617 dEngleterre,
1898 3578 1957 3607 leur
1971 3577 2076 3614 Amys,
2095 3575 2194 3613 Aliez,
2212 3575 2349 3617 Subgietz
2369 3601 2380 3617 ‚

1303 3619 1393 3658 Paris,
1411 3622 1444 3652 &
1464 3620 1619 3658 Seignuries
1629 3642 1638 3657 ,
1653 3620 1758 3649 d'autre
1772 3626 1849 3656 part,

1341 3658 1377 3689 Et
1397 3660 1432 3690 de
1455 3669 1526 3696 pour
1547 3668 1601 3688 ceo
1625 3657 1774 3688 Convenir
1797 3657 1830 3686 δε
1848 3653 2023 3690 Assembler,
2041 3661 2080 3682 ou
2097 3650 2240 3691 Prendre,
2259 3653 2373 3685 Accor-

1303 3697 1367 3735 der,
1385 3699 1418 3729 ὃς
1440 3698 1580 3736 Acci-pter
1597 3697 1753 3735 Journees,
1773 3694 1879 3730 Lieux,
1897 3693 1930 3722 &
1953 3691 2066 3728 Places,
2084 3698 2146 3720 tant
2170 3692 2202 3721 ὃς
2218 3692 2303 3723 tielles
2315 3704 2372 3733 que

1303 3736 1362 3765 bon
1386 3737 1445 3766 leur
1467 3736 1601 3766 semblera
1623 3745 1697 3773 pour
1707 3731 1858 3764 Convenir
1871 3731 1904 3761 ὅτ
1920 3729 2099 3766 Assembler,
2116 3739 2168 3765 pur
2182 3729 2271 3761 Nous
2285 3733 2318 3763 ὃ(
2333 3742 2371 3763 en

1301 3774 1400 3805 nostre
1420 3774 1528 3810 Nom,
1549 3784 1622 3811 pour
1647 3773 1722 3803 Noz
1737 3771 1786 3801 diz
1800 3769 1882 3799 Aliez
1895 3768 1928 3798 &
1945 3766 2144 3805 Consederez,
2161 3768 2197 3798 les
2211 3769 2370 3809 Reaumes,

1301 3813 1491 3851 Seigneuries,
1510 3813 1544 3843 ὅ(
1560 3812 1669 3850 Subgiz
1682 3811 1718 3841 de
1734 3808 1821 3839 Nous
1833 3807 1867 3837 &
1879 3805 1972 3836 d'eulx
1982 3830 1991 3844 ,
2007 3816 2075 3836 avec
2093 3806 2129 3835 les
2143 3806 2190 3836 diz
2207 3806 2307 3838 Meffai'
2329 3819 2371 3839 ers

1299 3852 1509 3889 d'Engleterre,
1527 3861 1566 3881 ou
1585 3850 1778 3889 quelconques
1800 3845 2069 3889 autres—personne&
2087 3844 2123 3874 de
2137 3845 2258 3883 quelque
2273 3846 2309 3877 Ei
2323 3855 2351 3878 at
2365 3871 2376 3885 ,

1299 3900 1338 3920 ou
1360 3889 1538 3926 Condition,
1556 3899 1595 3919 ou
1616 3888 1819 3919 Preeminence
1841 3883 1921 3922 qu’ils
1943 3883 2056 3922 soyent,
2073 3892 2152 3922 ayans
2169 3883 2278 3914 Pouoir
2291 3886 2327 3916 de
2342 3887 2368 3917 la

1298 3928 1356 3958 dite
1381 3930 1477 3956 Partie
1493 3926 1699 3964 d’Engleterre,
1714 3933 1800 3956 come
1818 3923 1860 3952 dit
1882 3920 1941 3960 est,
1960 3932 1996 3952 en
2013 3922 2134 3960 quelque
2149 3922 2220 3954 Lieu
2235 3924 2267 3954 &
2282 3923 2367 3955 Place

1297 3977 1353 4007 que
1365 3967 1424 3996 bon
1440 3966 1498 3996 leur
1512 3965 1662 4002 semblera,

1337 4004 1374 4035 Et
1387 4004 1423 4034 de
1438 4004 1492 4035 aler
1508 4004 1542 4035 ὃς
1557 4003 1620 4034 eulx
1634 4000 1801 4040 transporter
1814 4009 1887 4037 pour
1900 4008 1950 4038 ce,
1965 3999 1992 4030 se
2007 3998 2109 4031 mester
2121 3999 2177 4039 est,
2186 4010 2226 4033 ou
2237 3999 2365 4069 ditdl'ffi

2412 1650 2544 1689 *1X.57.
