<?xml version="1.0" encoding="UTF-8"?>
<!DOCTYPE html PUBLIC "-//W3C//DTD XHTML 1.0 Transitional//EN"
    "http://www.w3.org/TR/xhtml1/DTD/xhtml1-transitional.dtd">
<html xmlns="http://www.w3.org/1999/xhtml" xml:lang="en" lang="en">
 <head>
  <title>
</title>
<meta http-equiv="Content-Type" content="text/html;charset=utf-8" />
  <meta name='ocr-system' content='tesseract 3.04.00' />
  <meta name='ocr-capabilities' content='ocr_page ocr_carea ocr_par ocr_line ocrx_word'/>
</head>
<body>
  <div class='ocr_page' id='page_1' title='image "./fderaconventione04ryme_0389.png"; bbox 0 0 2562 4274; ppageno 0'>
   <div class='ocr_carea' id='block_1_1' title="bbox 14 232 145 268">
    <p class='ocr_par' dir='ltr' id='par_1_1' title="bbox 14 232 145 268">
     <span class='ocr_line' id='line_1_1' title="bbox 14 232 145 268; baseline -0.038 0"><span class='ocrx_word' id='word_1_1' title='bbox 14 236 88 268; x_wconf 82' lang='lat' dir='ltr'>Ann.</span> <span class='ocrx_word' id='word_1_2' title='bbox 99 232 145 264; x_wconf 90' lang='lat' dir='ltr'>D.</span> 
     </span>
    </p>
   </div>
   <div class='ocr_carea' id='block_1_2' title="bbox 14 280 126 378">
    <p class='ocr_par' dir='ltr' id='par_1_2' title="bbox 14 280 126 378">
     <span class='ocr_line' id='line_1_2' title="bbox 40 280 126 312; baseline -0.035 -8"><span class='ocrx_word' id='word_1_3' title='bbox 40 280 126 312; x_wconf 81' lang='lat'><em>1415.</em></span> 
     </span>
     <span class='ocr_line' id='line_1_3' title="bbox 14 318 125 347; baseline -0.018 -5"><span class='ocrx_word' id='word_1_4' title='bbox 14 318 77 342; x_wconf 75' lang='lat' dir='ltr'>Han.</span> <span class='ocrx_word' id='word_1_5' title='bbox 97 321 125 347; x_wconf 82' lang='lat'>5.</span> 
     </span>
     <span class='ocr_line' id='line_1_4' title="bbox 17 350 108 378; baseline -0.011 0"><span class='ocrx_word' id='word_1_6' title='bbox 17 351 36 371; x_wconf 46' lang='grc' dir='ltr'>*Κ</span> <span class='ocrx_word' id='word_1_7' title='bbox 55 350 108 378; x_wconf 83' lang='lat' dir='ltr'>IX.</span> 
     </span>
    </p>
   </div>
   <div class='ocr_carea' id='block_1_3' title="bbox 16 398 138 684">
    <p class='ocr_par' dir='ltr' id='par_1_3' title="bbox 16 398 138 684">
     <span class='ocr_line' id='line_1_5' title="bbox 16 398 138 458; baseline -0.033 0"><span class='ocrx_word' id='word_1_8' title='bbox 16 398 85 458; x_wconf 49' lang='lat'>{²513</span> <span class='ocrx_word' id='word_1_9' title='bbox 106 423 138 455; x_wconf 88' lang='lat' dir='ltr'>D</span> 
     </span>
     <span class='ocr_line' id='line_1_6' title="bbox 38 471 124 503; baseline -0.023 -9"><span class='ocrx_word' id='word_1_10' title='bbox 38 471 124 503; x_wconf 87' lang='lat'><em>1415.</em></span> 
     </span>
     <span class='ocr_line' id='line_1_7' title="bbox 16 507 114 539; baseline -0.01 -7"><span class='ocrx_word' id='word_1_11' title='bbox 16 507 69 532; x_wconf 81' lang='lat' dir='ltr'>An.</span> <span class='ocrx_word' id='word_1_12' title='bbox 89 512 114 539; x_wconf 85' lang='lat'>3.</span> 
     </span>
     <span class='ocr_line' id='line_1_8' title="bbox 19 546 98 576; baseline -0.038 -6"><span class='ocrx_word' id='word_1_13' title='bbox 19 546 54 570; x_wconf 83' lang='grc' dir='ltr'>Η.</span> <span class='ocrx_word' id='word_1_14' title='bbox 72 550 98 576; x_wconf 86' lang='lat'>5.</span> 
     </span>
     <span class='ocr_line' id='line_1_9' title="bbox 18 583 135 613; baseline 0 -8"><span class='ocrx_word' id='word_1_15' title='bbox 18 583 107 608; x_wconf 76' lang='lat' dir='ltr'>Franc.</span> <span class='ocrx_word' id='word_1_16' title='bbox 123 586 135 613; x_wconf 83' lang='lat'>3</span> 
     </span>
     <span class='ocr_line' id='line_1_10' title="bbox 19 622 105 651; baseline 0 -6"><span class='ocrx_word' id='word_1_17' title='bbox 19 622 57 646; x_wconf 84' lang='lat' dir='ltr'>H.</span> <span class='ocrx_word' id='word_1_18' title='bbox 79 625 105 651; x_wconf 88' lang='lat'>5.</span> 
     </span>
     <span class='ocr_line' id='line_1_11' title="bbox 20 656 98 684; baseline -0.026 0"><span class='ocrx_word' id='word_1_19' title='bbox 20 665 58 684; x_wconf 80' lang='lat' dir='ltr'>m.</span> <span class='ocrx_word' id='word_1_20' title='bbox 70 656 98 682; x_wconf 87' lang='lat'>6.</span> 
     </span>
    </p>
   </div>
   <div class='ocr_carea' id='block_1_4' title="bbox 33 1832 166 1868">
    <p class='ocr_par' dir='ltr' id='par_1_4' title="bbox 33 1832 166 1868">
     <span class='ocr_line' id='line_1_12' title="bbox 33 1832 166 1868; baseline -0.038 0"><span class='ocrx_word' id='word_1_21' title='bbox 33 1834 112 1868; x_wconf 79' lang='lat' dir='ltr'>Arm.</span> <span class='ocrx_word' id='word_1_22' title='bbox 120 1832 166 1864; x_wconf 94' lang='lat' dir='ltr'>D.</span> 
     </span>
    </p>
   </div>
   <div class='ocr_carea' id='block_1_5' title="bbox 33 1881 148 2026">
    <p class='ocr_par' dir='ltr' id='par_1_5' title="bbox 33 1881 148 2026">
     <span class='ocr_line' id='line_1_13' title="bbox 55 1881 143 1912; baseline -0.023 -7"><span class='ocrx_word' id='word_1_23' title='bbox 55 1881 143 1912; x_wconf 86' lang='lat'>1415.</span> 
     </span>
     <span class='ocr_line' id='line_1_14' title="bbox 33 1916 131 1949; baseline -0.041 -7"><span class='ocrx_word' id='word_1_24' title='bbox 33 1916 87 1942; x_wconf 81' lang='lat' dir='ltr'>An.</span> <span class='ocrx_word' id='word_1_25' title='bbox 105 1922 131 1949; x_wconf 81' lang='lat'>3.</span> 
     </span>
     <span class='ocr_line' id='line_1_15' title="bbox 33 1956 115 1985; baseline 0 -6"><span class='ocrx_word' id='word_1_26' title='bbox 33 1956 69 1980; x_wconf 74' lang='lat' dir='ltr'>H.</span> <span class='ocrx_word' id='word_1_27' title='bbox 86 1959 115 1985; x_wconf 86' lang='lat'>5.</span> 
     </span>
     <span class='ocr_line' id='line_1_16' title="bbox 34 1994 148 2026; baseline -0.035 -9"><span class='ocrx_word' id='word_1_28' title='bbox 34 1994 101 2017; x_wconf 82' lang='lat' dir='ltr'>Scot.</span> <span class='ocrx_word' id='word_1_29' title='bbox 120 1997 148 2026; x_wconf 74' lang='lat'>3.</span> 
     </span>
    </p>
   </div>
   <div class='ocr_carea' id='block_1_6' title="bbox 32 2048 130 2102">
    <p class='ocr_par' dir='ltr' id='par_1_6' title="bbox 32 2048 130 2102">
     <span class='ocr_line' id='line_1_17' title="bbox 32 2048 130 2102; baseline -0.031 -7"><span class='ocrx_word' id='word_1_30' title='bbox 32 2075 70 2095; x_wconf 84' lang='lat' dir='ltr'>m.</span> <span class='ocrx_word' id='word_1_31' title='bbox 87 2048 130 2102; x_wconf 56' lang='grc' dir='ltr'>ις’.</span> 
     </span>
    </p>
   </div>
   <div class='ocr_carea' id='block_1_7' title="bbox 41 3113 134 3190">
    <p class='ocr_par' dir='ltr' id='par_1_7' title="bbox 41 3113 134 3190">
     <span class='ocr_line' id='line_1_18' title="bbox 42 3113 134 3142; baseline 0 -1"><span class='ocrx_word' id='word_1_32' title='bbox 42 3114 60 3130; x_wconf 71' lang='lat'><em>⁶</em></span> <span class='ocrx_word' id='word_1_33' title='bbox 82 3113 134 3142; x_wconf 85' lang='lat' dir='ltr'>lX.</span> 
     </span>
     <span class='ocr_line' id='line_1_19' title="bbox 41 3161 106 3190; baseline 0 -10"><span class='ocrx_word' id='word_1_34' title='bbox 41 3161 106 3190; x_wconf 77' lang='lat'>3²4·</span> 
     </span>
    </p>
   </div>
   <div class='ocr_carea' id='block_1_8' title="bbox 77 3496 142 3526">
    <p class='ocr_par' dir='ltr' id='par_1_8' title="bbox 77 3496 142 3526">
     <span class='ocr_line' id='line_1_20' title="bbox 77 3496 142 3526; baseline 0.015 -1"><span class='ocrx_word' id='word_1_35' title='bbox 77 3496 142 3526; x_wconf 72' lang='lat' dir='ltr'>ibid.</span> 
     </span>
    </p>
   </div>
   <div class='ocr_carea' id='block_1_9' title="bbox 729 151 1197 196">
    <p class='ocr_par' dir='ltr' id='par_1_9' title="bbox 729 151 1197 196">
     <span class='ocr_line' id='line_1_21' title="bbox 729 151 1197 196; baseline -0.011 0"><span class='ocrx_word' id='word_1_36' title='bbox 729 155 842 196; x_wconf 91' lang='lat' dir='ltr'>ET</span> <span class='ocrx_word' id='word_1_37' title='bbox 938 151 1197 195; x_wconf 87' lang='lat' dir='ltr'>ACTA</span> 
     </span>
    </p>
   </div>
   <div class='ocr_carea' id='block_1_10' title="bbox 165 275 1211 292">
    <p class='ocr_par' dir='ltr' id='par_1_10' title="bbox 165 275 1211 292">
     <span class='ocr_line' id='line_1_22' title="bbox 165 275 1211 292; baseline 0 3982"><span class='ocrx_word' id='word_1_38' title='bbox 165 275 1211 292; x_wconf 95' lang='lat' dir='ltr'> </span> 
     </span>
    </p>
   </div>
   <div class='ocr_carea' id='block_1_11' title="bbox 335 325 1040 373">
    <p class='ocr_par' dir='ltr' id='par_1_11' title="bbox 335 325 1040 373">
     <span class='ocr_line' id='line_1_23' title="bbox 335 325 1040 373; baseline -0.01 -9"><span class='ocrx_word' id='word_1_39' title='bbox 335 331 358 353; x_wconf 84' lang='lat'><strong>*</strong></span> <span class='ocrx_word' id='word_1_40' title='bbox 380 332 430 364; x_wconf 86' lang='lat' dir='ltr'>De</span> <span class='ocrx_word' id='word_1_41' title='bbox 444 328 548 362; x_wconf 80' lang='lat' dir='ltr'>Salvis</span> <span class='ocrx_word' id='word_1_42' title='bbox 565 325 760 361; x_wconf 66' lang='lat' dir='ltr'>Condutlibus</span> <span class='ocrx_word' id='word_1_43' title='bbox 774 336 829 373; x_wconf 89' lang='lat' dir='ltr'>pro</span> <span class='ocrx_word' id='word_1_44' title='bbox 850 325 1040 371; x_wconf 69' lang='lat' dir='ltr'>Prfinariis.</span> 
     </span>
    </p>
   </div>
   <div class='ocr_carea' id='block_1_12' title="bbox 167 408 1223 916">
    <p class='ocr_par' dir='ltr' id='par_1_12' title="bbox 167 408 1223 916">
     <span class='ocr_line' id='line_1_24' title="bbox 232 408 1218 455; baseline -0.012 -7"><span class='ocrx_word' id='word_1_45' title='bbox 232 417 256 448; x_wconf 88' lang='lat' dir='ltr'><strong>E</strong></span> <span class='ocrx_word' id='word_1_46' title='bbox 266 416 314 455; x_wconf 90' lang='lat' dir='ltr'>X,</span> <span class='ocrx_word' id='word_1_47' title='bbox 331 425 380 452; x_wconf 85' lang='lat' dir='ltr'>per</span> <span class='ocrx_word' id='word_1_48' title='bbox 396 414 501 446; x_wconf 89' lang='lat' dir='ltr'>Literas</span> <span class='ocrx_word' id='word_1_49' title='bbox 514 413 573 445; x_wconf 88' lang='lat' dir='ltr'>suas</span> <span class='ocrx_word' id='word_1_50' title='bbox 585 413 730 450; x_wconf 69' lang='lat' dir='ltr'>Parentes,</span> <span class='ocrx_word' id='word_1_51' title='bbox 745 410 829 451; x_wconf 91' lang='lat' dir='ltr'>usque</span> <span class='ocrx_word' id='word_1_52' title='bbox 840 410 992 442; x_wconf 89' lang='lat' dir='ltr'>adventum</span> <span class='ocrx_word' id='word_1_53' title='bbox 1003 408 1102 439; x_wconf 85' lang='lat' dir='ltr'>Karoli</span> <span class='ocrx_word' id='word_1_54' title='bbox 1114 411 1218 447; x_wconf 87' lang='lat' dir='ltr'>Savoy-</span> 
     </span>
     <span class='ocr_line' id='line_1_25' title="bbox 240 446 1217 496; baseline -0.009 -11"><span class='ocrx_word' id='word_1_55' title='bbox 240 455 275 496; x_wconf 62' lang='lat' dir='ltr'>s)</span> <span class='ocrx_word' id='word_1_56' title='bbox 289 454 392 484; x_wconf 90' lang='lat' dir='ltr'>Militis</span> <span class='ocrx_word' id='word_1_57' title='bbox 408 453 554 484; x_wconf 85' lang='lat' dir='ltr'>Prisonarii</span> <span class='ocrx_word' id='word_1_58' title='bbox 566 452 600 483; x_wconf 89' lang='lat' dir='ltr'>ad</span> <span class='ocrx_word' id='word_1_59' title='bbox 614 450 792 482; x_wconf 87' lang='lat' dir='ltr'>Praesentiam</span> <span class='ocrx_word' id='word_1_60' title='bbox 806 449 897 487; x_wconf 86' lang='lat' dir='ltr'>Regis</span> <span class='ocrx_word' id='word_1_61' title='bbox 920 449 1062 479; x_wconf 86' lang='lat' dir='ltr'>duraturas</span> <span class='ocrx_word' id='word_1_62' title='bbox 1071 471 1081 485; x_wconf 92' lang='lat'>,</span> <span class='ocrx_word' id='word_1_63' title='bbox 1102 446 1217 484; x_wconf 88' lang='lat' dir='ltr'>suscepit</span> 
     </span>
     <span class='ocr_line' id='line_1_26' title="bbox 167 486 1218 526; baseline -0.011 -1"><span class='ocrx_word' id='word_1_64' title='bbox 167 497 196 525; x_wconf 91' lang='lat' dir='ltr'>in</span> <span class='ocrx_word' id='word_1_65' title='bbox 211 494 316 524; x_wconf 88' lang='lat' dir='ltr'>salvum</span> <span class='ocrx_word' id='word_1_66' title='bbox 331 493 365 523; x_wconf 90' lang='lat'>&amp;</span> <span class='ocrx_word' id='word_1_67' title='bbox 387 491 515 523; x_wconf 90' lang='lat' dir='ltr'>securum</span> <span class='ocrx_word' id='word_1_68' title='bbox 542 490 732 521; x_wconf 68' lang='lat' dir='ltr'>Conductum</span> <span class='ocrx_word' id='word_1_69' title='bbox 759 487 856 526; x_wconf 84' lang='lat' dir='ltr'>suum,</span> <span class='ocrx_word' id='word_1_70' title='bbox 880 497 912 519; x_wconf 91' lang='lat' dir='ltr'>ac</span> <span class='ocrx_word' id='word_1_71' title='bbox 931 489 960 517; x_wconf 91' lang='lat' dir='ltr'>in</span> <span class='ocrx_word' id='word_1_72' title='bbox 982 486 1218 523; x_wconf 70' lang='lat' dir='ltr'>Protefflonem,</span> 
     </span>
     <span class='ocr_line' id='line_1_27' title="bbox 167 524 1218 569; baseline -0.011 -5"><span class='ocrx_word' id='word_1_73' title='bbox 167 533 336 564; x_wconf 87' lang='lat' dir='ltr'>Tuitionem</span> <span class='ocrx_word' id='word_1_74' title='bbox 347 555 356 569; x_wconf 86' lang='lat'>,</span> <span class='ocrx_word' id='word_1_75' title='bbox 374 531 408 561; x_wconf 91' lang='lat'>&amp;</span> <span class='ocrx_word' id='word_1_76' title='bbox 425 528 630 562; x_wconf 83' lang='lat' dir='ltr'>Defenfionem</span> <span class='ocrx_word' id='word_1_77' title='bbox 641 528 698 558; x_wconf 92' lang='lat' dir='ltr'>suas</span> <span class='ocrx_word' id='word_1_78' title='bbox 711 526 836 565; x_wconf 83' lang='lat' dir='ltr'>speciales</span> <span class='ocrx_word' id='word_1_79' title='bbox 855 526 1004 565; x_wconf 83' lang='lat' dir='ltr'>praefatum</span> <span class='ocrx_word' id='word_1_80' title='bbox 1031 524 1163 554; x_wconf 85' lang='lat' dir='ltr'>Karolum</span> <span class='ocrx_word' id='word_1_81' title='bbox 1188 524 1218 553; x_wconf 87' lang='lat' dir='ltr'>iri</span> 
     </span>
     <span class='ocr_line' id='line_1_28' title="bbox 168 563 1219 610; baseline -0.01 -8"><span class='ocrx_word' id='word_1_82' title='bbox 168 571 304 610; x_wconf 82' lang='lat' dir='ltr'>Regnum</span> <span class='ocrx_word' id='word_1_83' title='bbox 322 568 412 608; x_wconf 88' lang='lat' dir='ltr'>Regis</span> <span class='ocrx_word' id='word_1_84' title='bbox 430 568 478 598; x_wconf 89' lang='lat' dir='ltr'>An</span> <span class='ocrx_word' id='word_1_85' title='bbox 498 568 561 604; x_wconf 86' lang='lat' dir='ltr'>liae,</span> <span class='ocrx_word' id='word_1_86' title='bbox 576 577 660 605; x_wconf 85' lang='lat' dir='ltr'>penes</span> <span class='ocrx_word' id='word_1_87' title='bbox 674 565 854 596; x_wconf 87' lang='lat' dir='ltr'>Praesentiam</span> <span class='ocrx_word' id='word_1_88' title='bbox 870 564 976 602; x_wconf 86' lang='lat' dir='ltr'>Regis,</span> <span class='ocrx_word' id='word_1_89' title='bbox 994 563 1070 593; x_wconf 89' lang='lat' dir='ltr'>salvo</span> <span class='ocrx_word' id='word_1_90' title='bbox 1084 563 1117 594; x_wconf 61' lang='grc' dir='ltr'>δὲ</span> <span class='ocrx_word' id='word_1_91' title='bbox 1142 563 1219 594; x_wconf 90' lang='lat' dir='ltr'>secu-</span> 
     </span>
     <span class='ocr_line' id='line_1_29' title="bbox 168 601 1219 646; baseline -0.01 -6"><span class='ocrx_word' id='word_1_92' title='bbox 168 610 200 640; x_wconf 73' lang='lat' dir='ltr'>re</span> <span class='ocrx_word' id='word_1_93' title='bbox 214 608 374 646; x_wconf 88' lang='lat' dir='ltr'>veniendo,</span> <span class='ocrx_word' id='word_1_94' title='bbox 389 615 459 638; x_wconf 86' lang='lat' dir='ltr'>curn</span> <span class='ocrx_word' id='word_1_95' title='bbox 506 606 596 636; x_wconf 87' lang='lat' dir='ltr'>uobus</span> <span class='ocrx_word' id='word_1_96' title='bbox 610 604 764 642; x_wconf 85' lang='lat' dir='ltr'>Armigeris</span> <span class='ocrx_word' id='word_1_97' title='bbox 782 604 815 634; x_wconf 93' lang='lat'>&amp;</span> <span class='ocrx_word' id='word_1_98' title='bbox 835 604 966 641; x_wconf 84' lang='lat' dir='ltr'>Qatuor</span> <span class='ocrx_word' id='word_1_99' title='bbox 982 601 1169 632; x_wconf 87' lang='lat' dir='ltr'>Servientibus</span> <span class='ocrx_word' id='word_1_100' title='bbox 1188 602 1219 631; x_wconf 89' lang='lat' dir='ltr'>iri</span> 
     </span>
     <span class='ocr_line' id='line_1_30' title="bbox 169 641 1090 683; baseline -0.01 -5"><span class='ocrx_word' id='word_1_101' title='bbox 169 647 318 679; x_wconf 87' lang='lat' dir='ltr'>Comitiva</span> <span class='ocrx_word' id='word_1_102' title='bbox 333 646 394 683; x_wconf 87' lang='lat' dir='ltr'>sua,</span> <span class='ocrx_word' id='word_1_103' title='bbox 408 655 442 675; x_wconf 88' lang='lat' dir='ltr'>ac</span> <span class='ocrx_word' id='word_1_104' title='bbox 458 644 557 675; x_wconf 91' lang='lat' dir='ltr'>Rebus</span> <span class='ocrx_word' id='word_1_105' title='bbox 574 645 608 675; x_wconf 91' lang='lat'>&amp;</span> <span class='ocrx_word' id='word_1_106' title='bbox 626 642 769 674; x_wconf 86' lang='lat' dir='ltr'>Hemesiis</span> <span class='ocrx_word' id='word_1_107' title='bbox 784 642 835 672; x_wconf 89' lang='lat' dir='ltr'>suis</span> <span class='ocrx_word' id='word_1_108' title='bbox 851 641 1090 681; x_wconf 84' lang='lat' dir='ltr'>quibuscumque,</span> 
     </span>
     <span class='ocr_line' id='line_1_31' title="bbox 205 676 1222 721; baseline -0.011 -3"><span class='ocrx_word' id='word_1_109' title='bbox 205 685 324 718; x_wconf 80' lang='lat' dir='ltr'>Proviso</span> <span class='ocrx_word' id='word_1_110' title='bbox 341 685 447 721; x_wconf 84' lang='lat' dir='ltr'>semper</span> <span class='ocrx_word' id='word_1_111' title='bbox 464 683 545 721; x_wconf 82' lang='lat' dir='ltr'>quod</span> <span class='ocrx_word' id='word_1_112' title='bbox 565 682 692 720; x_wconf 69' lang='lat' dir='ltr'>praedieti</span> <span class='ocrx_word' id='word_1_113' title='bbox 710 680 847 718; x_wconf 74' lang='lat' dir='ltr'>Karalus,</span> <span class='ocrx_word' id='word_1_114' title='bbox 865 679 1023 718; x_wconf 87' lang='lat' dir='ltr'>Armigeri,</span> <span class='ocrx_word' id='word_1_115' title='bbox 1041 678 1073 708; x_wconf 90' lang='lat'>&amp;</span> <span class='ocrx_word' id='word_1_116' title='bbox 1091 676 1222 708; x_wconf 85' lang='lat' dir='ltr'>Servien-</span> 
     </span>
     <span class='ocr_line' id='line_1_32' title="bbox 171 716 1222 763; baseline -0.009 -7"><span class='ocrx_word' id='word_1_117' title='bbox 171 732 227 763; x_wconf 78' lang='lat' dir='ltr'>tes,</span> <span class='ocrx_word' id='word_1_118' title='bbox 244 733 308 763; x_wconf 89' lang='lat' dir='ltr'>erga</span> <span class='ocrx_word' id='word_1_119' title='bbox 322 722 436 762; x_wconf 85' lang='lat' dir='ltr'>Regem</span> <span class='ocrx_word' id='word_1_120' title='bbox 451 723 485 753; x_wconf 87' lang='lat'>&amp;</span> <span class='ocrx_word' id='word_1_121' title='bbox 503 721 607 761; x_wconf 91' lang='lat' dir='ltr'>Ligeos</span> <span class='ocrx_word' id='word_1_122' title='bbox 624 721 686 751; x_wconf 90' lang='lat' dir='ltr'>suos</span> <span class='ocrx_word' id='word_1_123' title='bbox 704 721 778 751; x_wconf 78' lang='lat' dir='ltr'>bene</span> <span class='ocrx_word' id='word_1_124' title='bbox 804 719 837 749; x_wconf 74' lang='grc' dir='ltr'>δε</span> <span class='ocrx_word' id='word_1_125' title='bbox 860 717 978 748; x_wconf 81' lang='lat' dir='ltr'>honeste</span> <span class='ocrx_word' id='word_1_126' title='bbox 1000 717 1027 747; x_wconf 91' lang='lat' dir='ltr'>se</span> <span class='ocrx_word' id='word_1_127' title='bbox 1051 716 1170 747; x_wconf 85' lang='lat' dir='ltr'>habeant</span> <span class='ocrx_word' id='word_1_128' title='bbox 1188 717 1222 747; x_wconf 90' lang='lat'>&amp;</span> 
     </span>
     <span class='ocr_line' id='line_1_33' title="bbox 171 754 1222 801; baseline -0.011 -7"><span class='ocrx_word' id='word_1_129' title='bbox 171 771 288 801; x_wconf 85' lang='lat' dir='ltr'>gerant,</span> <span class='ocrx_word' id='word_1_130' title='bbox 306 771 339 792; x_wconf 90' lang='lat' dir='ltr'>ac</span> <span class='ocrx_word' id='word_1_131' title='bbox 358 761 527 799; x_wconf 80' lang='lat' dir='ltr'>quicquam,</span> <span class='ocrx_word' id='word_1_132' title='bbox 545 759 624 800; x_wconf 83' lang='lat' dir='ltr'>quod</span> <span class='ocrx_word' id='word_1_133' title='bbox 637 760 667 789; x_wconf 91' lang='lat' dir='ltr'>in</span> <span class='ocrx_word' id='word_1_134' title='bbox 683 758 771 798; x_wconf 87' lang='lat' dir='ltr'>Regis</span> <span class='ocrx_word' id='word_1_135' title='bbox 787 758 831 788; x_wconf 91' lang='lat' dir='ltr'>seu</span> <span class='ocrx_word' id='word_1_136' title='bbox 851 756 952 793; x_wconf 87' lang='lat' dir='ltr'>Populi</span> <span class='ocrx_word' id='word_1_137' title='bbox 970 754 1009 784; x_wconf 92' lang='lat' dir='ltr'>sui</span> <span class='ocrx_word' id='word_1_138' title='bbox 1027 754 1222 792; x_wconf 81' lang='lat' dir='ltr'>praejudicium</span> 
     </span>
     <span class='ocr_line' id='line_1_34' title="bbox 169 792 1223 838; baseline -0.009 -6"><span class='ocrx_word' id='word_1_139' title='bbox 169 800 269 832; x_wconf 84' lang='lat' dir='ltr'>cedere</span> <span class='ocrx_word' id='word_1_140' title='bbox 287 800 374 831; x_wconf 85' lang='lat' dir='ltr'>valeat</span> <span class='ocrx_word' id='word_1_141' title='bbox 387 822 397 838; x_wconf 90' lang='lat'>‚</span> <span class='ocrx_word' id='word_1_142' title='bbox 414 799 526 830; x_wconf 81' lang='lat' dir='ltr'>interim</span> <span class='ocrx_word' id='word_1_143' title='bbox 542 808 601 829; x_wconf 91' lang='lat' dir='ltr'>non</span> <span class='ocrx_word' id='word_1_144' title='bbox 615 804 855 837; x_wconf 85' lang='lat' dir='ltr'>attemptent,aut</span> <span class='ocrx_word' id='word_1_145' title='bbox 871 794 1029 830; x_wconf 84' lang='lat' dir='ltr'>attemptari</span> <span class='ocrx_word' id='word_1_146' title='bbox 1044 792 1136 823; x_wconf 86' lang='lat' dir='ltr'>facere</span> <span class='ocrx_word' id='word_1_147' title='bbox 1151 803 1223 831; x_wconf 83' lang='lat' dir='ltr'>prae-</span> 
     </span>
     <span class='ocr_line' id='line_1_35' title="bbox 172 837 512 871; baseline -0.012 0"><span class='ocrx_word' id='word_1_148' title='bbox 172 841 284 871; x_wconf 88' lang='lat' dir='ltr'>sumant</span> <span class='ocrx_word' id='word_1_149' title='bbox 320 838 400 870; x_wconf 89' lang='lat' dir='ltr'>uovis</span> <span class='ocrx_word' id='word_1_150' title='bbox 414 837 512 868; x_wconf 87' lang='lat' dir='ltr'>modo.</span> 
     </span>
     <span class='ocr_line' id='line_1_36' title="bbox 206 848 1139 916; baseline -0.011 -7"><span class='ocrx_word' id='word_1_151' title='bbox 206 848 390 916; x_wconf 53' lang='lat' dir='ltr'>Teste‘ilege</span> <span class='ocrx_word' id='word_1_152' title='bbox 406 876 480 915; x_wconf 85' lang='lat' dir='ltr'>apud</span> <span class='ocrx_word' id='word_1_153' title='bbox 495 873 769 915; x_wconf 63' lang='lat' dir='ltr'>{Wllmonasterium,</span> <span class='ocrx_word' id='word_1_154' title='bbox 787 872 873 902; x_wconf 82' lang='lat' dir='ltr'>Sexto</span> <span class='ocrx_word' id='word_1_155' title='bbox 887 870 946 900; x_wconf 89' lang='lat' dir='ltr'>Die</span> <span class='ocrx_word' id='word_1_156' title='bbox 960 869 1139 899; x_wconf 88' lang='lat' dir='ltr'><strong>Decembris.</strong></span> 
     </span>
    </p>
   </div>
   <div class='ocr_carea' id='block_1_13' title="bbox 821 945 1092 985">
    <p class='ocr_par' dir='ltr' id='par_1_13' title="bbox 821 945 1092 985">
     <span class='ocr_line' id='line_1_37' title="bbox 821 945 1092 985; baseline -0.004 -8"><span class='ocrx_word' id='word_1_157' title='bbox 821 950 875 977; x_wconf 86' lang='lat' dir='ltr'>Per</span> <span class='ocrx_word' id='word_1_158' title='bbox 891 945 973 985; x_wconf 70' lang='lat' dir='ltr'>ipsiem</span> <span class='ocrx_word' id='word_1_159' title='bbox 990 948 1092 984; x_wconf 83' lang='lat' dir='ltr'><em>Regem.</em></span> 
     </span>
    </p>
   </div>
   <div class='ocr_carea' id='block_1_14' title="bbox 174 1026 1230 1149">
    <p class='ocr_par' dir='ltr' id='par_1_14' title="bbox 174 1026 1230 1149">
     <span class='ocr_line' id='line_1_38' title="bbox 174 1026 1228 1070; baseline -0.011 -3"><span class='ocrx_word' id='word_1_160' title='bbox 174 1034 347 1067; x_wconf 88' lang='lat' dir='ltr'>Consimiles</span> <span class='ocrx_word' id='word_1_161' title='bbox 368 1034 474 1065; x_wconf 86' lang='lat' dir='ltr'>Literas</span> <span class='ocrx_word' id='word_1_162' title='bbox 496 1031 585 1070; x_wconf 87' lang='lat' dir='ltr'>Regis</span> <span class='ocrx_word' id='word_1_163' title='bbox 601 1029 636 1060; x_wconf 91' lang='lat' dir='ltr'>de</span> <span class='ocrx_word' id='word_1_164' title='bbox 655 1028 741 1059; x_wconf 88' lang='lat' dir='ltr'>Salvo</span> <span class='ocrx_word' id='word_1_165' title='bbox 759 1027 916 1059; x_wconf 68' lang='lat' dir='ltr'>Conduetu</span> <span class='ocrx_word' id='word_1_166' title='bbox 941 1027 1045 1057; x_wconf 86' lang='lat' dir='ltr'>habent</span> <span class='ocrx_word' id='word_1_167' title='bbox 1069 1026 1228 1064; x_wconf 81' lang='lat' dir='ltr'>subscripti,</span> 
     </span>
     <span class='ocr_line' id='line_1_39' title="bbox 213 1065 1230 1116; baseline -0.009 -12"><span class='ocrx_word' id='word_1_168' title='bbox 213 1084 262 1116; x_wconf 90' lang='lat' dir='ltr'>per</span> <span class='ocrx_word' id='word_1_169' title='bbox 286 1073 362 1104; x_wconf 88' lang='lat' dir='ltr'>idem</span> <span class='ocrx_word' id='word_1_170' title='bbox 386 1081 497 1109; x_wconf 88' lang='lat' dir='ltr'>tempus</span> <span class='ocrx_word' id='word_1_171' title='bbox 516 1070 675 1106; x_wconf 85' lang='lat' dir='ltr'>duraturas,</span> <span class='ocrx_word' id='word_1_172' title='bbox 693 1077 760 1098; x_wconf 92' lang='lat' dir='ltr'>cum</span> <span class='ocrx_word' id='word_1_173' title='bbox 783 1067 908 1097; x_wconf 87' lang='lat' dir='ltr'>Personis</span> <span class='ocrx_word' id='word_1_174' title='bbox 931 1065 1104 1104; x_wconf 80' lang='lat' dir='ltr'>subscriptis,</span> <span class='ocrx_word' id='word_1_175' title='bbox 1122 1065 1172 1096; x_wconf 88' lang='lat' dir='ltr'>sub</span> <span class='ocrx_word' id='word_1_176' title='bbox 1187 1075 1230 1095; x_wconf 75' lang='lat' dir='ltr'>ea·</span> 
     </span>
     <span class='ocr_line' id='line_1_40' title="bbox 212 1109 554 1149; baseline -0.02 -5"><span class='ocrx_word' id='word_1_177' title='bbox 212 1114 280 1144; x_wconf 87' lang='lat' dir='ltr'>dem</span> <span class='ocrx_word' id='word_1_178' title='bbox 294 1111 390 1149; x_wconf 75' lang='lat' dir='ltr'>Data,</span> <span class='ocrx_word' id='word_1_179' title='bbox 406 1109 554 1147; x_wconf 84' lang='lat' dir='ltr'>videlicet,</span> 
     </span>
    </p>
   </div>
   <div class='ocr_carea' id='block_1_15' title="bbox 210 1182 1239 1605">
    <p class='ocr_par' dir='ltr' id='par_1_15' title="bbox 210 1182 1236 1458">
     <span class='ocr_line' id='line_1_41' title="bbox 242 1182 1158 1220; baseline -0.007 -3"><span class='ocrx_word' id='word_1_180' title='bbox 242 1187 358 1218; x_wconf 79' lang='lat' dir='ltr'>ohannes</span> <span class='ocrx_word' id='word_1_181' title='bbox 371 1187 402 1216; x_wconf 82' lang='lat' dir='ltr'>de</span> <span class='ocrx_word' id='word_1_182' title='bbox 417 1184 480 1215; x_wconf 85' lang='lat' dir='ltr'>Feel</span> <span class='ocrx_word' id='word_1_183' title='bbox 493 1184 628 1215; x_wconf 86' lang='lat' dir='ltr'>Chivaler</span> <span class='ocrx_word' id='word_1_184' title='bbox 642 1182 832 1220; x_wconf 69' lang='lat' dir='ltr'>Prisonarius,</span> <span class='ocrx_word' id='word_1_185' title='bbox 848 1191 915 1212; x_wconf 91' lang='lat' dir='ltr'>curn</span> <span class='ocrx_word' id='word_1_186' title='bbox 930 1192 990 1213; x_wconf 89' lang='lat' dir='ltr'>uno</span> <span class='ocrx_word' id='word_1_187' title='bbox 1005 1182 1158 1213; x_wconf 91' lang='lat' dir='ltr'>Serviente.</span> 
     </span>
     <span class='ocr_line' id='line_1_42' title="bbox 210 1188 1233 1268; baseline -0.008 -12"><span class='ocrx_word' id='word_1_188' title='bbox 210 1188 331 1268; x_wconf 53' lang='lat' dir='ltr'>{ambus</span> <span class='ocrx_word' id='word_1_189' title='bbox 346 1226 377 1255; x_wconf 89' lang='lat' dir='ltr'>de</span> <span class='ocrx_word' id='word_1_190' title='bbox 390 1224 486 1265; x_wconf 82' lang='lat' dir='ltr'>Bruffy</span> <span class='ocrx_word' id='word_1_191' title='bbox 503 1222 635 1254; x_wconf 89' lang='lat' dir='ltr'>Chivaler</span> <span class='ocrx_word' id='word_1_192' title='bbox 655 1221 837 1258; x_wconf 79' lang='lat' dir='ltr'>PrisonariuS,</span> <span class='ocrx_word' id='word_1_193' title='bbox 855 1230 922 1251; x_wconf 88' lang='lat' dir='ltr'>cum</span> <span class='ocrx_word' id='word_1_194' title='bbox 939 1220 1060 1251; x_wconf 90' lang='lat' dir='ltr'>Duobus</span> <span class='ocrx_word' id='word_1_195' title='bbox 1081 1219 1233 1250; x_wconf 90' lang='lat' dir='ltr'>Servienti—</span> 
     </span>
     <span class='ocr_line' id='line_1_43' title="bbox 214 1266 1173 1341; baseline -0.007 -8"><span class='ocrx_word' id='word_1_196' title='bbox 214 1266 353 1333; x_wconf 43' lang='lat' dir='ltr'>ngtg&#39;tus</span> <span class='ocrx_word' id='word_1_197' title='bbox 369 1304 481 1341; x_wconf 84' lang='lat' dir='ltr'>Launey</span> <span class='ocrx_word' id='word_1_198' title='bbox 496 1300 629 1332; x_wconf 88' lang='lat' dir='ltr'>Chivaler</span> <span class='ocrx_word' id='word_1_199' title='bbox 644 1297 830 1335; x_wconf 88' lang='lat' dir='ltr'>Prisonarius,</span> <span class='ocrx_word' id='word_1_200' title='bbox 848 1306 914 1327; x_wconf 90' lang='lat' dir='ltr'>curn</span> <span class='ocrx_word' id='word_1_201' title='bbox 928 1295 1005 1327; x_wconf 91' lang='lat' dir='ltr'>Uno</span> <span class='ocrx_word' id='word_1_202' title='bbox 1022 1297 1173 1327; x_wconf 87' lang='lat' dir='ltr'>Serviente.</span> 
     </span>
     <span class='ocr_line' id='line_1_44' title="bbox 215 1333 1234 1385; baseline -0.007 -14"><span class='ocrx_word' id='word_1_203' title='bbox 215 1341 348 1385; x_wconf 57' lang='lat' dir='ltr'>Matheus</span> <span class='ocrx_word' id='word_1_204' title='bbox 361 1341 394 1371; x_wconf 87' lang='lat' dir='ltr'>de</span> <span class='ocrx_word' id='word_1_205' title='bbox 410 1343 522 1378; x_wconf 83' lang='lat' dir='ltr'>Launey</span> <span class='ocrx_word' id='word_1_206' title='bbox 537 1337 670 1370; x_wconf 88' lang='lat' dir='ltr'>Chivaler</span> <span class='ocrx_word' id='word_1_207' title='bbox 684 1336 869 1373; x_wconf 89' lang='lat' dir='ltr'>Prisonarius‚</span> <span class='ocrx_word' id='word_1_208' title='bbox 888 1345 954 1365; x_wconf 91' lang='lat' dir='ltr'>cum</span> <span class='ocrx_word' id='word_1_209' title='bbox 972 1335 1095 1366; x_wconf 91' lang='lat' dir='ltr'>Duobus</span> <span class='ocrx_word' id='word_1_210' title='bbox 1103 1333 1234 1365; x_wconf 87' lang='lat' dir='ltr'>Servien-</span> 
     </span>
     <span class='ocr_line' id='line_1_45' title="bbox 217 1379 1236 1458; baseline -0.007 -10"><span class='ocrx_word' id='word_1_211' title='bbox 217 1379 340 1458; x_wconf 53' lang='grc' dir='ltr'>ῗὲιιῗῖιῗς</span> <span class='ocrx_word' id='word_1_212' title='bbox 355 1417 386 1447; x_wconf 88' lang='lat' dir='ltr'>de</span> <span class='ocrx_word' id='word_1_213' title='bbox 400 1419 469 1457; x_wconf 85' lang='lat' dir='ltr'>Trye</span> <span class='ocrx_word' id='word_1_214' title='bbox 487 1415 572 1448; x_wconf 87' lang='lat' dir='ltr'>Miles</span> <span class='ocrx_word' id='word_1_215' title='bbox 580 1414 765 1451; x_wconf 85' lang='lat' dir='ltr'>Prisonarius,</span> <span class='ocrx_word' id='word_1_216' title='bbox 788 1422 856 1443; x_wconf 91' lang='lat' dir='ltr'>cum</span> <span class='ocrx_word' id='word_1_217' title='bbox 863 1411 940 1442; x_wconf 90' lang='lat' dir='ltr'>Uno</span> <span class='ocrx_word' id='word_1_218' title='bbox 949 1411 1100 1452; x_wconf 82' lang='lat' dir='ltr'>Armigero</span> <span class='ocrx_word' id='word_1_219' title='bbox 1109 1412 1141 1442; x_wconf 91' lang='lat'>&amp;</span> <span class='ocrx_word' id='word_1_220' title='bbox 1150 1410 1236 1442; x_wconf 90' lang='lat' dir='ltr'>Duo-</span> 
     </span>
    </p>

    <p class='ocr_par' dir='ltr' id='par_1_16' title="bbox 223 1456 1239 1527">
     <span class='ocr_line' id='line_1_46' title="bbox 252 1456 512 1487; baseline -0.004 -1"><span class='ocrx_word' id='word_1_221' title='bbox 252 1457 303 1487; x_wconf 90' lang='lat' dir='ltr'>bus</span> <span class='ocrx_word' id='word_1_222' title='bbox 315 1456 512 1487; x_wconf 85' lang='lat' dir='ltr'>Servientibus.</span> 
     </span>
     <span class='ocr_line' id='line_1_47' title="bbox 223 1487 1239 1527; baseline -0.005 -2"><span class='ocrx_word' id='word_1_223' title='bbox 223 1493 392 1525; x_wconf 79' lang='lat' dir='ltr'>Theobaldus</span> <span class='ocrx_word' id='word_1_224' title='bbox 415 1491 622 1525; x_wconf 85' lang='lat' dir='ltr'>Chauntemarle</span> <span class='ocrx_word' id='word_1_225' title='bbox 647 1489 781 1522; x_wconf 86' lang='lat' dir='ltr'>Chivaler</span> <span class='ocrx_word' id='word_1_226' title='bbox 805 1489 996 1527; x_wconf 82' lang='lat' dir='ltr'>Prisonarius,</span> <span class='ocrx_word' id='word_1_227' title='bbox 1023 1497 1090 1519; x_wconf 92' lang='lat' dir='ltr'>eum</span> <span class='ocrx_word' id='word_1_228' title='bbox 1114 1487 1239 1520; x_wconf 84' lang='lat' dir='ltr'>Duobus</span> 
     </span>
    </p>

    <p class='ocr_par' dir='ltr' id='par_1_17' title="bbox 253 1532 451 1565">
     <span class='ocr_line' id='line_1_48' title="bbox 253 1532 451 1565; baseline -0.005 0"><span class='ocrx_word' id='word_1_229' title='bbox 253 1532 451 1565; x_wconf 80' lang='lat' dir='ltr'>servientibus.</span> 
     </span>
    </p>

    <p class='ocr_par' dir='ltr' id='par_1_18' title="bbox 819 1564 1093 1605">
     <span class='ocr_line' id='line_1_49' title="bbox 819 1564 1093 1605; baseline -0.007 -9"><span class='ocrx_word' id='word_1_230' title='bbox 819 1569 873 1596; x_wconf 84' lang='lat' dir='ltr'>Per</span> <span class='ocrx_word' id='word_1_231' title='bbox 890 1564 971 1605; x_wconf 72' lang='lat' dir='ltr'>ipsitm</span> <span class='ocrx_word' id='word_1_232' title='bbox 988 1568 1093 1603; x_wconf 85' lang='lat' dir='ltr'><strong><em>Regem.</em></strong></span> 
     </span>
    </p>
   </div>
   <div class='ocr_carea' id='block_1_16' title="bbox 1026 1645 1223 1649">
    <p class='ocr_par' dir='ltr' id='par_1_19' title="bbox 1026 1645 1223 1649">
     <span class='ocr_line' id='line_1_50' title="bbox 1026 1645 1223 1649; baseline 0 0"><span class='ocrx_word' id='word_1_233' title='bbox 1026 1645 1223 1649; x_wconf 95' lang='lat' dir='ltr'> </span> 
     </span>
    </p>
   </div>
   <div class='ocr_carea' id='block_1_17' title="bbox 182 1691 1240 1789">
    <p class='ocr_par' dir='ltr' id='par_1_20' title="bbox 182 1691 1240 1789">
     <span class='ocr_line' id='line_1_51' title="bbox 182 1691 1240 1741; baseline -0.008 -9"><span class='ocrx_word' id='word_1_234' title='bbox 182 1697 232 1732; x_wconf 82' lang='lat' dir='ltr'>De</span> <span class='ocrx_word' id='word_1_235' title='bbox 264 1694 435 1730; x_wconf 68' lang='lat' dir='ltr'>Trat’lando</span> <span class='ocrx_word' id='word_1_236' title='bbox 460 1695 551 1741; x_wconf 76' lang='lat' dir='ltr'>fitper</span> <span class='ocrx_word' id='word_1_237' title='bbox 573 1692 762 1727; x_wconf 82' lang='lat' dir='ltr'>Liberatione</span> <span class='ocrx_word' id='word_1_238' title='bbox 792 1691 942 1727; x_wconf 76' lang='lat' dir='ltr'>Mordaci</span> <span class='ocrx_word' id='word_1_239' title='bbox 964 1692 1036 1724; x_wconf 71' lang='lat' dir='ltr'>Filii</span> <span class='ocrx_word' id='word_1_240' title='bbox 1059 1693 1156 1724; x_wconf 78' lang='lat' dir='ltr'>Ducis</span> <span class='ocrx_word' id='word_1_241' title='bbox 1178 1691 1240 1724; x_wconf 89' lang='lat' dir='ltr'>Al-</span> 
     </span>
     <span class='ocr_line' id='line_1_52' title="bbox 371 1740 1046 1789; baseline -0.004 -13"><span class='ocrx_word' id='word_1_242' title='bbox 371 1741 462 1777; x_wconf 82' lang='lat' dir='ltr'>baniae</span> <span class='ocrx_word' id='word_1_243' title='bbox 484 1747 521 1782; x_wconf 57' lang='grc' dir='ltr'>(θ’</span> <span class='ocrx_word' id='word_1_244' title='bbox 545 1745 712 1789; x_wconf 86' lang='lat' dir='ltr'>Receptione</span> <span class='ocrx_word' id='word_1_245' title='bbox 737 1745 864 1776; x_wconf 84' lang='lat' dir='ltr'>Henrici</span> <span class='ocrx_word' id='word_1_246' title='bbox 887 1740 922 1774; x_wconf 88' lang='lat' dir='ltr'>de</span> <span class='ocrx_word' id='word_1_247' title='bbox 945 1744 1046 1789; x_wconf 81' lang='lat' dir='ltr'>Percy.</span> 
     </span>
    </p>
   </div>
   <div class='ocr_carea' id='block_1_18' title="bbox 180 1824 1248 3439">
    <p class='ocr_par' dir='ltr' id='par_1_21' title="bbox 183 1824 1244 1983">
     <span class='ocr_line' id='line_1_53' title="bbox 186 1824 1242 1885; baseline -0.005 -25"><span class='ocrx_word' id='word_1_248' title='bbox 186 1828 312 1885; x_wconf 79' lang='lat' dir='ltr'>REX</span> <span class='ocrx_word' id='word_1_249' title='bbox 322 1851 332 1868; x_wconf 85' lang='lat'>,</span> <span class='ocrx_word' id='word_1_250' title='bbox 348 1828 456 1860; x_wconf 58' lang='lat' dir='ltr'>dilefifis</span> <span class='ocrx_word' id='word_1_251' title='bbox 471 1827 644 1873; x_wconf 65' lang='lat' dir='ltr'>&amp;fidelibus</span> <span class='ocrx_word' id='word_1_252' title='bbox 666 1827 784 1865; x_wconf 88' lang='lat' dir='ltr'>nostris,</span> <span class='ocrx_word' id='word_1_253' title='bbox 803 1825 943 1865; x_wconf 85' lang='lat' dir='ltr'>Radulpho</span> <span class='ocrx_word' id='word_1_254' title='bbox 966 1828 1056 1863; x_wconf 83' lang='lat' dir='ltr'>Eure,</span> <span class='ocrx_word' id='word_1_255' title='bbox 1074 1825 1108 1856; x_wconf 89' lang='lat'>&amp;</span> <span class='ocrx_word' id='word_1_256' title='bbox 1125 1824 1242 1856; x_wconf 77' lang='lat' dir='ltr'>Williel-</span> 
     </span>
     <span class='ocr_line' id='line_1_54' title="bbox 183 1864 1242 1936; baseline -0.005 -38"><span class='ocrx_word' id='word_1_257' title='bbox 183 1903 238 1934; x_wconf 71' lang='lat' dir='ltr'>sac</span> <span class='ocrx_word' id='word_1_258' title='bbox 262 1867 452 1936; x_wconf 50' lang='lat' dir='ltr'>merglaictoqz</span> <span class='ocrx_word' id='word_1_259' title='bbox 471 1867 629 1936; x_wconf 46' lang='lat' dir='ltr'>Bffllitiaus,</span> <span class='ocrx_word' id='word_1_260' title='bbox 653 1876 687 1897; x_wconf 88' lang='lat' dir='ltr'>ac</span> <span class='ocrx_word' id='word_1_261' title='bbox 708 1865 875 1934; x_wconf 49' lang='grc' dir='ltr'>ΙΙέᾄεὲἰὲὶῐίε,</span> <span class='ocrx_word' id='word_1_262' title='bbox 899 1864 1028 1932; x_wconf 72' lang='lat' dir='ltr'>Jolhanni</span> <span class='ocrx_word' id='word_1_263' title='bbox 1053 1867 1199 1908; x_wconf 63' lang='lat' dir='ltr'>Huntprqn</span> <span class='ocrx_word' id='word_1_264' title='bbox 1214 1866 1242 1908; x_wconf 78' lang='lat' dir='ltr'>in</span> 
     </span>
     <span class='ocr_line' id='line_1_55' title="bbox 183 1903 1244 1983; baseline -0.005 -45"><span class='ocrx_word' id='word_1_265' title='bbox 183 1917 326 1983; x_wconf 32' lang='lat' dir='ltr'>storiam&amp;</span> <span class='ocrx_word' id='word_1_266' title='bbox 345 1915 480 1976; x_wconf 41' lang='lat' dir='ltr'>gilgggan·</span> <span class='ocrx_word' id='word_1_267' title='bbox 518 1915 561 1946; x_wconf 87' lang='lat' dir='ltr'>agi</span> <span class='ocrx_word' id='word_1_268' title='bbox 589 1915 637 1943; x_wconf 87' lang='lat' dir='ltr'>ro,</span> <span class='ocrx_word' id='word_1_269' title='bbox 655 1906 690 1937; x_wconf 92' lang='lat'>&amp;</span> <span class='ocrx_word' id='word_1_270' title='bbox 734 1915 791 1934; x_wconf 71' lang='lat' dir='ltr'>aar</span> <span class='ocrx_word' id='word_1_271' title='bbox 810 1915 824 1934; x_wconf 84' lang='lat' dir='ltr'><em>o</em></span> <span class='ocrx_word' id='word_1_272' title='bbox 842 1905 875 1934; x_wconf 82' lang='lat' dir='ltr'>de</span> <span class='ocrx_word' id='word_1_273' title='bbox 892 1906 937 1933; x_wconf 88' lang='lat' dir='ltr'>Ho</span> <span class='ocrx_word' id='word_1_274' title='bbox 948 1915 1008 1941; x_wconf 87' lang='lat' dir='ltr'>me,</span> <span class='ocrx_word' id='word_1_275' title='bbox 1025 1903 1196 1934; x_wconf 82' lang='lat' dir='ltr'>Licentiatio</span> <span class='ocrx_word' id='word_1_276' title='bbox 1214 1913 1244 1933; x_wconf 91' lang='lat' dir='ltr'>in</span> 
     </span>
    </p>

    <p class='ocr_par' dir='ltr' id='par_1_22' title="bbox 181 1969 1245 2135">
     <span class='ocr_line' id='line_1_56' title="bbox 222 1969 1243 2021; baseline -0.006 -7"><span class='ocrx_word' id='word_1_277' title='bbox 222 1969 319 2021; x_wconf 77' lang='lat' dir='ltr'>Cum,</span> <span class='ocrx_word' id='word_1_278' title='bbox 335 1982 489 2014; x_wconf 84' lang='lat' dir='ltr'>cariffimus</span> <span class='ocrx_word' id='word_1_279' title='bbox 509 1981 739 2021; x_wconf 85' lang='lat' dir='ltr'>Consanguineus</span> <span class='ocrx_word' id='word_1_280' title='bbox 764 1980 877 2018; x_wconf 83' lang='lat' dir='ltr'>noster,</span> <span class='ocrx_word' id='word_1_281' title='bbox 893 1978 1041 2018; x_wconf 78' lang='lat' dir='ltr'>Robertus,</span> <span class='ocrx_word' id='word_1_282' title='bbox 1058 1982 1128 2009; x_wconf 87' lang='lat' dir='ltr'>Dux</span> <span class='ocrx_word' id='word_1_283' title='bbox 1150 1980 1243 2009; x_wconf 87' lang='lat' dir='ltr'>Alba-</span> 
     </span>
     <span class='ocr_line' id='line_1_57' title="bbox 183 2019 1245 2090; baseline -0.004 -38"><span class='ocrx_word' id='word_1_284' title='bbox 183 2025 271 2090; x_wconf 48' lang='lat' dir='ltr'>ss&#39;d</span> <span class='ocrx_word' id='word_1_285' title='bbox 279 2020 520 2088; x_wconf 33' lang='lat' dir='ltr'>&amp;mun—ernator</span> <span class='ocrx_word' id='word_1_286' title='bbox 542 2020 641 2058; x_wconf 85' lang='lat' dir='ltr'>Regni</span> <span class='ocrx_word' id='word_1_287' title='bbox 659 2020 782 2058; x_wconf 83' lang='lat' dir='ltr'>Scotiae,</span> <span class='ocrx_word' id='word_1_288' title='bbox 787 2019 1037 2088; x_wconf 26' lang='lat' dir='ltr'>P{21esider1t)÷t0,ssicut</span> <span class='ocrx_word' id='word_1_289' title='bbox 1062 2020 1245 2062; x_wconf 83' lang='lat' dir='ltr'>accepimus,</span> 
     </span>
     <span class='ocr_line' id='line_1_58' title="bbox 181 2056 1245 2135; baseline -0.002 -45"><span class='ocrx_word' id='word_1_290' title='bbox 181 2071 253 2130; x_wconf 50' lang='lat' dir='ltr'>habre</span> <span class='ocrx_word' id='word_1_291' title='bbox 255 2071 317 2129; x_wconf 49' lang='lat'>1:312</span> <span class='ocrx_word' id='word_1_292' title='bbox 331 2059 549 2134; x_wconf 44' lang='lat' dir='ltr'>Cuzsttgcriniaffcgg}</span> <span class='ocrx_word' id='word_1_293' title='bbox 562 2059 672 2128; x_wconf 48' lang='lat' dir='ltr'>liggsalii</span> <span class='ocrx_word' id='word_1_294' title='bbox 680 2067 724 2135; x_wconf 74' lang='lat' dir='ltr'>²ut</span> <span class='ocrx_word' id='word_1_295' title='bbox 746 2069 785 2088; x_wconf 92' lang='lat' dir='ltr'>no</span> <span class='ocrx_word' id='word_1_296' title='bbox 811 2067 873 2088; x_wconf 90' lang='lat' dir='ltr'>rum</span> <span class='ocrx_word' id='word_1_297' title='bbox 922 2067 945 2087; x_wconf 84' lang='lat' dir='ltr'>ri</span> <span class='ocrx_word' id='word_1_298' title='bbox 956 2066 1085 2087; x_wconf 85' lang='lat' dir='ltr'>onarium</span> <span class='ocrx_word' id='word_1_299' title='bbox 1102 2067 1132 2087; x_wconf 85' lang='lat' dir='ltr'>in</span> <span class='ocrx_word' id='word_1_300' title='bbox 1148 2056 1245 2088; x_wconf 89' lang='lat' dir='ltr'>nostra</span> 
     </span>
    </p>

    <p class='ocr_par' dir='ltr' id='par_1_23' title="bbox 180 2133 1246 2282">
     <span class='ocr_line' id='line_1_59' title="bbox 219 2133 1245 2174; baseline -0.001 -7"><span class='ocrx_word' id='word_1_301' title='bbox 219 2136 352 2168; x_wconf 84' lang='lat' dir='ltr'>Offerens</span> <span class='ocrx_word' id='word_1_302' title='bbox 366 2135 393 2167; x_wconf 92' lang='lat' dir='ltr'>se</span> <span class='ocrx_word' id='word_1_303' title='bbox 407 2145 533 2173; x_wconf 88' lang='lat' dir='ltr'>paratum</span> <span class='ocrx_word' id='word_1_304' title='bbox 548 2135 664 2174; x_wconf 83' lang='lat' dir='ltr'>Nobis,</span> <span class='ocrx_word' id='word_1_305' title='bbox 683 2133 728 2166; x_wconf 90' lang='lat' dir='ltr'>vel</span> <span class='ocrx_word' id='word_1_306' title='bbox 744 2133 952 2164; x_wconf 82' lang='lat' dir='ltr'>Commissariis</span> <span class='ocrx_word' id='word_1_307' title='bbox 966 2133 1083 2173; x_wconf 82' lang='lat' dir='ltr'>nostris,</span> <span class='ocrx_word' id='word_1_308' title='bbox 1101 2133 1245 2166; x_wconf 89' lang='lat' dir='ltr'>Restitue-</span> 
     </span>
     <span class='ocr_line' id='line_1_60' title="bbox 180 2172 1244 2214; baseline -0.002 -8"><span class='ocrx_word' id='word_1_309' title='bbox 180 2185 230 2214; x_wconf 87' lang='lat' dir='ltr'>re,</span> <span class='ocrx_word' id='word_1_310' title='bbox 248 2175 384 2206; x_wconf 69' lang='lat' dir='ltr'>dilestum</span> <span class='ocrx_word' id='word_1_311' title='bbox 398 2174 653 2214; x_wconf 79' lang='lat' dir='ltr'>Consanguineum</span> <span class='ocrx_word' id='word_1_312' title='bbox 668 2172 797 2204; x_wconf 89' lang='lat' dir='ltr'>nostrum</span> <span class='ocrx_word' id='word_1_313' title='bbox 807 2195 817 2210; x_wconf 89' lang='lat'>,</span> <span class='ocrx_word' id='word_1_314' title='bbox 832 2175 980 2203; x_wconf 84' lang='lat' dir='ltr'>Henricum</span> <span class='ocrx_word' id='word_1_315' title='bbox 993 2175 1073 2213; x_wconf 87' lang='lat' dir='ltr'>Percy</span> <span class='ocrx_word' id='word_1_316' title='bbox 1108 2183 1244 2211; x_wconf 88' lang='lat' dir='ltr'>nepotem</span> 
     </span>
     <span class='ocr_line' id='line_1_61' title="bbox 182 2196 1246 2282; baseline -0.001 -39"><span class='ocrx_word' id='word_1_317' title='bbox 182 2212 716 2282; x_wconf 39' lang='lat' dir='ltr'>Eppgtffglmitcitlgorgaetznzbgissqqujm</span> <span class='ocrx_word' id='word_1_318' title='bbox 735 2213 843 2280; x_wconf 57' lang='lat' dir='ltr'>Jasrgdifti</span> <span class='ocrx_word' id='word_1_319' title='bbox 865 2212 1013 2279; x_wconf 72' lang='lat' dir='ltr'>habuitlin</span> <span class='ocrx_word' id='word_1_320' title='bbox 1037 2196 1088 2279; x_wconf 47' lang='grc' dir='ltr'>ξμς)</span> <span class='ocrx_word' id='word_1_321' title='bbox 1104 2211 1246 2242; x_wconf 84' lang='lat' dir='ltr'>Potestate</span> 
     </span>
    </p>

    <p class='ocr_par' dir='ltr' id='par_1_24' title="bbox 335 2258 1170 2288">
     <span class='ocr_line' id='line_1_62' title="bbox 335 2258 1170 2288; baseline -0.002 -6"><span class='ocrx_word' id='word_1_322' title='bbox 335 2272 346 2288; x_wconf 86' lang='lat'>,</span> <span class='ocrx_word' id='word_1_323' title='bbox 521 2262 536 2282; x_wconf 89' lang='lat' dir='ltr'>a</span> <span class='ocrx_word' id='word_1_324' title='bbox 551 2262 569 2281; x_wconf 94' lang='lat' dir='ltr'>u</span> <span class='ocrx_word' id='word_1_325' title='bbox 634 2261 663 2280; x_wconf 86' lang='lat' dir='ltr'>or</span> <span class='ocrx_word' id='word_1_326' title='bbox 683 2261 744 2281; x_wconf 83' lang='lat' dir='ltr'>acus</span> <span class='ocrx_word' id='word_1_327' title='bbox 767 2262 776 2280; x_wconf 91' lang='lat' dir='ltr'>i</span> <span class='ocrx_word' id='word_1_328' title='bbox 798 2260 808 2280; x_wconf 86' lang='lat' dir='ltr'>i</span> <span class='ocrx_word' id='word_1_329' title='bbox 832 2259 903 2280; x_wconf 88' lang='lat' dir='ltr'>uerit</span> <span class='ocrx_word' id='word_1_330' title='bbox 920 2260 965 2280; x_wconf 88' lang='lat' dir='ltr'>rea</span> <span class='ocrx_word' id='word_1_331' title='bbox 976 2260 1027 2281; x_wconf 82' lang='lat' dir='ltr'>iter</span> <span class='ocrx_word' id='word_1_332' title='bbox 1052 2260 1062 2279; x_wconf 82' lang='lat' dir='ltr'>i</span> <span class='ocrx_word' id='word_1_333' title='bbox 1083 2258 1170 2280; x_wconf 87' lang='lat' dir='ltr'>eratus</span> 
     </span>
    </p>

    <p class='ocr_par' dir='ltr' id='par_1_25' title="bbox 184 2261 1248 2436">
     <span class='ocr_line' id='line_1_63' title="bbox 222 2261 1246 2327; baseline -0.001 -7"><span class='ocrx_word' id='word_1_334' title='bbox 222 2289 291 2320; x_wconf 93' lang='lat' dir='ltr'>Nos</span> <span class='ocrx_word' id='word_1_335' title='bbox 311 2289 357 2327; x_wconf 92' lang='lat' dir='ltr'>(de</span> <span class='ocrx_word' id='word_1_336' title='bbox 372 2261 469 2319; x_wconf 64' lang='lat' dir='ltr'>vestris</span> <span class='ocrx_word' id='word_1_337' title='bbox 483 2290 587 2320; x_wconf 87' lang='lat' dir='ltr'>sincera</span> <span class='ocrx_word' id='word_1_338' title='bbox 603 2288 732 2319; x_wconf 88' lang='lat' dir='ltr'>fidelitate</span> <span class='ocrx_word' id='word_1_339' title='bbox 748 2290 781 2320; x_wconf 92' lang='lat'>&amp;</span> <span class='ocrx_word' id='word_1_340' title='bbox 799 2288 1004 2324; x_wconf 69' lang='lat' dir='ltr'>circumspeeta</span> <span class='ocrx_word' id='word_1_341' title='bbox 1025 2272 1246 2326; x_wconf 65' lang='lat' dir='ltr'>prudentia&#39;plu-</span> 
     </span>
     <span class='ocr_line' id='line_1_64' title="bbox 184 2326 1247 2367; baseline -0.002 -8"><span class='ocrx_word' id='word_1_342' title='bbox 184 2328 293 2359; x_wconf 72' lang='lat' dir='ltr'>rimfim</span> <span class='ocrx_word' id='word_1_343' title='bbox 307 2327 491 2364; x_wconf 86' lang='lat' dir='ltr'>confidentes)</span> <span class='ocrx_word' id='word_1_344' title='bbox 512 2338 563 2358; x_wconf 92' lang='lat' dir='ltr'>vos</span> <span class='ocrx_word' id='word_1_345' title='bbox 578 2328 711 2367; x_wconf 86' lang='lat' dir='ltr'>Qiatuor</span> <span class='ocrx_word' id='word_1_346' title='bbox 722 2350 731 2365; x_wconf 87' lang='lat'>‚</span> <span class='ocrx_word' id='word_1_347' title='bbox 747 2327 836 2364; x_wconf 91' lang='lat' dir='ltr'>Tres,</span> <span class='ocrx_word' id='word_1_348' title='bbox 853 2335 900 2357; x_wconf 91' lang='lat' dir='ltr'>aut</span> <span class='ocrx_word' id='word_1_349' title='bbox 921 2326 1004 2357; x_wconf 81' lang='lat' dir='ltr'>Duos</span> <span class='ocrx_word' id='word_1_350' title='bbox 1024 2326 1152 2357; x_wconf 79' lang='lat' dir='ltr'>vestrfim</span> <span class='ocrx_word' id='word_1_351' title='bbox 1163 2348 1175 2365; x_wconf 88' lang='lat'>,</span> <span class='ocrx_word' id='word_1_352' title='bbox 1193 2336 1247 2357; x_wconf 92' lang='lat' dir='ltr'>no-</span> 
     </span>
     <span class='ocr_line' id='line_1_65' title="bbox 185 2364 1248 2436; baseline 0 -40"><span class='ocrx_word' id='word_1_353' title='bbox 185 2365 488 2436; x_wconf 46' lang='lat' dir='ltr'>}trossCommiflarios</span> <span class='ocrx_word' id='word_1_354' title='bbox 499 2366 533 2397; x_wconf 64' lang='grc' dir='ltr'>ὃς</span> <span class='ocrx_word' id='word_1_355' title='bbox 549 2365 584 2396; x_wconf 94' lang='lat' dir='ltr'>N</span> <span class='ocrx_word' id='word_1_356' title='bbox 586 2367 686 2396; x_wconf 89' lang='lat' dir='ltr'>uncios</span> <span class='ocrx_word' id='word_1_357' title='bbox 700 2365 827 2405; x_wconf 85' lang='lat' dir='ltr'>speciales</span> <span class='ocrx_word' id='word_1_358' title='bbox 836 2364 1014 2403; x_wconf 83' lang='lat' dir='ltr'>Deptitamus</span> <span class='ocrx_word' id='word_1_359' title='bbox 1028 2367 1062 2398; x_wconf 70' lang='grc' dir='ltr'>ὅ(</span> <span class='ocrx_word' id='word_1_360' title='bbox 1075 2364 1192 2396; x_wconf 88' lang='lat' dir='ltr'>facimus</span> <span class='ocrx_word' id='word_1_361' title='bbox 1199 2375 1248 2404; x_wconf 86' lang='lat' dir='ltr'>per</span> 
     </span>
    </p>

    <p class='ocr_par' dir='ltr' id='par_1_26' title="bbox 212 2412 338 2436">
     <span class='ocr_line' id='line_1_66' title="bbox 212 2412 338 2436; baseline -0.008 0"><span class='ocrx_word' id='word_1_362' title='bbox 212 2415 251 2436; x_wconf 87' lang='lat' dir='ltr'>rae</span> <span class='ocrx_word' id='word_1_363' title='bbox 263 2412 338 2435; x_wconf 89' lang='lat' dir='ltr'>entes</span> 
     </span>
    </p>

    <p class='ocr_par' dir='ltr' id='par_1_27' title="bbox 184 2427 1248 2596">
     <span class='ocr_line' id='line_1_67' title="bbox 222 2427 1246 2490; baseline -0.002 -17"><span class='ocrx_word' id='word_1_364' title='bbox 222 2442 330 2490; x_wconf 69' lang='lat' dir='ltr'>Dantes</span> <span class='ocrx_word' id='word_1_365' title='bbox 344 2427 378 2474; x_wconf 58' lang='grc' dir='ltr'>ἓξ</span> <span class='ocrx_word' id='word_1_366' title='bbox 391 2442 592 2474; x_wconf 90' lang='lat' dir='ltr'>Concedentes</span> <span class='ocrx_word' id='word_1_367' title='bbox 606 2442 686 2473; x_wconf 88' lang='lat' dir='ltr'>vobis</span> <span class='ocrx_word' id='word_1_368' title='bbox 696 2442 845 2480; x_wconf 80' lang='lat' dir='ltr'>Quatuor,</span> <span class='ocrx_word' id='word_1_369' title='bbox 862 2442 970 2473; x_wconf 89' lang='lat' dir='ltr'>Tribus</span> <span class='ocrx_word' id='word_1_370' title='bbox 979 2464 989 2480; x_wconf 86' lang='lat'>,</span> <span class='ocrx_word' id='word_1_371' title='bbox 1007 2449 1056 2473; x_wconf 89' lang='lat' dir='ltr'>aut</span> <span class='ocrx_word' id='word_1_372' title='bbox 1066 2441 1188 2472; x_wconf 87' lang='lat' dir='ltr'>Duobus</span> <span class='ocrx_word' id='word_1_373' title='bbox 1196 2452 1246 2472; x_wconf 85' lang='lat' dir='ltr'>ve-</span> 
     </span>
     <span class='ocr_line' id='line_1_68' title="bbox 184 2478 1248 2522; baseline -0.002 -10"><span class='ocrx_word' id='word_1_374' title='bbox 184 2481 276 2512; x_wconf 83' lang='lat' dir='ltr'>strum</span> <span class='ocrx_word' id='word_1_375' title='bbox 291 2481 463 2512; x_wconf 88' lang='lat' dir='ltr'>Potestatem</span> <span class='ocrx_word' id='word_1_376' title='bbox 482 2481 635 2522; x_wconf 83' lang='lat' dir='ltr'>plenariam</span> <span class='ocrx_word' id='word_1_377' title='bbox 657 2490 723 2511; x_wconf 91' lang='lat' dir='ltr'>cum</span> <span class='ocrx_word' id='word_1_378' title='bbox 736 2480 856 2520; x_wconf 82' lang='lat' dir='ltr'>praefato</span> <span class='ocrx_word' id='word_1_379' title='bbox 871 2483 962 2518; x_wconf 83' lang='lat' dir='ltr'>Duce,</span> <span class='ocrx_word' id='word_1_380' title='bbox 977 2481 1022 2509; x_wconf 91' lang='lat' dir='ltr'>vel</span> <span class='ocrx_word' id='word_1_381' title='bbox 1040 2478 1248 2511; x_wconf 85' lang='lat' dir='ltr'>Commiffariis</span> 
     </span>
     <span class='ocr_line' id='line_1_69' title="bbox 184 2518 1247 2558; baseline -0.002 -7"><span class='ocrx_word' id='word_1_382' title='bbox 184 2520 252 2558; x_wconf 84' lang='lat' dir='ltr'>suis,</span> <span class='ocrx_word' id='word_1_383' title='bbox 267 2520 345 2557; x_wconf 79' lang='lat' dir='ltr'>super</span> <span class='ocrx_word' id='word_1_384' title='bbox 363 2520 546 2551; x_wconf 88' lang='lat' dir='ltr'>Liberatione</span> <span class='ocrx_word' id='word_1_385' title='bbox 560 2520 593 2550; x_wconf 86' lang='lat'>&amp;</span> <span class='ocrx_word' id='word_1_386' title='bbox 608 2519 797 2550; x_wconf 89' lang='lat' dir='ltr'>Restitutione</span> <span class='ocrx_word' id='word_1_387' title='bbox 810 2519 956 2550; x_wconf 66' lang='lat' dir='ltr'>dkstorum</span> <span class='ocrx_word' id='word_1_388' title='bbox 972 2519 1099 2549; x_wconf 75' lang='lat' dir='ltr'>Mordacz·</span> <span class='ocrx_word' id='word_1_389' title='bbox 1116 2519 1148 2549; x_wconf 88' lang='lat'>&amp;</span> <span class='ocrx_word' id='word_1_390' title='bbox 1164 2518 1247 2550; x_wconf 85' lang='lat' dir='ltr'>Hen-</span> 
     </span>
     <span class='ocr_line' id='line_1_70' title="bbox 184 2556 968 2596; baseline -0.003 -7"><span class='ocrx_word' id='word_1_391' title='bbox 184 2560 255 2596; x_wconf 86' lang='lat' dir='ltr'>rici,</span> <span class='ocrx_word' id='word_1_392' title='bbox 271 2558 446 2595; x_wconf 64' lang='lat' dir='ltr'>TratStandi,</span> <span class='ocrx_word' id='word_1_393' title='bbox 463 2557 682 2596; x_wconf 86' lang='lat' dir='ltr'>Concordandi,</span> <span class='ocrx_word' id='word_1_394' title='bbox 698 2559 731 2588; x_wconf 66' lang='grc' dir='ltr'>ὃς</span> <span class='ocrx_word' id='word_1_395' title='bbox 748 2556 968 2595; x_wconf 89' lang='lat' dir='ltr'>Concludendi,</span> 
     </span>
    </p>

    <p class='ocr_par' dir='ltr' id='par_1_28' title="bbox 184 2595 1246 2673">
     <span class='ocr_line' id='line_1_71' title="bbox 221 2595 1246 2636; baseline -0.001 -9"><span class='ocrx_word' id='word_1_396' title='bbox 221 2596 367 2636; x_wconf 90' lang='lat' dir='ltr'>Diemque</span> <span class='ocrx_word' id='word_1_397' title='bbox 379 2597 412 2628; x_wconf 88' lang='lat'>&amp;</span> <span class='ocrx_word' id='word_1_398' title='bbox 426 2596 561 2635; x_wconf 88' lang='lat' dir='ltr'>Locum,</span> <span class='ocrx_word' id='word_1_399' title='bbox 579 2597 628 2627; x_wconf 92' lang='lat' dir='ltr'>ubi</span> <span class='ocrx_word' id='word_1_400' title='bbox 643 2598 675 2627; x_wconf 92' lang='lat'>&amp;</span> <span class='ocrx_word' id='word_1_401' title='bbox 688 2596 801 2634; x_wconf 88' lang='lat' dir='ltr'>quando</span> <span class='ocrx_word' id='word_1_402' title='bbox 816 2596 973 2633; x_wconf 86' lang='lat' dir='ltr'>hujusmodi</span> <span class='ocrx_word' id='word_1_403' title='bbox 989 2595 1174 2627; x_wconf 85' lang='lat' dir='ltr'>Liberatio&amp;</span> <span class='ocrx_word' id='word_1_404' title='bbox 1185 2595 1246 2626; x_wconf 89' lang='lat' dir='ltr'>Re-</span> 
     </span>
     <span class='ocr_line' id='line_1_72' title="bbox 184 2633 930 2673; baseline -0.004 -7"><span class='ocrx_word' id='word_1_405' title='bbox 184 2634 293 2666; x_wconf 86' lang='lat' dir='ltr'>stitutio</span> <span class='ocrx_word' id='word_1_406' title='bbox 307 2635 366 2666; x_wconf 82' lang='lat' dir='ltr'>fieri</span> <span class='ocrx_word' id='word_1_407' title='bbox 381 2635 514 2673; x_wconf 88' lang='lat' dir='ltr'>debeant,</span> <span class='ocrx_word' id='word_1_408' title='bbox 535 2634 686 2665; x_wconf 88' lang='lat' dir='ltr'>Limitandi</span> <span class='ocrx_word' id='word_1_409' title='bbox 699 2636 732 2666; x_wconf 91' lang='lat'>&amp;</span> <span class='ocrx_word' id='word_1_410' title='bbox 751 2633 930 2672; x_wconf 78' lang='lat' dir='ltr'>Affignandi,</span> 
     </span>
    </p>

    <p class='ocr_par' dir='ltr' id='par_1_29' title="bbox 184 2670 1248 2749">
     <span class='ocr_line' id='line_1_73' title="bbox 223 2670 1248 2712; baseline -0.002 -8"><span class='ocrx_word' id='word_1_411' title='bbox 223 2673 352 2704; x_wconf 91' lang='lat' dir='ltr'>Necnon</span> <span class='ocrx_word' id='word_1_412' title='bbox 366 2673 477 2704; x_wconf 58' lang='lat' dir='ltr'>dietum</span> <span class='ocrx_word' id='word_1_413' title='bbox 500 2674 659 2703; x_wconf 79' lang='lat' dir='ltr'>Mordacum</span> <span class='ocrx_word' id='word_1_414' title='bbox 674 2671 794 2711; x_wconf 81' lang='lat' dir='ltr'>praefato</span> <span class='ocrx_word' id='word_1_415' title='bbox 815 2675 885 2702; x_wconf 88' lang='lat' dir='ltr'>Duci</span> <span class='ocrx_word' id='word_1_416' title='bbox 900 2673 974 2703; x_wconf 90' lang='lat' dir='ltr'>Patri</span> <span class='ocrx_word' id='word_1_417' title='bbox 994 2672 1044 2703; x_wconf 89' lang='lat' dir='ltr'>suo</span> <span class='ocrx_word' id='word_1_418' title='bbox 1059 2695 1070 2712; x_wconf 79' lang='lat'>‚</span> <span class='ocrx_word' id='word_1_419' title='bbox 1088 2672 1134 2703; x_wconf 93' lang='lat' dir='ltr'>vel</span> <span class='ocrx_word' id='word_1_420' title='bbox 1153 2670 1248 2703; x_wconf 89' lang='lat' dir='ltr'>Com-</span> 
     </span>
     <span class='ocr_line' id='line_1_74' title="bbox 184 2711 708 2749; baseline -0.006 -6"><span class='ocrx_word' id='word_1_421' title='bbox 184 2711 310 2743; x_wconf 68' lang='lat' dir='ltr'>missariis</span> <span class='ocrx_word' id='word_1_422' title='bbox 322 2713 372 2743; x_wconf 89' lang='lat' dir='ltr'>suis</span> <span class='ocrx_word' id='word_1_423' title='bbox 381 2734 390 2749; x_wconf 90' lang='lat'>,</span> <span class='ocrx_word' id='word_1_424' title='bbox 407 2712 514 2743; x_wconf 80' lang='lat' dir='ltr'>realiter</span> <span class='ocrx_word' id='word_1_425' title='bbox 536 2711 690 2742; x_wconf 92' lang='lat' dir='ltr'>Liberandi</span> <span class='ocrx_word' id='word_1_426' title='bbox 699 2734 708 2749; x_wconf 91' lang='lat'>,</span> 
     </span>
    </p>

    <p class='ocr_par' dir='ltr' id='par_1_30' title="bbox 183 2747 1246 2864">
     <span class='ocr_line' id='line_1_75' title="bbox 217 2747 1246 2794; baseline 0 -14"><span class='ocrx_word' id='word_1_427' title='bbox 217 2749 260 2794; x_wconf 69' lang='lat' dir='ltr'>⁴Et</span> <span class='ocrx_word' id='word_1_428' title='bbox 275 2751 422 2788; x_wconf 74' lang='lat' dir='ltr'>praefatum</span> <span class='ocrx_word' id='word_1_429' title='bbox 444 2753 592 2781; x_wconf 81' lang='lat' dir='ltr'>Henricum</span> <span class='ocrx_word' id='word_1_430' title='bbox 607 2751 639 2780; x_wconf 88' lang='lat' dir='ltr'>de</span> <span class='ocrx_word' id='word_1_431' title='bbox 658 2752 740 2787; x_wconf 81' lang='lat' dir='ltr'>Percy</span> <span class='ocrx_word' id='word_1_432' title='bbox 755 2749 770 2779; x_wconf 75' lang='lat' dir='ltr'>a</span> <span class='ocrx_word' id='word_1_433' title='bbox 779 2747 898 2788; x_wconf 81' lang='lat' dir='ltr'>praefato</span> <span class='ocrx_word' id='word_1_434' title='bbox 916 2752 991 2779; x_wconf 83' lang='lat' dir='ltr'>Duce</span> <span class='ocrx_word' id='word_1_435' title='bbox 1028 2748 1073 2779; x_wconf 86' lang='lat' dir='ltr'>vel</span> <span class='ocrx_word' id='word_1_436' title='bbox 1098 2748 1246 2786; x_wconf 86' lang='lat' dir='ltr'>Deputatis</span> 
     </span>
     <span class='ocr_line' id='line_1_76' title="bbox 183 2772 1244 2859; baseline 0 -40"><span class='ocrx_word' id='word_1_437' title='bbox 183 2789 255 2859; x_wconf 72' lang='lat' dir='ltr'>isius,</span> <span class='ocrx_word' id='word_1_438' title='bbox 269 2798 341 2858; x_wconf 53' lang='lat' dir='ltr'>91}an</span> <span class='ocrx_word' id='word_1_439' title='bbox 354 2788 458 2857; x_wconf 55' lang='lat' dir='ltr'>effegtu</span> <span class='ocrx_word' id='word_1_440' title='bbox 476 2788 664 2827; x_wconf 85' lang='lat' dir='ltr'>Recipiendi,</span> <span class='ocrx_word' id='word_1_441' title='bbox 682 2789 716 2820; x_wconf 90' lang='lat'>&amp;</span> <span class='ocrx_word' id='word_1_442' title='bbox 731 2788 763 2818; x_wconf 91' lang='lat' dir='ltr'>ad</span> <span class='ocrx_word' id='word_1_443' title='bbox 778 2789 907 2818; x_wconf 87' lang='lat' dir='ltr'>nostram</span> <span class='ocrx_word' id='word_1_444' title='bbox 924 2772 1104 2818; x_wconf 44' lang='lat' dir='ltr'>Piaesssntiam</span> <span class='ocrx_word' id='word_1_445' title='bbox 1121 2788 1195 2818; x_wconf 79' lang='lat' dir='ltr'>salvo</span> <span class='ocrx_word' id='word_1_446' title='bbox 1211 2789 1244 2819; x_wconf 90' lang='lat'>&amp;</span> 
     </span>
     <span class='ocr_line' id='line_1_77' title="bbox 197 2836 451 2864; baseline -0.012 -5"><span class='ocrx_word' id='word_1_447' title='bbox 197 2837 283 2859; x_wconf 89' lang='lat' dir='ltr'>ecure</span> <span class='ocrx_word' id='word_1_448' title='bbox 333 2836 406 2858; x_wconf 90' lang='lat' dir='ltr'>ucen</span> <span class='ocrx_word' id='word_1_449' title='bbox 427 2836 451 2864; x_wconf 90' lang='lat'>1,</span> 
     </span>
    </p>

    <p class='ocr_par' dir='ltr' id='par_1_31' title="bbox 185 2863 1246 2981">
     <span class='ocr_line' id='line_1_78' title="bbox 221 2863 1245 2903; baseline -0.001 -7"><span class='ocrx_word' id='word_1_450' title='bbox 221 2865 354 2896; x_wconf 88' lang='lat' dir='ltr'>Necnon</span> <span class='ocrx_word' id='word_1_451' title='bbox 366 2874 516 2896; x_wconf 87' lang='lat' dir='ltr'>numerum</span> <span class='ocrx_word' id='word_1_452' title='bbox 530 2863 733 2903; x_wconf 84' lang='lat' dir='ltr'>Personarum,</span> <span class='ocrx_word' id='word_1_453' title='bbox 773 2865 799 2893; x_wconf 91' lang='lat' dir='ltr'>ui</span> <span class='ocrx_word' id='word_1_454' title='bbox 817 2864 930 2894; x_wconf 88' lang='lat' dir='ltr'>eosdem</span> <span class='ocrx_word' id='word_1_455' title='bbox 947 2865 1112 2894; x_wconf 68' lang='lat' dir='ltr'>Moralacum</span> <span class='ocrx_word' id='word_1_456' title='bbox 1128 2865 1245 2895; x_wconf 83' lang='lat' dir='ltr'>&amp;Hen-</span> 
     </span>
     <span class='ocr_line' id='line_1_79' title="bbox 185 2902 1246 2943; baseline 0 -10"><span class='ocrx_word' id='word_1_457' title='bbox 185 2907 267 2934; x_wconf 81' lang='lat' dir='ltr'>ricum</span> <span class='ocrx_word' id='word_1_458' title='bbox 281 2905 311 2934; x_wconf 91' lang='lat' dir='ltr'>in</span> <span class='ocrx_word' id='word_1_459' title='bbox 327 2903 468 2943; x_wconf 65' lang='lat' dir='ltr'>praedietis</span> <span class='ocrx_word' id='word_1_460' title='bbox 491 2903 674 2934; x_wconf 87' lang='lat' dir='ltr'>Liberatione</span> <span class='ocrx_word' id='word_1_461' title='bbox 699 2903 731 2933; x_wconf 73' lang='grc' dir='ltr'>δε</span> <span class='ocrx_word' id='word_1_462' title='bbox 783 2902 944 2933; x_wconf 86' lang='lat' dir='ltr'>estitutione</span> <span class='ocrx_word' id='word_1_463' title='bbox 967 2903 1104 2933; x_wconf 76' lang='lat' dir='ltr'>associare</span> <span class='ocrx_word' id='word_1_464' title='bbox 1126 2904 1246 2942; x_wconf 87' lang='lat' dir='ltr'>debent,</span> 
     </span>
     <span class='ocr_line' id='line_1_80' title="bbox 188 2941 914 2981; baseline -0.003 -9"><span class='ocrx_word' id='word_1_465' title='bbox 188 2941 337 2981; x_wconf 87' lang='lat' dir='ltr'>Taxandi,</span> <span class='ocrx_word' id='word_1_466' title='bbox 351 2943 384 2975; x_wconf 91' lang='lat'>&amp;</span> <span class='ocrx_word' id='word_1_467' title='bbox 397 2942 433 2973; x_wconf 90' lang='lat' dir='ltr'>de</span> <span class='ocrx_word' id='word_1_468' title='bbox 447 2941 549 2973; x_wconf 90' lang='lat' dir='ltr'>eodem</span> <span class='ocrx_word' id='word_1_469' title='bbox 565 2950 687 2971; x_wconf 89' lang='lat' dir='ltr'>numero</span> <span class='ocrx_word' id='word_1_470' title='bbox 701 2941 914 2977; x_wconf 90' lang='lat' dir='ltr'>concordandi,</span> 
     </span>
    </p>

    <p class='ocr_par' dir='ltr' id='par_1_32' title="bbox 184 2978 1244 3095">
     <span class='ocr_line' id='line_1_81' title="bbox 225 2978 1244 3025; baseline 0.002 -15"><span class='ocrx_word' id='word_1_471' title='bbox 225 2979 391 3025; x_wconf 76' lang='lat' dir='ltr'>Caeteraque</span> <span class='ocrx_word' id='word_1_472' title='bbox 402 2981 500 3012; x_wconf 90' lang='lat' dir='ltr'>omnia</span> <span class='ocrx_word' id='word_1_473' title='bbox 512 2981 545 3011; x_wconf 90' lang='lat'>&amp;</span> <span class='ocrx_word' id='word_1_474' title='bbox 562 2979 667 3018; x_wconf 81' lang='lat' dir='ltr'>fingula</span> <span class='ocrx_word' id='word_1_475' title='bbox 688 2978 820 3010; x_wconf 88' lang='lat' dir='ltr'>Faciendi</span> <span class='ocrx_word' id='word_1_476' title='bbox 842 2979 875 3009; x_wconf 91' lang='lat'>&amp;</span> <span class='ocrx_word' id='word_1_477' title='bbox 895 2979 1072 3018; x_wconf 82' lang='lat' dir='ltr'>Exerceridi,</span> <span class='ocrx_word' id='word_1_478' title='bbox 1091 2989 1154 3018; x_wconf 85' lang='lat' dir='ltr'>quae</span> <span class='ocrx_word' id='word_1_479' title='bbox 1169 2981 1244 3012; x_wconf 91' lang='lat' dir='ltr'>circa</span> 
     </span>
     <span class='ocr_line' id='line_1_82' title="bbox 186 3017 1244 3056; baseline 0 -7"><span class='ocrx_word' id='word_1_480' title='bbox 186 3017 331 3049; x_wconf 81' lang='lat' dir='ltr'>Praemiffa</span> <span class='ocrx_word' id='word_1_481' title='bbox 353 3019 500 3050; x_wconf 81' lang='lat' dir='ltr'>necessaria</span> <span class='ocrx_word' id='word_1_482' title='bbox 520 3019 624 3049; x_wconf 89' lang='lat' dir='ltr'>fuerint</span> <span class='ocrx_word' id='word_1_483' title='bbox 646 3017 693 3048; x_wconf 91' lang='lat' dir='ltr'>seu</span> <span class='ocrx_word' id='word_1_484' title='bbox 710 3017 927 3055; x_wconf 87' lang='lat' dir='ltr'>quomodolibet</span> <span class='ocrx_word' id='word_1_485' title='bbox 945 3027 1106 3056; x_wconf 87' lang='lat' dir='ltr'>oportuna,</span> <span class='ocrx_word' id='word_1_486' title='bbox 1123 3019 1205 3049; x_wconf 88' lang='lat' dir='ltr'>etiam</span> <span class='ocrx_word' id='word_1_487' title='bbox 1224 3019 1244 3049; x_wconf 87' lang='lat' dir='ltr'>si</span> 
     </span>
     <span class='ocr_line' id='line_1_83' title="bbox 184 3055 752 3095; baseline -0.002 -8"><span class='ocrx_word' id='word_1_488' title='bbox 184 3055 346 3087; x_wconf 87' lang='lat' dir='ltr'>mandatum</span> <span class='ocrx_word' id='word_1_489' title='bbox 359 3058 449 3094; x_wconf 87' lang='lat' dir='ltr'>magis</span> <span class='ocrx_word' id='word_1_490' title='bbox 465 3057 582 3095; x_wconf 86' lang='lat' dir='ltr'>speciale</span> <span class='ocrx_word' id='word_1_491' title='bbox 596 3057 752 3095; x_wconf 85' lang='lat' dir='ltr'>requirant,</span> 
     </span>
    </p>

    <p class='ocr_par' dir='ltr' id='par_1_33' title="bbox 186 3093 1244 3252">
     <span class='ocr_line' id='line_1_84' title="bbox 227 3093 1242 3138; baseline 0 -14"><span class='ocrx_word' id='word_1_492' title='bbox 227 3093 246 3114; x_wconf 66' lang='lat'>²*</span> <span class='ocrx_word' id='word_1_493' title='bbox 258 3093 473 3138; x_wconf 54' lang='lat' dir='ltr'>promittimus.</span> <span class='ocrx_word' id='word_1_494' title='bbox 492 3096 617 3134; x_wconf 82' lang='lat' dir='ltr'>insuper,</span> <span class='ocrx_word' id='word_1_495' title='bbox 634 3094 712 3124; x_wconf 68' lang='lat' dir='ltr'>bona</span> <span class='ocrx_word' id='word_1_496' title='bbox 728 3094 799 3131; x_wconf 79' lang='lat' dir='ltr'>fide,</span> <span class='ocrx_word' id='word_1_497' title='bbox 817 3093 885 3124; x_wconf 90' lang='lat' dir='ltr'>Nos</span> <span class='ocrx_word' id='word_1_498' title='bbox 905 3093 1033 3131; x_wconf 67' lang='lat' dir='ltr'>Rarum,</span> <span class='ocrx_word' id='word_1_499' title='bbox 1050 3093 1191 3133; x_wconf 83' lang='lat' dir='ltr'>Gratum,</span> <span class='ocrx_word' id='word_1_500' title='bbox 1209 3096 1242 3126; x_wconf 89' lang='lat'>&amp;</span> 
     </span>
     <span class='ocr_line' id='line_1_85' title="bbox 187 3131 1243 3171; baseline 0 -9"><span class='ocrx_word' id='word_1_501' title='bbox 187 3131 292 3162; x_wconf 90' lang='lat' dir='ltr'>Stabile</span> <span class='ocrx_word' id='word_1_502' title='bbox 308 3134 445 3170; x_wconf 80' lang='lat' dir='ltr'>perpetuo</span> <span class='ocrx_word' id='word_1_503' title='bbox 464 3133 605 3164; x_wconf 89' lang='lat' dir='ltr'>habituros</span> <span class='ocrx_word' id='word_1_504' title='bbox 622 3133 757 3171; x_wconf 82' lang='lat' dir='ltr'>quicquid</span> <span class='ocrx_word' id='word_1_505' title='bbox 776 3142 825 3170; x_wconf 88' lang='lat' dir='ltr'>per</span> <span class='ocrx_word' id='word_1_506' title='bbox 846 3142 899 3162; x_wconf 90' lang='lat' dir='ltr'>vos</span> <span class='ocrx_word' id='word_1_507' title='bbox 920 3132 1055 3170; x_wconf 81' lang='lat' dir='ltr'>Quatuor</span> <span class='ocrx_word' id='word_1_508' title='bbox 1066 3154 1075 3170; x_wconf 87' lang='lat'>,</span> <span class='ocrx_word' id='word_1_509' title='bbox 1093 3133 1183 3170; x_wconf 87' lang='lat' dir='ltr'>Tres,</span> <span class='ocrx_word' id='word_1_510' title='bbox 1198 3143 1243 3165; x_wconf 87' lang='lat' dir='ltr'>aut</span> 
     </span>
     <span class='ocr_line' id='line_1_86' title="bbox 186 3168 1244 3208; baseline 0.003 -8"><span class='ocrx_word' id='word_1_511' title='bbox 186 3169 273 3202; x_wconf 92' lang='lat' dir='ltr'>Duos</span> <span class='ocrx_word' id='word_1_512' title='bbox 289 3168 416 3202; x_wconf 80' lang='lat' dir='ltr'>vestriim</span> <span class='ocrx_word' id='word_1_513' title='bbox 452 3170 576 3208; x_wconf 66' lang='lat' dir='ltr'>Aoum,</span> <span class='ocrx_word' id='word_1_514' title='bbox 594 3171 718 3202; x_wconf 86' lang='lat' dir='ltr'>Gestum</span> <span class='ocrx_word' id='word_1_515' title='bbox 762 3170 808 3202; x_wconf 88' lang='lat' dir='ltr'>seu</span> <span class='ocrx_word' id='word_1_516' title='bbox 831 3170 993 3202; x_wconf 86' lang='lat' dir='ltr'>Executum</span> <span class='ocrx_word' id='word_1_517' title='bbox 1014 3170 1143 3202; x_wconf 86' lang='lat' dir='ltr'>fueritin</span> <span class='ocrx_word' id='word_1_518' title='bbox 1167 3171 1244 3203; x_wconf 85' lang='lat' dir='ltr'>Prae-</span> 
     </span>
     <span class='ocr_line' id='line_1_87' title="bbox 186 3192 738 3247; baseline 0 -7"><span class='ocrx_word' id='word_1_519' title='bbox 186 3208 291 3247; x_wconf 86' lang='lat' dir='ltr'>miffis,</span> <span class='ocrx_word' id='word_1_520' title='bbox 310 3209 344 3240; x_wconf 89' lang='lat'>&amp;</span> <span class='ocrx_word' id='word_1_521' title='bbox 359 3192 487 3246; x_wconf 81' lang='lat' dir='ltr'>quol&#39;ibet</span> <span class='ocrx_word' id='word_1_522' title='bbox 499 3194 738 3240; x_wconf 77' lang='lat' dir='ltr'>Praemissorum.’</span> 
     </span>
    </p>

    <p class='ocr_par' dir='ltr' id='par_1_34' title="bbox 227 3246 455 3286">
     <span class='ocr_line' id='line_1_88' title="bbox 227 3246 455 3286; baseline -0.013 -8"><span class='ocrx_word' id='word_1_523' title='bbox 227 3246 263 3278; x_wconf 92' lang='lat' dir='ltr'>In</span> <span class='ocrx_word' id='word_1_524' title='bbox 282 3256 378 3286; x_wconf 75' lang='lat' dir='ltr'>cujus,</span> <span class='ocrx_word' id='word_1_525' title='bbox 394 3247 455 3277; x_wconf 91' lang='lat' dir='ltr'>&amp;c.</span> 
     </span>
    </p>

    <p class='ocr_par' dir='ltr' id='par_1_35' title="bbox 184 3283 1243 3403">
     <span class='ocr_line' id='line_1_89' title="bbox 240 3283 1243 3325; baseline 0.001 -9"><span class='ocrx_word' id='word_1_526' title='bbox 240 3285 308 3316; x_wconf 89' lang='lat' dir='ltr'>Dat.</span> <span class='ocrx_word' id='word_1_527' title='bbox 324 3284 396 3323; x_wconf 84' lang='lat' dir='ltr'>apud</span> <span class='ocrx_word' id='word_1_528' title='bbox 411 3283 551 3314; x_wconf 87' lang='lat' dir='ltr'>Palatium</span> <span class='ocrx_word' id='word_1_529' title='bbox 563 3283 679 3324; x_wconf 83' lang='lat' dir='ltr'>nostrum</span> <span class='ocrx_word' id='word_1_530' title='bbox 695 3285 804 3325; x_wconf 81' lang='lat' dir='ltr'>Wstm.</span> <span class='ocrx_word' id='word_1_531' title='bbox 816 3286 852 3316; x_wconf 86' lang='lat' dir='ltr'>xi.</span> <span class='ocrx_word' id='word_1_532' title='bbox 875 3285 923 3316; x_wconf 85' lang='lat' dir='ltr'>die</span> <span class='ocrx_word' id='word_1_533' title='bbox 944 3284 1051 3317; x_wconf 78' lang='lat' dir='ltr'>Mensis</span> <span class='ocrx_word' id='word_1_534' title='bbox 1072 3285 1243 3318; x_wconf 85' lang='lat' dir='ltr'>Decembris</span> 
     </span>
     <span class='ocr_line' id='line_1_90' title="bbox 184 3322 1243 3364; baseline 0.001 -9"><span class='ocrx_word' id='word_1_535' title='bbox 184 3324 275 3356; x_wconf 86' lang='lat' dir='ltr'>Anno</span> <span class='ocrx_word' id='word_1_536' title='bbox 292 3323 413 3355; x_wconf 89' lang='lat' dir='ltr'>Domini</span> <span class='ocrx_word' id='word_1_537' title='bbox 431 3322 605 3361; x_wconf 83' lang='lat' dir='ltr'>Millesimo,</span> <span class='ocrx_word' id='word_1_538' title='bbox 624 3323 910 3363; x_wconf 68' lang='lat' dir='ltr'>Quadringentesimo</span> <span class='ocrx_word' id='word_1_539' title='bbox 924 3347 934 3363; x_wconf 93' lang='lat'>,</span> <span class='ocrx_word' id='word_1_540' title='bbox 952 3325 1183 3364; x_wconf 85' lang='lat' dir='ltr'>Qintodecimo</span> <span class='ocrx_word' id='word_1_541' title='bbox 1194 3338 1198 3342; x_wconf 97' lang='lat'>·</span> <span class='ocrx_word' id='word_1_542' title='bbox 1209 3326 1243 3357; x_wconf 90' lang='lat'>&amp;</span> 
     </span>
     <span class='ocr_line' id='line_1_91' title="bbox 186 3349 1201 3403; baseline -0.006 -9"><span class='ocrx_word' id='word_1_543' title='bbox 186 3363 282 3403; x_wconf 84' lang='lat' dir='ltr'>Regni</span> <span class='ocrx_word' id='word_1_544' title='bbox 296 3361 386 3394; x_wconf 81' lang='lat' dir='ltr'>nostri</span> <span class='ocrx_word' id='word_1_545' title='bbox 397 3361 508 3393; x_wconf 89' lang='lat' dir='ltr'>Tertio.</span> <span class='ocrx_word' id='word_1_546' title='bbox 1191 3349 1201 3364; x_wconf 80' lang='lat'>²</span> 
     </span>
    </p>

    <p class='ocr_par' dir='ltr' id='par_1_36' title="bbox 808 3399 1080 3439">
     <span class='ocr_line' id='line_1_92' title="bbox 808 3399 1080 3439; baseline 0.004 -10"><span class='ocrx_word' id='word_1_547' title='bbox 808 3401 863 3430; x_wconf 82' lang='lat' dir='ltr'>Per</span> <span class='ocrx_word' id='word_1_548' title='bbox 881 3399 963 3439; x_wconf 73' lang='lat' dir='ltr'>ipfhm</span> <span class='ocrx_word' id='word_1_549' title='bbox 976 3403 1080 3438; x_wconf 82' lang='lat' dir='ltr'>Regem.</span> 
     </span>
    </p>
   </div>
   <div class='ocr_carea' id='block_1_19' title="bbox 184 3474 1250 4092">
    <p class='ocr_par' dir='ltr' id='par_1_37' title="bbox 187 3474 1245 3548">
     <span class='ocr_line' id='line_1_93' title="bbox 187 3474 1245 3537; baseline 0.001 -28"><span class='ocrx_word' id='word_1_550' title='bbox 187 3477 308 3537; x_wconf 83' lang='lat' dir='ltr'>REX</span> <span class='ocrx_word' id='word_1_551' title='bbox 326 3477 471 3509; x_wconf 88' lang='lat' dir='ltr'>Omnibus</span> <span class='ocrx_word' id='word_1_552' title='bbox 482 3475 516 3508; x_wconf 90' lang='lat'>&amp;</span> <span class='ocrx_word' id='word_1_553' title='bbox 529 3474 660 3515; x_wconf 74' lang='lat' dir='ltr'>singulis,</span> <span class='ocrx_word' id='word_1_554' title='bbox 676 3474 824 3515; x_wconf 80' lang='lat' dir='ltr'>praesentes</span> <span class='ocrx_word' id='word_1_555' title='bbox 841 3475 947 3507; x_wconf 81' lang='lat' dir='ltr'>Literas</span> <span class='ocrx_word' id='word_1_556' title='bbox 967 3475 1148 3517; x_wconf 63' lang='lat' dir='ltr'>InspedturiS,</span> <span class='ocrx_word' id='word_1_557' title='bbox 1166 3477 1245 3510; x_wconf 87' lang='lat' dir='ltr'>Salu-</span> 
     </span>
     <span class='ocr_line' id='line_1_94' title="bbox 260 3526 329 3548; baseline -0.029 0"><span class='ocrx_word' id='word_1_558' title='bbox 260 3526 329 3548; x_wconf 89' lang='lat' dir='ltr'>tem.</span> 
     </span>
    </p>

    <p class='ocr_par' dir='ltr' id='par_1_38' title="bbox 184 3551 1243 3706">
     <span class='ocr_line' id='line_1_95' title="bbox 222 3551 1243 3592; baseline -0.002 -6"><span class='ocrx_word' id='word_1_559' title='bbox 222 3555 302 3586; x_wconf 91' lang='lat' dir='ltr'>Sicut</span> <span class='ocrx_word' id='word_1_560' title='bbox 316 3555 426 3585; x_wconf 89' lang='lat' dir='ltr'>noviter</span> <span class='ocrx_word' id='word_1_561' title='bbox 439 3552 635 3591; x_wconf 83' lang='lat' dir='ltr'>intelleximus,</span> <span class='ocrx_word' id='word_1_562' title='bbox 652 3551 805 3583; x_wconf 84' lang='lat' dir='ltr'>cariffimus</span> <span class='ocrx_word' id='word_1_563' title='bbox 819 3551 1037 3592; x_wconf 74' lang='lat' dir='ltr'>consanguineus</span> <span class='ocrx_word' id='word_1_564' title='bbox 1057 3554 1170 3592; x_wconf 92' lang='lat' dir='ltr'>noster,</span> <span class='ocrx_word' id='word_1_565' title='bbox 1188 3557 1243 3584; x_wconf 84' lang='lat' dir='ltr'>Ro-</span> 
     </span>
     <span class='ocr_line' id='line_1_96' title="bbox 188 3590 1240 3631; baseline 0.001 -9"><span class='ocrx_word' id='word_1_566' title='bbox 188 3591 278 3624; x_wconf 80' lang='lat' dir='ltr'>bertus</span> <span class='ocrx_word' id='word_1_567' title='bbox 292 3617 301 3631; x_wconf 86' lang='lat'>,</span> <span class='ocrx_word' id='word_1_568' title='bbox 323 3596 392 3623; x_wconf 79' lang='lat' dir='ltr'>Dux</span> <span class='ocrx_word' id='word_1_569' title='bbox 418 3592 567 3630; x_wconf 79' lang='lat' dir='ltr'>Albaniae,</span> <span class='ocrx_word' id='word_1_570' title='bbox 586 3592 619 3622; x_wconf 67' lang='grc' dir='ltr'>ὃ(</span> <span class='ocrx_word' id='word_1_571' title='bbox 644 3590 827 3621; x_wconf 86' lang='lat' dir='ltr'>Gubernator</span> <span class='ocrx_word' id='word_1_572' title='bbox 848 3590 944 3630; x_wconf 84' lang='lat' dir='ltr'>Regni</span> <span class='ocrx_word' id='word_1_573' title='bbox 968 3592 1090 3631; x_wconf 66' lang='lat' dir='ltr'>Scodae,</span> <span class='ocrx_word' id='word_1_574' title='bbox 1110 3593 1240 3624; x_wconf 73' lang='lat' dir='ltr'>desiderat</span> 
     </span>
     <span class='ocr_line' id='line_1_97' title="bbox 184 3629 1239 3668; baseline -0.001 -6"><span class='ocrx_word' id='word_1_575' title='bbox 184 3632 344 3662; x_wconf 85' lang='lat' dir='ltr'>Mordacum</span> <span class='ocrx_word' id='word_1_576' title='bbox 358 3632 459 3662; x_wconf 85' lang='lat' dir='ltr'>Filium</span> <span class='ocrx_word' id='word_1_577' title='bbox 473 3631 554 3662; x_wconf 91' lang='lat' dir='ltr'>suum</span> <span class='ocrx_word' id='word_1_578' title='bbox 570 3632 669 3668; x_wconf 88' lang='lat' dir='ltr'>(quem</span> <span class='ocrx_word' id='word_1_579' title='bbox 682 3638 712 3659; x_wconf 89' lang='lat' dir='ltr'>ut</span> <span class='ocrx_word' id='word_1_580' title='bbox 734 3629 919 3659; x_wconf 87' lang='lat' dir='ltr'>Prisonarium</span> <span class='ocrx_word' id='word_1_581' title='bbox 943 3630 1071 3661; x_wconf 89' lang='lat' dir='ltr'>nostrum</span> <span class='ocrx_word' id='word_1_582' title='bbox 1094 3631 1123 3660; x_wconf 90' lang='lat' dir='ltr'>in</span> <span class='ocrx_word' id='word_1_583' title='bbox 1145 3630 1239 3662; x_wconf 89' lang='lat' dir='ltr'>nostra</span> 
     </span>
     <span class='ocr_line' id='line_1_98' title="bbox 184 3667 1065 3706; baseline -0.003 -5"><span class='ocrx_word' id='word_1_584' title='bbox 184 3669 322 3701; x_wconf 88' lang='lat' dir='ltr'>Custodia</span> <span class='ocrx_word' id='word_1_585' title='bbox 332 3671 497 3705; x_wconf 83' lang='lat' dir='ltr'>detinemus)</span> <span class='ocrx_word' id='word_1_586' title='bbox 515 3669 620 3700; x_wconf 73' lang='lat' dir='ltr'>salvum</span> <span class='ocrx_word' id='word_1_587' title='bbox 635 3668 667 3698; x_wconf 87' lang='lat'>&amp;</span> <span class='ocrx_word' id='word_1_588' title='bbox 684 3667 848 3698; x_wconf 90' lang='lat' dir='ltr'>incolumen</span> <span class='ocrx_word' id='word_1_589' title='bbox 861 3667 912 3697; x_wconf 82' lang='lat' dir='ltr'>sibi</span> <span class='ocrx_word' id='word_1_590' title='bbox 925 3668 1065 3706; x_wconf 87' lang='lat' dir='ltr'>Liberari,</span> 
     </span>
    </p>

    <p class='ocr_par' dir='ltr' id='par_1_39' title="bbox 188 3705 1241 3823">
     <span class='ocr_line' id='line_1_99' title="bbox 221 3705 1240 3748; baseline -0.001 -10"><span class='ocrx_word' id='word_1_591' title='bbox 221 3707 280 3739; x_wconf 90' lang='lat' dir='ltr'>Pro</span> <span class='ocrx_word' id='word_1_592' title='bbox 294 3719 352 3748; x_wconf 91' lang='lat' dir='ltr'>quo</span> <span class='ocrx_word' id='word_1_593' title='bbox 367 3709 418 3738; x_wconf 87' lang='lat' dir='ltr'>sibi</span> <span class='ocrx_word' id='word_1_594' title='bbox 440 3708 583 3738; x_wconf 85' lang='lat' dir='ltr'>liberando</span> <span class='ocrx_word' id='word_1_595' title='bbox 603 3705 688 3737; x_wconf 83' lang='lat' dir='ltr'>offert</span> <span class='ocrx_word' id='word_1_596' title='bbox 709 3706 808 3736; x_wconf 86' lang='lat' dir='ltr'>Nobis</span> <span class='ocrx_word' id='word_1_597' title='bbox 829 3705 969 3736; x_wconf 88' lang='lat' dir='ltr'>restituere</span> <span class='ocrx_word' id='word_1_598' title='bbox 990 3706 1103 3737; x_wconf 74' lang='lat' dir='ltr'>Conssin</span> <span class='ocrx_word' id='word_1_599' title='bbox 1126 3708 1240 3737; x_wconf 90' lang='lat' dir='ltr'>uineum</span> 
     </span>
     <span class='ocr_line' id='line_1_100' title="bbox 188 3744 1241 3790; baseline -0.001 -14"><span class='ocrx_word' id='word_1_600' title='bbox 188 3746 319 3790; x_wconf 78' lang='lat' dir='ltr'>nostrum</span> <span class='ocrx_word' id='word_1_601' title='bbox 333 3749 479 3777; x_wconf 80' lang='lat' dir='ltr'>Henricum</span> <span class='ocrx_word' id='word_1_602' title='bbox 495 3748 526 3776; x_wconf 86' lang='lat' dir='ltr'>de</span> <span class='ocrx_word' id='word_1_603' title='bbox 543 3748 643 3786; x_wconf 83' lang='lat' dir='ltr'>Percy,</span> <span class='ocrx_word' id='word_1_604' title='bbox 659 3745 809 3785; x_wconf 89' lang='lat' dir='ltr'>Nepotem</span> <span class='ocrx_word' id='word_1_605' title='bbox 831 3754 918 3782; x_wconf 84' lang='lat' dir='ltr'>nuper</span> <span class='ocrx_word' id='word_1_606' title='bbox 937 3744 1059 3775; x_wconf 90' lang='lat' dir='ltr'>Comitis</span> <span class='ocrx_word' id='word_1_607' title='bbox 1110 3746 1241 3776; x_wconf 89' lang='lat' dir='ltr'>orthum—</span> 
     </span>
     <span class='ocr_line' id='line_1_101' title="bbox 189 3782 1195 3823; baseline -0.002 -8"><span class='ocrx_word' id='word_1_608' title='bbox 189 3784 276 3823; x_wconf 83' lang='lat' dir='ltr'>briae,</span> <span class='ocrx_word' id='word_1_609' title='bbox 289 3794 376 3822; x_wconf 89' lang='lat' dir='ltr'>quem</span> <span class='ocrx_word' id='word_1_610' title='bbox 388 3785 494 3823; x_wconf 72' lang='lat' dir='ltr'>jamdiu</span> <span class='ocrx_word' id='word_1_611' title='bbox 506 3784 625 3815; x_wconf 88' lang='lat' dir='ltr'>detinuit</span> <span class='ocrx_word' id='word_1_612' title='bbox 634 3806 642 3821; x_wconf 86' lang='lat'>‚</span> <span class='ocrx_word' id='word_1_613' title='bbox 657 3792 741 3823; x_wconf 87' lang='lat' dir='ltr'>prout</span> <span class='ocrx_word' id='word_1_614' title='bbox 755 3792 838 3821; x_wconf 90' lang='lat' dir='ltr'>penes</span> <span class='ocrx_word' id='word_1_615' title='bbox 851 3783 877 3812; x_wconf 90' lang='lat' dir='ltr'>se</span> <span class='ocrx_word' id='word_1_616' title='bbox 888 3782 991 3814; x_wconf 90' lang='lat' dir='ltr'>detinet</span> <span class='ocrx_word' id='word_1_617' title='bbox 1005 3783 1040 3814; x_wconf 91' lang='lat' dir='ltr'>de</span> <span class='ocrx_word' id='word_1_618' title='bbox 1053 3783 1195 3821; x_wconf 68' lang='lat' dir='ltr'>praesenti,</span> 
     </span>
    </p>

    <p class='ocr_par' dir='ltr' id='par_1_40' title="bbox 189 3821 1240 3938">
     <span class='ocr_line' id='line_1_102' title="bbox 226 3821 1238 3860; baseline 0 -8"><span class='ocrx_word' id='word_1_619' title='bbox 226 3822 295 3852; x_wconf 92' lang='lat' dir='ltr'>Nos</span> <span class='ocrx_word' id='word_1_620' title='bbox 312 3823 496 3859; x_wconf 84' lang='lat' dir='ltr'>(Liberationi</span> <span class='ocrx_word' id='word_1_621' title='bbox 517 3824 550 3853; x_wconf 74' lang='grc' dir='ltr'>ὅτ.</span> <span class='ocrx_word' id='word_1_622' title='bbox 566 3821 747 3853; x_wconf 89' lang='lat' dir='ltr'>Restitutioni</span> <span class='ocrx_word' id='word_1_623' title='bbox 762 3821 939 3860; x_wconf 81' lang='lat' dir='ltr'>hujusmodi,</span> <span class='ocrx_word' id='word_1_624' title='bbox 954 3822 1021 3852; x_wconf 90' lang='lat' dir='ltr'>hinc</span> <span class='ocrx_word' id='word_1_625' title='bbox 1041 3821 1107 3851; x_wconf 92' lang='lat' dir='ltr'>inde</span> <span class='ocrx_word' id='word_1_626' title='bbox 1126 3821 1238 3860; x_wconf 86' lang='lat' dir='ltr'>fiendis,</span> 
     </span>
     <span class='ocr_line' id='line_1_103' title="bbox 189 3858 1240 3900; baseline -0.001 -8"><span class='ocrx_word' id='word_1_627' title='bbox 189 3860 318 3892; x_wconf 89' lang='lat' dir='ltr'>nostrum</span> <span class='ocrx_word' id='word_1_628' title='bbox 333 3863 487 3900; x_wconf 78' lang='lat' dir='ltr'>praebentes</span> <span class='ocrx_word' id='word_1_629' title='bbox 503 3861 662 3898; x_wconf 85' lang='lat' dir='ltr'>Assensum)</span> <span class='ocrx_word' id='word_1_630' title='bbox 679 3860 796 3890; x_wconf 92' lang='lat' dir='ltr'>Tenore</span> <span class='ocrx_word' id='word_1_631' title='bbox 811 3858 1008 3899; x_wconf 72' lang='lat' dir='ltr'>praesentium,</span> <span class='ocrx_word' id='word_1_632' title='bbox 1028 3859 1240 3899; x_wconf 85' lang='lat' dir='ltr'>Promittimus,</span> 
     </span>
     <span class='ocr_line' id='line_1_104' title="bbox 189 3897 726 3938; baseline 0.002 -10"><span class='ocrx_word' id='word_1_633' title='bbox 189 3899 267 3932; x_wconf 66' lang='lat' dir='ltr'>bona</span> <span class='ocrx_word' id='word_1_634' title='bbox 281 3897 334 3927; x_wconf 84' lang='lat' dir='ltr'>fide</span> <span class='ocrx_word' id='word_1_635' title='bbox 348 3898 380 3928; x_wconf 90' lang='lat'>&amp;</span> <span class='ocrx_word' id='word_1_636' title='bbox 394 3900 482 3929; x_wconf 88' lang='lat' dir='ltr'>verbo</span> <span class='ocrx_word' id='word_1_637' title='bbox 498 3899 609 3938; x_wconf 82' lang='lat' dir='ltr'>Regio,</span> <span class='ocrx_word' id='word_1_638' title='bbox 629 3899 726 3937; x_wconf 79' lang='lat' dir='ltr'>quod,</span> 
     </span>
    </p>

    <p class='ocr_par' dir='ltr' id='par_1_41' title="bbox 187 3935 1250 4092">
     <span class='ocr_line' id='line_1_105' title="bbox 228 3935 1241 3981; baseline 0.001 -14"><span class='ocrx_word' id='word_1_639' title='bbox 228 3938 258 3968; x_wconf 87' lang='lat' dir='ltr'>Si</span> <span class='ocrx_word' id='word_1_640' title='bbox 273 3935 401 3981; x_wconf 60' lang='lat' dir='ltr'>praefatus</span> <span class='ocrx_word' id='word_1_641' title='bbox 414 3940 482 3979; x_wconf 70' lang='lat' dir='ltr'>pax</span> <span class='ocrx_word' id='word_1_642' title='bbox 495 3937 628 3967; x_wconf 78' lang='lat' dir='ltr'>Albaniae</span> <span class='ocrx_word' id='word_1_643' title='bbox 638 3960 647 3975; x_wconf 88' lang='lat'>,</span> <span class='ocrx_word' id='word_1_644' title='bbox 665 3937 698 3968; x_wconf 90' lang='lat' dir='ltr'>ad</span> <span class='ocrx_word' id='word_1_645' title='bbox 715 3945 805 3967; x_wconf 86' lang='lat' dir='ltr'>certos</span> <span class='ocrx_word' id='word_1_646' title='bbox 821 3936 909 3966; x_wconf 88' lang='lat' dir='ltr'>Diem</span> <span class='ocrx_word' id='word_1_647' title='bbox 925 3936 958 3967; x_wconf 74' lang='grc' dir='ltr'>δε</span> <span class='ocrx_word' id='word_1_648' title='bbox 974 3935 1105 3974; x_wconf 89' lang='lat' dir='ltr'>Locum,</span> <span class='ocrx_word' id='word_1_649' title='bbox 1123 3947 1172 3975; x_wconf 87' lang='lat' dir='ltr'>per</span> <span class='ocrx_word' id='word_1_650' title='bbox 1189 3948 1241 3968; x_wconf 92' lang='lat' dir='ltr'>no-</span> 
     </span>
     <span class='ocr_line' id='line_1_106' title="bbox 191 3974 1243 4013; baseline -0.001 -7"><span class='ocrx_word' id='word_1_651' title='bbox 191 3975 260 4007; x_wconf 90' lang='lat' dir='ltr'>stros</span> <span class='ocrx_word' id='word_1_652' title='bbox 272 3976 305 4005; x_wconf 79' lang='lat'>&amp;</span> <span class='ocrx_word' id='word_1_653' title='bbox 322 3983 372 4011; x_wconf 88' lang='lat' dir='ltr'>per</span> <span class='ocrx_word' id='word_1_654' title='bbox 386 3978 466 4012; x_wconf 83' lang='lat' dir='ltr'>lplluS</span> <span class='ocrx_word' id='word_1_655' title='bbox 487 3974 578 4005; x_wconf 93' lang='lat' dir='ltr'>Ducis</span> <span class='ocrx_word' id='word_1_656' title='bbox 592 3975 808 4005; x_wconf 81' lang='lat' dir='ltr'>Commissarios</span> <span class='ocrx_word' id='word_1_657' title='bbox 829 3974 1017 4013; x_wconf 76' lang='lat' dir='ltr'>assignandos,</span> <span class='ocrx_word' id='word_1_658' title='bbox 1034 3975 1145 4005; x_wconf 67' lang='lat' dir='ltr'>distum</span> <span class='ocrx_word' id='word_1_659' title='bbox 1165 3978 1243 4006; x_wconf 86' lang='lat' dir='ltr'>Hen-</span> 
     </span>
     <span class='ocr_line' id='line_1_107' title="bbox 187 4011 1245 4059; baseline -0.001 -14"><span class='ocrx_word' id='word_1_660' title='bbox 187 4019 287 4059; x_wconf 62' lang='lat' dir='ltr'>rieum,</span> <span class='ocrx_word' id='word_1_661' title='bbox 305 4011 527 4052; x_wconf 57' lang='lat' dir='ltr'>consanguineum</span> <span class='ocrx_word' id='word_1_662' title='bbox 540 4013 688 4051; x_wconf 86' lang='lat' dir='ltr'>nostrum,</span> <span class='ocrx_word' id='word_1_663' title='bbox 704 4014 769 4044; x_wconf 88' lang='lat' dir='ltr'>duci</span> <span class='ocrx_word' id='word_1_664' title='bbox 786 4014 880 4044; x_wconf 89' lang='lat' dir='ltr'>fecerit</span> <span class='ocrx_word' id='word_1_665' title='bbox 889 4012 1003 4043; x_wconf 86' lang='lat' dir='ltr'>Salvum</span> <span class='ocrx_word' id='word_1_666' title='bbox 1017 4012 1245 4051; x_wconf 85' lang='lat' dir='ltr'>&amp;Incolumen,</span> 
     </span>
     <span class='ocr_line' id='line_1_108' title="bbox 187 4050 1250 4092; baseline -0.002 -6"><span class='ocrx_word' id='word_1_667' title='bbox 187 4053 382 4090; x_wconf 82' lang='lat' dir='ltr'>Liberumque</span> <span class='ocrx_word' id='word_1_668' title='bbox 395 4051 428 4082; x_wconf 76' lang='grc' dir='ltr'>δε</span> <span class='ocrx_word' id='word_1_669' title='bbox 443 4050 574 4083; x_wconf 77' lang='lat' dir='ltr'>Solutum</span> <span class='ocrx_word' id='word_1_670' title='bbox 586 4052 622 4084; x_wconf 85' lang='lat' dir='ltr'>ab</span> <span class='ocrx_word' id='word_1_671' title='bbox 637 4053 719 4084; x_wconf 90' lang='lat' dir='ltr'>omni</span> <span class='ocrx_word' id='word_1_672' title='bbox 732 4052 935 4092; x_wconf 73' lang='lat' dir='ltr'>obligatione,</span> <span class='ocrx_word' id='word_1_673' title='bbox 954 4050 1080 4084; x_wconf 89' lang='lat' dir='ltr'>Vinculo</span> <span class='ocrx_word' id='word_1_674' title='bbox 1091 4074 1101 4091; x_wconf 90' lang='lat'>,</span> <span class='ocrx_word' id='word_1_675' title='bbox 1124 4052 1157 4084; x_wconf 73' lang='grc' dir='ltr'>δε</span> <span class='ocrx_word' id='word_1_676' title='bbox 1168 4052 1250 4084; x_wconf 89' lang='lat' dir='ltr'>Cau-</span> 
     </span>
    </p>
   </div>
   <div class='ocr_carea' id='block_1_20' title="bbox 1288 145 1767 187">
    <p class='ocr_par' dir='ltr' id='par_1_42' title="bbox 1288 145 1767 187">
     <span class='ocr_line' id='line_1_109' title="bbox 1288 145 1767 187; baseline 0 0"><span class='ocrx_word' id='word_1_677' title='bbox 1288 145 1767 187; x_wconf 89' lang='lat' dir='ltr'>PUBLICA.</span> 
     </span>
    </p>
   </div>
   <div class='ocr_carea' id='block_1_21' title="bbox 1252 228 2315 648">
    <p class='ocr_par' dir='ltr' id='par_1_43' title="bbox 1252 228 1947 345">
     <span class='ocr_line' id='line_1_110' title="bbox 1252 228 1947 274; baseline -0.006 -12"><span class='ocrx_word' id='word_1_678' title='bbox 1252 232 1296 269; x_wconf 84' lang='lat' dir='ltr'>sa,</span> <span class='ocrx_word' id='word_1_679' title='bbox 1314 238 1427 274; x_wconf 75' lang='lat' dir='ltr'>propter</span> <span class='ocrx_word' id='word_1_680' title='bbox 1441 239 1505 268; x_wconf 83' lang='lat' dir='ltr'>quae</span> <span class='ocrx_word' id='word_1_681' title='bbox 1520 229 1657 267; x_wconf 88' lang='lat' dir='ltr'>detineri,</span> <span class='ocrx_word' id='word_1_682' title='bbox 1673 229 1799 268; x_wconf 86' lang='lat' dir='ltr'>arestari,</span> <span class='ocrx_word' id='word_1_683' title='bbox 1817 236 1864 260; x_wconf 82' lang='lat' dir='ltr'>aut</span> <span class='ocrx_word' id='word_1_684' title='bbox 1885 228 1947 259; x_wconf 70' lang='lat' dir='ltr'>alias</span> 
     </span>
     <span class='ocr_line' id='line_1_111' title="bbox 1253 267 1946 307; baseline -0.003 -7"><span class='ocrx_word' id='word_1_685' title='bbox 1253 270 1360 307; x_wconf 87' lang='lat' dir='ltr'>fienda,</span> <span class='ocrx_word' id='word_1_686' title='bbox 1381 269 1512 306; x_wconf 87' lang='lat' dir='ltr'>impediri</span> <span class='ocrx_word' id='word_1_687' title='bbox 1526 267 1626 305; x_wconf 74' lang='lat' dir='ltr'>poffir,</span> <span class='ocrx_word' id='word_1_688' title='bbox 1645 268 1760 306; x_wconf 86' lang='lat' dir='ltr'>Nobis,</span> <span class='ocrx_word' id='word_1_689' title='bbox 1777 268 1820 299; x_wconf 91' lang='lat' dir='ltr'>vel</span> <span class='ocrx_word' id='word_1_690' title='bbox 1844 267 1946 298; x_wconf 78' lang='lat' dir='ltr'>nostris</span> 
     </span>
     <span class='ocr_line' id='line_1_112' title="bbox 1253 305 1933 345; baseline -0.003 -7"><span class='ocrx_word' id='word_1_691' title='bbox 1253 308 1417 345; x_wconf 87' lang='lat' dir='ltr'>restituerit,</span> <span class='ocrx_word' id='word_1_692' title='bbox 1434 308 1479 338; x_wconf 89' lang='lat' dir='ltr'>seu</span> <span class='ocrx_word' id='word_1_693' title='bbox 1493 306 1600 336; x_wconf 84' lang='lat' dir='ltr'>restitui</span> <span class='ocrx_word' id='word_1_694' title='bbox 1618 306 1714 336; x_wconf 89' lang='lat' dir='ltr'>fecerit</span> <span class='ocrx_word' id='word_1_695' title='bbox 1728 317 1797 337; x_wconf 91' lang='lat' dir='ltr'>curn</span> <span class='ocrx_word' id='word_1_696' title='bbox 1810 305 1933 343; x_wconf 63' lang='lat' dir='ltr'>effetfim,</span> 
     </span>
    </p>

    <p class='ocr_par' dir='ltr' id='par_1_44' title="bbox 1253 341 2314 567">
     <span class='ocr_line' id='line_1_113' title="bbox 1293 341 2311 384; baseline -0.004 -8"><span class='ocrx_word' id='word_1_697' title='bbox 1293 346 1379 384; x_wconf 90' lang='lat' dir='ltr'>Nos,</span> <span class='ocrx_word' id='word_1_698' title='bbox 1396 346 1430 376; x_wconf 92' lang='lat' dir='ltr'>ad</span> <span class='ocrx_word' id='word_1_699' title='bbox 1452 344 1563 375; x_wconf 90' lang='lat' dir='ltr'>eosdem</span> <span class='ocrx_word' id='word_1_700' title='bbox 1579 343 1668 374; x_wconf 89' lang='lat' dir='ltr'>Diem</span> <span class='ocrx_word' id='word_1_701' title='bbox 1687 346 1721 376; x_wconf 87' lang='lat'>&amp;</span> <span class='ocrx_word' id='word_1_702' title='bbox 1738 345 1871 381; x_wconf 88' lang='lat' dir='ltr'>Locum,</span> <span class='ocrx_word' id='word_1_703' title='bbox 1891 343 2038 382; x_wconf 76' lang='lat' dir='ltr'>praefatum</span> <span class='ocrx_word' id='word_1_704' title='bbox 2063 342 2222 372; x_wconf 85' lang='lat' dir='ltr'>Mordacum</span> <span class='ocrx_word' id='word_1_705' title='bbox 2244 341 2311 372; x_wconf 89' lang='lat' dir='ltr'>duci</span> 
     </span>
     <span class='ocr_line' id='line_1_114' title="bbox 1255 379 2312 421; baseline -0.004 -8"><span class='ocrx_word' id='word_1_706' title='bbox 1255 383 1407 421; x_wconf 87' lang='lat' dir='ltr'>faciemus,</span> <span class='ocrx_word' id='word_1_707' title='bbox 1431 383 1483 421; x_wconf 90' lang='lat'>&amp;,</span> <span class='ocrx_word' id='word_1_708' title='bbox 1503 382 1594 412; x_wconf 91' lang='lat' dir='ltr'>modo</span> <span class='ocrx_word' id='word_1_709' title='bbox 1616 382 1772 420; x_wconf 80' lang='lat' dir='ltr'>consimili,</span> <span class='ocrx_word' id='word_1_710' title='bbox 1790 383 1976 418; x_wconf 89' lang='lat' dir='ltr'>Incolumen,</span> <span class='ocrx_word' id='word_1_711' title='bbox 2001 381 2151 418; x_wconf 85' lang='lat' dir='ltr'>Liberum,</span> <span class='ocrx_word' id='word_1_712' title='bbox 2172 381 2204 410; x_wconf 91' lang='lat'>&amp;</span> <span class='ocrx_word' id='word_1_713' title='bbox 2228 379 2312 410; x_wconf 87' lang='lat' dir='ltr'>Solu-</span> 
     </span>
     <span class='ocr_line' id='line_1_115' title="bbox 1253 418 2314 466; baseline -0.005 -14"><span class='ocrx_word' id='word_1_714' title='bbox 1253 430 1316 466; x_wconf 83' lang='lat' dir='ltr'>tum</span> <span class='ocrx_word' id='word_1_715' title='bbox 1333 422 1368 452; x_wconf 91' lang='lat' dir='ltr'>ab</span> <span class='ocrx_word' id='word_1_716' title='bbox 1380 423 1461 452; x_wconf 91' lang='lat' dir='ltr'>omni</span> <span class='ocrx_word' id='word_1_717' title='bbox 1475 420 1678 460; x_wconf 79' lang='lat' dir='ltr'>obligatione,</span> <span class='ocrx_word' id='word_1_718' title='bbox 1697 419 1839 458; x_wconf 91' lang='lat' dir='ltr'>Vinculo,</span> <span class='ocrx_word' id='word_1_719' title='bbox 1856 421 1888 450; x_wconf 88' lang='lat'>&amp;</span> <span class='ocrx_word' id='word_1_720' title='bbox 1903 419 2008 457; x_wconf 82' lang='lat' dir='ltr'>Causa,</span> <span class='ocrx_word' id='word_1_721' title='bbox 2027 429 2140 459; x_wconf 84' lang='lat' dir='ltr'>propter</span> <span class='ocrx_word' id='word_1_722' title='bbox 2156 428 2219 456; x_wconf 76' lang='lat' dir='ltr'>quae</span> <span class='ocrx_word' id='word_1_723' title='bbox 2234 418 2314 453; x_wconf 77' lang='lat' dir='ltr'>ipfius</span> 
     </span>
     <span class='ocr_line' id='line_1_116' title="bbox 1255 455 2312 499; baseline -0.005 -9"><span class='ocrx_word' id='word_1_724' title='bbox 1255 461 1398 491; x_wconf 91' lang='lat' dir='ltr'>Liberatio</span> <span class='ocrx_word' id='word_1_725' title='bbox 1414 460 1542 499; x_wconf 89' lang='lat' dir='ltr'>impediri</span> <span class='ocrx_word' id='word_1_726' title='bbox 1558 458 1667 496; x_wconf 84' lang='lat' dir='ltr'>posset,</span> <span class='ocrx_word' id='word_1_727' title='bbox 1685 458 1767 487; x_wconf 83' lang='lat' dir='ltr'>eidem</span> <span class='ocrx_word' id='word_1_728' title='bbox 1779 462 1850 488; x_wconf 77' lang='lat' dir='ltr'>Duct&#39;</span> <span class='ocrx_word' id='word_1_729' title='bbox 1862 458 1937 488; x_wconf 89' lang='lat' dir='ltr'>Patri</span> <span class='ocrx_word' id='word_1_730' title='bbox 1949 458 2014 495; x_wconf 83' lang='lat' dir='ltr'>suo,</span> <span class='ocrx_word' id='word_1_731' title='bbox 2035 458 2078 488; x_wconf 87' lang='lat' dir='ltr'>vel</span> <span class='ocrx_word' id='word_1_732' title='bbox 2102 455 2312 487; x_wconf 74' lang='lat' dir='ltr'>Commissariis</span> 
     </span>
     <span class='ocr_line' id='line_1_117' title="bbox 1255 496 2287 567; baseline -0.005 -38"><span class='ocrx_word' id='word_1_733' title='bbox 1255 499 1325 567; x_wconf 73' lang='lat' dir='ltr'>suiIs,</span> <span class='ocrx_word' id='word_1_734' title='bbox 1342 497 1448 542; x_wconf 76' lang='lat' dir='ltr'>restitui</span> <span class='ocrx_word' id='word_1_735' title='bbox 1456 498 1597 566; x_wconf 52' lang='lat' dir='ltr'>gciemus</span> <span class='ocrx_word' id='word_1_736' title='bbox 1606 519 1615 534; x_wconf 91' lang='lat'>,</span> <span class='ocrx_word' id='word_1_737' title='bbox 1632 496 1700 527; x_wconf 92' lang='lat' dir='ltr'>dolo</span> <span class='ocrx_word' id='word_1_738' title='bbox 1714 498 1747 527; x_wconf 89' lang='lat'>&amp;</span> <span class='ocrx_word' id='word_1_739' title='bbox 1760 497 1857 526; x_wconf 88' lang='lat' dir='ltr'>fraude</span> <span class='ocrx_word' id='word_1_740' title='bbox 1869 496 2037 526; x_wconf 85' lang='lat' dir='ltr'>cessantibus</span> <span class='ocrx_word' id='word_1_741' title='bbox 2052 496 2287 534; x_wconf 87' lang='lat' dir='ltr'>quibuscumque.</span> 
     </span>
    </p>

    <p class='ocr_par' dir='ltr' id='par_1_45' title="bbox 1306 547 1517 567">
     <span class='ocr_line' id='line_1_118' title="bbox 1306 547 1517 567; baseline -0.005 0"><span class='ocrx_word' id='word_1_742' title='bbox 1306 548 1324 567; x_wconf 90' lang='lat' dir='ltr'>n</span> <span class='ocrx_word' id='word_1_743' title='bbox 1342 547 1379 567; x_wconf 90' lang='lat' dir='ltr'>cu</span> <span class='ocrx_word' id='word_1_744' title='bbox 1391 547 1421 566; x_wconf 89' lang='lat' dir='ltr'>us</span> <span class='ocrx_word' id='word_1_745' title='bbox 1491 547 1517 567; x_wconf 93' lang='lat' dir='ltr'>c.</span> 
     </span>
    </p>

    <p class='ocr_par' dir='ltr' id='par_1_46' title="bbox 1256 547 2315 648">
     <span class='ocr_line' id='line_1_119' title="bbox 1312 547 2315 614; baseline -0.006 -9"><span class='ocrx_word' id='word_1_746' title='bbox 1312 547 1387 605; x_wconf 80' lang='lat' dir='ltr'>Dat.J</span> <span class='ocrx_word' id='word_1_747' title='bbox 1405 560 1478 614; x_wconf 67' lang='lat' dir='ltr'>apud</span> <span class='ocrx_word' id='word_1_748' title='bbox 1500 573 1639 604; x_wconf 73' lang='lat' dir='ltr'>palacium</span> <span class='ocrx_word' id='word_1_749' title='bbox 1656 574 1733 609; x_wconf 75' lang='lat' dir='ltr'>Regis</span> <span class='ocrx_word' id='word_1_750' title='bbox 1751 571 1857 612; x_wconf 82' lang='lat' dir='ltr'>Westm.</span> <span class='ocrx_word' id='word_1_751' title='bbox 1874 571 2045 602; x_wconf 89' lang='lat' dir='ltr'>Undecimo</span> <span class='ocrx_word' id='word_1_752' title='bbox 2064 571 2121 601; x_wconf 91' lang='lat' dir='ltr'>Die</span> <span class='ocrx_word' id='word_1_753' title='bbox 2144 570 2315 602; x_wconf 87' lang='lat' dir='ltr'>Decembris</span> 
     </span>
     <span class='ocr_line' id='line_1_120' title="bbox 1256 609 2175 648; baseline -0.005 -4"><span class='ocrx_word' id='word_1_754' title='bbox 1256 613 1345 645; x_wconf 85' lang='lat' dir='ltr'>Anno</span> <span class='ocrx_word' id='word_1_755' title='bbox 1360 612 1483 643; x_wconf 87' lang='lat' dir='ltr'>Domini</span> <span class='ocrx_word' id='word_1_756' title='bbox 1499 612 1547 643; x_wconf 89' lang='lat' dir='ltr'>M.</span> <span class='ocrx_word' id='word_1_757' title='bbox 1566 609 1693 642; x_wconf 92' lang='lat' dir='ltr'>CCCC.</span> <span class='ocrx_word' id='word_1_758' title='bbox 1713 609 1784 641; x_wconf 87' lang='lat' dir='ltr'>XV.</span> <span class='ocrx_word' id='word_1_759' title='bbox 1803 611 1836 641; x_wconf 89' lang='lat'>&amp;</span> <span class='ocrx_word' id='word_1_760' title='bbox 1856 610 1951 648; x_wconf 85' lang='lat' dir='ltr'>Regni</span> <span class='ocrx_word' id='word_1_761' title='bbox 1966 610 2052 639; x_wconf 89' lang='lat' dir='ltr'>nostri</span> <span class='ocrx_word' id='word_1_762' title='bbox 2063 611 2175 640; x_wconf 89' lang='lat' dir='ltr'>Tertio.</span> 
     </span>
    </p>
   </div>
   <div class='ocr_carea' id='block_1_22' title="bbox 2236 157 2308 195">
    <p class='ocr_par' dir='ltr' id='par_1_47' title="bbox 2236 157 2308 195">
     <span class='ocr_line' id='line_1_121' title="bbox 2236 157 2308 195; baseline 0 -10"><span class='ocrx_word' id='word_1_763' title='bbox 2236 157 2308 195; x_wconf 89' lang='lat'>151</span> 
     </span>
    </p>
   </div>
   <div class='ocr_carea' id='block_1_23' title="bbox 1967 223 2476 336">
    <p class='ocr_par' dir='ltr' id='par_1_48' title="bbox 1967 223 2476 336">
     <span class='ocr_line' id='line_1_122' title="bbox 1967 223 2476 297; baseline -0.016 -37"><span class='ocrx_word' id='word_1_764' title='bbox 1967 228 2025 297; x_wconf 49' lang='lat' dir='ltr'>&amp;s</span> <span class='ocrx_word' id='word_1_765' title='bbox 2045 226 2214 273; x_wconf 70' lang='lat' dir='ltr'>Restitutio,</span> <span class='ocrx_word' id='word_1_766' title='bbox 2231 229 2313 272; x_wconf 82' lang='lat' dir='ltr'>nobis</span> <span class='ocrx_word' id='word_1_767' title='bbox 2332 223 2476 254; x_wconf 88' lang='lat' dir='ltr'>Ann.D..</span> 
     </span>
     <span class='ocr_line' id='line_1_123' title="bbox 2017 266 2442 336; baseline -0.021 -39"><span class='ocrx_word' id='word_1_768' title='bbox 2017 266 2188 305; x_wconf 75' lang='lat' dir='ltr'>mmislariis,</span> <span class='ocrx_word' id='word_1_769' title='bbox 2206 266 2312 297; x_wconf 81' lang='lat' dir='ltr'>realiter</span> <span class='ocrx_word' id='word_1_770' title='bbox 2335 269 2442 336; x_wconf 49' lang='grc' dir='ltr'>Ηιεῒῑξ.</span> 
     </span>
     <span class='ocr_line' id='line_1_124' title="bbox 2373 315 2443 328; baseline 0 0"><span class='ocrx_word' id='word_1_771' title='bbox 2373 315 2380 328; x_wconf 90' lang='grc' dir='ltr'><em>Ι</em></span> <span class='ocrx_word' id='word_1_772' title='bbox 2393 322 2398 328; x_wconf 78' lang='grc'><em>.</em></span> <span class='ocrx_word' id='word_1_773' title='bbox 2436 321 2443 328; x_wconf 70' lang='grc' dir='ltr'>ι</span> 
     </span>
    </p>
   </div>
   <div class='ocr_carea' id='block_1_24' title="bbox 1908 683 2172 723">
    <p class='ocr_par' dir='ltr' id='par_1_49' title="bbox 1908 683 2172 723">
     <span class='ocr_line' id='line_1_125' title="bbox 1908 683 2172 723; baseline 0.004 -9"><span class='ocrx_word' id='word_1_774' title='bbox 1908 686 1961 714; x_wconf 89' lang='lat' dir='ltr'>Per</span> <span class='ocrx_word' id='word_1_775' title='bbox 1975 683 2057 723; x_wconf 70' lang='lat' dir='ltr'>ipst&#39;am</span> <span class='ocrx_word' id='word_1_776' title='bbox 2070 688 2172 723; x_wconf 82' lang='lat' dir='ltr'>Regem.</span> 
     </span>
    </p>
   </div>
   <div class='ocr_carea' id='block_1_25' title="bbox 1283 803 2292 891">
    <p class='ocr_par' dir='ltr' id='par_1_50' title="bbox 1283 803 2292 891">
     <span class='ocr_line' id='line_1_126' title="bbox 1283 803 2292 890; baseline -0.007 -44"><span class='ocrx_word' id='word_1_777' title='bbox 1283 816 1377 859; x_wconf 79' lang='lat' dir='ltr'>Super</span> <span class='ocrx_word' id='word_1_778' title='bbox 1399 809 1589 845; x_wconf 77' lang='lat' dir='ltr'>Liberatione</span> <span class='ocrx_word' id='word_1_779' title='bbox 1606 809 1767 890; x_wconf 54' lang='lat' dir='ltr'>praediag&#39;,</span> <span class='ocrx_word' id='word_1_780' title='bbox 1781 807 1826 889; x_wconf 55' lang='lat' dir='ltr'>je</span> <span class='ocrx_word' id='word_1_781' title='bbox 1842 809 1943 854; x_wconf 78' lang='lat' dir='ltr'>salvis</span> <span class='ocrx_word' id='word_1_782' title='bbox 1967 803 2163 840; x_wconf 68' lang='lat' dir='ltr'><em>Conduffibus</em></span> <span class='ocrx_word' id='word_1_783' title='bbox 2187 808 2292 839; x_wconf 86' lang='lat' dir='ltr'>Conce-</span> 
     </span>
     <span class='ocr_line' id='line_1_127' title="bbox 1746 869 1837 891; baseline 0 -1"><span class='ocrx_word' id='word_1_784' title='bbox 1746 870 1780 890; x_wconf 69' lang='lat' dir='ltr'>en</span> <span class='ocrx_word' id='word_1_785' title='bbox 1802 869 1837 891; x_wconf 53' lang='grc' dir='ltr'>ΖΚ.</span> 
     </span>
    </p>
   </div>
   <div class='ocr_carea' id='block_1_26' title="bbox 1266 931 2474 2522">
    <p class='ocr_par' dir='ltr' id='par_1_51' title="bbox 1266 931 2474 2522">
     <span class='ocr_line' id='line_1_128' title="bbox 1268 931 2474 1002; baseline -0.013 -25"><span class='ocrx_word' id='word_1_786' title='bbox 1268 944 1409 1002; x_wconf 78' lang='lat' dir='ltr'>REX,</span> <span class='ocrx_word' id='word_1_787' title='bbox 1427 944 1544 977; x_wconf 68' lang='lat' dir='ltr'>Dileeto</span> <span class='ocrx_word' id='word_1_788' title='bbox 1559 943 1688 977; x_wconf 88' lang='lat' dir='ltr'>&amp;Fideli</span> <span class='ocrx_word' id='word_1_789' title='bbox 1701 942 1817 981; x_wconf 87' lang='lat' dir='ltr'>nostro,</span> <span class='ocrx_word' id='word_1_790' title='bbox 1834 941 1947 972; x_wconf 85' lang='lat' dir='ltr'>Ricardo</span> <span class='ocrx_word' id='word_1_791' title='bbox 1961 943 2075 971; x_wconf 86' lang='lat' dir='ltr'>Domino</span> <span class='ocrx_word' id='word_1_792' title='bbox 2090 938 2121 967; x_wconf 84' lang='lat' dir='ltr'>de</span> <span class='ocrx_word' id='word_1_793' title='bbox 2128 940 2216 976; x_wconf 86' lang='lat' dir='ltr'>Grey,</span> <span class='ocrx_word' id='word_1_794' title='bbox 2235 935 2319 967; x_wconf 88' lang='lat' dir='ltr'>Con-</span> <span class='ocrx_word' id='word_1_795' title='bbox 2338 932 2413 963; x_wconf 90' lang='lat' dir='ltr'>Ann.</span> <span class='ocrx_word' id='word_1_796' title='bbox 2427 931 2474 966; x_wconf 78' lang='lat' dir='ltr'>D:</span> 
     </span>
     <span class='ocr_line' id='line_1_129' title="bbox 1288 975 2447 1054; baseline -0.014 -38"><span class='ocrx_word' id='word_1_797' title='bbox 1288 1021 1307 1052; x_wconf 70' lang='lat' dir='ltr'>li</span> <span class='ocrx_word' id='word_1_798' title='bbox 1344 985 1495 1054; x_wconf 57' lang='lat' dir='ltr'>saggluineo</span> <span class='ocrx_word' id='word_1_799' title='bbox 1511 984 1628 1022; x_wconf 85' lang='lat' dir='ltr'>nostro,</span> <span class='ocrx_word' id='word_1_800' title='bbox 1646 983 1679 1013; x_wconf 85' lang='lat'>&amp;</span> <span class='ocrx_word' id='word_1_801' title='bbox 1691 981 1812 1012; x_wconf 90' lang='lat' dir='ltr'>Custodi</span> <span class='ocrx_word' id='word_1_802' title='bbox 1832 979 2017 1011; x_wconf 76' lang='lat' dir='ltr'>Estmarchiae</span> <span class='ocrx_word' id='word_1_803' title='bbox 2040 977 2135 1016; x_wconf 85' lang='lat' dir='ltr'>Regni</span> <span class='ocrx_word' id='word_1_804' title='bbox 2154 975 2242 1006; x_wconf 84' lang='lat' dir='ltr'>nostri</span> <span class='ocrx_word' id='word_1_805' title='bbox 2258 975 2319 1005; x_wconf 88' lang='lat' dir='ltr'>An·</span> <span class='ocrx_word' id='word_1_806' title='bbox 2342 979 2447 1038; x_wconf 57' lang='lat' dir='ltr'>Ant-15.</span> 
     </span>
     <span class='ocr_line' id='line_1_130' title="bbox 2371 1021 2439 1037; baseline -0.015 0"><span class='ocrx_word' id='word_1_807' title='bbox 2371 1021 2395 1037; x_wconf 64' lang='grc' dir='ltr'>ἦ.</span> <span class='ocrx_word' id='word_1_808' title='bbox 2432 1029 2439 1036; x_wconf 76' lang='grc'><em>.</em></span> 
     </span>
     <span class='ocr_line' id='line_1_131' title="bbox 1266 1019 2426 1099; baseline -0.013 -6"><span class='ocrx_word' id='word_1_809' title='bbox 1266 1033 1286 1062; x_wconf 75' lang='lat' dir='ltr'><strong>g</strong></span> <span class='ocrx_word' id='word_1_810' title='bbox 1303 1032 1406 1099; x_wconf 51' lang='lat' dir='ltr'>Ctimi³</span> <span class='ocrx_word' id='word_1_811' title='bbox 1418 1031 1578 1092; x_wconf 51' lang='lat' dir='ltr'>uetaerrinffimus</span> <span class='ocrx_word' id='word_1_812' title='bbox 1599 1059 1829 1096; x_wconf 78' lang='lat' dir='ltr'>Consanguineus</span> <span class='ocrx_word' id='word_1_813' title='bbox 1849 1056 1942 1088; x_wconf 90' lang='lat' dir='ltr'>noster</span> <span class='ocrx_word' id='word_1_814' title='bbox 1975 1053 2120 1091; x_wconf 79' lang='lat' dir='ltr'>Robertus,</span> <span class='ocrx_word' id='word_1_815' title='bbox 2138 1055 2207 1082; x_wconf 83' lang='lat' dir='ltr'>Dux</span> <span class='ocrx_word' id='word_1_816' title='bbox 2231 1050 2325 1096; x_wconf 70' lang='lat' dir='ltr'>Alba-</span> <span class='ocrx_word' id='word_1_817' title='bbox 2344 1054 2377 1076; x_wconf 83' lang='lat' dir='ltr'>H.</span> <span class='ocrx_word' id='word_1_818' title='bbox 2398 1019 2426 1092; x_wconf 44' lang='lat' dir='ltr'>f}</span> 
     </span>
     <span class='ocr_line' id='line_1_132' title="bbox 1267 1079 2329 1177; baseline -0.009 -9"><span class='ocrx_word' id='word_1_819' title='bbox 1267 1079 2329 1177; x_wconf 42' lang='lat' dir='ltr'>&#39;aines-tisiamtergeatssstrsfssfsraffsffissspaera</span> 
     </span>
     <span class='ocr_line' id='line_1_133' title="bbox 1270 1175 1765 1212; baseline -0.004 -6"><span class='ocrx_word' id='word_1_820' title='bbox 1270 1176 1404 1206; x_wconf 85' lang='lat' dir='ltr'>habemus</span> <span class='ocrx_word' id='word_1_821' title='bbox 1425 1175 1562 1206; x_wconf 89' lang='lat' dir='ltr'>Custodia</span> <span class='ocrx_word' id='word_1_822' title='bbox 1577 1176 1626 1205; x_wconf 84' lang='lat' dir='ltr'>sibi</span> <span class='ocrx_word' id='word_1_823' title='bbox 1640 1175 1765 1212; x_wconf 82' lang='lat' dir='ltr'>liberari,</span> 
     </span>
     <span class='ocr_line' id='line_1_134' title="bbox 1308 1205 2329 1250; baseline -0.01 -6"><span class='ocrx_word' id='word_1_824' title='bbox 1308 1213 1441 1244; x_wconf 84' lang='lat' dir='ltr'>Offerens</span> <span class='ocrx_word' id='word_1_825' title='bbox 1452 1214 1477 1244; x_wconf 91' lang='lat' dir='ltr'>se</span> <span class='ocrx_word' id='word_1_826' title='bbox 1492 1222 1617 1250; x_wconf 82' lang='lat' dir='ltr'>paratum</span> <span class='ocrx_word' id='word_1_827' title='bbox 1631 1212 1745 1250; x_wconf 81' lang='lat' dir='ltr'>Nobis,</span> <span class='ocrx_word' id='word_1_828' title='bbox 1762 1212 1809 1241; x_wconf 91' lang='lat' dir='ltr'>vel</span> <span class='ocrx_word' id='word_1_829' title='bbox 1823 1209 2030 1242; x_wconf 66' lang='lat' dir='ltr'>Commissaisiis</span> <span class='ocrx_word' id='word_1_830' title='bbox 2049 1207 2165 1245; x_wconf 80' lang='lat' dir='ltr'>nostriS,</span> <span class='ocrx_word' id='word_1_831' title='bbox 2183 1205 2329 1237; x_wconf 82' lang='lat' dir='ltr'>Restitue-</span> 
     </span>
     <span class='ocr_line' id='line_1_135' title="bbox 1270 1248 2328 1290; baseline -0.009 -8"><span class='ocrx_word' id='word_1_832' title='bbox 1270 1262 1317 1290; x_wconf 88' lang='lat' dir='ltr'>re,</span> <span class='ocrx_word' id='word_1_833' title='bbox 1334 1252 1472 1283; x_wconf 66' lang='lat' dir='ltr'>dile&amp;um</span> <span class='ocrx_word' id='word_1_834' title='bbox 1488 1251 1739 1290; x_wconf 87' lang='lat' dir='ltr'>Consanguineum</span> <span class='ocrx_word' id='word_1_835' title='bbox 1753 1250 1900 1288; x_wconf 83' lang='lat' dir='ltr'>nostrum,</span> <span class='ocrx_word' id='word_1_836' title='bbox 1916 1251 2062 1278; x_wconf 84' lang='lat' dir='ltr'>Henricum</span> <span class='ocrx_word' id='word_1_837' title='bbox 2076 1248 2173 1284; x_wconf 83' lang='lat' dir='ltr'>Percy,</span> <span class='ocrx_word' id='word_1_838' title='bbox 2192 1252 2328 1282; x_wconf 86' lang='lat' dir='ltr'>nepotem</span> 
     </span>
     <span class='ocr_line' id='line_1_136' title="bbox 1272 1281 2328 1328; baseline -0.009 -8"><span class='ocrx_word' id='word_1_839' title='bbox 1272 1300 1360 1328; x_wconf 91' lang='lat' dir='ltr'>nuper</span> <span class='ocrx_word' id='word_1_840' title='bbox 1373 1293 1482 1320; x_wconf 81' lang='lat' dir='ltr'>comitis</span> <span class='ocrx_word' id='word_1_841' title='bbox 1497 1288 1702 1319; x_wconf 77' lang='lat' dir='ltr'>Nerthumbriae</span> <span class='ocrx_word' id='word_1_842' title='bbox 1719 1290 1815 1326; x_wconf 87' lang='lat' dir='ltr'>(quern</span> <span class='ocrx_word' id='word_1_843' title='bbox 1826 1290 1884 1326; x_wconf 86' lang='lat' dir='ltr'>jam</span> <span class='ocrx_word' id='word_1_844' title='bbox 1906 1287 1953 1318; x_wconf 86' lang='lat' dir='ltr'>diu</span> <span class='ocrx_word' id='word_1_845' title='bbox 1968 1286 2062 1316; x_wconf 83' lang='lat' dir='ltr'>habuit</span> <span class='ocrx_word' id='word_1_846' title='bbox 2079 1285 2106 1314; x_wconf 91' lang='lat' dir='ltr'>in</span> <span class='ocrx_word' id='word_1_847' title='bbox 2121 1285 2166 1314; x_wconf 88' lang='lat' dir='ltr'>sua</span> <span class='ocrx_word' id='word_1_848' title='bbox 2185 1281 2328 1314; x_wconf 87' lang='lat' dir='ltr'>Potestate</span> 
     </span>
     <span class='ocr_line' id='line_1_137' title="bbox 1271 1323 2282 1367; baseline -0.01 -7"><span class='ocrx_word' id='word_1_849' title='bbox 1271 1329 1433 1365; x_wconf 88' lang='lat' dir='ltr'>detentum)</span> <span class='ocrx_word' id='word_1_850' title='bbox 1453 1337 1521 1359; x_wconf 89' lang='lat' dir='ltr'>cum</span> <span class='ocrx_word' id='word_1_851' title='bbox 1542 1327 1670 1367; x_wconf 77' lang='lat' dir='ltr'>praefatus</span> <span class='ocrx_word' id='word_1_852' title='bbox 1690 1325 1836 1356; x_wconf 85' lang='lat' dir='ltr'>Mordacus</span> <span class='ocrx_word' id='word_1_853' title='bbox 1851 1326 1900 1356; x_wconf 82' lang='lat' dir='ltr'>sibi</span> <span class='ocrx_word' id='word_1_854' title='bbox 1923 1325 2006 1355; x_wconf 86' lang='lat' dir='ltr'>fuerit</span> <span class='ocrx_word' id='word_1_855' title='bbox 2023 1323 2126 1354; x_wconf 84' lang='lat' dir='ltr'>realiter</span> <span class='ocrx_word' id='word_1_856' title='bbox 2139 1323 2282 1358; x_wconf 85' lang='lat' dir='ltr'>liberatus,</span> 
     </span>
     <span class='ocr_line' id='line_1_138' title="bbox 1310 1359 2332 1406; baseline -0.01 -8"><span class='ocrx_word' id='word_1_857' title='bbox 1310 1366 1346 1398; x_wconf 90' lang='lat' dir='ltr'>Et</span> <span class='ocrx_word' id='word_1_858' title='bbox 1358 1369 1417 1406; x_wconf 75' lang='lat' dir='ltr'>J&#39;am</span> <span class='ocrx_word' id='word_1_859' title='bbox 1433 1366 1616 1406; x_wconf 88' lang='lat' dir='ltr'>disposuimus</span> <span class='ocrx_word' id='word_1_860' title='bbox 1649 1365 1719 1396; x_wconf 88' lang='lat' dir='ltr'>infra</span> <span class='ocrx_word' id='word_1_861' title='bbox 1739 1365 1842 1397; x_wconf 69' lang='lat' dir='ltr'>breve,</span> <span class='ocrx_word' id='word_1_862' title='bbox 1863 1363 2046 1394; x_wconf 83' lang='lat' dir='ltr'>transmittere</span> <span class='ocrx_word' id='word_1_863' title='bbox 2065 1370 2156 1391; x_wconf 87' lang='lat' dir='ltr'>certos</span> <span class='ocrx_word' id='word_1_864' title='bbox 2175 1359 2332 1390; x_wconf 84' lang='lat' dir='ltr'>Ambaffia-</span> 
     </span>
     <span class='ocr_line' id='line_1_139' title="bbox 1274 1389 2333 1444; baseline -0.008 -9"><span class='ocrx_word' id='word_1_865' title='bbox 1274 1413 1346 1437; x_wconf 85' lang='lat' dir='ltr'>tores</span> <span class='ocrx_word' id='word_1_866' title='bbox 1361 1404 1475 1436; x_wconf 87' lang='lat' dir='ltr'>nostros</span> <span class='ocrx_word' id='word_1_867' title='bbox 1487 1404 1579 1436; x_wconf 90' lang='lat' dir='ltr'>versus</span> <span class='ocrx_word' id='word_1_868' title='bbox 1594 1389 1756 1435; x_wconf 73' lang='lat' dir='ltr'>Niarchiam</span> <span class='ocrx_word' id='word_1_869' title='bbox 1771 1401 1950 1442; x_wconf 68' lang='lat' dir='ltr'>praediCtam,</span> <span class='ocrx_word' id='word_1_870' title='bbox 1968 1399 2212 1444; x_wconf 64' lang='lat' dir='ltr'>adTratStandum</span> <span class='ocrx_word' id='word_1_871' title='bbox 2222 1421 2231 1436; x_wconf 86' lang='lat'>,</span> <span class='ocrx_word' id='word_1_872' title='bbox 2249 1397 2333 1427; x_wconf 85' lang='lat' dir='ltr'>Con-</span> 
     </span>
     <span class='ocr_line' id='line_1_140' title="bbox 1273 1436 2334 1482; baseline -0.01 -7"><span class='ocrx_word' id='word_1_873' title='bbox 1273 1444 1466 1482; x_wconf 85' lang='lat' dir='ltr'>cordandum,</span> <span class='ocrx_word' id='word_1_874' title='bbox 1483 1444 1518 1475; x_wconf 93' lang='lat'>&amp;</span> <span class='ocrx_word' id='word_1_875' title='bbox 1533 1442 1790 1479; x_wconf 86' lang='lat' dir='ltr'>Concludendum,</span> <span class='ocrx_word' id='word_1_876' title='bbox 1809 1450 1876 1471; x_wconf 89' lang='lat' dir='ltr'>cum</span> <span class='ocrx_word' id='word_1_877' title='bbox 1891 1436 2217 1475; x_wconf 81' lang='lat' dir='ltr'>Commiffarnspraefati</span> <span class='ocrx_word' id='word_1_878' title='bbox 2231 1439 2334 1473; x_wconf 83' lang='lat' dir='ltr'>Ducis,</span> 
     </span>
     <span class='ocr_line' id='line_1_141' title="bbox 1274 1475 2334 1523; baseline -0.008 -11"><span class='ocrx_word' id='word_1_879' title='bbox 1274 1483 1355 1523; x_wconf 87' lang='lat' dir='ltr'>super</span> <span class='ocrx_word' id='word_1_880' title='bbox 1371 1482 1554 1514; x_wconf 90' lang='lat' dir='ltr'>Liberatione</span> <span class='ocrx_word' id='word_1_881' title='bbox 1568 1483 1601 1512; x_wconf 71' lang='grc' dir='ltr'>ὃς</span> <span class='ocrx_word' id='word_1_882' title='bbox 1614 1480 1806 1512; x_wconf 89' lang='lat' dir='ltr'>Restitutione</span> <span class='ocrx_word' id='word_1_883' title='bbox 1819 1478 1993 1516; x_wconf 72' lang='lat' dir='ltr'>supradietis,</span> <span class='ocrx_word' id='word_1_884' title='bbox 2012 1475 2116 1513; x_wconf 84' lang='lat' dir='ltr'>viisque</span> <span class='ocrx_word' id='word_1_885' title='bbox 2138 1477 2171 1506; x_wconf 67' lang='grc' dir='ltr'>ὃς</span> <span class='ocrx_word' id='word_1_886' title='bbox 2188 1475 2280 1504; x_wconf 91' lang='lat' dir='ltr'>modis</span> <span class='ocrx_word' id='word_1_887' title='bbox 2297 1475 2334 1505; x_wconf 84' lang='lat' dir='ltr'>ad</span> 
     </span>
     <span class='ocr_line' id='line_1_142' title="bbox 1276 1519 1881 1558; baseline -0.008 -6"><span class='ocrx_word' id='word_1_888' title='bbox 1276 1520 1491 1552; x_wconf 87' lang='lat' dir='ltr'>Praemissorum</span> <span class='ocrx_word' id='word_1_889' title='bbox 1505 1520 1702 1552; x_wconf 83' lang='lat' dir='ltr'>executionem</span> <span class='ocrx_word' id='word_1_890' title='bbox 1717 1519 1862 1558; x_wconf 86' lang='lat' dir='ltr'>oportunis</span> <span class='ocrx_word' id='word_1_891' title='bbox 1871 1539 1881 1556; x_wconf 86' lang='lat'>,</span> 
     </span>
     <span class='ocr_line' id='line_1_143' title="bbox 1311 1550 2336 1598; baseline -0.012 -7"><span class='ocrx_word' id='word_1_892' title='bbox 1311 1558 1346 1591; x_wconf 88' lang='lat' dir='ltr'>In</span> <span class='ocrx_word' id='word_1_893' title='bbox 1361 1560 1462 1598; x_wconf 85' lang='lat' dir='ltr'>quibus</span> <span class='ocrx_word' id='word_1_894' title='bbox 1477 1558 1647 1598; x_wconf 83' lang='lat' dir='ltr'>exequendis</span> <span class='ocrx_word' id='word_1_895' title='bbox 1659 1557 1821 1598; x_wconf 84' lang='lat' dir='ltr'>oportebit,</span> <span class='ocrx_word' id='word_1_896' title='bbox 1837 1565 1872 1585; x_wconf 85' lang='lat' dir='ltr'>ex</span> <span class='ocrx_word' id='word_1_897' title='bbox 1891 1562 2005 1593; x_wconf 86' lang='lat' dir='ltr'>utraque</span> <span class='ocrx_word' id='word_1_898' title='bbox 2020 1561 2111 1591; x_wconf 84' lang='lat' dir='ltr'>parte,</span> <span class='ocrx_word' id='word_1_899' title='bbox 2127 1560 2195 1582; x_wconf 89' lang='lat' dir='ltr'>curn</span> <span class='ocrx_word' id='word_1_900' title='bbox 2214 1550 2336 1588; x_wconf 75' lang='lat' dir='ltr'>praefatis</span> 
     </span>
     <span class='ocr_line' id='line_1_144' title="bbox 1276 1588 2335 1636; baseline -0.01 -7"><span class='ocrx_word' id='word_1_901' title='bbox 1276 1599 1405 1629; x_wconf 85' lang='lat' dir='ltr'>Mordaco</span> <span class='ocrx_word' id='word_1_902' title='bbox 1419 1599 1453 1630; x_wconf 88' lang='lat'>&amp;</span> <span class='ocrx_word' id='word_1_903' title='bbox 1467 1599 1582 1628; x_wconf 84' lang='lat' dir='ltr'>Henrico</span> <span class='ocrx_word' id='word_1_904' title='bbox 1601 1599 1698 1636; x_wconf 86' lang='lat' dir='ltr'>Percy,</span> <span class='ocrx_word' id='word_1_905' title='bbox 1716 1596 1871 1627; x_wconf 87' lang='lat' dir='ltr'>notabilem</span> <span class='ocrx_word' id='word_1_906' title='bbox 1879 1593 2046 1624; x_wconf 87' lang='lat' dir='ltr'>Numerum</span> <span class='ocrx_word' id='word_1_907' title='bbox 2065 1589 2249 1621; x_wconf 88' lang='lat' dir='ltr'>Personarum</span> <span class='ocrx_word' id='word_1_908' title='bbox 2255 1588 2335 1627; x_wconf 87' lang='lat' dir='ltr'>,Die</span> 
     </span>
     <span class='ocr_line' id='line_1_145' title="bbox 1277 1635 1742 1707; baseline -0.004 -39"><span class='ocrx_word' id='word_1_909' title='bbox 1277 1638 1311 1669; x_wconf 91' lang='lat'>&amp;</span> <span class='ocrx_word' id='word_1_910' title='bbox 1314 1637 1416 1707; x_wconf 49' lang='lat' dir='ltr'>1{foco</span> <span class='ocrx_word' id='word_1_911' title='bbox 1430 1635 1612 1677; x_wconf 77' lang='lat' dir='ltr'>assignandis,</span> <span class='ocrx_word' id='word_1_912' title='bbox 1630 1636 1742 1674; x_wconf 86' lang='lat' dir='ltr'>venire,</span> 
     </span>
     <span class='ocr_line' id='line_1_146' title="bbox 1351 1686 1382 1706; baseline 0 0"><span class='ocrx_word' id='word_1_913' title='bbox 1351 1686 1382 1706; x_wconf 91' lang='lat' dir='ltr'>os</span> 
     </span>
     <span class='ocr_line' id='line_1_147' title="bbox 1277 1697 2338 1783; baseline -0.012 -38"><span class='ocrx_word' id='word_1_914' title='bbox 1277 1713 1362 1783; x_wconf 80' lang='lat' dir='ltr'>fidDe</span> <span class='ocrx_word' id='word_1_915' title='bbox 1374 1697 1465 1745; x_wconf 61' lang='lat' dir='ltr'>vestra</span> <span class='ocrx_word' id='word_1_916' title='bbox 1479 1712 1657 1744; x_wconf 87' lang='lat' dir='ltr'>Discretione</span> <span class='ocrx_word' id='word_1_917' title='bbox 1670 1709 1786 1750; x_wconf 84' lang='lat' dir='ltr'>provida</span> <span class='ocrx_word' id='word_1_918' title='bbox 1800 1710 1833 1741; x_wconf 92' lang='lat'>&amp;</span> <span class='ocrx_word' id='word_1_919' title='bbox 1847 1708 1978 1740; x_wconf 88' lang='lat' dir='ltr'>fidelitate</span> <span class='ocrx_word' id='word_1_920' title='bbox 2000 1704 2104 1737; x_wconf 66' lang='lat' dir='ltr'>sincera</span> <span class='ocrx_word' id='word_1_921' title='bbox 2121 1703 2238 1735; x_wconf 78' lang='lat' dir='ltr'>indubie</span> <span class='ocrx_word' id='word_1_922' title='bbox 2264 1712 2338 1734; x_wconf 91' lang='lat' dir='ltr'>con-</span> 
     </span>
     <span class='ocr_line' id='line_1_148' title="bbox 1316 1762 2340 1828; baseline -0.013 -6"><span class='ocrx_word' id='word_1_923' title='bbox 1316 1762 1634 1826; x_wconf 48' lang='lat' dir='ltr'>ffdesConcedendum,</span> <span class='ocrx_word' id='word_1_924' title='bbox 1650 1787 1827 1819; x_wconf 61' lang='lat' dir='ltr'>Auc&#39;toritate</span> <span class='ocrx_word' id='word_1_925' title='bbox 1842 1784 1955 1823; x_wconf 67' lang='lat' dir='ltr'>nostrai,</span> <span class='ocrx_word' id='word_1_926' title='bbox 1971 1783 2059 1828; x_wconf 83' lang='lat' dir='ltr'>salvos</span> <span class='ocrx_word' id='word_1_927' title='bbox 2082 1780 2252 1825; x_wconf 67' lang='lat' dir='ltr'>Condu&amp;us</span> <span class='ocrx_word' id='word_1_928' title='bbox 2277 1780 2340 1818; x_wconf 87' lang='lat' dir='ltr'>qui-</span> 
     </span>
     <span class='ocr_line' id='line_1_149' title="bbox 1279 1819 2340 1869; baseline -0.012 -9"><span class='ocrx_word' id='word_1_929' title='bbox 1279 1829 1452 1869; x_wconf 90' lang='lat' dir='ltr'>buscumque</span> <span class='ocrx_word' id='word_1_930' title='bbox 1466 1828 1592 1859; x_wconf 89' lang='lat' dir='ltr'>Personis</span> <span class='ocrx_word' id='word_1_931' title='bbox 1606 1827 1641 1857; x_wconf 94' lang='lat' dir='ltr'>de</span> <span class='ocrx_word' id='word_1_932' title='bbox 1656 1827 1762 1866; x_wconf 89' lang='lat' dir='ltr'>Regno</span> <span class='ocrx_word' id='word_1_933' title='bbox 1776 1826 1882 1856; x_wconf 86' lang='lat' dir='ltr'>Scotiae</span> <span class='ocrx_word' id='word_1_934' title='bbox 1892 1848 1901 1862; x_wconf 94' lang='lat'>,</span> <span class='ocrx_word' id='word_1_935' title='bbox 1919 1825 1952 1854; x_wconf 87' lang='lat'>&amp;</span> <span class='ocrx_word' id='word_1_936' title='bbox 1967 1823 2040 1860; x_wconf 84' lang='lat' dir='ltr'>aliis,</span> <span class='ocrx_word' id='word_1_937' title='bbox 2061 1819 2272 1850; x_wconf 76' lang='lat' dir='ltr'>Praemis&#39;sorum</span> <span class='ocrx_word' id='word_1_938' title='bbox 2287 1827 2340 1848; x_wconf 92' lang='lat' dir='ltr'>oc-</span> 
     </span>
     <span class='ocr_line' id='line_1_150' title="bbox 1280 1857 2340 1906; baseline -0.013 -7"><span class='ocrx_word' id='word_1_939' title='bbox 1280 1869 1409 1906; x_wconf 89' lang='lat' dir='ltr'>casione,</span> <span class='ocrx_word' id='word_1_940' title='bbox 1433 1867 1467 1898; x_wconf 92' lang='lat' dir='ltr'>ad</span> <span class='ocrx_word' id='word_1_941' title='bbox 1487 1866 1648 1897; x_wconf 85' lang='lat' dir='ltr'>Marchiam</span> <span class='ocrx_word' id='word_1_942' title='bbox 1670 1864 1833 1905; x_wconf 64' lang='lat' dir='ltr'>praedidtam</span> <span class='ocrx_word' id='word_1_943' title='bbox 1851 1862 1993 1899; x_wconf 84' lang='lat' dir='ltr'>venturis,</span> <span class='ocrx_word' id='word_1_944' title='bbox 2013 1862 2046 1891; x_wconf 87' lang='lat'>&amp;</span> <span class='ocrx_word' id='word_1_945' title='bbox 2067 1859 2198 1897; x_wconf 82' lang='lat' dir='ltr'>praefatos</span> <span class='ocrx_word' id='word_1_946' title='bbox 2223 1857 2340 1887; x_wconf 86' lang='lat' dir='ltr'>Morda-</span> 
     </span>
     <span class='ocr_line' id='line_1_151' title="bbox 1280 1895 2341 1951; baseline -0.011 -15"><span class='ocrx_word' id='word_1_947' title='bbox 1280 1918 1337 1951; x_wconf 63' lang='lat' dir='ltr'>tam</span> <span class='ocrx_word' id='word_1_948' title='bbox 1351 1908 1384 1940; x_wconf 88' lang='lat'>&amp;</span> <span class='ocrx_word' id='word_1_949' title='bbox 1396 1909 1544 1937; x_wconf 77' lang='lat' dir='ltr'>Henricum</span> <span class='ocrx_word' id='word_1_950' title='bbox 1559 1907 1641 1946; x_wconf 81' lang='lat' dir='ltr'>Percy</span> <span class='ocrx_word' id='word_1_951' title='bbox 1665 1903 1709 1936; x_wconf 88' lang='lat' dir='ltr'>vel</span> <span class='ocrx_word' id='word_1_952' title='bbox 1725 1912 1826 1934; x_wconf 89' lang='lat' dir='ltr'>eorum</span> <span class='ocrx_word' id='word_1_953' title='bbox 1846 1902 1966 1932; x_wconf 90' lang='lat' dir='ltr'>alterum</span> <span class='ocrx_word' id='word_1_954' title='bbox 1986 1898 2157 1931; x_wconf 79' lang='lat' dir='ltr'>assbciaturis</span> <span class='ocrx_word' id='word_1_955' title='bbox 2177 1896 2221 1927; x_wconf 89' lang='lat' dir='ltr'>seu</span> <span class='ocrx_word' id='word_1_956' title='bbox 2238 1895 2341 1926; x_wconf 72' lang='lat' dir='ltr'>duetu-</span> 
     </span>
     <span class='ocr_line' id='line_1_152' title="bbox 1280 1955 2342 2028; baseline -0.014 -13"><span class='ocrx_word' id='word_1_957' title='bbox 1280 1955 1486 2028; x_wconf 56' lang='lat' dir='ltr'>rlsEorumque</span> <span class='ocrx_word' id='word_1_958' title='bbox 1500 1981 1680 2012; x_wconf 88' lang='lat' dir='ltr'>Personas&amp;</span> <span class='ocrx_word' id='word_1_959' title='bbox 1699 1978 1897 2023; x_wconf 33' lang='lat' dir='ltr'>BonaQusque</span> <span class='ocrx_word' id='word_1_960' title='bbox 1918 1977 1952 2008; x_wconf 87' lang='lat' dir='ltr'>ad</span> <span class='ocrx_word' id='word_1_961' title='bbox 1973 1984 2082 2013; x_wconf 89' lang='lat' dir='ltr'>tempus</span> <span class='ocrx_word' id='word_1_962' title='bbox 2109 1975 2147 2017; x_wconf 62' lang='grc' dir='ltr'>ὃς</span> <span class='ocrx_word' id='word_1_963' title='bbox 2157 1972 2342 2009; x_wconf 85' lang='lat' dir='ltr'>Numerum,</span> 
     </span>
     <span class='ocr_line' id='line_1_153' title="bbox 1283 2009 2341 2061; baseline -0.013 -8"><span class='ocrx_word' id='word_1_964' title='bbox 1283 2022 1318 2053; x_wconf 92' lang='lat' dir='ltr'>de</span> <span class='ocrx_word' id='word_1_965' title='bbox 1336 2023 1437 2061; x_wconf 88' lang='lat' dir='ltr'>quibus</span> <span class='ocrx_word' id='word_1_966' title='bbox 1456 2022 1537 2052; x_wconf 90' lang='lat' dir='ltr'>vobis</span> <span class='ocrx_word' id='word_1_967' title='bbox 1561 2019 1690 2058; x_wconf 87' lang='lat' dir='ltr'>expedire</span> <span class='ocrx_word' id='word_1_968' title='bbox 1713 2019 1870 2055; x_wconf 87' lang='lat' dir='ltr'>videbitur,</span> <span class='ocrx_word' id='word_1_969' title='bbox 1888 2026 1917 2046; x_wconf 87' lang='lat' dir='ltr'>in</span> <span class='ocrx_word' id='word_1_970' title='bbox 1936 2014 2061 2046; x_wconf 87' lang='lat' dir='ltr'>nostram</span> <span class='ocrx_word' id='word_1_971' title='bbox 2077 2012 2223 2052; x_wconf 84' lang='lat' dir='ltr'>specialem</span> <span class='ocrx_word' id='word_1_972' title='bbox 2238 2009 2341 2041; x_wconf 91' lang='lat' dir='ltr'>Prote-</span> 
     </span>
     <span class='ocr_line' id='line_1_154' title="bbox 1282 2058 2220 2098; baseline -0.007 -7"><span class='ocrx_word' id='word_1_973' title='bbox 1282 2062 1410 2092; x_wconf 67' lang='lat' dir='ltr'>&amp;ionem</span> <span class='ocrx_word' id='word_1_974' title='bbox 1425 2058 1655 2098; x_wconf 85' lang='lat' dir='ltr'>Recipiendum,</span> <span class='ocrx_word' id='word_1_975' title='bbox 2144 2089 2150 2095; x_wconf 33' lang='grc' dir='ltr'>ι</span> <span class='ocrx_word' id='word_1_976' title='bbox 2215 2088 2220 2093; x_wconf 51' lang='lat'><em>‚</em></span> 
     </span>
     <span class='ocr_line' id='line_1_155' title="bbox 1319 2085 2340 2137; baseline -0.015 -7"><span class='ocrx_word' id='word_1_977' title='bbox 1319 2099 1358 2130; x_wconf 90' lang='lat' dir='ltr'>Et</span> <span class='ocrx_word' id='word_1_978' title='bbox 1374 2098 1534 2137; x_wconf 90' lang='lat' dir='ltr'>hujusmodi</span> <span class='ocrx_word' id='word_1_979' title='bbox 1547 2097 1673 2128; x_wconf 87' lang='lat' dir='ltr'>vestrum</span> <span class='ocrx_word' id='word_1_980' title='bbox 1687 2095 1804 2127; x_wconf 90' lang='lat' dir='ltr'>Salvum</span> <span class='ocrx_word' id='word_1_981' title='bbox 1812 2093 2000 2124; x_wconf 67' lang='lat' dir='ltr'>Conductum</span> <span class='ocrx_word' id='word_1_982' title='bbox 2014 2089 2152 2121; x_wconf 86' lang='lat' dir='ltr'>observari</span> <span class='ocrx_word' id='word_1_983' title='bbox 2166 2085 2340 2124; x_wconf 88' lang='lat' dir='ltr'>faciendum,</span> 
     </span>
     <span class='ocr_line' id='line_1_156' title="bbox 1284 2122 2455 2175; baseline -0.016 -5"><span class='ocrx_word' id='word_1_984' title='bbox 1284 2138 1317 2170; x_wconf 86' lang='lat'>&amp;</span> <span class='ocrx_word' id='word_1_985' title='bbox 1332 2137 1490 2169; x_wconf 89' lang='lat' dir='ltr'>Violatores</span> <span class='ocrx_word' id='word_1_986' title='bbox 1503 2136 1643 2175; x_wconf 88' lang='lat' dir='ltr'>ejusdem,</span> <span class='ocrx_word' id='word_1_987' title='bbox 1662 2135 1681 2166; x_wconf 89' lang='lat' dir='ltr'>si</span> <span class='ocrx_word' id='word_1_988' title='bbox 1697 2136 1745 2173; x_wconf 90' lang='lat' dir='ltr'>qui</span> <span class='ocrx_word' id='word_1_989' title='bbox 1760 2134 1859 2172; x_wconf 89' lang='lat' dir='ltr'>reperti</span> <span class='ocrx_word' id='word_1_990' title='bbox 1875 2132 1992 2168; x_wconf 87' lang='lat' dir='ltr'>fuerint,</span> <span class='ocrx_word' id='word_1_991' title='bbox 2007 2132 2025 2174; x_wconf 27' lang='grc' dir='ltr'>ι*</span> <span class='ocrx_word' id='word_1_992' title='bbox 2035 2129 2129 2159; x_wconf 80' lang='lat' dir='ltr'>debite</span> <span class='ocrx_word' id='word_1_993' title='bbox 2143 2125 2341 2163; x_wconf 78' lang='lat' dir='ltr'>Puniendum²</span> <span class='ocrx_word' id='word_1_994' title='bbox 2360 2122 2380 2142; x_wconf 65' lang='grc' dir='ltr'>Ἰ*</span> <span class='ocrx_word' id='word_1_995' title='bbox 2400 2123 2455 2159; x_wconf 53' lang='lat' dir='ltr'>lx,</span> 
     </span>
     <span class='ocr_line' id='line_1_157' title="bbox 1282 2164 2427 2216; baseline -0.017 -7"><span class='ocrx_word' id='word_1_996' title='bbox 1282 2177 1433 2216; x_wconf 88' lang='lat' dir='ltr'>omniaque</span> <span class='ocrx_word' id='word_1_997' title='bbox 1445 2176 1546 2213; x_wconf 78' lang='lat' dir='ltr'>injuste</span> <span class='ocrx_word' id='word_1_998' title='bbox 1563 2176 1592 2205; x_wconf 91' lang='lat' dir='ltr'>in</span> <span class='ocrx_word' id='word_1_999' title='bbox 1604 2174 1655 2205; x_wconf 90' lang='lat' dir='ltr'>hac</span> <span class='ocrx_word' id='word_1_1000' title='bbox 1669 2183 1745 2213; x_wconf 84' lang='lat' dir='ltr'>parte</span> <span class='ocrx_word' id='word_1_1001' title='bbox 1761 2173 1931 2209; x_wconf 86' lang='lat' dir='ltr'>Attemptata</span> <span class='ocrx_word' id='word_1_1002' title='bbox 1948 2169 2043 2200; x_wconf 78' lang='lat' dir='ltr'>debite</span> <span class='ocrx_word' id='word_1_1003' title='bbox 2058 2164 2316 2209; x_wconf 41' lang='lat' dir='ltr'>Reformandum„</span> <span class='ocrx_word' id='word_1_1004' title='bbox 2363 2170 2427 2200; x_wconf 78' lang='lat'>325.</span> 
     </span>
     <span class='ocr_line' id='line_1_158' title="bbox 1320 2200 2343 2245; baseline -0.013 0"><span class='ocrx_word' id='word_1_1005' title='bbox 1320 2214 1359 2245; x_wconf 89' lang='lat' dir='ltr'>Et</span> <span class='ocrx_word' id='word_1_1006' title='bbox 1373 2223 1474 2245; x_wconf 88' lang='lat' dir='ltr'>caetera</span> <span class='ocrx_word' id='word_1_1007' title='bbox 1490 2215 1587 2243; x_wconf 90' lang='lat' dir='ltr'>omnia</span> <span class='ocrx_word' id='word_1_1008' title='bbox 1602 2212 1773 2243; x_wconf 88' lang='lat' dir='ltr'>Faciendum</span> <span class='ocrx_word' id='word_1_1009' title='bbox 1788 2212 1822 2242; x_wconf 87' lang='lat'>&amp;</span> <span class='ocrx_word' id='word_1_1010' title='bbox 1835 2208 2067 2245; x_wconf 85' lang='lat' dir='ltr'>Excercendum,</span> <span class='ocrx_word' id='word_1_1011' title='bbox 2082 2214 2146 2244; x_wconf 86' lang='lat' dir='ltr'>quae</span> <span class='ocrx_word' id='word_1_1012' title='bbox 2166 2214 2196 2234; x_wconf 87' lang='lat' dir='ltr'>in</span> <span class='ocrx_word' id='word_1_1013' title='bbox 2213 2200 2343 2233; x_wconf 85' lang='lat' dir='ltr'>Praemis-</span> 
     </span>
     <span class='ocr_line' id='line_1_159' title="bbox 1285 2247 2057 2288; baseline -0.013 -3"><span class='ocrx_word' id='word_1_1014' title='bbox 1285 2254 1318 2286; x_wconf 88' lang='lat' dir='ltr'>fis</span> <span class='ocrx_word' id='word_1_1015' title='bbox 1349 2254 1395 2284; x_wconf 87' lang='lat' dir='ltr'>vel</span> <span class='ocrx_word' id='word_1_1016' title='bbox 1409 2254 1485 2284; x_wconf 90' lang='lat' dir='ltr'>circa</span> <span class='ocrx_word' id='word_1_1017' title='bbox 1496 2262 1526 2282; x_wconf 90' lang='lat' dir='ltr'>ea</span> <span class='ocrx_word' id='word_1_1018' title='bbox 1541 2251 1690 2282; x_wconf 82' lang='lat' dir='ltr'>necessaria</span> <span class='ocrx_word' id='word_1_1019' title='bbox 1706 2250 1751 2280; x_wconf 90' lang='lat' dir='ltr'>vel</span> <span class='ocrx_word' id='word_1_1020' title='bbox 1764 2257 1926 2288; x_wconf 87' lang='lat' dir='ltr'>opportuna</span> <span class='ocrx_word' id='word_1_1021' title='bbox 1937 2247 2057 2284; x_wconf 86' lang='lat' dir='ltr'>fuerint,</span> 
     </span>
     <span class='ocr_line' id='line_1_160' title="bbox 1321 2277 2344 2329; baseline -0.014 -7"><span class='ocrx_word' id='word_1_1022' title='bbox 1321 2277 1433 2329; x_wconf 57' lang='lat' dir='ltr'>isonis,</span> <span class='ocrx_word' id='word_1_1023' title='bbox 1459 2290 1576 2321; x_wconf 91' lang='lat' dir='ltr'>Tenore</span> <span class='ocrx_word' id='word_1_1024' title='bbox 1599 2289 1797 2326; x_wconf 85' lang='lat' dir='ltr'>Praesentium,</span> <span class='ocrx_word' id='word_1_1025' title='bbox 1823 2286 2038 2317; x_wconf 87' lang='lat' dir='ltr'>Committimus</span> <span class='ocrx_word' id='word_1_1026' title='bbox 2059 2280 2248 2317; x_wconf 88' lang='lat' dir='ltr'>Potestatem,</span> <span class='ocrx_word' id='word_1_1027' title='bbox 2272 2278 2344 2309; x_wconf 92' lang='lat' dir='ltr'>Pro-</span> 
     </span>
     <span class='ocr_line' id='line_1_161' title="bbox 1288 2318 2342 2364; baseline -0.013 -3"><span class='ocrx_word' id='word_1_1028' title='bbox 1288 2332 1431 2361; x_wconf 90' lang='lat' dir='ltr'>mittentes</span> <span class='ocrx_word' id='word_1_1029' title='bbox 1443 2328 1521 2359; x_wconf 70' lang='lat' dir='ltr'>bona</span> <span class='ocrx_word' id='word_1_1030' title='bbox 1533 2327 1590 2358; x_wconf 89' lang='lat' dir='ltr'>fide</span> <span class='ocrx_word' id='word_1_1031' title='bbox 1605 2329 1639 2358; x_wconf 91' lang='lat'>&amp;</span> <span class='ocrx_word' id='word_1_1032' title='bbox 1654 2328 1683 2357; x_wconf 91' lang='lat' dir='ltr'>iri</span> <span class='ocrx_word' id='word_1_1033' title='bbox 1699 2327 1789 2357; x_wconf 87' lang='lat' dir='ltr'>verbo</span> <span class='ocrx_word' id='word_1_1034' title='bbox 1810 2325 1923 2364; x_wconf 87' lang='lat' dir='ltr'>Regio,</span> <span class='ocrx_word' id='word_1_1035' title='bbox 1941 2333 1993 2353; x_wconf 90' lang='lat' dir='ltr'>nos</span> <span class='ocrx_word' id='word_1_1036' title='bbox 2008 2321 2135 2358; x_wconf 88' lang='lat' dir='ltr'>Ratum,</span> <span class='ocrx_word' id='word_1_1037' title='bbox 2153 2319 2294 2356; x_wconf 81' lang='lat' dir='ltr'>Gratum,</span> <span class='ocrx_word' id='word_1_1038' title='bbox 2307 2318 2342 2348; x_wconf 89' lang='lat'>&amp;</span> 
     </span>
     <span class='ocr_line' id='line_1_162' title="bbox 1284 2355 2342 2403; baseline -0.015 -2"><span class='ocrx_word' id='word_1_1039' title='bbox 1284 2370 1412 2401; x_wconf 91' lang='lat' dir='ltr'>Firmum</span> <span class='ocrx_word' id='word_1_1040' title='bbox 1426 2368 1561 2398; x_wconf 81' lang='lat' dir='ltr'>continue</span> <span class='ocrx_word' id='word_1_1041' title='bbox 1570 2366 1711 2396; x_wconf 90' lang='lat' dir='ltr'>habituros</span> <span class='ocrx_word' id='word_1_1042' title='bbox 1724 2364 1860 2403; x_wconf 86' lang='lat' dir='ltr'>quicquid</span> <span class='ocrx_word' id='word_1_1043' title='bbox 1872 2372 1920 2400; x_wconf 89' lang='lat' dir='ltr'>per</span> <span class='ocrx_word' id='word_1_1044' title='bbox 1930 2360 1991 2392; x_wconf 90' lang='lat' dir='ltr'>Vos</span> <span class='ocrx_word' id='word_1_1045' title='bbox 2006 2361 2113 2401; x_wconf 62' lang='lat' dir='ltr'>Asturn</span> <span class='ocrx_word' id='word_1_1046' title='bbox 2122 2382 2132 2397; x_wconf 94' lang='lat'>,</span> <span class='ocrx_word' id='word_1_1047' title='bbox 2150 2355 2342 2393; x_wconf 86' lang='lat' dir='ltr'>Concessum,</span> 
     </span>
     <span class='ocr_line' id='line_1_163' title="bbox 1286 2398 2197 2477; baseline -0.014 -39"><span class='ocrx_word' id='word_1_1048' title='bbox 1286 2409 1336 2477; x_wconf 51' lang='lat' dir='ltr'>ve}</span> <span class='ocrx_word' id='word_1_1049' title='bbox 1353 2405 1477 2450; x_wconf 69' lang='lat' dir='ltr'>Gestum</span> <span class='ocrx_word' id='word_1_1050' title='bbox 1486 2406 1575 2474; x_wconf 51' lang='lat' dir='ltr'>8sperit</span> <span class='ocrx_word' id='word_1_1051' title='bbox 1587 2405 1616 2434; x_wconf 91' lang='lat' dir='ltr'>in</span> <span class='ocrx_word' id='word_1_1052' title='bbox 1630 2402 1780 2434; x_wconf 86' lang='lat' dir='ltr'>Praemisfis</span> <span class='ocrx_word' id='word_1_1053' title='bbox 1792 2402 1825 2433; x_wconf 89' lang='lat'>&amp;</span> <span class='ocrx_word' id='word_1_1054' title='bbox 1838 2401 1963 2441; x_wconf 90' lang='lat' dir='ltr'>quolibet</span> <span class='ocrx_word' id='word_1_1055' title='bbox 1977 2398 2197 2429; x_wconf 79' lang='lat' dir='ltr'>Praemisiorum.</span> 
     </span>
     <span class='ocr_line' id='line_1_164' title="bbox 1338 2453 1547 2475; baseline -0.014 0"><span class='ocrx_word' id='word_1_1056' title='bbox 1338 2455 1357 2475; x_wconf 93' lang='lat' dir='ltr'>n</span> <span class='ocrx_word' id='word_1_1057' title='bbox 1373 2455 1410 2474; x_wconf 92' lang='lat' dir='ltr'>cu</span> <span class='ocrx_word' id='word_1_1058' title='bbox 1422 2455 1451 2474; x_wconf 94' lang='lat' dir='ltr'>us</span> <span class='ocrx_word' id='word_1_1059' title='bbox 1520 2453 1547 2473; x_wconf 89' lang='lat' dir='ltr'>c.</span> 
     </span>
     <span class='ocr_line' id='line_1_165' title="bbox 1339 2455 2326 2522; baseline -0.014 -8"><span class='ocrx_word' id='word_1_1060' title='bbox 1339 2455 1427 2514; x_wconf 62' lang='lat' dir='ltr'>Testie</span> <span class='ocrx_word' id='word_1_1061' title='bbox 1442 2466 1522 2522; x_wconf 64' lang='lat' dir='ltr'>R&#39;ege</span> <span class='ocrx_word' id='word_1_1062' title='bbox 1536 2480 1609 2522; x_wconf 89' lang='lat' dir='ltr'>apud</span> <span class='ocrx_word' id='word_1_1063' title='bbox 1624 2477 1880 2521; x_wconf 74' lang='lat' dir='ltr'>Wstmonasterimn</span> <span class='ocrx_word' id='word_1_1064' title='bbox 1889 2499 1900 2515; x_wconf 89' lang='lat'>,</span> <span class='ocrx_word' id='word_1_1065' title='bbox 1916 2475 2071 2507; x_wconf 88' lang='lat' dir='ltr'>undecimo</span> <span class='ocrx_word' id='word_1_1066' title='bbox 2085 2473 2131 2504; x_wconf 92' lang='lat' dir='ltr'>die</span> <span class='ocrx_word' id='word_1_1067' title='bbox 2144 2471 2326 2503; x_wconf 80' lang='lat' dir='ltr'>Decembris.</span> 
     </span>
    </p>
   </div>
   <div class='ocr_carea' id='block_1_27' title="bbox 1913 2550 2186 2591">
    <p class='ocr_par' dir='ltr' id='par_1_52' title="bbox 1913 2550 2186 2591">
     <span class='ocr_line' id='line_1_166' title="bbox 1913 2550 2186 2591; baseline -0.018 -8"><span class='ocrx_word' id='word_1_1068' title='bbox 1913 2554 1966 2583; x_wconf 86' lang='lat' dir='ltr'>Per</span> <span class='ocrx_word' id='word_1_1069' title='bbox 1985 2550 2066 2591; x_wconf 69' lang='lat' dir='ltr'>ipficm</span> <span class='ocrx_word' id='word_1_1070' title='bbox 2083 2552 2186 2587; x_wconf 84' lang='lat' dir='ltr'>Regem.</span> 
     </span>
    </p>
   </div>
   <div class='ocr_carea' id='block_1_28' title="bbox 1286 2625 2344 2858">
    <p class='ocr_par' dir='ltr' id='par_1_53' title="bbox 1286 2625 2344 2858">
     <span class='ocr_line' id='line_1_167' title="bbox 1288 2625 2344 2691; baseline -0.013 -24"><span class='ocrx_word' id='word_1_1071' title='bbox 1288 2634 1373 2691; x_wconf 76' lang='lat' dir='ltr'>RE</span> <span class='ocrx_word' id='word_1_1072' title='bbox 1383 2633 1430 2673; x_wconf 85' lang='lat' dir='ltr'>X,</span> <span class='ocrx_word' id='word_1_1073' title='bbox 1447 2632 1566 2664; x_wconf 66' lang='lat' dir='ltr'>Dileeto</span> <span class='ocrx_word' id='word_1_1074' title='bbox 1580 2634 1620 2677; x_wconf 61' lang='grc' dir='ltr'>ὃς</span> <span class='ocrx_word' id='word_1_1075' title='bbox 1628 2632 1701 2663; x_wconf 86' lang='lat' dir='ltr'>fideli</span> <span class='ocrx_word' id='word_1_1076' title='bbox 1710 2629 1972 2674; x_wconf 41' lang='lat' dir='ltr'>nostr0,·Johanni</span> <span class='ocrx_word' id='word_1_1077' title='bbox 1983 2625 2108 2672; x_wconf 62' lang='lat' dir='ltr'>Nevyl{,</span> <span class='ocrx_word' id='word_1_1078' title='bbox 2124 2625 2344 2674; x_wconf 61' lang='lat' dir='ltr'>Consanguineo</span> 
     </span>
     <span class='ocr_line' id='line_1_168' title="bbox 1365 2665 2344 2710; baseline -0.009 -6"><span class='ocrx_word' id='word_1_1079' title='bbox 1365 2673 1482 2710; x_wconf 89' lang='lat' dir='ltr'>nostro,</span> <span class='ocrx_word' id='word_1_1080' title='bbox 1499 2671 1623 2703; x_wconf 86' lang='lat' dir='ltr'>Custodi</span> <span class='ocrx_word' id='word_1_1081' title='bbox 1644 2669 1865 2703; x_wconf 79' lang='lat' dir='ltr'>Westmarchiae</span> <span class='ocrx_word' id='word_1_1082' title='bbox 1892 2668 1990 2706; x_wconf 89' lang='lat' dir='ltr'>Regni</span> <span class='ocrx_word' id='word_1_1083' title='bbox 2009 2665 2097 2696; x_wconf 87' lang='lat' dir='ltr'>nostri</span> <span class='ocrx_word' id='word_1_1084' title='bbox 2117 2665 2249 2703; x_wconf 80' lang='lat' dir='ltr'>Angliae,</span> <span class='ocrx_word' id='word_1_1085' title='bbox 2268 2665 2344 2695; x_wconf 70' lang='lat' dir='ltr'>Salu-</span> 
     </span>
     <span class='ocr_line' id='line_1_169' title="bbox 1286 2717 1650 2788; baseline -0.005 -8"><span class='ocrx_word' id='word_1_1086' title='bbox 1286 2717 1420 2788; x_wconf 52' lang='lat' dir='ltr'>(erg-dm,</span> <span class='ocrx_word' id='word_1_1087' title='bbox 1436 2747 1496 2785; x_wconf 83' lang='lat' dir='ltr'>&amp;c.</span> <span class='ocrx_word' id='word_1_1088' title='bbox 1515 2755 1546 2778; x_wconf 82' lang='lat' dir='ltr'>ut</span> <span class='ocrx_word' id='word_1_1089' title='bbox 1553 2747 1650 2788; x_wconf 72' lang='lat' dir='ltr'>ficpra.</span> 
     </span>
     <span class='ocr_line' id='line_1_170' title="bbox 1321 2787 1535 2828; baseline -0.009 -9"><span class='ocrx_word' id='word_1_1090' title='bbox 1321 2787 1388 2819; x_wconf 87' lang='lat' dir='ltr'>Dat.</span> <span class='ocrx_word' id='word_1_1091' title='bbox 1403 2797 1431 2818; x_wconf 87' lang='lat' dir='ltr'>ut</span> <span class='ocrx_word' id='word_1_1092' title='bbox 1444 2788 1535 2828; x_wconf 87' lang='lat' dir='ltr'>supra.</span> 
     </span>
     <span class='ocr_line' id='line_1_171' title="bbox 1966 2818 2237 2858; baseline -0.011 -8"><span class='ocrx_word' id='word_1_1093' title='bbox 1966 2821 2019 2850; x_wconf 82' lang='lat' dir='ltr'>Per</span> <span class='ocrx_word' id='word_1_1094' title='bbox 2036 2818 2118 2858; x_wconf 69' lang='lat' dir='ltr'>ipfitm</span> <span class='ocrx_word' id='word_1_1095' title='bbox 2132 2819 2237 2855; x_wconf 82' lang='lat' dir='ltr'>Regem.</span> 
     </span>
    </p>
   </div>
   <div class='ocr_carea' id='block_1_29' title="bbox 1291 2898 2341 2917">
    <p class='ocr_par' dir='ltr' id='par_1_54' title="bbox 1291 2898 2341 2917">
     <span class='ocr_line' id='line_1_172' title="bbox 1291 2898 2341 2917; baseline 0 1357"><span class='ocrx_word' id='word_1_1096' title='bbox 1291 2898 2341 2917; x_wconf 95' lang='lat' dir='ltr'> </span> 
     </span>
    </p>
   </div>
   <div class='ocr_carea' id='block_1_30' title="bbox 1283 2948 2341 3045">
    <p class='ocr_par' dir='ltr' id='par_1_55' title="bbox 1283 2948 2341 3045">
     <span class='ocr_line' id='line_1_173' title="bbox 1283 2948 2341 3004; baseline -0.013 -11"><span class='ocrx_word' id='word_1_1097' title='bbox 1283 2962 1331 2993; x_wconf 88' lang='lat' dir='ltr'>De</span> <span class='ocrx_word' id='word_1_1098' title='bbox 1353 2956 1625 3004; x_wconf 83' lang='lat' dir='ltr'>Exemplificatione</span> <span class='ocrx_word' id='word_1_1099' title='bbox 1649 2956 1825 2987; x_wconf 78' lang='lat' dir='ltr'>Literarum</span> <span class='ocrx_word' id='word_1_1100' title='bbox 1844 2951 1935 2996; x_wconf 75' lang='lat' dir='ltr'>fhper</span> <span class='ocrx_word' id='word_1_1101' title='bbox 1959 2948 2167 2991; x_wconf 78' lang='lat' dir='ltr'>Controverstis</span> <span class='ocrx_word' id='word_1_1102' title='bbox 2194 2952 2226 2981; x_wconf 83' lang='lat' dir='ltr'>in</span> <span class='ocrx_word' id='word_1_1103' title='bbox 2241 2951 2341 2994; x_wconf 80' lang='lat' dir='ltr'>parti-</span> 
     </span>
     <span class='ocr_line' id='line_1_174' title="bbox 1687 3000 1940 3045; baseline -0.02 -10"><span class='ocrx_word' id='word_1_1104' title='bbox 1687 3000 1741 3035; x_wconf 75' lang='lat' dir='ltr'>bus</span> <span class='ocrx_word' id='word_1_1105' title='bbox 1766 3002 1940 3045; x_wconf 78' lang='lat' dir='ltr'>Norwegiae.</span> 
     </span>
    </p>
   </div>
   <div class='ocr_carea' id='block_1_31' title="bbox 1277 3079 2485 4044">
    <p class='ocr_par' dir='ltr' id='par_1_56' title="bbox 1277 3079 2485 4044">
     <span class='ocr_line' id='line_1_175' title="bbox 1285 3079 2485 3150; baseline -0.013 -26"><span class='ocrx_word' id='word_1_1106' title='bbox 1285 3090 1408 3150; x_wconf 77' lang='lat' dir='ltr'>REX</span> <span class='ocrx_word' id='word_1_1107' title='bbox 1427 3090 1592 3127; x_wconf 86' lang='lat' dir='ltr'>Omnibus,</span> <span class='ocrx_word' id='word_1_1108' title='bbox 1609 3087 1644 3119; x_wconf 85' lang='lat' dir='ltr'>ad</span> <span class='ocrx_word' id='word_1_1109' title='bbox 1658 3096 1746 3127; x_wconf 77' lang='lat' dir='ltr'>qu08,</span> <span class='ocrx_word' id='word_1_1110' title='bbox 1762 3085 1823 3116; x_wconf 87' lang='lat' dir='ltr'>&amp;c.</span> <span class='ocrx_word' id='word_1_1111' title='bbox 1839 3084 1969 3114; x_wconf 89' lang='lat' dir='ltr'>Salutem.</span> <span class='ocrx_word' id='word_1_1112' title='bbox 2353 3079 2427 3110; x_wconf 84' lang='lat' dir='ltr'>Ann.</span> <span class='ocrx_word' id='word_1_1113' title='bbox 2445 3081 2485 3111; x_wconf 84' lang='lat' dir='ltr'>D.</span> 
     </span>
     <span class='ocr_line' id='line_1_176' title="bbox 1379 3117 2459 3165; baseline -0.013 -4"><span class='ocrx_word' id='word_1_1114' title='bbox 1379 3130 1423 3160; x_wconf 76' lang='lat' dir='ltr'>IN</span> <span class='ocrx_word' id='word_1_1115' title='bbox 1435 3139 1446 3160; x_wconf 84' lang='lat' dir='ltr'>s</span> <span class='ocrx_word' id='word_1_1116' title='bbox 1457 3138 1475 3159; x_wconf 81' lang='lat' dir='ltr'>P</span> <span class='ocrx_word' id='word_1_1117' title='bbox 1486 3138 1503 3159; x_wconf 82' lang='lat' dir='ltr'>E</span> <span class='ocrx_word' id='word_1_1118' title='bbox 1514 3138 1529 3158; x_wconf 85' lang='lat' dir='ltr'>x</span> <span class='ocrx_word' id='word_1_1119' title='bbox 1538 3137 1549 3158; x_wconf 93' lang='lat'>1</span> <span class='ocrx_word' id='word_1_1120' title='bbox 1562 3136 1617 3158; x_wconf 85' lang='lat' dir='ltr'>MU</span> <span class='ocrx_word' id='word_1_1121' title='bbox 1629 3136 1640 3157; x_wconf 86' lang='lat' dir='ltr'>s</span> <span class='ocrx_word' id='word_1_1122' title='bbox 1659 3125 1789 3165; x_wconf 85' lang='lat' dir='ltr'>quasdam</span> <span class='ocrx_word' id='word_1_1123' title='bbox 1805 3123 1910 3154; x_wconf 89' lang='lat' dir='ltr'>Literas</span> <span class='ocrx_word' id='word_1_1124' title='bbox 1925 3120 2029 3151; x_wconf 85' lang='lat' dir='ltr'>nostras</span> <span class='ocrx_word' id='word_1_1125' title='bbox 2038 3142 2048 3158; x_wconf 88' lang='lat'>,</span> <span class='ocrx_word' id='word_1_1126' title='bbox 2064 3118 2114 3150; x_wconf 84' lang='lat' dir='ltr'>sub</span> <span class='ocrx_word' id='word_1_1127' title='bbox 2129 3120 2237 3158; x_wconf 88' lang='lat' dir='ltr'>privato</span> <span class='ocrx_word' id='word_1_1128' title='bbox 2252 3117 2332 3157; x_wconf 86' lang='lat' dir='ltr'>Sigil-</span> <span class='ocrx_word' id='word_1_1129' title='bbox 2376 3128 2459 3157; x_wconf 75' lang='lat'>1415-</span> 
     </span>
     <span class='ocr_line' id='line_1_177' title="bbox 1282 3162 2449 3206; baseline -0.012 -6"><span class='ocrx_word' id='word_1_1130' title='bbox 1282 3169 1311 3200; x_wconf 93' lang='lat' dir='ltr'>lo</span> <span class='ocrx_word' id='word_1_1131' title='bbox 1325 3168 1440 3206; x_wconf 90' lang='lat' dir='ltr'>nostro,</span> <span class='ocrx_word' id='word_1_1132' title='bbox 1457 3167 1542 3198; x_wconf 62' lang='lat' dir='ltr'>faustas</span> <span class='ocrx_word' id='word_1_1133' title='bbox 1556 3168 1583 3196; x_wconf 91' lang='lat' dir='ltr'>in</span> <span class='ocrx_word' id='word_1_1134' title='bbox 1599 3167 1662 3196; x_wconf 79' lang='lat' dir='ltr'>haec</span> <span class='ocrx_word' id='word_1_1135' title='bbox 1676 3164 1770 3195; x_wconf 87' lang='lat' dir='ltr'>verba.</span> <span class='ocrx_word' id='word_1_1136' title='bbox 2350 3162 2404 3184; x_wconf 80' lang='lat' dir='ltr'>An.</span> <span class='ocrx_word' id='word_1_1137' title='bbox 2422 3168 2449 3194; x_wconf 85' lang='lat'>3.</span> 
     </span>
     <span class='ocr_line' id='line_1_178' title="bbox 2352 3200 2428 3224; baseline 0.026 -2"><span class='ocrx_word' id='word_1_1138' title='bbox 2352 3200 2384 3223; x_wconf 80' lang='lat' dir='ltr'>H.</span> <span class='ocrx_word' id='word_1_1139' title='bbox 2423 3219 2428 3224; x_wconf 87' lang='lat'>.</span> 
     </span>
     <span class='ocr_line' id='line_1_179' title="bbox 1280 3206 2485 3302; baseline -0.012 -27"><span class='ocrx_word' id='word_1_1140' title='bbox 1280 3247 1474 3302; x_wconf 77' lang='lat' dir='ltr'>HEnricus,</span> <span class='ocrx_word' id='word_1_1141' title='bbox 1493 3241 1550 3272; x_wconf 92' lang='lat' dir='ltr'>Dei</span> <span class='ocrx_word' id='word_1_1142' title='bbox 1567 3239 1667 3281; x_wconf 67' lang='lat' dir='ltr'>gratia,</span> <span class='ocrx_word' id='word_1_1143' title='bbox 1686 3243 1746 3269; x_wconf 86' lang='lat' dir='ltr'>Rex</span> <span class='ocrx_word' id='word_1_1144' title='bbox 1761 3236 1873 3275; x_wconf 81' lang='lat' dir='ltr'>Angliae</span> <span class='ocrx_word' id='word_1_1145' title='bbox 1887 3235 1925 3271; x_wconf 53' lang='grc' dir='ltr'>(θ’</span> <span class='ocrx_word' id='word_1_1146' title='bbox 1939 3239 2076 3276; x_wconf 67' lang='lat' dir='ltr'>Franciae,</span> <span class='ocrx_word' id='word_1_1147' title='bbox 2094 3234 2127 3264; x_wconf 92' lang='lat'>&amp;</span> <span class='ocrx_word' id='word_1_1148' title='bbox 2140 3234 2332 3263; x_wconf 77' lang='lat' dir='ltr'>DominusHi-</span> <span class='ocrx_word' id='word_1_1149' title='bbox 2352 3206 2438 3261; x_wconf 50' lang='lat' dir='ltr'>frasi-c.</span> <span class='ocrx_word' id='word_1_1150' title='bbox 2459 3243 2485 3270; x_wconf 83' lang='lat'>3.</span> 
     </span>
     <span class='ocr_line' id='line_1_180' title="bbox 1352 3271 2432 3320; baseline -0.014 -6"><span class='ocrx_word' id='word_1_1151' title='bbox 1352 3284 1467 3320; x_wconf 80' lang='lat' dir='ltr'>berniae,</span> <span class='ocrx_word' id='word_1_1152' title='bbox 1483 3279 1629 3312; x_wconf 86' lang='lat' dir='ltr'>Universis</span> <span class='ocrx_word' id='word_1_1153' title='bbox 1643 3278 1798 3316; x_wconf 74' lang='lat' dir='ltr'>&amp;singulis</span> <span class='ocrx_word' id='word_1_1154' title='bbox 1822 3275 2060 3311; x_wconf 81' lang='lat' dir='ltr'>Praeconssilibus,</span> <span class='ocrx_word' id='word_1_1155' title='bbox 2078 3271 2264 3309; x_wconf 87' lang='lat' dir='ltr'>Consulibus,</span> <span class='ocrx_word' id='word_1_1156' title='bbox 2279 3271 2330 3308; x_wconf 91' lang='lat' dir='ltr'>Ju-</span> <span class='ocrx_word' id='word_1_1157' title='bbox 2349 3277 2383 3299; x_wconf 86' lang='lat' dir='ltr'>H.</span> <span class='ocrx_word' id='word_1_1158' title='bbox 2405 3281 2432 3306; x_wconf 82' lang='lat'>5.</span> 
     </span>
     <span class='ocr_line' id='line_1_181' title="bbox 1280 3310 2429 3360; baseline -0.011 -8"><span class='ocrx_word' id='word_1_1159' title='bbox 1280 3322 1406 3360; x_wconf 91' lang='lat' dir='ltr'>dicibus,</span> <span class='ocrx_word' id='word_1_1160' title='bbox 1426 3320 1569 3356; x_wconf 84' lang='lat' dir='ltr'>Scabinis,</span> <span class='ocrx_word' id='word_1_1161' title='bbox 1586 3317 1749 3354; x_wconf 81' lang='lat' dir='ltr'>caeterisque</span> <span class='ocrx_word' id='word_1_1162' title='bbox 1764 3314 1917 3345; x_wconf 81' lang='lat' dir='ltr'>Officiariis</span> <span class='ocrx_word' id='word_1_1163' title='bbox 1938 3314 1970 3344; x_wconf 65' lang='grc' dir='ltr'>ὃς</span> <span class='ocrx_word' id='word_1_1164' title='bbox 1988 3311 2140 3350; x_wconf 74' lang='lat' dir='ltr'>Ministris,</span> <span class='ocrx_word' id='word_1_1165' title='bbox 2160 3310 2331 3341; x_wconf 82' lang='lat' dir='ltr'>Sereniffimi</span> <span class='ocrx_word' id='word_1_1166' title='bbox 2346 3320 2381 3340; x_wconf 86' lang='lat' dir='ltr'>m.</span> <span class='ocrx_word' id='word_1_1167' title='bbox 2406 3319 2429 3339; x_wconf 87' lang='lat'>1.</span> 
     </span>
     <span class='ocr_line' id='line_1_182' title="bbox 1281 3350 2332 3398; baseline -0.015 -6"><span class='ocrx_word' id='word_1_1168' title='bbox 1281 3361 1423 3398; x_wconf 85' lang='lat' dir='ltr'>Principis</span> <span class='ocrx_word' id='word_1_1169' title='bbox 1439 3361 1471 3391; x_wconf 68' lang='grc' dir='ltr'>ὅς</span> <span class='ocrx_word' id='word_1_1170' title='bbox 1486 3358 1586 3388; x_wconf 84' lang='lat' dir='ltr'>Fratris</span> <span class='ocrx_word' id='word_1_1171' title='bbox 1603 3355 1689 3385; x_wconf 88' lang='lat' dir='ltr'>nostri</span> <span class='ocrx_word' id='word_1_1172' title='bbox 1705 3354 1860 3389; x_wconf 83' lang='lat' dir='ltr'>Cariffimi,</span> <span class='ocrx_word' id='word_1_1173' title='bbox 1876 3354 1967 3390; x_wconf 87' lang='lat' dir='ltr'>Erici,</span> <span class='ocrx_word' id='word_1_1174' title='bbox 1980 3350 2078 3380; x_wconf 66' lang='lat' dir='ltr'>eadem</span> <span class='ocrx_word' id='word_1_1175' title='bbox 2097 3350 2199 3388; x_wconf 72' lang='lat' dir='ltr'>gratia,</span> <span class='ocrx_word' id='word_1_1176' title='bbox 2218 3352 2332 3386; x_wconf 81' lang='lat' dir='ltr'>Daciae,</span> 
     </span>
     <span class='ocr_line' id='line_1_183' title="bbox 1281 3389 2333 3436; baseline -0.012 -7"><span class='ocrx_word' id='word_1_1177' title='bbox 1281 3401 1446 3436; x_wconf 83' lang='lat' dir='ltr'>Norwegiae,</span> <span class='ocrx_word' id='word_1_1178' title='bbox 1451 3400 1608 3435; x_wconf 82' lang='lat' dir='ltr'>Sweciaeque</span> <span class='ocrx_word' id='word_1_1179' title='bbox 1613 3398 1759 3430; x_wconf 82' lang='lat' dir='ltr'>Regnorum</span> <span class='ocrx_word' id='word_1_1180' title='bbox 1768 3395 1858 3429; x_wconf 81' lang='lat' dir='ltr'>Regis,</span> <span class='ocrx_word' id='word_1_1181' title='bbox 1868 3392 1895 3421; x_wconf 89' lang='lat' dir='ltr'>in</span> <span class='ocrx_word' id='word_1_1182' title='bbox 1905 3389 2030 3420; x_wconf 77' lang='lat' dir='ltr'>Civitate</span> <span class='ocrx_word' id='word_1_1183' title='bbox 2044 3389 2078 3418; x_wconf 89' lang='lat' dir='ltr'>de</span> <span class='ocrx_word' id='word_1_1184' title='bbox 2087 3389 2277 3419; x_wconf 85' lang='lat' dir='ltr'>Northberne</span> <span class='ocrx_word' id='word_1_1185' title='bbox 2284 3410 2293 3425; x_wconf 88' lang='lat'>,</span> <span class='ocrx_word' id='word_1_1186' title='bbox 2301 3395 2333 3416; x_wconf 87' lang='lat' dir='ltr'>ac</span> 
     </span>
     <span class='ocr_line' id='line_1_184' title="bbox 1281 3425 2333 3472; baseline -0.013 -4"><span class='ocrx_word' id='word_1_1187' title='bbox 1281 3437 1428 3468; x_wconf 80' lang='lat' dir='ltr'>Univerlis</span> <span class='ocrx_word' id='word_1_1188' title='bbox 1450 3436 1484 3466; x_wconf 91' lang='lat'><strong>&amp;</strong></span> <span class='ocrx_word' id='word_1_1189' title='bbox 1502 3434 1623 3472; x_wconf 85' lang='lat' dir='ltr'>Singulis</span> <span class='ocrx_word' id='word_1_1190' title='bbox 1640 3433 1697 3462; x_wconf 88' lang='lat' dir='ltr'>aliis</span> <span class='ocrx_word' id='word_1_1191' title='bbox 1714 3430 1884 3461; x_wconf 75' lang='lat' dir='ltr'>Consiliariis</span> <span class='ocrx_word' id='word_1_1192' title='bbox 1901 3429 1982 3468; x_wconf 88' lang='lat' dir='ltr'>ipsius</span> <span class='ocrx_word' id='word_1_1193' title='bbox 2001 3428 2101 3457; x_wconf 84' lang='lat' dir='ltr'>Fratris</span> <span class='ocrx_word' id='word_1_1194' title='bbox 2121 3427 2210 3457; x_wconf 87' lang='lat' dir='ltr'>nostri</span> <span class='ocrx_word' id='word_1_1195' title='bbox 2234 3425 2333 3465; x_wconf 81' lang='lat' dir='ltr'>praedi-</span> 
     </span>
     <span class='ocr_line' id='line_1_185' title="bbox 1281 3476 1347 3508; baseline -0.045 0"><span class='ocrx_word' id='word_1_1196' title='bbox 1281 3476 1347 3508; x_wconf 69' lang='lat' dir='ltr'>leeti</span> 
     </span>
     <span class='ocr_line' id='line_1_186' title="bbox 1318 3498 2333 3545; baseline -0.014 -1"><span class='ocrx_word' id='word_1_1197' title='bbox 1318 3498 1365 3545; x_wconf 72' lang='lat' dir='ltr'>Aci</span> <span class='ocrx_word' id='word_1_1198' title='bbox 1378 3511 1498 3543; x_wconf 86' lang='lat' dir='ltr'>Causam</span> <span class='ocrx_word' id='word_1_1199' title='bbox 1512 3509 1676 3540; x_wconf 89' lang='lat' dir='ltr'>diversarum</span> <span class='ocrx_word' id='word_1_1200' title='bbox 1692 3505 1953 3537; x_wconf 82' lang='lat' dir='ltr'>Controverfiarum</span> <span class='ocrx_word' id='word_1_1201' title='bbox 1968 3504 2002 3535; x_wconf 92' lang='lat'>&amp;</span> <span class='ocrx_word' id='word_1_1202' title='bbox 2014 3502 2244 3539; x_wconf 80' lang='lat' dir='ltr'>Discordiarum,</span> <span class='ocrx_word' id='word_1_1203' title='bbox 2262 3502 2333 3531; x_wconf 89' lang='lat' dir='ltr'>inter</span> 
     </span>
     <span class='ocr_line' id='line_1_187' title="bbox 1278 3539 2330 3590; baseline -0.014 -7"><span class='ocrx_word' id='word_1_1204' title='bbox 1278 3552 1413 3590; x_wconf 87' lang='lat' dir='ltr'>quosdam</span> <span class='ocrx_word' id='word_1_1205' title='bbox 1429 3549 1561 3580; x_wconf 85' lang='lat' dir='ltr'>Subditos</span> <span class='ocrx_word' id='word_1_1206' title='bbox 1574 3547 1683 3578; x_wconf 84' lang='lat' dir='ltr'>nostros</span> <span class='ocrx_word' id='word_1_1207' title='bbox 1694 3545 1778 3576; x_wconf 78' lang='lat' dir='ltr'>Villae</span> <span class='ocrx_word' id='word_1_1208' title='bbox 1792 3544 1896 3574; x_wconf 63' lang='lat' dir='ltr'>nostrae</span> <span class='ocrx_word' id='word_1_1209' title='bbox 1911 3544 1947 3574; x_wconf 93' lang='lat' dir='ltr'>de</span> <span class='ocrx_word' id='word_1_1210' title='bbox 1963 3543 2079 3580; x_wconf 88' lang='lat' dir='ltr'>Lenne,</span> <span class='ocrx_word' id='word_1_1211' title='bbox 2097 3543 2130 3572; x_wconf 69' lang='grc' dir='ltr'>ὃς</span> <span class='ocrx_word' id='word_1_1212' title='bbox 2144 3545 2234 3572; x_wconf 72' lang='lat' dir='ltr'>certos</span> <span class='ocrx_word' id='word_1_1213' title='bbox 2250 3539 2330 3569; x_wconf 80' lang='lat' dir='ltr'>Mer-</span> 
     </span>
     <span class='ocr_line' id='line_1_188' title="bbox 1279 3577 2326 3624; baseline -0.012 -4"><span class='ocrx_word' id='word_1_1214' title='bbox 1279 3599 1386 3620; x_wconf 83' lang='lat' dir='ltr'>catores</span> <span class='ocrx_word' id='word_1_1215' title='bbox 1400 3592 1435 3618; x_wconf 92' lang='lat' dir='ltr'>de</span> <span class='ocrx_word' id='word_1_1216' title='bbox 1450 3587 1544 3618; x_wconf 86' lang='lat' dir='ltr'>Hansa</span> <span class='ocrx_word' id='word_1_1217' title='bbox 1558 3595 1644 3624; x_wconf 82' lang='lat' dir='ltr'>partes</span> <span class='ocrx_word' id='word_1_1218' title='bbox 1661 3585 1696 3615; x_wconf 89' lang='lat' dir='ltr'>de</span> <span class='ocrx_word' id='word_1_1219' title='bbox 1716 3584 1902 3614; x_wconf 90' lang='lat' dir='ltr'>Northberne</span> <span class='ocrx_word' id='word_1_1220' title='bbox 1917 3582 2114 3612; x_wconf 81' lang='lat' dir='ltr'>mercantiliter</span> <span class='ocrx_word' id='word_1_1221' title='bbox 2130 3579 2267 3614; x_wconf 70' lang='lat' dir='ltr'>usitantes,</span> <span class='ocrx_word' id='word_1_1222' title='bbox 2286 3577 2326 3607; x_wconf 89' lang='lat' dir='ltr'>ef-</span> 
     </span>
     <span class='ocr_line' id='line_1_189' title="bbox 1278 3615 2329 3661; baseline -0.011 -3"><span class='ocrx_word' id='word_1_1223' title='bbox 1278 3627 1470 3659; x_wconf 67' lang='lat' dir='ltr'>festualiter&amp;</span> <span class='ocrx_word' id='word_1_1224' title='bbox 1485 3625 1579 3656; x_wconf 77' lang='lat' dir='ltr'>debite</span> <span class='ocrx_word' id='word_1_1225' title='bbox 1592 3622 1836 3659; x_wconf 86' lang='lat' dir='ltr'>Terminandnm,</span> <span class='ocrx_word' id='word_1_1226' title='bbox 1855 3631 1903 3661; x_wconf 87' lang='lat' dir='ltr'>per</span> <span class='ocrx_word' id='word_1_1227' title='bbox 1921 3621 2045 3651; x_wconf 86' lang='lat' dir='ltr'>eundem</span> <span class='ocrx_word' id='word_1_1228' title='bbox 2060 3619 2181 3649; x_wconf 86' lang='lat' dir='ltr'>Fratrem</span> <span class='ocrx_word' id='word_1_1229' title='bbox 2202 3615 2329 3646; x_wconf 86' lang='lat' dir='ltr'>nostrum</span> 
     </span>
     <span class='ocr_line' id='line_1_190' title="bbox 1277 3667 1429 3705; baseline -0.013 -8"><span class='ocrx_word' id='word_1_1230' title='bbox 1277 3667 1429 3705; x_wconf 82' lang='lat' dir='ltr'>assignatis,</span> 
     </span>
     <span class='ocr_line' id='line_1_191' title="bbox 1314 3700 1808 3736; baseline -0.014 0"><span class='ocrx_word' id='word_1_1231' title='bbox 1314 3705 1436 3736; x_wconf 76' lang='lat' dir='ltr'>Salutem</span> <span class='ocrx_word' id='word_1_1232' title='bbox 1451 3711 1519 3733; x_wconf 89' lang='lat' dir='ltr'>curri</span> <span class='ocrx_word' id='word_1_1233' title='bbox 1533 3701 1683 3732; x_wconf 69' lang='lat' dir='ltr'>dileetione</span> <span class='ocrx_word' id='word_1_1234' title='bbox 1696 3700 1808 3730; x_wconf 88' lang='lat' dir='ltr'>sincera.</span> 
     </span>
     <span class='ocr_line' id='line_1_192' title="bbox 1316 3743 2226 3780; baseline -0.015 -6"><span class='ocrx_word' id='word_1_1235' title='bbox 1316 3743 1399 3774; x_wconf 76' lang='lat' dir='ltr'>Cum</span> <span class='ocrx_word' id='word_1_1236' title='bbox 1413 3750 1517 3780; x_wconf 87' lang='lat' dir='ltr'>nuper,</span> <span class='ocrx_word' id='word_1_1237' title='bbox 2221 3769 2226 3774; x_wconf 34' lang='lat'>⁵</span> 
     </span>
     <span class='ocr_line' id='line_1_193' title="bbox 1315 3768 2328 3811; baseline -0.016 1"><span class='ocrx_word' id='word_1_1238' title='bbox 1315 3779 1526 3811; x_wconf 86' lang='lat' dir='ltr'>Concrescente</span> <span class='ocrx_word' id='word_1_1239' title='bbox 1540 3777 1677 3809; x_wconf 83' lang='lat' dir='ltr'>Clamore</span> <span class='ocrx_word' id='word_1_1240' title='bbox 1684 3774 1857 3807; x_wconf 86' lang='lat' dir='ltr'>diversorum</span> <span class='ocrx_word' id='word_1_1241' title='bbox 1866 3772 2052 3804; x_wconf 86' lang='lat' dir='ltr'>Murdrorum</span> <span class='ocrx_word' id='word_1_1242' title='bbox 2061 3794 2070 3808; x_wconf 93' lang='lat'>,</span> <span class='ocrx_word' id='word_1_1243' title='bbox 2084 3768 2328 3807; x_wconf 69' lang='lat' dir='ltr'>Intersetstronum‚</span> 
     </span>
     <span class='ocr_line' id='line_1_194' title="bbox 1278 3807 2328 3858; baseline -0.015 -7"><span class='ocrx_word' id='word_1_1244' title='bbox 1278 3820 1443 3858; x_wconf 85' lang='lat' dir='ltr'>Injuriarum</span> <span class='ocrx_word' id='word_1_1245' title='bbox 1457 3840 1467 3856; x_wconf 87' lang='lat'>,</span> <span class='ocrx_word' id='word_1_1246' title='bbox 1490 3825 1659 3848; x_wconf 78' lang='lat' dir='ltr'>caeterorum</span> <span class='ocrx_word' id='word_1_1247' title='bbox 1680 3814 1886 3854; x_wconf 84' lang='lat' dir='ltr'>quamplurium</span> <span class='ocrx_word' id='word_1_1248' title='bbox 1908 3809 2152 3852; x_wconf 27' lang='lat' dir='ltr'>Oppreffionumh,</span> <span class='ocrx_word' id='word_1_1249' title='bbox 2177 3807 2328 3845; x_wconf 82' lang='lat' dir='ltr'>Dampno-</span> 
     </span>
     <span class='ocr_line' id='line_1_195' title="bbox 1279 3846 2328 3895; baseline -0.014 -6"><span class='ocrx_word' id='word_1_1250' title='bbox 1279 3868 1360 3895; x_wconf 86' lang='lat' dir='ltr'>rum,</span> <span class='ocrx_word' id='word_1_1251' title='bbox 1378 3858 1411 3888; x_wconf 93' lang='lat'>&amp;</span> <span class='ocrx_word' id='word_1_1252' title='bbox 1427 3856 1650 3892; x_wconf 89' lang='lat' dir='ltr'>Gravaminum,</span> <span class='ocrx_word' id='word_1_1253' title='bbox 1663 3853 1775 3884; x_wconf 85' lang='lat' dir='ltr'>diversis</span> <span class='ocrx_word' id='word_1_1254' title='bbox 1793 3852 1883 3890; x_wconf 84' lang='lat' dir='ltr'>Ligeis</span> <span class='ocrx_word' id='word_1_1255' title='bbox 1896 3849 2034 3879; x_wconf 83' lang='lat' dir='ltr'>Cariffimi</span> <span class='ocrx_word' id='word_1_1256' title='bbox 2051 3847 2171 3876; x_wconf 81' lang='lat' dir='ltr'>Domini</span> <span class='ocrx_word' id='word_1_1257' title='bbox 2188 3846 2221 3876; x_wconf 88' lang='lat'>&amp;</span> <span class='ocrx_word' id='word_1_1258' title='bbox 2234 3848 2328 3875; x_wconf 73' lang='lat' dir='ltr'>Patris</span> 
     </span>
     <span class='ocr_line' id='line_1_196' title="bbox 1278 3885 2326 3938; baseline -0.014 -11"><span class='ocrx_word' id='word_1_1259' title='bbox 1278 3897 1358 3938; x_wconf 84' lang='lat' dir='ltr'>nostri</span> <span class='ocrx_word' id='word_1_1260' title='bbox 1382 3895 1540 3933; x_wconf 68' lang='lat' dir='ltr'>Defunffi,</span> <span class='ocrx_word' id='word_1_1261' title='bbox 1564 3902 1651 3933; x_wconf 86' lang='lat' dir='ltr'>partes</span> <span class='ocrx_word' id='word_1_1262' title='bbox 1672 3893 1707 3923; x_wconf 91' lang='lat' dir='ltr'>de</span> <span class='ocrx_word' id='word_1_1263' title='bbox 1726 3890 1816 3921; x_wconf 88' lang='lat' dir='ltr'>Berne</span> <span class='ocrx_word' id='word_1_1264' title='bbox 1837 3892 1865 3919; x_wconf 81' lang='lat' dir='ltr'>in</span> <span class='ocrx_word' id='word_1_1265' title='bbox 1883 3887 2039 3923; x_wconf 70' lang='lat' dir='ltr'>Norwegia</span> <span class='ocrx_word' id='word_1_1266' title='bbox 2061 3885 2257 3914; x_wconf 84' lang='lat' dir='ltr'>mercantiliter</span> <span class='ocrx_word' id='word_1_1267' title='bbox 2279 3893 2326 3914; x_wconf 86' lang='lat' dir='ltr'>ex-</span> 
     </span>
     <span class='ocr_line' id='line_1_197' title="bbox 1279 3922 2329 3971; baseline -0.011 -6"><span class='ocrx_word' id='word_1_1268' title='bbox 1279 3935 1466 3971; x_wconf 84' lang='lat' dir='ltr'>cercentibus,</span> <span class='ocrx_word' id='word_1_1269' title='bbox 1483 3943 1530 3971; x_wconf 87' lang='lat' dir='ltr'>per</span> <span class='ocrx_word' id='word_1_1270' title='bbox 1544 3931 1677 3970; x_wconf 86' lang='lat' dir='ltr'>quosdam</span> <span class='ocrx_word' id='word_1_1271' title='bbox 1692 3931 1726 3960; x_wconf 92' lang='lat' dir='ltr'>de</span> <span class='ocrx_word' id='word_1_1272' title='bbox 1741 3928 1849 3965; x_wconf 87' lang='lat' dir='ltr'>Hansa,</span> <span class='ocrx_word' id='word_1_1273' title='bbox 1867 3926 1900 3956; x_wconf 87' lang='lat' dir='ltr'>ad</span> <span class='ocrx_word' id='word_1_1274' title='bbox 1916 3924 2023 3955; x_wconf 89' lang='lat' dir='ltr'>easdem</span> <span class='ocrx_word' id='word_1_1275' title='bbox 2037 3932 2124 3963; x_wconf 89' lang='lat' dir='ltr'>partes</span> <span class='ocrx_word' id='word_1_1276' title='bbox 2137 3922 2329 3960; x_wconf 88' lang='lat' dir='ltr'>confluentes,</span> 
     </span>
     <span class='ocr_line' id='line_1_198' title="bbox 1281 3973 2171 4011; baseline -0.013 -7"><span class='ocrx_word' id='word_1_1277' title='bbox 1281 3974 1422 4005; x_wconf 65' lang='lat' dir='ltr'>fastorum</span> <span class='ocrx_word' id='word_1_1278' title='bbox 1435 3973 1469 4003; x_wconf 69' lang='grc' dir='ltr'>δε</span> <span class='ocrx_word' id='word_1_1279' title='bbox 1482 3978 1716 4011; x_wconf 84' lang='lat' dir='ltr'>perpetratorum,</span> <span class='ocrx_word' id='word_1_1280' title='bbox 2165 4000 2171 4006; x_wconf 32' lang='lat'><em>⁶</em></span> 
     </span>
     <span class='ocr_line' id='line_1_199' title="bbox 1322 3998 2330 4044; baseline -0.012 -2"><span class='ocrx_word' id='word_1_1281' title='bbox 1322 4011 1400 4041; x_wconf 90' lang='lat' dir='ltr'>Idem</span> <span class='ocrx_word' id='word_1_1282' title='bbox 1420 4010 1564 4040; x_wconf 83' lang='lat' dir='ltr'>Dominus</span> <span class='ocrx_word' id='word_1_1283' title='bbox 1581 4010 1614 4039; x_wconf 91' lang='lat'>&amp;</span> <span class='ocrx_word' id='word_1_1284' title='bbox 1636 4010 1719 4037; x_wconf 85' lang='lat' dir='ltr'>Pater</span> <span class='ocrx_word' id='word_1_1285' title='bbox 1739 4003 1840 4044; x_wconf 81' lang='lat' dir='ltr'>noster,</span> <span class='ocrx_word' id='word_1_1286' title='bbox 1856 4003 1893 4032; x_wconf 81' lang='lat' dir='ltr'>ne</span> <span class='ocrx_word' id='word_1_1287' title='bbox 1913 4010 1998 4031; x_wconf 79' lang='lat' dir='ltr'>tanta:</span> <span class='ocrx_word' id='word_1_1288' title='bbox 2010 4000 2185 4031; x_wconf 85' lang='lat' dir='ltr'>Temeritatis</span> <span class='ocrx_word' id='word_1_1289' title='bbox 2198 3998 2330 4031; x_wconf 79' lang='lat' dir='ltr'>Excessus</span> 
     </span>
    </p>
   </div>
   <div class='ocr_carea' id='block_1_32' title="bbox 1286 4041 2341 4108">
    <p class='ocr_par' dir='ltr' id='par_1_57' title="bbox 1286 4041 2341 4108">
     <span class='ocr_line' id='line_1_200' title="bbox 1286 4041 2341 4108; baseline -0.016 -27"><span class='ocrx_word' id='word_1_1290' title='bbox 1286 4050 1337 4082; x_wconf 88' lang='lat' dir='ltr'>sub</span> <span class='ocrx_word' id='word_1_1291' title='bbox 1352 4048 1584 4080; x_wconf 86' lang='lat' dir='ltr'>Diffimulationis</span> <span class='ocrx_word' id='word_1_1292' title='bbox 1598 4046 1717 4077; x_wconf 87' lang='lat' dir='ltr'>clamide</span> <span class='ocrx_word' id='word_1_1293' title='bbox 1731 4043 1830 4074; x_wconf 76' lang='lat' dir='ltr'>diutius</span> <span class='ocrx_word' id='word_1_1294' title='bbox 1845 4041 1988 4078; x_wconf 83' lang='lat' dir='ltr'>toleraret,</span> <span class='ocrx_word' id='word_1_1295' title='bbox 2262 4072 2341 4108; x_wconf 68' lang='lat' dir='ltr'>Non</span> 
     </span>
    </p>
   </div>
  </div>
 </body>
</html>
