2562 4274
47 193 124 226 Ann.
143 193 174 226 D

70 234 154 273 1418.

44 276 109 302 laen.
128 282 156 310 5.

35 1040 51 1056 ·
67 1040 120 1071 ix.

32 1078 102 1114 58¹.

188 119 244 161 50

177 216 184 224 .
195 196 272 232 Regis
290 192 323 224 δε
345 191 424 223 Sacri
447 189 561 228 Imperii
581 187 765 226 Eleftoriirng
783 184 863 225 quod
877 185 954 217 dieta
971 195 1036 216 mea
1049 185 1147 222 Neptis
1160 183 1257 222 suique

196 232 381 270 Coinplices,
397 231 430 261 &
446 230 578 259 Fautores
590 227 679 257 michi
692 226 784 257 facere
798 224 967 255 recusarunt.

233 270 346 302 Verum
366 269 458 306 potius
477 275 584 304 quanto
606 265 712 303 magis,
728 266 810 295 bono
831 263 908 294 Zelo
921 286 931 300 ,
949 261 1074 300 Fideque
1097 271 1157 291 non
1170 260 1256 298 fieti,

193 311 250 340 una
264 319 334 340 cum
350 309 419 337 meis
437 306 542 336 Amicis
557 304 649 334 insteti
667 314 720 342 pro
742 304 852 341 quiete,
870 310 948 333 tanto
969 301 1080 339 semper
1101 299 1200 338 Major
1220 300 1255 330 &

194 347 343 379 Viventior
357 344 448 376 existit
461 354 522 375 orta
539 343 660 373 Materia
674 341 830 372 dubitandi.
1013 379 1019 384 .
1054 379 1059 383 Ι
1212 376 1217 382 .

229 373 286 417 §ed
309 386 373 423 quia
391 394 489 414 verum
512 382 553 413 est
573 382 670 420 quod,
688 379 884 412 serenissimus
906 389 939 410 ac
955 376 1158 410 Invic'tiffimus
1172 375 1254 406 Prin-

193 435 229 456 ce
249 436 278 463 s,
298 423 444 454 Dominus
465 426 644 452 Romanorum
665 424 724 450 Rex
747 427 942 457 praenarratlls,
960 417 1041 455 super
1062 415 1253 460 liiisplenarie

190 465 218 493 in
232 472 374 500 ormatus,
391 461 536 500 respiciens
549 471 582 492 ac
595 462 705 492 intuens
719 459 823 489 variam
839 458 872 489 ὅσ
885 455 1019 488 diversam
1035 455 1172 498 michio&
1197 463 1254 483 cir-

190 501 295 532 ca⁸Me
309 503 339 531 in
352 501 405 531 hac
419 509 497 537 parte
509 500 613 531 illatam
628 498 778 537 lnjuriam,
797 505 846 534 pei·
863 496 919 525 suas
936 495 1005 538 certi
1026 493 1152 523 Tenoris
1173 492 1254 522 Lite-

191 552 249 579 ras,
267 540 372 571 Terras
396 538 578 577 Hannoniae,
595 536 759 568 Hollandiae
774 558 784 574 ,
803 535 837 567 &
856 532 1018 577 Zeelandic
1034 555 1043 569 ,
1064 540 1196 575 tanquam
1218 530 1253 561 ad

189 580 279 618 ipsum
301 579 512 609 &Romanum
524 577 696 616 Imperium,
715 584 763 613 per
777 575 810 605 &
825 572 890 612 post
903 573 1015 602 obitum
1039 571 1146 614 pi·a:sati
1162 579 1255 613 quon-

191 620 259 649 dam
274 617 400 649 Domini
413 628 445 649 ac
460 617 561 648 Fratris
575 618 650 654 mei,
668 615 794 654 legitime
807 611 1052 655 devolutaszcxn
1070 614 1118 653 iiis
1128 608 1253 647 Juribus,

191 657 354 696 Dominiis,
372 659 406 688 &
422 657 601 688 Pertinentiis
613 653 760 690 univcrlis‚
780 652 850 682 mihi
872 652 986 689 gratiose
1006 649 1124 680 contulit
1145 649 1178 679 ὅτ
1200 647 1252 678 do-

188 697 283 735 navit,
298 697 327 726 in
344 695 473 727 Feodum
487 695 524 726 ab
540 694 604 733 Ipso
617 692 790 730 &Imperio
805 688 997 729 possidendas,
1198 726 1203 731 ⁵

228 735 318 766 Prout
339 736 368 766 in
394 735 496 766 Literis
516 733 584 772 suis,
601 733 671 763 mihi
684 730 799 768 desuper
815 727 953 760 concessis
977 728 1109 770 (quarum
1126 724 1251 763 Copiam

185 774 289 806 vestrae
304 773 487 805 Excellentiae
500 773 656 804 transmitto
668 769 855 802 Praesentibus
867 767 1057 800 interclusam)
1080 764 1177 795 videre
1199 774 1252 803 po-

186 814 274 846 teritis
287 813 404 844 lucidius
420 813 570 844 contineri.

226 852 445 884 Nichilominus
456 860 553 882 tamen
569 849 644 880 dieta
658 857 721 878 mea
743 848 856 885 Neptis,
872 854 927 876 una
947 853 1015 874 cum
1036 841 1186 881 Johanne,
1205 845 1252 871 Fi-

184 890 222 922 lio
236 890 382 929 quondam
394 889 534 921 Anthonii
545 889 578 918 de
595 885 772 925 Burgundia,
916 922 921 927 ’
946 921 950 926 Ι
995 921 1000 926 .
1154 919 1159 925 ,

225 930 304 969 Qii,
321 930 389 961 licet
402 929 453 960 sibi
466 929 593 959 invicem
607 925 742 957 Secundo
758 922 1013 965 Consanguinitatn
1029 919 1063 950 ὃς
1078 919 1181 949 Tertio
1196 917 1251 949 Af-

186 967 297 1000 finitatis
317 969 447 1008 gradibus
467 968 618 1003 attineant,
638 961 860 994 Matrimonium
878 970 978 1005 pariter
999 957 1250 1000 consummcirunt,

186 1009 256 1038 citra
271 1016 366 1038 tamen
381 1007 487 1037 Literas
505 1004 683 1043 Apostolicas
698 1001 875 1031 Inhibitorias
895 1003 959 1037 iplis
983 1006 1111 1040 perant-ea
1131 996 1248 1034 deluper

185 1046 304 1077 dimetas
326 1048 466 1084 (quai-um
485 1045 572 1074 etiam
590 1043 609 1062 ³¹*
627 1040 754 1078 Copiam
771 1037 928 1070 transmitto
950 1035 1136 1067 Praelencibus
1158 1034 1250 1066 inclu-

185 1085 255 1121 fiim)
273 1084 353 1123 quod
369 1084 481 1114 summe
496 1081 586 1112 michi
599 1079 724 1116 displicet
735 1101 746 1116 ,
920 1115 926 1120 .
1048 1114 1063 1119 ..

223 1123 361 1154 Praefatus
377 1123 481 1153 Terras
495 1130 569 1151 meas
585 1120 617 1150 ἃ(
635 1117 789 1154 Dominia,
808 1116 836 1146 in
851 1114 927 1146 Sacri
949 1114 1064 1152 Imperii
1085 1111 1249 1144 Contume-

183 1162 251 1193 liam
272 1163 305 1194 &
328 1161 462 1200 injuriam
475 1183 485 1199 ,
503 1168 604 1198 praeter
624 1158 710 1188 eti-im
730 1156 801 1186 dieti
825 1154 957 1198 Domini·
972 1157 1152 1184 Romanorum
1171 1154 1249 1189 Regis

181 1201 366 1239 consensum,
383 1210 417 1231 ac
433 1201 463 1230 in
479 1208 577 1229 meum
594 1195 790 1235 praejudicium
803 1203 863 1224 non
878 1193 1030 1224 modicum
1044 1192 1248 1234 &gravameQ

180 1240 307 1308 dezineiit
319 1239 355 1270 de
369 1239 463 1277 facto,
480 1239 513 1270 δε
528 1237 666 1267 Detinere
678 1243 738 1265 non
753 1232 908 1264 formidant
929 1231 962 1262 δε
981 1240 1138 1269 occupare,
1154 1239 1246 1260 muius

184 1279 221 1309 'ul
238 1281 270 1309 e:

179 1288 190 1318 J
220 1316 332 1349 Denuo
346 1318 436 1355 vero,
453 1315 601 1354 respiciens
615 1323 735 1346 omnem
750 1320 845 1354 meam
857 1309 1031 1350 diligentiam
1046 1307 1247 1352 supervacuam

181 1356 319 1395 eXtitiffe,
338 1366 406 1387 cum
420 1354 453 1385 ad
469 1354 576 1385 Pacem
591 1363 666 1384 tanta
681 1351 811 1382 fecislem
824 1348 903 1388 quod
925 1350 1005 1379 bono
1026 1346 1125 1391 Modo
1146 1356 1248 1390 conci-

183 1405 251 1433 pere
265 1406 378 1434 nequeo
394 1393 545 1432 quomodo
558 1392 622 1423 sana
638 1389 821 1422 Conscientia
842 1386 938 1418 fecisse
958 1394 1104 1430 potuerim
1125 1384 1247 1429 amplio-

183 1444 228 1472 ra,
247 1434 370 1467 extrema
391 1432 550 1464 necessitate
569 1430 749 1468 compulsus,
767 1428 817 1458 sub
840 1427 958 1458 Umbra
981 1423 1164 1469 Divinitatis,
1181 1433 1246 1469 quae

183 1472 350 1512 Negotium
363 1472 521 1512 gerentibus
537 1471 672 1509 :equitatis
687 1467 834 1499 brachium
848 1466 973 1502 supernae
981 1463 1098 1507 Virtutis
1111 1463 1248 1507 eXtendit,

181 1513 245 1542 vim
268 1512 416 1543 Armatam
431 1512 490 1550 jam
512 1508 686 1540 Convocavi
707 1516 760 1544 pro
780 1505 851 1544 Jure
872 1513 940 1534 meo
963 1501 1138 1547 hgereditario
1151 1502 1247 1540 prose·

181 1551 322 1589 quendp,
338 1551 471 1580 arbitrans
483 1548 594 1580 coelesti
607 1546 756 1577 Divinitati
772 1544 892 1574 minime
913 1542 1076 1586 displicere,
1094 1541 1179 1585 quod*
1193 1541 1248 1585 Ju-

180 1588 284 1621 stiriam
299 1589 463 1627 prosequar,
479 1598 529 1625 per
543 1587 704 1617 Armorum
718 1582 859 1621 remedia,
876 1582 928 1613 ubi
940 1579 1056 1620 pacifica
1068 1580 1102 1610 &
1124 1588 1247 1610 caritati-

180 1637 215 1659 va
230 1630 350 1658 minime
365 1628 541 1665 profuerunt.

218 1666 333 1697 Idcirco
354 1665 483 1706 (Illustrr's
494 1668 627 1702 Domine,
645 1663 679 1693 &
695 1660 891 1703 Confimguinea
898 1658 1001 1703 finc'ere
1017 1656 1125 1695 dileae)
1144 1656 1246 1702 vestrae

180 1703 364 1736 Excellentiae
379 1706 412 1736 ὃ(
428 1702 676 1741 Consanguinitati
693 1702 794 1738 (quam
810 1699 1004 1736 multipliciter
1016 1696 1134 1727 confido
1155 1697 1246 1727 michi

179 1744 363 1775 favorabilem
386 1745 415 1773 in
437 1743 564 1780 agendis)
587 1741 715 1779 supplico
737 1738 875 1769 Precibus
894 1736 999 1768 seriosis
1014 1744 1099 1774 atque
1112 1733 1247 1766 Instantis

181 1782 239 1819 qua
251 1783 333 1813 valeo
357 1783 479 1820 potiori,
498 1781 628 1819 quatinus
647 1778 754 1816 michi,
772 1777 825 1807 hac
844 1777 924 1814 vice,
944 1774 1119 1819 Quingentis
1142 1773 1246 1805 Archi-

180 1822 229 1851 stis
244 1822 411 1860 Sagittariis,
431 1821 529 1858 citius,
549 1818 613 1858 post
628 1817 813 1849 Praesentium
829 1822 1062 1853 perceptionem,
1082 1823 1140 1851 quo
1163 1822 1247 1857 pote-

178 1861 252 1899 ritis,
268 1861 330 1891 illos
350 1861 379 1890 in
402 1859 432 1888 O
456 1859 533 1889 idum
557 1867 656 1888 meum
676 1855 776 1886 Brielis
798 1854 855 1885 sive
875 1853 1041 1883 Dordracum
1055 1852 1246 1896 transmitten-

175 1899 244 1937 dos,
263 1909 337 1929 mere
353 1898 422 1929 Con
434 1898 595 1929 iderationis
607 1896 726 1933 intuitu,
740 1894 844 1933 absque
864 1892 999 1937 Notabili
1021 1890 1127 1935 Mora,
1143 1901 1170 1935 in
1191 1891 1246 1934 liae

171 1936 245 1977 justa
269 1937 360 1968 Causa
383 1947 463 1976 mea,
482 1946 570 1975 quarn
593 1935 748 1974 prosequor
769 1933 867 1963 favore
890 1931 1020 1974 Divino,
1038 1930 1247 1974 dignemini&

174 1977 263 2007 velitis
285 1977 449 2015 impendere
472 1975 665 2006 Affistentiam
685 1974 720 2005 &
742 1971 942 2015 Succursumj
963 1970 1064 2008 quibus
1079 1992 1089 2007 ,
1113 1978 1164 2012 per
1187 1968 1247 1999 Dei

177 2014 326 2055 Gratiam,
341 2015 377 2046 de
389 2015 440 2046 suis
454 2013 598 2053 stipendiis
617 2013 651 2044 &
672 2011 825 2049 Expenlis,
844 2010 875 2040 in
895 2008 998 2039 Itinere
1019 2007 1079 2038 huc
1099 2006 1244 2039 veniendo

175 2054 258 2085 factis
273 2055 307 2086 &
321 2053 475 2092 faciendis,
494 2053 584 2084 taliter
595 2050 756 2092 providebo
765 2074 775 2088 ,
793 2047 874 2093 quod
887 2047 988 2080 vestrae
1003 2045 1189 2078 Excellentiae
1209 2056 1243 2078 ac

175 2091 273 2124 Michi
288 2092 405 2132 desuper
419 2093 567 2124 habebunt
580 2092 686 2122 merito
703 2090 851 2131 regratian3
893 2126 899 2131 ⁵
913 2126 919 2131 -

211 2131 246 2162 In
261 2131 314 2162 hiis
327 2132 458 2172 dignetur
469 2130 563 2171 vestra
581 2128 757 2160 Excellentia
768 2128 795 2157 se
811 2125 899 2157 michi
911 2135 940 2155 in
955 2125 1010 2155 hac
1024 2123 1104 2155 causa
1120 2133 1183 2154 mea
1204 2131 1243 2155 ta-

174 2170 234 2201 lem
254 2170 441 2202 effectualiter
455 2170 607 2207 exhibere,
625 2178 674 2206 ut,
694 2176 743 2204 per
756 2164 901 2204 praedictae
915 2163 1097 2194 Excellentiae
1111 2161 1245 2193 Subven-

172 2211 302 2249 tionem,
319 2209 407 2241 veluti
427 2217 597 2240 caeterorum
621 2207 797 2237 Amicorum
817 2212 949 2234 meorum
970 2203 1003 2234 δε
1019 2200 1247 2245 Gonfoederato-

174 2258 329 2288 rum,mea
337 2249 407 2287 Jura
420 2246 592 2279 haereditaria
605 2246 638 2277 &
652 2243 861 2275 Patrimonialia
878 2242 992 2280 (quibus
1006 2239 1081 2271 dieta
1096 2251 1156 2284 mea
1169 2243 1246 2280 Nep-

173 2290 226 2326 tis,
245 2288 279 2319 &
298 2287 461 2328 Johannes,
479 2286 548 2318 dieti
569 2284 718 2324 quondam
739 2285 861 2313 Antonii
885 2279 986 2324 Filius,
1002 2289 1050 2309 me
1070 2278 1187 2317 spoliare
1201 2281 1245 2310 ni-

175 2334 273 2358 tuntur
292 2331 326 2359 &
350 2325 525 2362 defraudare)
547 2325 675 2361 valeam,
694 2321 763 2353 Deo
783 2321 868 2352 etiam
881 2319 1045 2357 auxiliante,
1059 2327 1244 2363 recuperare,

174 2374 261 2404 prout
275 2365 368 2396 eidem
383 2364 484 2397 vestrae
496 2363 681 2395 Excellentiae
696 2360 820 2400 plenarie
833 2357 967 2402 confido,
986 2358 1020 2402 ὃς
1043 2356 1124 2388 sicuti
1144 2358 1245 2396 vobis,

177 2405 208 2433 in
222 2405 286 2435 casu
302 2405 382 2435 simili
397 2404 442 2435 vel
459 2403 578 2441 majori,
597 2402 618 2432 si
630 2400 707 2433 casus
721 2399 749 2430 se
762 2397 899 2435 offerret,
917 2395 1101 2440 libentissime
1117 2396 1244 2433 possete-

175 2452 229 2473 nus
243 2441 454 2479 subvenirem,
471 2442 499 2472 in
515 2442 616 2479 quibus
628 2448 725 2470 revera
738 2438 860 2468 minime
875 2445 1021 2480 parcerem
1037 2444 1107 2479 meis
1130 2434 1245 2474 Expen-

179 2481 228 2518 fis,
248 2481 427 2518 Laboribus,
445 2480 478 2511 &
495 2480 622 2518 Amicis,
638 2477 729 2509 Teste
751 2475 917 2512 Altiffimm
935 2484 983 2513 qui
1004 2474 1087 2505 vobis
1109 2472 1245 2512 adaugeat

176 2518 303 2550 Dierum
317 2518 525 2557 longitudinem
541 2527 610 2549 cum
625 2517 726 2548 Salute.
966 2551 970 2556 .
984 2551 990 2556 “
1060 2551 1064 2556 .

175 2563 179 2566 ”
214 2557 335 2601 ὃςτίρῑεε
349 2559 379 2588 in
393 2557 479 2595 opido
493 2567 549 2587 meo
562 2553 757 2594 Dordracenfi,
777 2551 886 2583 Mensis
902 2550 1004 2590 Aprilis
1024 2549 1084 2581 Die
1105 2549 1247 2582 Vicefima

177 2595 315 2635 Septima.

215 2673 287 2705 Dux
298 2672 442 2712 johannes
455 2671 492 2702 de
506 2671 636 2709 Ravana,
656 2669 767 2700 EleHus
785 2665 953 2707 Leodienfis,
971 2668 1061 2696 Comes
1077 2668 1247 2705 Hannoniae,

179 2712 358 2750 Hollandiae,
375 2711 413 2747 ὠ
429 2710 595 2742 Zeelandiae.

180 2857 232 2890 De
252 2856 491 2890 Proclamatione
506 2856 598 2902 fizper
614 2855 764 2886 Gravasis
788 2860 891 2883 contra
908 2849 1041 2895 Treugas
1055 2847 1244 2895 Burgundiae.

185 2941 305 2996 REX
315 2966 324 2980 ,
343 2941 450 2973 Ballivo
463 2941 513 2973 suo
524 2941 560 2971 de
573 2939 726 2975 Cadomo,
743 2936 877 2967 Salutem.

33 2967 164 3000 AnnD.
283 2980 364 3013 Cum
387 2990 471 3012 certae
491 2980 615 3018 Treugae
638 2979 708 3008 inter
721 2978 797 3014 Nos,
815 2976 849 3007 ὃς
866 2972 1051 3004 Carissimum
1068 2971 1249 3010 Consangui-

62 3008 150 3047 ¹4¹3·
184 3026 273 3050 neum
296 3018 428 3050 nostrum
444 3042 453 3061 ,
486 3018 645 3058 Johannem
670 3019 771 3046 Ducem
797 3012 984 3057 Burgundi‘ae)
1016 3011 1103 3049 usque
1132 3010 1248 3055 Festum

33 3048 134 3120 ᾖξ’-6.·
185 3057 282 3126 {aneti
296 3057 447 3090 Michaelis
459 3058 593 3096 proximo
606 3055 734 3086 futurum
756 3052 911 3092 duraturae,
930 3061 1006 3082 lmtae
1027 3051 1061 3081 &
1083 3059 1175 3088 captae
1189 3059 1249 3080 exi-

35 3127 127 3153 Norm.
141 3125 183 3167 ⁶1
211 3106 314 3166 aesb’bis
331 3135 504 3167 Mandamus
522 3133 603 3173 quod
618 3134 649 3163 in
668 3131 739 3162 locis
752 3154 762 3168 ,
785 3129 858 3160 infra
875 3128 1009 3159 Ballivam
1027 3126 1148 3170 vestram
1165 3149 1174 3165 ,
1193 3127 1249 3162 ⁴ubi

36 3165 131 3199 H‘5·P·
144 3172 168 3190 ¹·
184 3175 274 3210 magis
294 3175 442 3213 expediens
460 3175 541 3205 fuerit
557 3173 591 3203 &
609 3170 738 3207 necesse,
758 3168 874 3211 publice
892 3166 1065 3197 Proclamari
1079 3166 1204 3202 faciatis,

33 3209 71 3229 ἠ’
90 3202 169 3238 35·AE
223 3213 318 3251 Qud
333 3223 433 3244 omnes
445 3214 479 3244 &
492 3211 588 3252 singuli
604 3210 686 3249 Ligei
699 3207 858 3250 nostri,qui
870 3205 896 3236 se
911 3215 1011 3249 contra
1024 3208 1148 3234 sormam
1156 3203 1251 3233 Treu-

185 3260 287 3287 garum
302 3251 502 3291 praedicStarum
516 3251 635 3282 sentiunt
648 3254 776 3287 gravatos
785 3268 794 3283 ,
810 3247 862 3275 {int
876 3243 949 3281 apud
967 3244 1061 3275 villam
1074 3241 1201 3286 nostram
1215 3241 1251 3271 de

187 3288 339 3328 Vernuue,
356 3291 470 3328 Quinto
488 3290 533 3320 die
548 3288 621 3320 Maii
636 3287 772 3326 proximo
795 3284 910 3320 futuro,
930 3292 1028 3313 coram
1050 3290 1132 3312 certis
1153 3279 1250 3310 Corn-

185 3328 311 3358 missariis
330 3328 431 3358 nostris
445 3353 454 3366 ,
483 3338 554 3367 quos
584 3336 637 3364 pro
663 3324 854 3367 Reparatione
884 3321 1128 3365 Attemptatorum
1149 3327 1249 3349 contra

185 3367 319 3412 Treugas
338 3367 484 3405 praedictas
507 3366 720 3405 affignavimus,
735 3361 880 3401 justitiam
899 3370 929 3389 in
947 3360 1002 3390 hac
1023 3367 1099 3396 parte
1111 3357 1250 3389 consecu-

187 3414 314 3477 tur÷cste
328 3443 415 3484 Rege
429 3443 503 3482 apud
515 3441 637 3481 Castrum
652 3443 728 3479 Regis
744 3439 776 3468 de
791 3438 906 3469 cadomo
921 3436 1005 3468 xxviii
1020 3435 1066 3465 die
1080 3434 1195 3473 Aprilis.

826 3516 880 3545 Per
893 3512 975 3553 ipficm
991 3515 1093 3550 Regem.

41 3678 116 3709 Αῃῃ,
132 3678 175 3707 D,
233 3668 283 3700 De
304 3661 569 3711 Conftrvatoribus
585 3663 776 3706 Tretfflarttm
790 3657 1002 3704 praedifiarum
1025 3653 1205 3699 Constitutis.

39 3717 149 3784 Αιέιόὶζ]
193 3749 311 3805 REX
330 3750 493 3786 Omnibus,
510 3747 545 3779 ad
559 3755 650 3786 quos,
667 3745 729 3776 ὅτε.
748 3742 882 3774 Salutem.

40 3799 74 3821 H.
104 3803 131 3828 ς.
293 3788 390 3819 Sciatis
409 3787 506 3831 quod,
698 3822 704 3827 ᾗ
1065 3817 1071 3824 ·

36 3833 143 3860 Ibidem.
226 3823 306 3856 Cum
321 3837 410 3864 nuper
421 3826 586 3861 Inierimiis,
607 3823 785 3863 Feceritnus,
801 3819 835 3850 &
854 3817 1137 3862 Concordaverimus
1156 3817 1254 3847 Treu-

38 3880 76 3897 771.
91 3870 134 3901 26.
190 3872 237 3903 gas
258 3866 292 3895 &
316 3865 506 3895 Abstinentias
529 3862 705 3894 Guerrarum
720 3884 730 3899 ,
757 3859 807 3889 iub
827 3867 909 3889 certis
930 3856 1021 3887 modo
1044 3857 1077 3887 &
1098 3857 1117 3875 *²
1134 3855 1228 3885 forma
1243 3877 1254 3893 ,

39 3912 55 3923 ²·
75 3904 126 3937 IX.
190 3911 259 3932 cum
274 3925 284 3939 ,
308 3901 461 3933 Carissimo
481 3900 702 3938 Consanguineo
723 3897 824 3941 nostro
839 3919 849 3935 ,
869 3894 1005 3940 Johanne
1032 3897 1106 3937 Diece
1124 3896 1255 3937 *Burgun-

36 3948 104 3981 582.
189 3940 258 3978 diae,
273 3949 358 3980 prout
377 3950 411 3972 ex
432 3950 531 3973 earum
550 3938 716 3972 Tenoribus
738 3936 837 3969 clarius
857 3934 964 3973 liquere
983 3941 1105 3972 poterit,
1121 3941 1151 3962 in
1165 3942 1254 3964 even-

190 3987 252 4010 tum
261 4001 271 4017 ,

225 4016 310 4055 Nos,

655 94 1463 145 CONVENTIONES,
1517 94 1906 149 LITERAE‚

1317 181 1344 226 ΙΙ
1366 183 1390 213 sa
1404 182 1486 214 Pacis
1503 183 1550 214 seu
1562 184 1746 222 Treugarum
1763 182 1900 222 Foedera,
1918 191 2057 222 quantum
2069 183 2101 214 in
2115 182 2215 214 Nobis
2235 182 2294 222 est,
2313 183 2360 222 iii-⁷
2381 190 2457 223 Αῃῃ,
2468 183 2513 223 Ι),
2547 197 2549 199 ·

1295 231 1343 252 vio
1356 232 1398 253 ata
1418 223 1452 254 δε
1474 221 1577 254 illibata
1594 223 1736 254 observari
1757 222 1919 261 cupientes,
1938 233 1971 253 ac
1984 221 2121 261 quicquid
2137 223 2168 252 in
2181 222 2356 253 contrarium
2406 230 2494 269 1418.

1294 259 1405 304 Actum
1427 261 1486 300 est,
1503 269 1551 293 aut
1570 261 1640 302 fuit,
1656 262 1731 294 ultro
1751 262 1902 300 citroque,
1918 260 2014 293 debita
2032 270 2102 292 cum
2115 261 2256 292 celeritate
2268 260 2358 292 refor-
2379 274 2443 298 Hm.
2460 261 2517 306 ᾗῇ

1294 308 1382 337 mari,

1330 336 1381 367 De
1403 337 1546 368 Fidelitate
1558 361 1568 376 ,
1585 338 1841 376 circumspeetione
1853 359 1864 376 ‚
1881 339 1915 370 &
1938 337 2086 377 industria,
2104 337 2248 369 Cariffimi
2270 338 2356 369 Con-

1290 375 1432 413 sanguinei
1444 375 1534 406 nostri
1566 375 1709 414 Jolaanm‘r
1721 376 1754 406 de
1774 376 1898 417 Nevyll,
1916 388 1966 414 ac,
1984 377 2156 407 dileetorum
2178 378 2212 408 δε
2227 377 2355 408 fidelium

1291 414 1473 452 nostrorum,
1493 398 1633 458 Edinundi
1650 413 1739 458 Thorp
1760 414 1876 454 Militis,
1893 418 1927 449 &
1951 415 2084 455 Magistri
2105 414 2247 453 Johannix
2267 418 2356 454 Kemp

1292 451 1406 490 Legum
1421 452 1577 491 Dostoris,
1595 452 1706 491 plenius
1721 451 1916 494 confidentes,

1328 490 1376 535 Ad
1397 490 1640 522 Conveniendum
1659 501 1736 534 cum·
1751 491 2005 525 Ambaffiatoribus
2020 517 2031 531 ,
2045 491 2255 524 Commiffiiriis
2288 492 2353 524 De-

1291 538 1390 574 putatis
1405 554 1415 568 ,
1434 528 1669 561 Procuratoribus
1683 553 1693 569 ,
1718 533 1776 561 live
1793 530 1824 560 N
1830 533 1919 563 unciis
1932 531 2060 570 praediciti
2080 535 2165 561 Ducis
2177 555 2188 569 ,
2209 515 2352 563 sufficien-

1290 576 1350 598 tem
1364 579 1393 598 ιι]
1408 569 1461 599 hac
1473 577 1553 609 parte
1566 568 1741 599 Potestatetn
1755 568 1966 608 exhibentibus,
1983 571 2014 601 in
2030 569 2105 601 Villa
2118 569 2211 601 nostra
2223 570 2260 602 de
2274 569 2352 601 Ver-

1289 607 1367 646 null,
1384 616 1432 638 aut
1447 617 1633 646 quocumque
1647 607 1703 640 alio
1716 607 1801 638 Loco
1812 608 1848 638 ad
1861 609 1918 640 hoc
1931 618 2000 647 apto
2012 609 2047 640 &
2060 619 2212 648 congruo,

1328 645 1571 685 Audiendumque
1593 645 1854 685 Ambaffiatorum‚
1869 646 2160 687 Commissariorum,
2178 648 2353 681 Procurato-

1290 694 1374 720 rum,
1392 685 1450 716 sive
1471 685 1506 715 N
1509 685 1663 716 unciorum
1681 684 1843 723 hujusmodi
1865 685 2041 717 voluntatem
2061 686 2098 718 de
2111 688 2146 718 &
2159 687 2240 725 super
2252 691 2352 718 omni-

1288 723 1340 754 bus
1360 726 1394 756 &
1417 724 1547 763 singulis,
1567 723 1780 755 Liberauonem
1802 721 2045 755 Incarceratorum
2062 725 2204 764 utriusque
2224 726 2354 758 Partium

1287 761 1489 799 praedictarum
1502 786 1512 801 ,
1537 772 1571 793 ac
1590 762 1814 801 Reparationem
1837 761 2084 800 Attemptatorum
2097 787 2107 802 ,
2129 765 2206 795 circa
2225 766 2355 803 praefatas

1288 801 1417 839 Treugas
1431 803 1465 833 ὅ(
1487 800 1692 840 Abstinentias,
1709 801 1952 839 qualitercumque
1972 802 2227 841 concernentibus,
2244 805 2279 836 &
2298 805 2354 836 At-

1287 848 1491 878 temptatorum
1514 840 1675 879 hujusmodi
1698 840 1940 878 Correetionem,
1955 839 2142 871 Punitionem
2156 863 2167 879 ,
2183 841 2353 880 Reparatio-

1287 888 1353 908 nem
1363 902 1371 916 ,
1389 880 1423 911 δε
1438 879 1690 910 Reformationem
1704 878 1885 917 faciendum,
1902 879 1936 910 &
1951 888 1996 910 eas
2013 877 2074 909 fieri
2094 878 2275 919 Petendum,
2292 880 2354 912 Re-

1288 918 1460 955 quireiidum
1469 940 1479 955 ,
1497 918 1530 949 ὃ(
1545 928 1616 948 cum
1630 918 1736 949 effedtu
1750 917 1969 956 optinendum,

1327 956 1370 986 Ac
1387 957 1527 994 uti-iusque
1542 956 1631 987 Partis
1646 957 1800 995 Qerclas,
1818 956 1893 988 ultro
1907 957 2039 995 citroque
2052 956 2207 994 propositas
2228 958 2262 988 δε
2282 966 2352 996 pro-

1286 994 1431 1038 ponendas
1448 1017 1457 1032 ,
1479 1004 1548 1025 cum
1571 995 1622 1025 suis
1646 995 1889 1033 Emergentibus,
1916 995 2108 1028 Incidentibus
2130 1018 2140 1035 ,
2173 995 2352 1034 Dependen-

1285 1035 1377 1071 tibus,
1396 1035 1429 1066 ὃς
1441 1033 1605 1071 Connexis,
1624 1033 1826 1072 Audiendum,
1841 1033 2086 1072 Examinandum,
2104 1036 2138 1067 δι’.
2161 1035 2231 1065 Fine
2251 1035 2352 1066 debito

1285 1071 1538 1111 Terminandum,
1555 1072 1723 1110 summa-tie,
1743 1072 1922 1111 simpliciter,
1939 1073 1974 1103 &
1987 1073 2023 1103 de
2037 1073 2140 1113 plano,
2158 1075 2216 1105 sine
2232 1072 2350 1112 strepitu

1284 1111 1318 1141 ἃ
1332 1110 1422 1156 figura
1434 1110 1556 1151 Judicii,
1574 1111 1707 1151 legalibus
1722 1110 1869 1142 Terminis
1885 1111 1916 1150 (si
1931 1112 1969 1142 eis
1980 1111 2122 1143 videbitur
2135 1112 2278 1151 expedire)
2288 1123 2351 1144 non

1284 1149 1410 1188 servatis,
1428 1160 1476 1192 aut
1497 1150 1579 1189 ahias,
1598 1152 1634 1182 de
1656 1151 1790 1182 consensu
1812 1150 1952 1189 Partium,
1970 1150 2076 1182 reciffis
2097 1161 2144 1183 aut
2165 1153 2349 1191 abbreviatis,

1283 1188 1408 1226 inspeeia
1424 1189 1481 1220 {ola
1495 1189 1574 1219 Facti
1587 1191 1718 1228 veritate,

1321 1227 1453 1258 Necnon
1474 1228 1508 1258 ad
1527 1228 1761 1260 Concedendum
1774 1253 1784 1268 ,
1809 1228 1970 1260 Petendum
1982 1253 1992 1267 ,
2009 1229 2044 1260 &
2064 1228 2263 1267 optinendum
2286 1230 2350 1267 qui:

1283 1266 1461 1306 buscumque
1484 1267 1613 1299 Personis
1635 1268 1700 1299 salvi
1720 1267 1896 1300 Condudtus
1917 1263 2044 1305 Literas⁸,
2061 1277 2200 1306 quatenus
2221 1267 2350 1305 Negotii

1284 1305 1414 1344 Natura,
1435 1307 1565 1345 qualitas,
1585 1307 1619 1338 ὃς
1634 1307 1776 1345 expeditio
1791 1307 1874 1345 exigit
1888 1307 1921 1338 &
1938 1308 2071 1345 requirit,

1322 1344 1492 1389 Gaeteraque
1507 1347 1605 1376 omnia
1617 1347 1650 1378 δε
1666 1346 1773 1386 lingula
1783 1345 1974 1384 Faciendum,
1992 1344 2229 1383 Excercendum,
2247 1344 2351 1377 &Ex-

1283 1384 1474 1422 pedicndum,
1493 1394 1558 1423 quae
1579 1386 1609 1415 in
1631 1384 1785 1416 Praemiffis
1806 1385 1841 1417 &
1863 1385 1938 1415 circa
1957 1394 1988 1415 ea
2010 1383 2161 1415 neccssaria
2179 1384 2284 1415 fuerint
2301 1392 2352 1416 aut

1283 1422 1504 1462 quomodolibet
1517 1423 1759 1462 oportuna,Ipsos
1772 1423 1846 1454 Tres
1860 1431 1906 1454 aut
1914 1422 1998 1455 Duos
2009 1432 2112 1454 eorum
2129 1423 2264 1461 (quorum
2300 1433 2353 1453 ηε-

1282 1462 1373 1492 fatum
1386 1461 1547 1501 Johannem
1561 1465 1648 1501 Kemp
1662 1473 1752 1494 unum
1767 1461 1825 1493 esse
1842 1462 1987 1500 volumus)
2010 1461 2124 1493 nostros
2137 1471 2221 1492 vetos
2235 1462 2270 1493 &
2327 1462 2352 1492 i-

1281 1501 1368 1531 timos
1390 1501 1612 1533 Ambassiatores
1628 1524 1638 1540 ,
1665 1500 1886 1532 Commiffarios
1898 1524 1909 1540 ,
1932 1500 2092 1539 Deputatos
2105 1524 2115 1539 ,
2133 1500 2352 1538 Procuratores,

1283 1539 1483 1579 Negotiorum
1498 1540 1655 1578 Gestores,
1667 1540 1846 1573 &Nuncios
1853 1539 1981 1578 speciales
1994 1539 2145 1578 Facimus,
2164 1538 2350 1578 Ordinamus,

1281 1576 1437 1617 creamus,
1455 1579 1489 1609 &
1502 1577 1715 1611 constituimus
1728 1589 1777 1618 pei·
1791 1578 1961 1617 praesentes,

1320 1617 1539 1656 Promittenres,
1556 1619 1586 1648 in
1607 1617 1699 1649 verbo
1717 1619 1817 1656 regio,
1835 1616 1904 1648 Nos
1924 1616 2052 1656 Rarum,
2069 1616 2212 1655 Gratum,
2229 1617 2264 1648 δε
2288 1616 2350 1647 Fir-

1285 1665 1367 1686 mum
1383 1658 1524 1695 perpetuo
1536 1657 1680 1687 habituros
1695 1656 1830 1695 quicquid
1864 1665 1894 1687 er
1908 1656 2021 1687 eosdem
2037 1655 2272 1695 AmbaffiatoreS,
2285 1655 2349 1686 &c.

1281 1705 1328 1726 aut
1344 1694 1430 1725 Duos
1443 1704 1544 1725 eorum
1559 1695 1696 1733 (quorum
1721 1695 1794 1732 ὅτε.)
1811 1694 1838 1726 Α
1890 1703 1921 1726 m
1934 1693 2124 1728 {iveGestum
2139 1695 2222 1726 fuerit
2234 1694 2348 1727 inPrae-

1283 1733 1369 1764 missis
1378 1756 1387 1772 ,
1404 1733 1451 1764 vel
1462 1734 1560 1772 aliquo
1574 1717 1803 1764 Praemissorum.

1321 1771 1354 1802 Iri
1369 1773 1464 1811 cujus,
1480 1773 1542 1804 &c.

1320 1810 1412 1842 Teste
1426 1810 1512 1850 Rege
1524 1811 1597 1850 apud
1611 1810 1734 1851 Castrum
1746 1813 1822 1850 Regis
1836 1811 1868 1842 de
1881 1810 1998 1842 Cadomo
2010 1811 2086 1841 xxiii.
2105 1808 2166 1841 Die
2179 1809 2291 1848 Aprilis.

1979 1891 2033 1919 Per
2047 1887 2128 1928 ipsitm
2142 1889 2246 1925 Regem.

1532 2013 1582 2046 De
1598 2010 1841 2057 Restitutionibus
1858 2012 2096 2060 Temporalium.

2364 2101 2442 2133 Ann.
2457 2102 2499 2135 D.

1285 2097 1406 2154 REX
1424 2097 1588 2136 Omnibus,
1604 2098 1639 2129 ad
1654 2109 1742 2138 quos,
1761 2100 1823 2132 ἃς.
1841 2097 1977 2130 Salutem.
2394 2140 2490 2181 1418&

1315 2174 1365 2206 De
1382 2138 1483 2207 gerii&
1496 2138 1732 2215 ,ffgssffa'speciffi’
1753 2175 1787 2207 &
1801 2184 1832 2207 ut
1845 2175 1978 2208 divinum
1991 2170 2145 2208 Servitium
2160 2185 2194 2207 ac
2213 2173 2265 2206 alia
2284 2173 2351 2206 Pie-
2365 2184 2417 2209 Aa.
2432 2183 2462 2208 6.

1281 2215 1342 2244 tatis
1359 2214 1475 2254 Opera,
1493 2225 1559 2254 quae
1574 2216 1604 2245 in
1618 2216 1747 2246 Abbatia
1760 2215 1793 2246 de
1807 2215 2019 2255 Mountebourc,
2035 2217 2066 2246 in
2087 2214 2182 2247 Patria
2201 2214 2298 2245 nostra
2313 2213 2351 2245 de
2364 2225 2398 2248 H.
2419 2228 2447 2255 5.

1281 2252 1457 2285 Constentin
1475 2254 1553 2294 (quae
1565 2253 1603 2285 de
1616 2254 1640 2285 F
1642 2254 1795 2286 undatione
1809 2254 2033 2293 progenitorum
2053 2253 2239 2293 nostrorum,
2256 2262 2350 2293 quon·
2364 2262 2452 2287 Norm⁴
2470 2259 2503 2287 6.·

1280 2291 1348 2322 dam
1370 2292 1491 2337 Regum
1511 2293 1643 2332 Angue,
1662 2295 1697 2326 ὃς
1717 2292 1816 2324 nostro
1836 2292 1994 2325 Patronatu
2014 2291 2119 2331 existit)
2137 2291 2197 2324 fieri
2210 2292 2350 2331 debeant,
2364 2302 2401 2326 H.
2408 2303 2503 2334 5.p.r.

1281 2331 1343 2375 plus
1357 2330 1441 2364 solito
1454 2331 1632 2371 accrescant,
1649 2333 1683 2365 &
1697 2331 1805 2364 ibidem
1818 2331 1981 2365 laudabilius
1993 2340 2231 2364 masiuteneantur
2244 2332 2278 2363 &
2294 2331 2352 2363 sus-
2365 2345 2401 2366 m.
2422 2337 2470 2373 34,

1281 2379 1538 2457 theggiggsfimus,
1555 2409 1778 2454 ducetis-Nobis
1795 2410 1827 2442 in
1848 2409 1985 2456 Christo,
2004 2409 2115 2441 Abbati
2134 2408 2174 2446 &
2195 2411 2352 2454 fonventrn‘

1281 2448 1415 2483 Abbattae
1433 2450 1573 2488 praedzelae
1594 2459 1694 2480 omnia
1703 2448 1908 2490 Temporalia,
1925 2449 2020 2481 eidem
2041 2448 2174 2480 Abbauae
2192 2446 2265 2479 infra
2284 2447 2353 2478 Du-

1281 2488 1533 2557 {atgffnssfffium
1555 2487 1750 2522 Norrnanniae
1765 2512 1777 2528 ,
1801 2488 2045 2528 qualitercumque
2073 2487 2242 2526 pertinentia
2255 2508 2267 2525 ,
2291 2485 2350 2518 five

1293 2536 1478 2604 pffiubentia,
1493 2567 1523 2596 in
1537 2565 1779 2597 Sustentationem
1794 2564 1897 2596 Divini
1904 2564 2017 2596 Servitii
2035 2561 2164 2602 ibidem,
2178 2561 2213 2595 &
2228 2561 2349 2594 aliorum

1282 2601 1396 2671 Picitatis
1409 2603 1541 2674 Opergcm
1555 2603 1796 2642 supradiCtorurn,
1813 2604 1850 2634 de
1863 2603 1958 2635 Dono
1971 2601 2084 2634 nostro·

1319 2652 1505 2720 fesigjlllsgge
1517 2652 1591 2719 ¹§pud
1605 2679 1727 2721 Castrum
1741 2679 1858 2721 nostrum
1871 2679 1904 2710 dc
1918 2678 2035 2710 Cadomo
2050 2688 2114 2710 xxx.
2128 2677 2174 2710 die
2189 2678 2302 2717 Aprilis-

1977 2759 2031 2788 Per
2043 2754 2126 2796 ipfitm
2139 2757 2247 2795 Regem.
2298 2790 2300 2793 .

1319 2834 1493 2866 Confimiles
1516 2834 1623 2866 Literas
1644 2834 1680 2865 de
1701 2833 1897 2866 Restitutione
1907 2834 2013 2866 habent
2026 2833 2127 2864 Abba:
2141 2830 2180 2868 ό
2193 2835 2349 2862 conventus

1283 2874 1416 2904 Abbatiae
1428 2874 1523 2904 Sanlli
1538 2873 1695 2903 Salvatoris
1708 2872 1733 2903 le
1746 2876 1773 2903 V
1772 2877 1875 2912 iconte,
1893 2873 1922 2904 in
1936 2872 2039 2905 Balliva
2051 2871 2146 2910 Regis
2163 2870 2201 2902 de
2221 2869 2350 2910 costen·-

1284 2923 1351 2953 tyn,
1370 2914 1419 2944 sub
1433 2913 1532 2944 eadem
1545 2912 1636 2952 Data,
1655 2914 1690 2944 &
1702 2912 1807 2943 eodem
1822 2912 1972 2943 Waranto.

1541 3054 1569 3082 ᾗ
1593 3059 1652 3091 Pro
1669 3057 1824 3090 Canonicis
1839 3052 1876 3087 de
1890 3049 2082 3097 Auram-hes,

1287 3159 1345 3213 R
1356 3156 1382 3187 E
1393 3155 1432 3200 X·
1448 3155 1602 3201 omnibus,
1619 3152 1654 3184 ad
1669 3161 1760 3191 quos,
1777 3151 1840 3183 &c-
1857 3149 1991 3182 Salutem.
2371 3161 2448 3195 Am.
2459 3160 2501 3192 u

1385 3194 1482 3225 Sciatis
1495 3192 1575 3236 quod
1605 3190 1691 3235 Nos,
1815 3229 1821 3235 ·
2395 3201 2485 3240 1418.

1321 3231 1464 3263 Immensa
1485 3231 1545 3262 Dei
1563 3230 1720 3268 Beneficia,
1734 3228 1836 3260 Nobis
1855 3235 1921 3259 ante
1937 3228 2002 3259 haec
2016 3233 2165 3264 tempore,
2188 3223 2223 3255 &
2240 3221 2354 3262 praeser-
2368 3244 2420 3269 Aa.
2434 3242 2463 3268 6.

1284 3272 1338 3300 tim
1355 3270 1507 3309 postquam
1526 3271 1555 3299 in
1574 3268 1724 3300 Ducamm
1744 3267 1875 3298 nostrum
1891 3266 2085 3298 Normanniae
2101 3287 2112 3304 ,
2144 3272 2198 3301 pro
2215 3261 2352 3305 Recupe-
2366 3284 2395 3307 H
2422 3287 2449 3312 ἲ,

1284 3311 1392 3339 ratione
1410 3310 1444 3340 &
1461 3307 1633 3346 Conquestu
1648 3307 1762 3346 Jurium
1781 3306 1948 3337 nostrorum
1966 3304 2074 3347 ibidem
2087 3325 2098 3342 ,
2126 3300 2174 3332 sui
2198 3297 2350 3345 clementia
2365 3301 2454 3345 Nam·
2473 3317 2503 3344 6.

1286 3348 1320 3379 &
1345 3348 1472 3379 bonitate
1486 3347 1665 3386 pervenimus
1679 3369 1690 3385 ,
1719 3346 1795 3378 varie
1811 3344 1900 3376 infusa
1915 3345 1950 3377 &
1964 3343 2085 3376 exhibita
2097 3364 2109 3380 ,
2142 3339 2220 3371 clare
2236 3347 2346 3370 intuen-
2368 3359 2395 3383 H
2405 3364 2432 3391 5·
2438 3363 2494 3392 p.1.

1286 3394 1372 3469 tffsssid
1395 3423 1570 3468 Gratiarum·
1582 3423 1720 3454 Adriones
1741 3422 1792 3461 ipsi
1815 3422 1867 3466 soli
1887 3421 1976 3466 Deo,
1993 3419 2041 3460 qui
2059 3415 2183 3457 Juffitias
2195 3413 2301 3454 diligit,
2317 3413 2352 3446 &-

1286 3464 1365 3496 videt
1378 3471 1539 3501 aequitates,
1562 3461 1764 3500 impendendas
1777 3461 1902 3492 solertius
1914 3467 2067 3491 excitamur
2075 3467 2091 3500 :—

1326 3502 1373 3533 Ut
1389 3503 1470 3540 igitur
1488 3501 1586 3532 noster
1599 3500 1732 3532 Affetstus
1749 3500 1888 3531 effeetum
1906 3499 2050 3534 sortiatur,
2066 3493 2186 3536 eiusque.
2194 3488 2306 3534 Laudes
2318 3489 2354 3521 &

1287 3542 1424 3578 Servitia,
1449 3541 1497 3579 qui
1516 3539 1596 3570 Bona
1611 3538 1708 3570 Nobis
1722 3540 1821 3570 tribuit
1839 3539 1946 3576 ubique
1964 3537 2098 3567 locorum
2116 3531 2200 3563 nobis
2215 3528 2353 3560 Subdito-

2371 3403 2406 3421 m.
2419 3403 2463 3431 35.

1229 3598 1245 3599 ἡ
1287 3590 1370 3618 rum,
1389 3580 1450 3617 plus
1465 3579 1547 3610 solito
1565 3579 1677 3616 vigeant
1695 3578 1729 3609 δε
1744 3577 1920 3614 accrescant,
1943 3575 1980 3605 de
1996 3572 2095 3603 Gratia
2111 3567 2206 3601 nostra
2221 3567 2353 3606 speciali,

1287 3617 1510 3656 Conceffimus,
1532 3617 1640 3647 ducetis
1655 3617 1738 3647 nobis
1755 3618 1785 3647 iti
1803 3614 1941 3652 Christo,
1966 3613 2106 3642 canonicis
2121 3605 2304 3647 Restdentibus
2321 3609 2352 3635 in

1287 3656 1404 3697 Ecclefia
1419 3654 1579 3686 Cathedrali
1597 3658 1728 3685 Civitatis
1744 3653 1826 3693 nostri
1842 3650 2047 3696 d'Aurenrhes,
2065 3650 2094 3679 in
2113 3647 2230 3693 Ducatu
2249 3643 2351 3675 nostro

1287 3695 1500 3733 Normanniae,
1516 3704 1550 3725 ac
1568 3693 1736 3732 capellanis,
1753 3693 1876 3729 clericis,
1892 3689 1931 3725 (ὢν
1945 3688 2006 3719 alus
2017 3686 2155 3732 'Mmfirls
2168 3683 2264 3729 {bidem
2279 3682 2349 3731 Deo

1285 3734 1493 3779 ServientibuS,
1510 3734 1544 3764 &
1565 3733 1616 3763 sub
1636 3733 1705 3763 Fide
1724 3733 1758 3764 &
1778 3730 1923 3774 Ligcantia
1935 3727 2036 3758 nostris
2049 3724 2264 3794 ςκιίὶεῃὲἑὺὶιιζεέἀ
2287 3722 2351 3792 ius?

1285 3772 1470 3848 isesias
1483 3771 1807 3847 {insuffla}
1820 3772 1849 3837 ¹3¹
1872 3765 2226 3836 s3¹⁰fsi¹÷²izfiiafflssstmm
2247 3784 2351 3839 praeaiz

1287 3850 1388 3888 otum,
1405 3849 1650 3887 qualitercumque
1664 3849 1831 3886 pertinentes
1843 3855 1863 3889 ι,
1906 3882 1912 3888 ·
2126 3881 2131 3886 ⁸
2147 3880 2152 3885 ς

1324 3889 1366 3918 Ita
1383 3887 1464 3926 quod
1483 3888 1549 3926 ipsi,
1573 3887 1610 3918 de
1624 3887 1728 3918 eisdem
1744 3882 1966 3917 Haereditatibus
1983 3881 2017 3912 &
2035 3880 2224 3917 Reddinbus,
2251 3876 2287 3909 ad
2305 3876 2351 3907 O-

1287 3937 1371 3964 nera,
1389 3925 1482 3956 eidcm
1501 3925 1636 3957 Ecclesiae
1653 3923 1866 3967 incumbentia,
1881 3920 2084 3964 supportanda,
2097 3927 2171 3957 iuxra
2188 3916 2352 3960 Consuetu-

1287 3966 1386 3997 dinem
1405 3965 1512 3995 ibidem
1532 3965 1665 3995 haCtenus
1683 3961 1881 3993 rationabiliter
1898 3959 2021 3989 habitam
2038 3959 2071 3989 &
2091 3958 2233 3995 usitatam,
2258 3955 2352 3994 dispo-

1289 4014 1355 4035 nere
1374 4002 1501 4042 possint,
1533 4002 1682 4042 quousque
1699 4011 1751 4039 pro
1771 3999 1926 4037 Regimine
1943 3998 1976 4030 &
1995 3997 2210 4030 Gubernatione
2227 3993 2354 4064 εῙυΓάἓκὲ
