2562 4274
724 128 833 169 ET
916 126 1182 168 ACTA
1265 126 1744 168 PUBLICA.

21 218 146 253 Ann.D.
161 220 276 250 Domino
287 215 339 257 fim
354 218 440 253 Rege,
457 213 502 245 sed
523 214 610 256 magis
631 222 698 244 cum
720 213 853 244 Detentis
873 213 908 243 ab
929 221 1030 243 eorum
1051 220 1128 249 parte
1143 211 1216 249 inju-

41 259 124 298 1418.
163 257 253 294 riose,
269 253 535 296 augmentarent3&
549 252 626 295 lic-se
638 252 740 295 habere
752 252 788 280 de
801 259 908 281 caetero
921 251 950 280 in
962 249 1130 288 offerendo,
1138 249 1216 288 quod

22 304 86 326 bien.
103 305 131 332 5.
166 295 254 334 magis
267 291 442 323 Concordia:
456 300 541 328 quam
556 289 715 320 Discordiae
730 289 810 320 causa
824 289 899 320 fiant.

2262 136 2310 178 73

1254 210 1368 241 tractare
1385 219 1431 242 aut
1449 210 1618 248 concludere
1631 233 1640 249 ,
1659 211 1709 241 nisi
1731 211 1822 241 solum
1843 220 1942 242 eorum
1967 213 2097 240 Dominus
2114 208 2265 246 Dalphinus
2287 219 2302 238 a
2327 208 2401 239 Ann.
2416 206 2457 236 D.

1253 257 1313 284 quo
1330 251 1465 286 veniunt,
1483 250 1516 279 ὅ(
1533 258 1676 286 propterea
1696 249 1842 286 dixerunt,
1859 259 1945 287 quam
1966 250 2076 278 bonum
2096 247 2186 277 visum
2204 246 2244 276 est
2263 248 2302 276 eis
2353 245 2437 284 1418,

1255 286 1334 322 quod
1351 286 1395 317 fiat
1409 286 1576 317 Conventio
1591 287 1788 318 Dominoruin
1807 287 1942 317 Duorum
1961 288 1990 316 in
2012 286 2157 322 Pei-sonis,
2176 285 2208 315 ὅ(
2223 285 2302 322 quod
2328 290 2392 313 Heu.
2411 293 2440 319 >⁷-

38 755 52 769 ¹
67 755 120 783 ix.

33 797 97 831 640.

48 3961 72 3993 .·
93 3965 144 3993 lx:

0 4020 3 4021 ν
54 4002 118 4037 641.

206 370 320 408 Quibus
334 368 383 406 ipsi
396 377 449 407 pro
464 375 538 405 parte
554 365 684 405 Delphini
696 365 914 403 replicaverunt,
930 363 1005 395 Parti
1025 365 1100 404 Regi
1124 366 1218 401 impo-

169 409 264 440 nendo
286 407 364 445 quod
384 407 537 444 aperirent,
556 405 588 436 ὃς
610 405 695 434 etiarn
719 404 796 441 quod
812 404 983 441 publicarent
998 413 1099 433 eorum
1113 402 1219 433 defide-

170 449 263 484 tium,
283 446 316 476 &
336 454 404 475 cum
427 445 529 482 quibus
544 443 646 474 vellent
665 441 853 472 OBLATIS
876 442 1053 480 contentari3
1072 441 1218 472 afferentes

171 485 268 524 quod,
285 492 355 514 cum
369 482 418 519 ipsi
430 493 482 519 pro
497 490 574 520 parte
587 480 712 518 ipsorum
725 482 828 510 totiens
843 482 875 511 ὃς
890 489 962 511 tanta
977 479 1217 517 aperuerunt,ipli

168 529 356 562 perverterent
372 520 513 550 Ordinem
530 542 541 558 ,
565 518 709 556 hucusque
727 518 862 549 servatum
886 520 914 548 in
938 518 1118 548 Tracflatibus
1135 541 1144 555 ,
1169 517 1220 547 nisi

167 561 252 592 semel
274 570 326 598 pro
350 559 449 590 Terna
466 559 530 588 vice
550 558 702 594 aperirent:
724 557 801 593 quod
821 580 830 595 ,
856 557 875 586 si
894 556 979 587 semel
1004 557 1095 586 facere
1116 555 1220 587 vellent

170 599 238 638 ipli,
254 599 288 628 ad
312 606 380 628 tunc
401 596 586 634 procederent
605 595 753 625 summarie
774 595 806 626 &
827 595 863 625 de
882 595 982 632 plano,
1002 596 1052 632 &,
1070 594 1112 624 his
1123 594 1221 632 dietis,

170 637 205 668 ad
218 635 371 668 Prandium
386 635 573 672 recesserunt,
591 634 620 662 in
635 633 704 663 hora
712 633 808 664 Tertia
824 634 926 664 iterum
941 633 1117 663 conventuri.

208 715 276 752 Qua
296 711 367 743 hora
389 718 608 748 convenerunt,
634 710 668 741 &
687 710 774 740 nichil
793 709 943 747 fecerunt,
962 708 1142 739 Recitatione
1159 710 1224 745 dig—

172 761 260 790 num,
278 759 364 789 quam
378 749 457 788 quod
471 760 525 780 una
541 749 607 779 Pars
618 748 695 779 alteri
708 748 741 778 ad
755 748 937 786 aperiendum
957 748 976 766 ²¹²
994 757 1043 785 per
1057 749 1175 777 rationes
1189 747 1224 777 &

172 792 280 822 motiva
295 789 475 826 imponebat,
490 789 524 820 ὃ(
539 788 576 819 sic
592 787 761 818 recesserunt
774 786 857 824 usque
875 788 904 816 in
923 785 1000 816 diem
1022 785 1113 816 Lunae
1133 785 1226 823 proxi*

173 838 255 860 mum
265 835 443 859 conventuri.

211 904 329 936 Interim
341 905 412 935 vero
426 901 570 934 Dominus
584 902 616 931 de
629 905 745 932 Severac
758 903 791 932 δε
805 900 928 930 Guitard
937 900 964 930 se
978 900 1154 938 medifirunt,
1172 910 1228 930 vo-

173 944 261 975 lentes
275 942 426 973 Materiam
440 942 546 972 exitum
564 941 652 970 sortiri
666 941 834 977 gratiosum,
853 941 886 970 &
908 938 1153 978 Ambaffiatoribus
1175 943 1228 969 Re-

171 986 213 1020 gis
226 984 254 1012 in
269 981 376 1011 secretis
390 980 518 1010 dixerunt
532 979 610 1016 quod
624 976 837 1015 Ambaffiatores
859 977 989 1015 Delphini
1008 978 1180 1014 habuerunt,
1199 978 1228 1006 in

177 1030 279 1051 eorum
291 1018 493 1055 instrufflone,
508 1015 681 1046 Potestatem
694 1015 832 1046 offerendi
854 1018 939 1054 Regi,
957 1026 1009 1053 pro
1031 1015 1105 1046 Pace
1125 1015 1174 1045 ista
1193 1015 1227 1045 &

176 1058 325 1098 Alligantia
337 1055 486 1092 habendis,
505 1055 571 1084 Vias
585 1055 619 1085 &
637 1053 735 1084 Media
747 1053 953 1093 subsequentia,
970 1064 1034 1094 quae
1048 1063 1123 1084 nunc
1144 1053 1229 1091 scrip-

177 1106 204 1128 ta
215 1105 315 1128 coram
329 1096 367 1125 eis
381 1094 558 1132 legebantur,
574 1093 607 1123 &
623 1092 685 1123 sunt
699 1092 766 1130 ista,

213 1170 341 1210 S‘enfitiet
356 1172 471 1199 certains
490 1168 519 1198 O
528 1177 550 1198 υ
558 1179 578 1199 ν
587 1177 605 1198 Ε
616 1178 639 1199 R
649 1177 672 1199 *r
683 1178 705 1199 υ
716 1179 739 1200 R
748 1179 766 1200 E
778 1178 790 1199 s
799 1192 808 1206 ,
819 1166 912 1208 falles
931 1179 989 1198 aux
1009 1168 1230 1198 Ambaxiatours

177 1209 386 1248 d’Angleterre,
400 1216 454 1246 par
471 1207 620 1238 Monfieur
634 1207 670 1238 de
681 1212 795 1238 Severac
811 1207 849 1242 ὠ·
863 1208 1016 1244 Guitarde,
1034 1205 1095 1241 &a

214 1286 575 1318 PREMOEREMENT
589 1309 597 1322 ‚
618 1292 685 1323 pour
705 1283 728 1313 le
751 1284 809 1314 bien
831 1284 868 1313 du
889 1286 962 1312 Paix
976 1307 985 1320 ,
1029 1285 1056 1312 ui
1079 1285 1177 1319 Serra,
1199 1280 1231 1319 fh

180 1329 252 1366 Diea
260 1324 344 1364 plese,
357 1332 433 1354 entre
446 1322 470 1352 le
484 1324 526 1353 dit
542 1323 607 1361 Roy
621 1323 813 1360 d'Angleterre
827 1321 865 1356 &
872 1321 925 1361 an
940 1295 1031 1360 CoquZz
1046 1320 1070 1350 le
1082 1319 1229 1358 Daulphin

177 1366 215 1394 de
238 1364 373 1394 Viennois
389 1385 399 1401 ,
423 1373 492 1392 aura
521 1361 545 1390 le
562 1362 603 1390 dit
629 1363 683 1396 Roy
703 1367 789 1390 tontes
813 1359 850 1389 les
870 1363 969 1392 Terres,
983 1365 1120 1389 contenues
1145 1370 1177 1388 en
1201 1357 1229 1387 la

181 1402 282 1432 Grand
292 1404 382 1437 Paix,
393 1399 456 1439 fait
469 1399 482 1430 l
485 1402 543 1429 'An
558 1398 655 1436 Mille,
674 1402 749 1429 CCC.
762 1397 800 1433 ό,
816 1401 961 1437 Seixante3
979 1397 1094 1436 horspris
1110 1397 1146 1426 les
1166 1399 1231 1426 Ter-

180 1452 220 1471 res
234 1440 273 1474 ῤ’
287 1443 440 1477 Seigniories
453 1439 516 1468 deca
533 1437 561 1467 la
575 1440 686 1467 Riviere
701 1438 733 1466 de
746 1436 888 1466 Charant:

216 1481 258 1509 Et
269 1501 278 1517 ,
297 1489 365 1508 avec
378 1488 419 1513 ce,
436 1487 505 1506 aura
521 1475 545 1505 le
560 1477 601 1505 dit
614 1479 670 1516 Roy
685 1475 722 1504 les
735 1479 844 1504 Contees
859 1475 990 1505 d’Artois
1001 1471 1039 1508 ὠ
1049 1473 1080 1503 de
1090 1473 1232 1511 flandra,-

180 1516 261 1556 Iffitit
276 1516 343 1556 qu'e'l
353 1514 428 1554 laiffe
442 1514 466 1545 le
481 1513 584 1544 Duchie
596 1514 628 1544 de
642 1513 822 1544 Normandie.

222 1589 472 1630 ITEM,s’enficit
492 1599 669 1622 Auni-RE
692 1597 984 1627 oquRTuRE3
1002 1587 1196 1628 c’estaffavoir,

217 1670 282 1710 Qu?
300 1668 324 1698 le
341 1667 411 1706 Roy
429 1678 499 1700 aura
519 1667 542 1696 le
559 1666 663 1697 Duchie
685 1667 718 1696 de
737 1669 859 1696 Guienne
872 1689 880 1703 ‚
896 1673 999 1703 excepte
1019 1671 1080 1694 tout
1099 1676 1126 1693 ce
1153 1663 1235 1704 qu'est

181 1708 242 1737 deca
259 1707 288 1736 la
305 1710 416 1736 Riviere
432 1706 464 1735 de
479 1706 620 1741 charam,
637 1713 704 1743 pour
717 1704 745 1734 la
755 1704 844 1745 quelle
860 1705 890 1733 1l
899 1714 968 1733 aura
991 1710 1110 1740 arctant,
1127 1714 1160 1732 en
1181 1706 1234 1732 Re-

182 1745 371 1784 compensacion
386 1745 418 1773 de
432 1747 523 1774 Tbrres
535 1744 552 1773 ἃ
565 1744 594 1773 la
608 1743 690 1772 Value
700 1766 709 1779 ,
724 1744 825 1772 dedans
835 1743 862 1773 la
876 1743 980 1773 Duchie
993 1742 1025 1771 de
1041 1741 1230 1771 Normandie:

180 1783 237 1822 ὠ,
257 1794 324 1813 avec
339 1795 365 1812 ce
372 1806 383 1822 2
401 1793 470 1812 aura
484 1783 508 1813 le
521 1787 619 1814 contee
631 1783 662 1811 de
675 1781 814 1811 Flandres.

218 1859 342 1897 ITEM,
359 1867 534 1889 AULTRE
554 1858 847 1895 mimarum,-

224 1937 290 1977 21ae
305 1935 330 1965 le
343 1935 411 1974 Roy
425 1946 495 1965 aura
507 1934 532 1965 le
546 1935 587 1964 dit
601 1934 705 1965 Duchie
716 1934 748 1964 de
763 1936 882 1963 Guienne
892 1941 948 1972 par
961 1934 993 1963 de
1010 1933 1039 1963 la
1047 1931 1189 1970 charam,
1198 1930 1237 1967 &³

188 1973 356 2013 Recompense
371 1981 431 2003 tout
444 1985 480 2004 au
495 1973 554 2009 long
562 1982 615 2011 par
628 1973 653 2002 le
668 1976 769 2002 Rivere
780 1972 812 2001 de
825 1975 917 2001 Somne
926 1995 936 2011 ,
951 1981 1003 2013 par
1016 1971 1044 2001 la
1062 1975 1185 2000 Sourvau
1207 1972 1239 2000 de

183 2017 258 2043 Trois
272 2024 303 2043 ou
352 2020 430 2042 uatre
448 2011 602 2042 chivalz'ers
614 2012 646 2040 de
663 2009 770 2049 chefiun
784 2009 882 2049 Coustie
895 2019 962 2049 pour
975 2009 1036 2039 celle
1049 2012 1144 2039 Partie
1177 2009 1238 2048 u'esl

185 2052 221 2120 {a}
239 2062 278 2120 cal
291 2055 313 2080 C
331 2058 440 2089 arant,-
464 2049 501 2086 ὠ·
516 2073 527 2089 ‚
544 2061 611 2080 avec
631 2061 657 2080 ce
673 2072 683 2088 ,
707 2058 776 2079 aura
797 2047 836 2078 les
858 2051 967 2080 Contees
995 2048 1125 2079 d'Artois
1208 2048 1241 2078 de

219 2101 256 2121 an
275 2100 325 2120 res.

223 2164 353 2204 ITEM,
371 2165 477 2205 aultre3

259 2255 289 2274 ue
301 2244 325 2274 le
342 2244 411 2283 Roy
425 2253 494 2274 aura
507 2242 533 2272 le
545 2241 648 2273 Duchie
662 2242 694 2272 de
708 2244 826 2272 Guienne
840 2242 872 2272 de
888 2241 918 2272 la
930 2241 1072 2280 Charant,
1090 2239 1128 2276 (ἐν
1141 2246 1200 2270 tout
1217 2251 1244 2270 ce

195 2294 229 2313 en
244 2295 273 2313 :a
290 2281 392 2312 Duchie
404 2282 436 2312 de
453 2282 619 2312 Normandie
632 2281 699 2322 qu'il
711 2292 729 2310 a
749 2281 781 2311 de
788 2281 916 2320 present,
937 2293 969 2311 en
990 2279 1102 2320 laiffimt
1119 2279 1157 2309 les
1176 2284 1244 2310 Con-

194 2328 251 2352 tees
263 2320 392 2350 d'Artois
403 2319 441 2356 ὠ·
454 2321 485 2350 de
499 2319 640 2351 Flandres.

229 2396 277 2427 I'r
290 2406 308 2427 Ε
321 2405 348 2427 Μ
359 2421 368 2435 ,
386 2395 494 2434 aultre,

230 2472 298 2522 93⁹,
316 2473 340 2518 le
364 2472 431 2511 Roy
456 2482 526 2502 aura
549 2470 577 2502 la
593 2475 684 2503 Grant
701 2475 787 2512 Paix,
797 2471 861 2512 fait
877 2484 909 2502 en
922 2474 1038 2503 Traicflie
1051 2473 1124 2503 l’An
1143 2471 1225 2503 Mille
1237 2496 1248 2511 ,

193 2516 422 2588 ςῖετέεῧῖκῖῗέ
441 2549 570 2588 destravit,
582 2558 651 2590 poni·
675 2549 704 2579 la
718 2549 842 2587 greindre
862 2551 932 2579 Bien
952 2552 998 2589 qul
1016 2558 1117 2588 pourra
1139 2549 1206 2588 estre
1230 2561 1248 2579 a

191 2588 241 2627 cest
256 2590 337 2626 Fen,
354 2587 383 2617 la
398 2592 554 2624 Convencon
569 2591 607 2618 du
623 2588 689 2626 Roy
708 2588 902 2626 d'Angleterre
924 2585 960 2621 (ἓν
985 2588 1016 2617 de
1031 2588 1083 2628 fim
1109 2588 1201 2627 Coafin
1221 2587 1247 2617 le

193 2627 360 2666 DaulphIn,
378 2626 416 2660 όν
449 2637 479 2655 ue
492 2634 652 2663 pourrouent
667 2626 731 2666 estre
738 2626 840 2665 prinses
855 2629 950 2656 Treues
960 2635 1029 2664 pour
1045 2630 1127 2656 Deux
1150 2629 1248 2664 libys,

190 2665 313 2703 pendam
326 2664 363 2695 les
375 2637 472 2705 quelqles
485 2675 511 2694 ce
524 2674 626 2703 pourra
640 2665 704 2704 estre
715 2666 787 2705 fait.

231 2740 335 2772 Postea
347 2743 418 2772 vero
452 2741 498 2772 die
515 2741 621 2779 Lunae,
639 2742 770 2779 proxime
784 2739 906 2778 sequenti
925 2740 1081 2779 (videlicet)
1102 2740 1131 2771 V
1133 2740 1249 2772 icefimo

193 2781 290 2818 primo
312 2779 369 2809 Die
394 2764 591 2818 N'ovembris‚
609 2780 750 2818 praediffis
770 2779 1024 2809 Ambassiatoribus
1044 2781 1072 2808 in
1086 2779 1153 2810 loco
1169 2780 1251 2810 solito

193 2818 437 2856 comparentibus,
457 2817 636 2854 praesentibus
655 2818 761 2849 ibidem
784 2821 908 2851 Dominis
929 2817 961 2847 de
984 2821 1100 2847 Severac
1125 2819 1158 2849 δε
1182 2821 1252 2847 Gui-

193 2857 276 2925 ξιτνᾶ,
294 2856 422 2925 Ῑέπῑαωε
441 2856 678 2896 Reverendiffimus
694 2858 780 2902 Pate<
795 2857 883 2889 taliter
898 2855 1195 2895 AmbaffiatoresRegis
1209 2856 1254 2887 af-

207 2904 264 2926 atus
281 2906 297 2926 e
329 2919 339 2933 ,

231 2974 343 3002 Domine
359 2976 448 3002 Comes
461 2975 576 3009 Sarum,
593 2972 626 3002 &
643 2981 696 3002 vos
710 2972 803 3002 caeteri
819 2970 963 3009 Domini,

232 3009 415 3041 Adhaerendo
430 3010 538 3047 semper
553 3010 820 3047 protestationibus,
838 3011 901 3039 alias
924 3020 974 3047 per
996 3019 1044 3039 me
1065 3009 1145 3041 faCtis
1171 3010 1251 3049 (quas

195 3054 259 3077 tunc
280 3051 376 3077 iterum
392 3048 495 3085 publice>
515 3051 657 3085 recitavit)
677 3048 772 3079 vestris
794 3048 971 3079 Reverentiis
991 3047 1052 3078 fore
1068 3057 1170 3079 notum
1191 3058 1250 3078 non

196 3085 368 3122 ambigimus
383 3087 419 3115 de
433 3087 483 3115 illis
496 3088 602 3125 magnis
616 3087 720 3117 Mediis
736 3087 769 3118 &
783 3087 926 3124 Aperturis
942 3096 1007 3124 quas
1021 3085 1089 3116 Nos
1111 3087 1195 3117 vobis
1210 3087 1251 3116 fe-

195 3125 284 3154 cimus
303 3123 438 3166 adjstam
457 3123 561 3154 Pacem
581 3125 786 3163 inducendam,
807 3136 869 3163 quae
890 3125 954 3155 licet
975 3125 1010 3155 de
1031 3124 1057 3154 se
1074 3124 1124 3154 lint
1139 3133 1250 3163 magna,

194 3162 382 3199 rationabilia,
401 3161 434 3191 &
451 3161 595 3199 plusquam
609 3164 795 3201 rationabilia,
812 3173 907 3194 tamen
924 3173 975 3194 vos
990 3173 1048 3193 non
1073 3162 1136 3193 estis
1163 3166 1197 3192 ad
1219 3172 1251 3192 ea

195 3201 365 3238 aliquatenus
388 3199 530 3237 inclinati,
545 3210 597 3230 nec
615 3202 697 3232 vultis
718 3202 854 3239 aliquibus
865 3225 874 3241 ,
892 3211 922 3232 ut
940 3210 1050 3239 apparet
1067 3224 1077 3239 ,
1091 3202 1197 3239 satiari,
1216 3202 1249 3232 &

196 3239 285 3270 nichil
308 3238 391 3270 vultis
411 3247 504 3275 petere
523 3247 568 3268 aut
591 3238 685 3269 dicere
706 3249 758 3277 pro
771 3249 845 3276 parte
859 3240 950 3271 vestra
961 3265 969 3277 ,
990 3249 1038 3276 per
1055 3249 1119 3277 quae
1136 3241 1181 3269 via
1196 3239 1250 3269 Pa-

195 3279 235 3308 cis
250 3278 355 3315 poterit
367 3277 466 3314 aperiri
481 3299 491 3313 ,
506 3275 574 3306 Nos
586 3285 751 3315 temptantes
765 3278 931 3309 Insidiatoris
950 3288 1049 3316 more,
1066 3279 1102 3308 de
1121 3287 1179 3316 quo
1195 3278 1250 3308 rni-

194 3325 305 3347 ramur:

231 3353 455 3391 Verumtamen,
481 3354 546 3390 quia
567 3361 602 3383 ex
617 3353 674 3384 latis
691 3354 854 3390 praecordiis
877 3354 991 3392 latisque
1004 3353 1141 3385 desideriis
1160 3353 1249 3384 nostri

194 3392 289 3424 cordis
305 3392 441 3422 vellemus
456 3391 534 3429 quod
552 3392 672 3421 omnino
689 3391 766 3422 fieret
782 3392 831 3422 ista
848 3392 906 3422 Pax
925 3394 958 3423 &
976 3403 1037 3423 non
1062 3392 1146 3429 fieta,
1174 3392 1249 3423 offe-

194 3433 281 3462 rimus
298 3431 381 3461 vobis
397 3440 450 3468 pro
468 3429 567 3460 eadem
583 3439 685 3459 omnes
699 3429 822 3468 Terras,
837 3440 983 3460 contentas
1000 3432 1029 3460 in
1046 3440 1147 3469 magna
1158 3430 1250 3468 Pace,

197 3470 218 3500 si
233 3471 266 3501 &
283 3478 418 3507 quatenus
433 3467 568 3498 Domino
583 3467 681 3498 nostro
700 3468 727 3504 (a
741 3478 800 3506 quo
813 3469 951 3505 venimus)
972 3468 1102 3505 placuerit
1122 3469 1149 3498 in
1163 3478 1250 3498 even-

194 3517 276 3546 tum,
296 3517 381 3545 quae,
400 3516 430 3537 ut
445 3507 614 3536 aestimamus
625 3528 634 3544 ‚
653 3505 758 3536 Oblata
775 3516 827 3537 vos
844 3507 1068 3545 contentabunt,
1088 3506 1106 3536 si
1124 3516 1250 3545 unquam

196 3546 227 3576 in
243 3546 300 3577 hoc
317 3545 411 3577 seculo
427 3546 570 3578 volueritis
586 3545 751 3575 contentari.

236 3623 351 3661 Qibus
365 3622 447 3653 dietis
463 3620 675 3661 Ambafflatores
693 3623 769 3657 Regis
783 3620 989 3658 appellaverunt
1003 3624 1118 3651 Severac
1133 3619 1171 3655 ῤ’
1183 3624 1251 3650 Gui-

198 3662 265 3690 tard
274 3661 308 3691 ad
324 3670 450 3699 partem,
469 3662 502 3692 ὃς
520 3661 558 3691 eis
574 3658 760 3697 Replicarunt
783 3668 883 3689 contra
904 3659 964 3690 illos
984 3660 1153 3696 Terminos,
1165 3659 1194 3699 fi
1213 3658 1252 3694 (ἐν

199 3706 329 3737 quatenus
345 3699 464 3737 placeret
483 3710 570 3729 eorum
584 3701 714 3735 Domino,
732 3699 766 3728 ὃς
783 3698 866 3727 etiam
883 3707 980 3728 contra
996 3697 1063 3727 illud
1088 3698 1167 3736 quod
1185 3697 1252 3727 Pars

199 3735 283 3802 {itera
296 3737 409 3768 nolebat
424 3738 505 3775 plane
522 3738 615 3769 dicere
629 3738 688 3766 Nos
702 3734 835 3774 offerimus
849 3739 935 3766 omnia
952 3739 1086 3766 Contenta
1104 3739 1135 3766 in
1154 3747 1252 3774 magna

228 3785 273 3803 ace
282 3797 293 3812 ,

243 3849 306 3887 Qi
320 3852 435 3880 Severac
450 3851 488 3887 ό,
503 3852 627 3882 Guitard
637 3851 700 3890 post
713 3851 826 3881 Partem
839 3849 982 3882 adversam
997 3848 1032 3879 de
1053 3849 1111 3879 istis
1131 3850 1193 3881 sunt
1215 3850 1255 3880 al-

200 3887 330 3925 loquuti,
349 3898 382 3918 ac
393 3889 536 3920 redeuntes
549 3891 582 3920 ad
596 3889 810 3929 Ambaffiatores
826 3891 921 3925 Regis,
937 3887 1065 3918 dixerunt
1080 3889 1158 3925 quod
1174 3890 1253 3919 nullo

200 3925 290 3956 modo
303 3935 408 3962 poterat
423 3926 532 3958 adversa
547 3929 612 3958 Pars
628 3928 733 3958 offerre
749 3926 893 3957 Contenta
911 3928 939 3955 in
959 3925 1066 3962 Magna
1079 3925 1170 3964 Pace,
1191 3928 1255 3965 quia

201 3964 281 4001 super
301 3964 359 3994 hoc
381 3973 438 3993 non
458 3965 613 3997 habuerunt
634 3965 876 4003 Instru&ionem;
894 3965 957 4002 quia
975 3963 1035 3994 talia
1055 3965 1083 3993 in
1099 3965 1150 3994 illis
1163 3967 1256 3996 verbis

204 4010 445 4072 εῑεηῇῗηῗθῑέ,
461 4003 538 4071 sluffr
549 4005 650 4047 quibus
663 4004 754 4038 nullus
772 4005 792 4027 Ἅι
811 4003 924 4038 auderet
935 4012 989 4036 nec
1004 4001 1154 4038 affumeret
1175 4004 1206 4037 in
1227 4004 1256 4036 se

1255 324 1291 366 de
1307 324 1340 353 &
1356 324 1436 361 super
1452 324 1610 362 hujusmodi
1628 325 1676 361 (de
1689 327 1790 362 quibus
1802 325 1891 355 nullus
1904 326 1968 355 alius
1982 323 2064 355 audet
2078 323 2302 360 communicare)

1256 370 1326 392 inter
1344 371 1392 391 eos
1407 370 1476 393 tunc
1491 362 1599 393 ibidem
1615 362 1732 393 finaliter
1748 363 1942 394 concludatur.

1292 436 1348 474 Et,
1366 437 1409 467 his
1428 438 1529 475 dietis,
1546 440 1656 467 Domini
1674 438 1884 476 Ambafflatores
1899 442 1974 477 Regis
1991 439 2120 477 petebant
2133 437 2213 468 istam
2231 437 2302 467 Ois-

1256 484 1277 504 L
1289 484 1450 506 ATioNE
1461 484 1487 506 M
1507 477 1556 505 sibi
1573 476 1629 505 dari
1653 477 1682 505 in
1704 476 1828 514 scriptis,
1844 478 1922 514 quod
1941 478 1988 515 ipsi
2007 486 2181 515 annuerunt,
2197 480 2229 509 ὃς
2241 475 2305 514 post

1256 512 1410 544 Prandium
1426 514 1470 544 illa
1485 514 1616 544 miserunt
1630 513 1728 553 scripta
1743 516 1916 545 continentia
1931 524 1960 545 ut
1975 516 2111 553 sequitur,

1285 588 1385 619 ‘AUL
1396 598 1418 619 T
1429 599 1451 620 R
1463 598 1481 619 E
1503 589 1587 621 OVE
1598 599 1682 621 RTU
1692 600 1715 621 R
1725 600 1741 620 E
1754 614 1763 628 ,
1781 593 1875 620 Toutes
1897 590 1934 619 les
1950 594 2042 619 Terrex
2064 589 2101 624 ὠ
2123 593 2198 620 Palis
2219 598 2307 620 conte-

1259 638 1316 656 nuz
1329 626 1367 662 (A).
1387 628 1502 657 declares
1522 640 1555 658 en
1570 630 1695 666 Τναίἑῖε,
1706 628 1768 668 fait
1786 629 1859 658 l'An
1882 628 1975 666 Melle,
1993 631 2071 669 Troys
2088 632 2171 667 Cens,
2185 633 2308 667 Sexant,

1257 676 1307 705 que
1324 665 1360 704 est
1375 665 1473 703 appelle
1490 675 1539 697 LA
1559 674 1710 697 GRANT,
1729 667 1840 697 PAtx.

1300 740 1358 771 Die
1382 743 1453 772 vero
1474 741 1622 780 sequenti,
1651 742 1767 780 praefatis
1793 742 2042 772 Ambaffiatorlbus
2063 743 2090 771 in
2122 741 2207 772 Loco
2231 740 2326 773 solito

1261 780 1513 818 convenientibus,
1529 780 1665 819 Magister
1685 780 1821 818 Philippus
1838 780 1980 811 Recitavit
1995 779 2099 809 Oblata
2120 781 2153 810 ὃ(
2170 780 2316 819 Prolaquta

1262 816 1308 847 die
1321 817 1507 860 praecedenti3
1522 819 1572 856 &‚
1591 820 1662 849 inter
1674 828 1789 856 caetera,
1807 819 1917 849 dicebat
1931 819 2027 856 quod,
2045 827 2114 848 cum
2131 817 2196 847 Pars
2218 818 2316 848 adver-

1262 854 1289 884 sa
1310 862 1421 886 tantum
1441 855 1639 887 delideraverat
1658 856 1894 887 Conventionem
1917 856 2132 893 Dominorum,
2150 855 2239 886 visum
2259 865 2318 886 erat

1265 892 1402 923 Dominis
1420 893 1472 923 suis
1494 895 1617 925 omnino
1633 895 1815 926 necessarium
1841 894 1922 932 quod
1946 895 2097 930 Materiae,
2115 903 2227 931 propter
2251 904 2319 932 quas

1265 931 1388 961 Domini
1401 931 1542 969 Principes
1556 935 1758 970 convenirent,
1777 933 1854 970 prius
1874 934 1907 963 &
1929 942 1992 963 ante
2015 934 2111 962 omnia
2127 932 2237 962 fuissent
2259 942 2318 961 ma-

1265 972 1327 1000 ture
1343 969 1467 1009 Digesta:
1483 971 1516 1001 δε
1533 970 1708 1009 Masticatae3
1729 981 1813 1009 quare
1829 971 1940 1008 petebat
1951 971 2047 1009 quod,
2066 980 2131 1000 curn
2147 971 2183 999 ita
2194 969 2225 999 sit
2236 970 2317 1007 quiid

1265 1009 1367 1039 nolunt
1381 1007 1487 1038 offerre
1500 1012 1566 1046 Regi
1582 1009 1727 1041 Contenta
1741 1011 1770 1039 in
1786 1019 1885 1048 magna
1908 1009 1997 1046 Pace,
2018 1010 2139 1047 placeret
2162 1009 2199 1037 eis
2221 1007 2317 1038 dicere

1265 1046 1298 1076 &
1315 1048 1460 1076 nominare
1475 1056 1523 1084 per
1536 1048 1693 1084 expressum
1709 1058 1773 1086 quae
1795 1047 1831 1078 de
1851 1047 2000 1078 Contentis
2022 1047 2124 1078 vellent
2144 1045 2268 1084 offerre,
2284 1046 2318 1077 &

1266 1094 1329 1127 quae
1343 1094 1420 1122 non,
1440 1085 1473 1114 &
1490 1095 1553 1122 quse
1569 1085 1765 1116 Conventioni
1781 1085 1980 1117 Dominorum
1989 1109 1999 1124 ,
2015 1086 2044 1115 in
2059 1093 2194 1116 eventum
2208 1083 2319 1122 fiendae,

1267 1122 1436 1153 Videbantur
1450 1132 1550 1153 eorum
1564 1124 1720 1162 prudentia:
1735 1124 1904 1155 reservanda.

1305 1197 1363 1229 Cui
1382 1197 1593 1236 Ambaffi'atores
1605 1199 1740 1238 Dalphini
1750 1223 1759 1237 ,
1777 1200 1842 1239 post
1857 1200 1919 1230 alias
1932 1200 2151 1238 Altercationes,
2168 1200 2248 1236 super
2265 1198 2324 1229 istis

1266 1236 1334 1266 hinc
1358 1237 1423 1266 inde
1444 1237 1570 1273 habitas,
1595 1238 1724 1268 dixerunt
1749 1237 1829 1276 quod
1850 1239 1953 1269 vellent
1967 1261 1976 1276 ‚
2002 1239 2065 1276 post
2088 1238 2262 1274 Prandium,
2279 1238 2323 1268 vi-

1267 1274 1332 1304 dere
1347 1274 1515 1305 TraClatum
1528 1275 1563 1304 de
1580 1274 1688 1315 Magna
1702 1275 1791 1314 Pace,
1806 1278 1839 1307 ὃς
1852 1277 1931 1316 super
1948 1278 1990 1307 his
2001 1278 2031 1307 in
2047 1278 2117 1307 hora
2136 1277 2237 1307 Tertia
2257 1275 2323 1306 dare

1267 1312 1456 1351 Responsum.

1308 1389 1376 1428 Qua
1390 1389 1459 1421 horai
1475 1389 1642 1421 adveniente
1678 1389 1753 1420 idern
1775 1389 1988 1428 Archiepzscopus
2009 1391 2092 1421 talem
2115 1392 2148 1423 δε
2164 1398 2221 1421 tam
2233 1390 2326 1429 dupli-

1271 1438 1335 1458 cem
1355 1428 1431 1458 dedit
1453 1428 1627 1467 Responfitm,
1647 1413 1823 1466 Proloquuta
1864 1439 1892 1458 er
1909 1428 1998 1465 ipsum
2023 1429 2124 1459 ultimo
2147 1431 2300 1466 importans
2317 1451 2327 1467 2

1271 1468 1308 1496 ita
1333 1467 1412 1504 quod
1437 1468 1503 1497 inde
1528 1468 1617 1497 mirati
1642 1467 1704 1497 sunt
1720 1466 1814 1496 Amba
1839 1476 1938 1496 iatores
1956 1466 2059 1504 Regis,
2078 1469 2125 1504 qui
2148 1468 2262 1503 quidem
2278 1477 2326 1503 pet

1273 1505 1330 1548 lioc
1355 1504 1439 1549 vellet
1461 1506 1578 1548 innuere
1600 1515 1659 1535 non
1681 1514 1889 1543 perceperunt,
1909 1514 1995 1543 quem
2010 1506 2111 1535 iterum
2124 1506 2153 1534 in
2166 1505 2258 1543 lingua
2271 1505 2328 1535 La-

1272 1551 1329 1573 tina
1339 1552 1454 1574 recitare
1469 1551 1625 1581 petieruntt

1310 1618 1348 1650 Et
1364 1619 1417 1656 fic,
1437 1620 1501 1657 post
1514 1629 1629 1655 magnas
1646 1619 1868 1656 Altercationes,
1886 1618 1997 1649 tandem
2014 1618 2125 1649 dicebat
2146 1617 2212 1648 Pars
2233 1618 2332 1649 adver-

1275 1657 1318 1696 sa,
1333 1658 1413 1695 qubd
1427 1658 1610 1696 superioribus
1629 1657 1782 1688 Resortum
1804 1659 1838 1688 δε
1858 1657 2040 1694 Homagium
2063 1658 2168 1687 merito
2191 1655 2331 1687 Conven-

1275 1697 1346 1726 tioni
1363 1696 1507 1735 reservari,
1524 1697 1557 1727 δε
1573 1696 1652 1734 quod
1667 1705 1768 1727 caetera
1784 1697 1896 1733 omnia,
1915 1705 1979 1733 quae
2005 1703 2122 1734 tangunt
2139 1695 2259 1732 Terras,
2280 1695 2332 1725 de-

1276 1736 1374 1765 berent
1388 1735 1500 1765 transire
1516 1744 1547 1765 ut
1559 1736 1618 1772 jam
1632 1735 1753 1771 Oblata,
1767 1736 1800 1765 &
1815 1736 1899 1764 etiam
1913 1734 1993 1771 quoti
2008 1737 2067 1763 Rex
2082 1733 2195 1763 haberet
2217 1742 2331 1763 merum

1276 1774 1310 1804 &
1326 1774 1447 1804 mixtum
1469 1773 1638 1812 Imperium,
1658 1773 1871 1803 Advocationes
1891 1771 2095 1809 Eccleliarum,
2115 1771 2235 1808 Boscos,
2251 1772 2332 1809 Stag-

1276 1821 1330 1880 ilia,
1350 1810 1496 1855 piscarias,
1516 1812 1548 1843 &
1568 1810 1746 1850 hujusmodi,
1765 1812 1798 1842 ὃ(
1816 1811 1977 1851 generaliter
1998 1812 2095 1842 omnia
2111 1811 2235 1848 exceptis
2257 1808 2333 1845 Pro-¹

1289 1857 1410 1888 oquutis.

1317 1926 1353 1958 Et
1373 1927 1568 1966 subsequenter
1590 1927 1736 1966 quaefitum
1760 1935 1816 1958 erat
1836 1926 1873 1957 ab
1896 1926 1934 1957 eis
1947 1951 1956 1964 ,
1976 1925 2134 1958 incidenter
2154 1935 2204 1964 per
2226 1933 2336 1964 partem

1278 1965 1364 2005 Regis
1384 1968 1480 2005 quod,
1498 1968 1527 1996 in
1549 1968 1611 1998 casu
1629 1967 1687 1998 talis
1710 1966 1789 1997 fieret
1807 1965 1976 1997 Conventio
2000 1974 2031 1995 ut
2052 1964 2188 1995 affectant
2200 1988 2210 2002 ,
2226 1975 2261 1995 an
2283 1964 2333 2001 ipfi

1279 2005 1400 2036 credunt
1414 2005 1494 2043 quiid
1507 2005 1607 2035 exinde
1617 2004 1775 2043 sequeretur
1792 2003 1957 2034 Concordia
1979 2005 2050 2035 inter
2062 2003 2228 2033 Dominos?
2247 2011 2338 2033 atten-

1278 2051 1309 2073 to
1324 2043 1403 2081 quod
1420 2043 1662 2073 metuendisfimus
1676 2053 1776 2073 eorum
1793 2046 1924 2072 Dominus
1936 2046 1996 2072 Rex
2011 2051 2157 2079 nunquam
2171 2041 2231 2071 vult
2240 2049 2336 2072 tenere

1281 2081 1455 2112 Dominium
1470 2081 1602 2119 aliquod,
1621 2081 1762 2120 Magnum
1776 2081 1821 2112 vel
1838 2081 2017 2118 Minimum,
2034 2080 2069 2109 de
2085 2079 2178 2117 aliquo
2199 2080 2334 2116 vivente,

1280 2120 1331 2150 nili
1344 2120 1381 2150 de
1397 2120 1456 2150 solo
1471 2119 1555 2159 Deo,
1574 2127 1606 2150 ut
1620 2120 1681 2150 alias
1697 2121 1735 2150 eis
1748 2119 1894 2157 dixerunt,
1912 2120 1946 2151 &
1959 2117 2001 2149 est
2015 2117 2197 2149 veriffimum.

1320 2197 1382 2237 Qii
1394 2196 1606 2236 Ambaffiatores
1618 2196 1768 2235 Dalphim',
1787 2206 1857 2227 cum
1871 2195 2035 2226 difficultate
2057 2194 2181 2233 aliquali,
2201 2193 2337 2233 Respom

1282 2235 1385 2267 derunt
1405 2235 1484 2274 quod
1505 2236 1579 2267 bene
1603 2236 1754 2266 credebant
1769 2235 1819 2272 ipsi
1842 2234 1939 2273 quod,
1957 2234 1977 2264 si
1990 2235 2178 2266 convenirent
2195 2232 2340 2271 Domini,

1284 2275 1441 2313 sequeretur
1458 2273 1514 2305 Pax
1528 2275 1562 2305 &
1581 2274 1709 2305 FruCtus.

1321 2350 1423 2384 Postea
1437 2353 1507 2383 vero
1521 2351 1650 2390 praefatus
1664 2349 1801 2388 Magister
1821 2348 1972 2389 Philippus,
1988 2348 2157 2380 adhaerendo
2169 2349 2292 2387 semper,
2308 2355 2340 2380 ut

1285 2392 1401 2429 publice
1415 2399 1483 2422 tunc
1500 2390 1628 2427 asseruit,
1647 2390 1758 2427 praeviis
1771 2388 2022 2419 Protestationibus
2037 2388 2089 2418 suis
2104 2388 2183 2418 facitis
2207 2389 2215 2421 (
2220 2396 2340 2425 quarum

1285 2428 1422 2459 effeetum
1441 2438 1509 2459 tunc
1530 2428 1710 2467 protestando
1731 2427 1885 2464 Recitavit)
1907 2425 2151 2465 Ambaffiatoribur
2176 2428 2270 2455 Partis
2288 2424 2340 2454 ad-

1286 2468 1374 2507 veisae
1389 2468 1517 2504 dicebat,

1324 2505 1548 2544 Reverendtfflme
1563 2507 1664 2542 Pater,
1682 2505 1742 2536 &c.

1324 2544 1368 2575 Ex
1384 2556 1442 2583 quo
1459 2555 1510 2575 vos
1520 2544 1555 2574 de
1570 2543 1703 2574 Dominis
1718 2544 1788 2573 meis
1811 2543 1858 2573 hic
1877 2542 1948 2580 saepe
1970 2541 2068 2579 saepius
2089 2541 2152 2572 estis
2173 2539 2342 2579 conquesti,

1289 2583 1367 2620 quod
1381 2584 1445 2622 ipsi,
1464 2591 1494 2613 ut
1510 2583 1638 2619 asseritis,
1657 2581 1748 2612 adhuc
1763 2581 1851 2619 aliqua
1864 2582 2014 2611 noluerunt
2037 2582 2160 2618 aperire,
2179 2579 2244 2608 licet
2265 2578 2343 2615 Vos,

1291 2631 1344 2658 pro
1360 2631 1436 2658 parte
1448 2620 1553 2658 vestra,
1571 2620 1688 2651 feceritis
1708 2619 1832 2651 vestrum
1852 2619 2009 2655 Debitum,
2028 2619 2060 2648 &
2079 2618 2196 2649 diversas
2218 2615 2245 2646 V
2248 2618 2282 2646 ias
2306 2618 2340 2647 ὃς

1291 2659 1391 2690 Media
1405 2659 1564 2698 aperuistis,
1584 2668 1648 2697 quae
1664 2668 1733 2696 vos,
1748 2666 1780 2688 ut
1794 2659 1933 2695 maxima,
1950 2656 2041 2687 adhuc
2055 2656 2128 2686 statis
2142 2655 2343 2693 justificantes3

1289 2708 1450 2737 quanquam
1473 2698 1509 2728 de
1529 2697 1555 2727 se
1574 2707 1633 2727 non
1657 2696 1709 2728 sint
1729 2697 1808 2735 talia,
1827 2706 1880 2726 nec
1904 2697 1939 2725 ita
1951 2695 2039 2732 facila,
2058 2703 2088 2725 ut
2101 2695 2135 2724 de
2150 2694 2176 2723 se
2192 2693 2277 2731 digne
2295 2703 2346 2723 va-

1289 2737 1364 2767 leant
1387 2736 1500 2768 Afferre
1523 2736 1604 2766 istam
1628 2734 1749 2772 Pacem,
1766 2742 1832 2764 nam
1855 2734 1966 2772 Majora
1985 2734 2107 2763 multum
2123 2742 2208 2769 quam
2223 2732 2270 2762 illa
2283 2741 2344 2761 me-

1291 2775 1473 2806 tuendiffimo
1496 2777 1612 2804 Domino
1632 2773 1717 2813 nostro
1735 2782 1830 2811 antea,
1849 2781 1880 2803 ut
1901 2773 1963 2802 alias
1986 2772 2122 2808 diximus,
2138 2770 2240 2800 Oblata
2251 2778 2345 2807 erant,

1290 2823 1353 2843 ante
1370 2814 1544 2844 Descensum
1561 2813 1640 2842 suurn
1656 2815 1684 2841 in
1701 2811 1848 2842 Ducatum
1864 2811 1942 2841 suum
1964 2809 2172 2846 Normanniae3
2193 2810 2225 2839 δε
2249 2817 2345 2839 tamen

1289 2851 1380 2883 adbuc
1395 2862 1454 2883 non
1466 2852 1628 2890 sequebatur
1645 2850 1702 2880 Pax
1715 2860 1720 2879 :
1742 2849 1861 2887 &quod
1875 2859 1934 2878 non
1950 2849 1981 2878 sit
1994 2848 2154 2879 intentionis
2170 2846 2274 2876 nostrae
2283 2845 2344 2875 Mi-

1290 2900 1359 2920 nora
1380 2900 1504 2929 unquam
1526 2898 1619 2927 petere
1641 2898 1725 2926 quarn
1745 2888 1892 2917 Coronam
1915 2888 1948 2917 &
1970 2885 2104 2924 Regnum
2121 2885 2263 2922 Franciae3
2284 2884 2344 2913 for-

1291 2928 1362 2959 taffis
1383 2938 1478 2960 tamen
1500 2928 1575 2958 idem
1595 2926 1836 2957 metuendiffimus
1858 2928 1988 2954 Dominus
2005 2924 2106 2963 noller,
2124 2933 2176 2960 pro
2192 2923 2273 2953 Bono
2290 2921 2345 2952 Pa-

1291 2968 1347 3005 cis,
1368 2967 1530 2997 Minoribus
1549 2973 1770 2995 contentaretur:
1789 2963 2004 2999 nichilominus,
2023 2972 2087 2992 ante
2110 2962 2172 2991 haec
2195 2969 2342 2997 tempora,

1290 3006 1321 3035 in
1335 3006 1513 3036 Traeiatibus
1527 3012 1619 3043 aperta
1633 3003 1686 3034 fuit
1700 3002 1755 3033 Via
1770 3002 1804 3032 ad
1819 3001 1923 3031 Pacem
1933 3023 1943 3038 ,
1958 3001 1990 3031 &
2005 3002 2089 3037 petita
2108 3007 2183 3030 certa
2196 2998 2344 3042 ¹Domi‘nia

1288 3046 1336 3075 hic
1355 3045 1467 3075 inferius
1482 3042 1640 3078 conscripta
1654 3042 1730 3078 (quae
1744 3041 1782 3070 ibi
1797 3040 1922 3069 recitavit
1933 3049 1982 3069 ore
1998 3043 2089 3075 tenus)
2105 3038 2139 3067 de
2155 3038 2255 3074 quibus
2276 3045 2342 3066 om-

1290 3084 1373 3113 nibus
1388 3081 1512 3112 Nobiles
1526 3080 1724 3117 Progenitores
1739 3076 1911 3109 Sereniffimi
1933 3080 2044 3107 Domini
2062 3075 2143 3115 nostri
2160 3077 2272 3106 fuerunt
2296 3084 2345 3111 pa-

1289 3122 1372 3153 cifice
1387 3120 1480 3151 Seisati
1495 3120 1528 3150 &
1544 3117 1681 3156 Posseffi3

1324 3198 1343 3217 '¹‘
1371 3197 1469 3235 Qare
1492 3196 1610 3233 petimus
1633 3193 1714 3232 quod
1734 3203 1787 3224 vos
1807 3191 1968 3234 concedatis
1992 3190 2126 3221 Domino
2152 3189 2251 3220 nostro
2272 3187 2321 3219 ista
2335 3210 2346 3226 ,
2362 3194 2381 3213 *ε
2401 3196 2453 3225 Ιχ,

1289 3236 1359 3267 ultra
1384 3234 1531 3272 Poffessa,
1555 3243 1618 3272 quae
1640 3234 1699 3272 jam
1730 3232 1838 3270 habet,
1871 3232 1904 3262 &
1928 3238 2012 3262 etiam
2027 3253 2037 3268 ,
2064 3229 2134 3259 ultra
2163 3228 2267 3258 Oblata
2295 3236 2345 3266 per
2360 3235 2423 3270 ⁶42·

1288 3285 1340 3308 vos
1358 3274 1440 3305 sadia-

1326 3352 1405 3390 Qae
1421 3349 1559 3381 Dominia
1572 3348 1621 3387 ipsi
1635 3357 1689 3386 pro
1705 3354 1779 3385 parte
1791 3346 1873 3377 altera
1892 3345 2023 3384 petebant
2043 3343 2093 3374 s1bi
2107 3343 2164 3373 dari
2185 3343 2213 3372 in
2226 3343 2343 3385 scriptis,

1287 3392 1365 3429 quod
1380 3390 1467 3419 fuerat
1482 3388 1685 3424 incontinenti,
1704 3388 1734 3417 in
1758 3385 1877 3425 quadam
1897 3383 2024 3421 Ceduh,
2042 3382 2091 3413 sub
2111 3393 2147 3413 eo
2169 3381 2274 3419 modo,
2293 3390 2342 3419 qni

1289 3429 1425 3467 sequitur,
1443 3428 1607 3459 verborum.

1326 3505 1574 3535 APERTURA
2022 3511 2024 3513 >

1324 3542 1408 3572 Ultra
1431 3540 1560 3580 Poffi’ffiz,
1580 3526 1689 3570 habita
1701 3561 1710 3575 ,
1728 3538 1767 3573 (ᾤ’
1786 3537 1889 3568 Oblata
1903 3561 1913 3574 ,
1930 3537 2130 3574 Superioritates
2152 3532 2190 3568 &⁴
2212 3534 2340 3562 Dominia

1291 3584 1429 3611 Dlucatum
1443 3583 1564 3608 Turom'ae
1579 3578 1617 3613 ῤ’
1631 3578 1805 3615 Andegaviae
1815 3587 1824 3605 .·

1329 3618 1479 3649 Comitatiis
1493 3616 1530 3651 &1
1549 3619 1651 3646 Patriae
1663 3615 1801 3645 Flandriae
1811 3625 1821 3643 :

1329 3655 1479 3686 Comitattis
1489 3657 1651 3684 Senomaniae
1660 3665 1668 3683 :

1329 3697 1457 3724 Dominia
1473 3692 1510 3726 ἐν
1519 3694 1718 3731 fitpcrioritates
1731 3691 1763 3720 de
1783 3688 1915 3729 Beaufhrt
1937 3687 1975 3723 ὠ
1997 3689 2120 3725 Nogent,
2139 3696 2194 3714 cum
2211 3687 2281 3714 omni
2302 3694 2346 3721 eof

1292 3733 1409 3763 rumdem
1425 3734 1566 3770 Partium,
1584 3730 1644 3767 &a

1331 3808 1369 3839 Et
1382 3808 1419 3839 sic
1437 3807 1608 3839 recesserunt
1618 3807 1647 3837 in
1663 3805 1795 3837 Crastino
1810 3802 1988 3835 conventuri.

1332 3886 1405 3923 Qio
1424 3883 1470 3914 die
1491 3882 1555 3921 post
1577 3882 1724 3921 prandium
1739 3884 1950 3912 conveneruntz,
1971 3876 2020 3912 &,
2038 3874 2154 3918 recitatis
2172 3872 2280 3917 ibidem
2295 3882 2346 3916 per

1295 3922 1525 3962 Archiepiscopum
1538 3923 1567 3955 in
1582 3923 1703 3959 longum
1720 3919 1853 3949 omnibus
1866 3916 1916 3945 illis
1932 3915 2092 3955 Aperturis,
2110 3922 2183 3955 prius
2200 3921 2248 3955 per
2272 3916 2346 3949 ipios

1295 3965 1411 3992 Domino
1431 3964 1496 3998 Regi
1520 3960 1616 3996 factis,
1637 3960 1670 3991 ὃ(
1711 3956 1838 3986 uomodo
1860 3953 1925 3983 Pars
1947 3952 2032 3989 Regis
2053 3959 2159 3987 aperuit
2173 3949 2256 3979 Viam
2281 3959 2347 3987 quae

1295 4010 1356 4033 non
1374 3998 1415 4032 est
1431 3998 1585 4034 verisimilis
1599 3997 1680 4029 istam
1728 4003 1807 4027 acem
1827 3991 1978 4061 iulis—lucere,
1994 3989 2119 4028 petendo
2139 3998 2170 4021 ut
2189 3989 2354 4055 continettjixr²
