2562 4274
697 52 1502 108 CONVENTIONES‚
1557 54 1946 110 L1TERAE,

82 141 212 175 ArmD.
229 156 266 177 ne
280 170 291 184 ,
310 144 383 177 velle
407 143 563 176 contentari
588 143 670 176 Parte
694 143 734 174 sui
748 143 823 181 Juris
842 142 963 181 superius
979 140 1135 174 memorata
1157 142 1287 181 (scilicet)

105 191 191 221 1419·
229 195 298 216 cum
317 185 392 216 dicha
412 184 476 214 villa
493 183 529 212 de
547 181 704 219 Harflewe,
724 183 757 211 &
776 182 852 214 tanta
870 182 1005 212 Portione
1018 182 1116 213 Patriae
1131 182 1222 212 eidem
1237 182 1288 213 ad-

84 226 146 249 Heri.
166 231 193 257 5·
225 225 339 263 jacente
354 248 363 261 ,
392 223 471 260 cujus
498 221 656 251 Proventus
681 220 808 252 sufficere
834 221 944 251 valeant
968 221 1002 251 ad
1019 221 1118 251 Onera
1137 219 1288 252 Custodiae

229 263 304 294 villae
332 260 536 299 supportanda:
566 269 653 295 quam
679 267 777 289 tamen
806 259 991 290 Oblationem
1009 282 1019 297 ,
1043 259 1110 289 licet
1125 259 1160 289 ad
1181 259 1287 290 Pacem

229 302 370 338 amplam,
390 300 453 329 Pars
473 297 626 328 Adversarii
646 297 799 334 supraditsta
814 308 875 327 nori
893 298 1007 328 duxerat
1024 296 1234 334 acceptandam.

265 339 389 369 Praefatis
410 338 492 376 igitur
514 336 595 374 Rege
620 336 653 366 &
674 335 922 367 Ambaffiatoribus
940 347 1000 366 non
1019 336 1173 366 valentibus
1192 337 1286 367 venire

228 384 298 409 tunc
314 378 342 406 in
359 375 470 414 aliquod
489 384 594 412 optatae
612 373 693 404 Pacis
708 373 841 404 Medium
858 374 1066 413 quovismodo,
1086 374 1219 412 tandem,
1239 384 1287 411 per

229 416 360 454 praefatos
383 417 480 450 Regem
505 417 686 443 Romanorum
710 412 748 448 ὠ
767 416 868 442 Ducem
883 438 892 451 ,
911 413 1102 443 disertisfimos
1118 412 1198 443 Pacis
1218 412 1286 443 Me-

228 454 349 484 diatores
365 476 373 489 ,
400 462 474 483 certa
494 462 532 489 qu
540 454 623 482 edam
644 452 841 489 Appun&uata
859 452 891 482 δι’
910 450 1061 488 Concepta
1077 451 1190 481 fuerunt
1206 450 1287 482 Pacis

228 491 412 523 verisimiliter
430 491 592 529 inductiva,
611 491 724 529 Qubus
737 490 886 527 praediems
902 490 967 519 Rex
983 490 1062 520 suum
1081 499 1149 519 mox
1166 491 1286 527 praebuit

226 530 398 561 Alsensum:
425 529 458 559 ὃς
481 529 685 567 consequenter
713 529 890 560 Adversarius
913 528 1068 559 antedictus
1093 528 1145 558 suis
1165 528 1285 566 Literis,

227 568 307 599 dic'to
326 572 390 606 Regi
409 572 587 597 Romanorum
608 567 764 598 transmissis
782 590 791 605 ,
810 567 943 604 rescripsit
959 566 1003 604 se,
1021 565 1130 597 matura
1147 565 1284 604 Consilii,

226 615 285 637 tam
310 607 365 637 suae
386 607 479 646 regalis
498 606 636 643 Prosapiae
653 631 662 644 ,
689 606 775 644 quam
794 606 913 636 aliorum
928 606 965 635 de
980 605 1029 635 suo
1050 614 1155 644 magno
1173 605 1284 635 Conci-

232 71 313 116 130

1324 140 1354 172 bi
1367 141 1536 178 transmissis)
1552 141 1634 174 Pacis
1648 141 1795 174 renovavit
1808 141 1998 182 Tractatum3
2017 152 2050 174 ea
2067 141 2195 181 (scilicet)
2213 140 2384 182 Intentione,
2406 145 2534 184 Anthi),

1324 189 1354 211 ut
1368 190 1436 211 cum
1460 181 1594 214 omnibus
1618 181 1810 220 Hominibus,
1827 183 2009 221 quantumin
2023 184 2051 217 se
2065 182 2157 219 foret,
2177 182 2284 213 Pacem
2297 182 2388 213 habe:
2422 196 2508 227 14¹9·

1323 227 1382 255 ret,
1401 219 1434 249 &
1456 227 1487 249 ut
1502 240 1512 256 ,
1535 219 1673 251 intestinae
1693 220 1850 252 Divisionis
1865 222 1897 250 in
1913 220 2020 260 Regno
2037 220 2162 251 Franci-22
2176 220 2310 251 Scismate
2320 230 2379 251 non
2399 230 2459 257 Han.
2480 237 2509 262 5·

1322 257 1472 294 obstante,
1490 257 1561 286 inter
1578 258 1601 287 F
1603 261 1703 289 ranciae
1715 260 1748 290 &
1764 259 1876 298 Angliae
1892 258 1995 297 Regna
2009 259 2123 297 praesata
2140 259 2218 290 Pacis
2238 258 2381 298 integritas

1322 296 1461 338 resultaret
1475 307 1488 338 3
1510 295 1566 332 qua
1580 298 1782 335 consequenter
1804 299 1832 327 in
1847 297 1955 337 Regno
1970 298 2094 328 Franciae
2108 298 2245 329 suboriret
2255 297 2382 336 jocunda

1322 332 1403 377 Pacis
1417 333 1547 376 Bonitas,
1566 334 1599 364 &
1625 335 1655 363 in
1670 336 1784 368 suavem
1800 335 1978 367 ConcordIae
1995 335 2156 367 Melodiam
2176 345 2331 372 verteretur
2344 337 2384 367 la-

1323 372 1474 402 crimabilis
1489 381 1545 410 eJus
1561 372 1666 402 Seiiio.
2116 394 2118 396 v
2151 395 2163 398 .,
2186 396 2190 402 -
2218 407 2223 411 ,

1353 409 1400 453 'In‘
1414 420 1476 452 quo·
1495 409 1590 453 revera
1609 410 1750 454 JI'raCtatu
1785 412 1898 452 raefatus
1918 415 1994 451 Rex,
2014 413 2052 442 ne
2066 420 2177 445 tantum
2191 412 2309 448 Bonum
2321 424 2382 445 am-

1321 447 1417 491 plior-is
1436 447 1588 491 Dilationis
1608 458 1760 480 incommo
1781 461 1800 480 o
1820 453 1987 490 subjaceret,
2007 451 2111 482 eisdem
2128 451 2381 489 Ambaffiatoribus

1319 496 1418 523 aperiri
1433 486 1499 517 fecit
1514 486 1549 517 de
1564 487 1647 524 plano
1662 486 1854 520 Intentionem
1866 492 1956 525 suam·

1326 565 1330 569 ·
1359 523 1516 563 Videlicet,
1569 525 1635 562 uod,
1653 526 1791 556 dummodo
1805 528 1861 557 Sibi
1881 528 1919 564 όν
1938 514 2098 563 ἐῖιενεᾶίόω
2120 526 2179 567 siis
2194 529 2378 563 dimitteretur

1320 562 1370 606 illa
1395 565 1466 592 Pars
1484 565 1498 580 *⁶
1531 567 1558 593 ui
1575 562 1659 602 Juris
1673 588 1683 601 ‚
1711 564 1743 593 de
1764 565 1818 605 quei
1839 566 1986 605 praefertur
1998 564 2087 606 qubd,
2103 566 2204 597 inclite
2216 570 2377 606 JQmoriae,
2396 565 2415 586 ²¹²
2436 568 2486 597 1x.

1320 600 1463 632 hdwardo
1486 601 1560 641 Regi
1586 602 1675 632 debuit
1697 603 1844 643 remanstffe
1859 627 1868 642 ,
1894 616 1925 634 ac
1950 612 2023 634 totus
2038 607 2163 636 Ducatus
2178 608 2377 645 Normanm'ae,
2398 605 2463 642 789.

226 646 282 683 lio,
301 645 513 676 Deliberatione
529 645 698 683 praehabitfi,
715 644 868 675 decreviise
889 644 964 683 quod
983 654 1014 674 ea
1031 646 1129 674 omnia
1147 653 1200 683 pro
1216 642 1284 674 Par·
1321 638 1358 673 ό
1378 644 1466 669 omnia
1484 644 1589 679 Terrae,
1608 644 1752 679 Dominia,
1771 645 1926 680 Civitates,
1941 641 1980 677 ό·
1995 646 2071 672 Loca
2080 651 2130 681 per
2142 646 2225 684 ipsum
2236 647 2337 682 Regem
2348 648 2378 675 in

74 1536 90 1552 ⁸
109 1537 160 1564 lx.

77 1574 141 1610 738.

226 693 254 716 te
273 684 319 715 sua
334 684 449 715 fideliter
467 684 638 721 adimpleret.

262 723 318 753 Sed
336 723 400 761 post
412 746 421 761 ,
439 722 606 753 adveniente
622 723 784 757 Termino,
803 731 862 759 quo
879 720 1061 759 appunetuari
1080 720 1219 751 debuisset
1235 730 1285 758 ge-

226 762 325 792 neralis
345 762 459 799 Treuga
484 761 643 791 Triennalis
668 763 738 791 inter
762 761 907 797 Principes
930 761 963 790 &
982 758 1087 795 Regna
1111 759 1284 798 supradiCta,

227 801 298 831 infra
318 810 402 837 quem
422 801 508 831 iidem
530 799 674 838 Principes
692 801 720 829 in
739 800 833 837 aliquo
854 799 937 828 Loco
953 821 962 836 ,
982 799 1012 827 in
1033 798 1170 828 Marchiis
1188 798 1284 829 Picar-

225 839 281 870 diae
301 839 334 869 ad
352 841 381 869 id
400 839 551 876 eligendo,
570 848 622 876 pro
640 838 719 869 Pacis
741 837 960 868 Rei'ormatione
978 835 1156 878 personaliter
1175 846 1284 866 conve-

226 878 329 909 nissent
357 879 452 916 (prout
475 878 504 907 in
524 877 655 907 Articulis
673 877 818 907 antediftis
836 876 944 913 plenius
961 874 1002 904 est
1022 875 1193 912 expressum)
1214 877 1285 904 Pars

226 916 361 956 Adverfiz
375 941 384 953 ,
405 916 520 946 suorum
538 915 623 945 oblita
643 914 867 951 Promifforum,
885 913 914 944 id
931 913 1024 943 facere
1041 913 1178 944 recusavit
1192 914 1222 943 in
1238 922 1285 944 to-

224 956 309 986 talem
329 955 546 986 Subversionem
566 954 710 983 Laborum
726 953 869 983 diciorum
888 951 1093 982 Mediatorum.

264 994 333 1024 Post
361 993 437 1023 Haec
449 1016 459 1031 ,
483 992 669 1022 Considerans
687 995 745 1021 Rex
764 990 935 1030 fiipraa'idi‘us
953 998 1097 1020 tantorum
1114 989 1283 1028 Principum

223 1032 370 1071 operosam
388 1031 594 1061 solicitudinem
613 1031 645 1060 δε
666 1031 742 1060 suam
762 1029 840 1059 iimul
858 1029 961 1064 illusas,
980 1028 1018 1058 nil
1032 1028 1105 1058 aliud
1124 1028 1175 1058 sibi
1191 1029 1286 1066 super-

223 1071 280 1100 effe
295 1070 433 1109 prospexit
453 1070 539 1108 quam
557 1069 590 1099 ad
611 1069 736 1100 Armatae
762 1067 869 1098 Manus
889 1067 1037 1098 Auxilium
1055 1067 1152 1098 denuo
1172 1078 1286 1100 convo-

226 1110 290 1140 lare.

263 1148 467 1187 Qamobrem
487 1146 512 1176 sc
533 1147 674 1177 convertit
691 1147 721 1176 in
741 1145 887 1176 Ducatum
905 1145 985 1176 suum
1005 1144 1177 1175 Normaniae
1189 1169 1199 1183 ,
1218 1144 1288 1176 Par-

223 1195 283 1219 tem
301 1187 339 1217 sui
352 1187 428 1228 Juris
446 1185 596 1223 antedicti,

260 1225 350 1263 Cujus
370 1222 500 1255 Ducatiis
518 1223 634 1254 notabili
653 1222 733 1254 Parte
751 1232 801 1260 per
822 1222 912 1260 ipsum
930 1221 1044 1261 Regem
1062 1222 1180 1253 obtenta
1196 1246 1205 1260 ,
1231 1222 1288 1252 ob-

226 1264 289 1295 tulit
315 1274 383 1295 tunc
407 1264 526 1294 demum
554 1265 623 1292 Pars
648 1261 767 1301 adverfia
787 1261 812 1291 se
828 1271 896 1291 cum
916 1260 976 1298 ipso
1000 1260 1086 1299 Rege
1104 1260 1184 1292 Pacis
1201 1262 1287 1293 initu—

224 1313 284 1334 ram
303 1302 490 1339 Tractatum,
509 1301 591 1340 Rege
607 1309 676 1332 mox
693 1309 842 1331 annuente.
889 1338 894 1343 ³
1007 1338 1011 1343 .

261 1342 295 1372 ln
324 1352 383 1379 quo
408 1342 503 1372 revera
530 1341 666 1371 Tractatu
692 1341 720 1369 in
736 1338 808 1370 aliud
829 1338 909 1368 Pacis
929 1336 1064 1368 Medium
1084 1338 1198 1369 nolebat
1215 1340 1286 1367 Pars

222 1381 342 1421 adversa
360 1381 500 1411 declinare
512 1402 521 1416 ,
547 1379 595 1410 nisi
613 1377 691 1417 quod
710 1378 775 1408 Rex
794 1376 960 1415 praedictus,
982 1375 1099 1406 dimiffis
1115 1375 1285 1407 Adversario

222 1421 271 1450 suo
290 1419 429 1458 praedieto
445 1419 578 1449 omnibus
595 1419 624 1448 in
643 1416 758 1447 Ducatu
776 1415 809 1446 N
812 1415 970 1457 ormanniae
989 1415 1168 1453 conquaesitis
1181 1439 1191 1454 ,
1210 1425 1284 1446 con-

223 1467 373 1490 tentaretur
392 1457 518 1489 Coeteris
533 1457 629 1487 Terris
645 1456 681 1486 ab
699 1455 757 1494 ipsa
776 1454 857 1484 Parte
878 1454 926 1483 libi
943 1453 1044 1484 oblatis
1060 1465 1071 1492 3
1095 1463 1163 1492 quas
1181 1463 1285 1485 teneret

221 1498 259 1528 ab
276 1497 443 1529 Adversario
460 1496 596 1534 praedicto
612 1518 621 1533 ,
644 1503 777 1532 tanquam
797 1492 931 1522 Domino
949 1490 998 1522 suo
1019 1492 1112 1536 Ligeo
1129 1494 1164 1524 &
1181 1492 1285 1530 Supre-

226 1546 295 1574 m03
313 1535 394 1566 Cum
413 1545 523 1572 tamen,
543 1544 590 1572 per
609 1533 699 1571 ipsum
717 1534 735 1551 ⁸
755 1532 886 1570 Regem,
904 1529 1023 1562 adversae
1036 1529 1112 1561 Parti
1126 1531 1201 1569 saepe
1216 1532 1284 1561 fuis-

223 1575 262 1606 set
284 1575 440 1612 expositum
463 1572 540 1612 quod
563 1573 600 1602 nil
627 1581 729 1602 eorum
752 1570 908 1601 dimitteret
922 1592 932 1607 ,
958 1579 1022 1614 quae
1047 1569 1083 1613 de

223 1613 378 1651 praedietis,
398 1613 499 1643 Auxilii
515 1610 637 1642 coelestis
656 1610 785 1648 Favore,
799 1608 833 1640 ad
850 1608 906 1639 suae
921 1608 1081 1640 Serenitatis

224 1654 342 1691 tingeret
359 1652 510 1690 pervenire.

262 1691 462 1729 Quamobrem
479 1712 488 1727 ,
514 1687 696 1725 Negantibus
719 1685 801 1717 dictis
823 1684 909 1723 Rege
928 1684 960 1715 &
985 1684 1237 1717 Ambassiatoribus
1254 1686 1282 1715 in

220 1730 400 1760 desideratam
417 1729 512 1758 venire
525 1726 721 1757 Concordiam
732 1748 742 1763 ,
757 1724 845 1756 iidem
862 1722 1078 1754 Ambassiatores
1093 1725 1128 1754 ab
1147 1724 1205 1762 ipso
1222 1724 1284 1754 Re-

220 1778 256 1808 ge
275 1768 390 1798 finaliter
414 1768 554 1805 petierunt
575 1765 652 1804 quod
671 1787 681 1803 ,
709 1764 747 1802 si,
772 1762 836 1802 post
849 1762 990 1792 Reditum
1006 1772 1108 1794 eorum
1124 1763 1159 1793 ad
1177 1763 1285 1793 Domi-

221 1817 292 1838 num
306 1807 386 1837 suurn
403 1806 577 1843 Supremum
593 1827 602 1842 ,
625 1803 680 1833 suae
694 1801 861 1834 Celsitudini
874 1801 1068 1839 complaceret
1080 1810 1185 1839 optatae
1202 1801 1282 1832 Pacis

221 1846 370 1877 Tradiatui
391 1844 521 1875 Ulterius
545 1842 708 1879 immorari,
734 1841 830 1872 liceret
847 1839 1100 1871 Ambassiatoribus
1115 1840 1184 1878 suis,
1202 1840 1234 1870 ea
1249 1840 1285 1870 de

221 1883 314 1914 Causa
336 1883 553 1915 transmittendis
567 1906 575 1919 ,
598 1881 738 1911 declinare
758 1880 793 1910 ad
814 1878 1014 1909 Munitionem
1030 1879 1153 1917 aliquam
1173 1879 1285 1909 versum

221 1923 340 1953 Locum
363 1922 485 1952 habendi
507 1918 659 1951 Triclati'is
676 1943 684 1956 ,
704 1920 737 1950 &
753 1919 810 1949 illic
824 1919 885 1949 tute
900 1927 1014 1948 manere
1026 1917 1095 1948 dum
1109 1927 1163 1956 pro
1182 1917 1285 1948 Literis

219 1962 284 1993 salvi
308 1960 480 1991 Conduc‘lsis
503 1959 611 1997 praefati
632 1958 718 1993 Regis
741 1958 914 1994 mitteretur,
932 1955 1132 1987 Promittentes
1149 1956 1244 1994 quod,
1264 1957 1284 1987 si

221 2010 253 2030 ea
266 2000 339 2031 foret
359 1999 481 2029 Intentio
499 2007 597 2028 eorum
615 1996 738 2025 Domini
754 1996 903 2033 Supremi,
921 1995 1000 2032 quod
1013 1994 1096 2024 dictae
1114 1994 1192 2024 Pacis
1207 1995 1283 2026 Tra-

222 2039 309 2070 &atui
324 2039 435 2069 ulterius
450 2046 591 2068 vacaretur
603 2057 612 2072 ,
628 2034 762 2065 Praefatus
782 2034 845 2064 Rex
859 2033 894 2064 de
909 2033 967 2063 hoc
988 2033 1046 2071 ipso
1066 2033 1160 2064 debite
1178 2034 1284 2064 certio-

219 2088 295 2108 retur
311 2077 381 2107 infra
397 2075 526 2107 Mensem
542 2083 576 2104 ex
590 2082 658 2105 tunc
675 2074 808 2111 proximo
825 2071 1003 2102 secuturum:
1023 2081 1148 2110 quorum
1163 2071 1282 2103 Petitio-

219 2118 248 2147 ni
273 2116 337 2146 Rex
355 2115 468 2146 duxerat
487 2112 690 2150 annuendum,
715 2120 802 2149 quem
823 2119 916 2141 tamen
928 2133 938 2148 ,
955 2120 1010 2141 nec
1026 2110 1094 2141 infra
1113 2110 1284 2149 praediCtum

221 2154 356 2187 Mensem
373 2177 382 2192 ,
407 2164 461 2184 nec
479 2154 506 2183 in
523 2152 657 2190 praesenS,
676 2151 787 2180 curavit
806 2158 865 2187 pars
883 2149 992 2180 adversa
1006 2149 1086 2186 super
1102 2150 1161 2180 hoc
1179 2148 1284 2179 certifi-

219 2203 296 2225 care:
321 2193 399 2232 Qiae
418 2193 478 2224 Res
497 2191 556 2223 satis
576 2189 715 2220 Innuebat
739 2188 936 2218 Adversarium
950 2187 1125 2219 antedictum
1139 2196 1208 2219 tunc
1223 2187 1285 2219 Re-

219 2243 308 2264 nuere
322 2241 391 2263 cum
407 2231 466 2269 ipso
478 2230 560 2269 Rege
574 2228 643 2260 ultra
658 2227 694 2258 de
710 2226 784 2258 Pace
801 2226 924 2257 metare.
1096 2267 1100 2269 ,

260 2271 294 2301 N
299 2271 482 2302 ichilominus
497 2277 593 2300 tamen
603 2290 611 2305 ,
914 2304 918 2308 .

255 2309 354 2348 Cum,
373 2308 409 2338 de
432 2307 587 2344 Mandato,
604 2303 774 2336 sanctissimi
795 2304 825 2334 in
846 2302 966 2334 Christo
989 2302 1076 2334 Patris
1091 2303 1125 2335 &
1140 2301 1284 2342 Domini,

220 2348 345 2379 Domini
361 2349 502 2385 Martini,
522 2344 627 2376 Divina
643 2342 843 2379 Providentia,
864 2345 946 2380 Papae
960 2342 1088 2372 Moderm'
1102 2365 1111 2381 ,
1136 2341 1285 2372 Reveren-

220 2387 345 2418 diffimus
363 2387 391 2415 in
404 2385 523 2416 Christo
535 2385 635 2421 Pater,
652 2380 807 2412 Cardl'nalix
824 2381 856 2410 de
869 2381 988 2421 Urfim's,
1006 2380 1039 2411 ad
1047 2381 1157 2412 diffitutn
1173 2380 1284 2420 Regem

222 2427 303 2459 Pacis
320 2425 345 2455 L
364 2427 476 2455 vatione
492 2424 674 2462 fungeretur,
1032 2459 1036 2463 Ι

261 2464 340 2494 Idem
392 2473 426 2494 ex
441 2487 450 2500 ,
475 2462 556 2499 ipsius
580 2460 680 2499 Legati
700 2458 888 2495 suasionibus,
917 2458 957 2489 ob
980 2457 1037 2488 Dei
1060 2459 1094 2490 δε
1111 2458 1285 2496 Apostolicae

224 2500 302 2532 Sedis
323 2502 524 2532 Reverentiam
540 2524 550 2539 ,
575 2497 685 2529 indilata
710 2497 917 2535 promritudine
938 2497 1186 2535 condescendens,
1205 2498 1285 2527 exhi-

221 2540 283 2571 buit
306 2540 332 2570 se
349 2549 473 2576 paratum
496 2538 530 2568 ad
551 2537 718 2568 Traetatum
740 2536 819 2566 Pacis
839 2545 907 2565 cum
933 2535 1098 2565 Adversario
1127 2535 1286 2565 Renovan-

223 2580 312 2616 duni,
332 2577 572 2616 quemadmodum
587 2576 623 2606 sic
641 2576 809 2616 renovavit,
827 2573 942 2611 praesato
956 2573 1131 2604 Reverendo
1147 2573 1229 2604 Patre
1243 2575 1285 2604 ei-

225 2617 293 2648 dem
307 2616 453 2646 Traetatui
472 2615 547 2645 suam
563 2614 713 2644 exhibente
729 2612 918 2643 Praeiemiam.

265 2656 290 2685 A
306 2665 364 2693 quo
383 2655 518 2684 Tratlatu
542 2651 759 2683 Ambaffiatorffi
773 2651 858 2680 dictae
881 2650 966 2680 Partis
985 2650 1124 2687 adversae,
1144 2650 1225 2681 Pacis
1241 2651 1285 2680 in-

226 2694 303 2725 meio
322 2693 457 2729 Negotio
475 2715 484 2730 ,
509 2693 623 2729 repente
646 2690 673 2719 se
697 2689 890 2726 diverterunt,
913 2688 946 2718 ea
969 2688 1026 2719 solii
1048 2690 1083 2719 de
1099 2688 1192 2719 Causa
1207 2689 1285 2725 quod

230 2732 448 2763 Ambailiatores
469 2730 554 2760 iidem
569 2753 579 2768 ,
604 2731 633 2760 in
651 2727 798 2759 tractando
808 2749 817 2765 ,
836 2735 1003 2757 conarentur
1019 2728 1057 2757 uti
1073 2727 1132 2757 solo
1146 2728 1195 2758 suo
1210 2726 1286 2757 Idio-

228 2781 303 2802 mate
318 2770 449 2808 naturali,
468 2768 558 2807 Cujus
575 2776 651 2798 erant
668 2765 885 2796 Ambailiatores
897 2765 966 2795 dicti
983 2764 1070 2802 Regis
1084 2767 1181 2804 ignari.

267 2810 416 2840 Petebatur
432 2831 441 2847 ,
468 2818 516 2845 per
539 2806 651 2838 Partem
665 2804 734 2835 dieti
753 2805 859 2842 Regis,
880 2803 975 2841 quod,
993 2805 1022 2833 in
1039 2804 1120 2841 ipsius
1134 2804 1286 2834 TraCiatiis

227 2848 313 2887 serie,
332 2847 429 2878 fierent
452 2845 703 2877 Pronunciationes
724 2845 757 2874 &
782 2843 981 2886 Appuncstuata
1002 2843 1031 2886 in
1053 2842 1193 2873 Sermone
1212 2843 1287 2874 Lati-

229 2897 269 2917 no
286 2910 295 2924 ,
320 2887 428 2924 utrique
451 2885 574 2915 partium
595 2883 769 2919 communi,
794 2891 866 2911 noto
881 2904 891 2919 ,
921 2882 955 2911 &
971 2880 1156 2912 indifferenti:
1177 2882 1211 2913 &
1225 2892 1286 2912 non

229 2925 335 2957 eisdem
357 2924 485 2955 Partibus
502 2923 591 2954 solum
606 2945 616 2960 ,
639 2921 684 2952 sed
700 2920 815 2958 praefato
830 2919 1008 2950 Sanctiffimo
1024 2920 1053 2949 in
1065 2918 1182 2950 Christo
1197 2919 1287 2959 Patri,

230 2965 376 3002 Sacroque
398 2962 534 2997 Collegio
557 2960 769 2996 Cardinalium,
792 2960 824 2990 &
841 2959 898 2988 aliis
917 2957 1095 2996 Principibus
1111 2957 1287 2997 Catholicis,

230 3005 259 3033 in
277 3011 398 3041 quorum
413 3000 559 3031 Notitiam
570 3023 580 3039 ,
599 2999 617 3029 si
630 2998 737 3029 Pacem
753 2997 887 3028 concludi
902 2998 1099 3036 contingeret,
1117 3006 1189 3034 opus
1203 2997 1287 3036 esset,

231 3052 286 3081 pro
301 3041 420 3080 ejusdem
436 3039 568 3076 perpetua
582 3037 728 3074 firmitate,
748 3037 829 3074 ipfius
846 3035 927 3065 Pacis
941 3036 1129 3073 appun&uata
1143 3036 1249 3066 venire.

270 3080 324 3117 Et,
343 3087 374 3109 ut
396 3077 517 3116 praefatae
540 3077 672 3107 Petitioni
689 3097 699 3112 ,
720 3083 777 3104 tam
793 3073 993 3105 rationabili&
1009 3075 1017 3103 i
1039 3073 1197 3111 differenti,
1216 3074 1289 3105 Am-

232 3118 392 3149 baffiatores
408 3116 493 3149 Partis
508 3114 627 3146 adversae
640 3113 665 3143 ie
681 3113 786 3142 facilius
801 3113 986 3150 inclinarent,
1029 3124 1063 3142 ex
1086 3112 1288 3144 condescendit

233 3157 347 3186 cuidam
366 3154 470 3186 Medio
481 3178 489 3192 ,
505 3163 556 3191 pro
569 3151 760 3183 satisfaciendo
778 3151 926 3182 Desideriis
942 3151 1086 3180 dictorum
1103 3151 1291 3182 Ambaffiato-

233 3204 297 3225 rum
315 3217 324 3231 ,
356 3204 405 3231 per
436 3192 584 3230 praefatum
605 3190 768 3220 Dominum
790 3189 961 3218 Cardinalem
982 3189 1111 3226 avisato3
1135 3189 1266 3220 videlicet
1281 3213 1291 3229 ,

234 3233 322 3272 §23de
333 3236 415 3261 etiam
430 3230 509 3269 fitper
527 3227 751 3268 Appunc‘luandis
773 3226 919 3266 hujufitiodi'
929 3226 1065 3265 firiptura
1082 3227 1190 3256 Gallica
1207 3231 1290 3257 conci-

227 3277 357 3309 perentur
372 3281 382 3307 5
400 3271 460 3298 dum
482 3278 572 3298 tamen
592 3273 733 3297 caveretur
754 3269 782 3294 in
813 3266 903 3294 eadem
924 3266 995 3305 quod
1006 3290 1015 3302 ,
1024 3265 1139 3306 fifhper
1153 3265 1291 3295 intelleffu

233 3309 365 3338 diciorum
379 3311 427 3345 Ap
444 3307 656 3336 unfriiandorum
671 3305 776 3333 dubium
791 3308 820 3332 in
828 3303 954 3342 ficturum
970 3307 1103 3341 oriretur,
1119 3314 1147 3332 eo
1160 3303 1229 3342 Cafit
1248 3308 1291 3333 in-

234 3349 392 3385 terpretatio
435 3349 473 3374 eri
497 3346 601 3375 deberet
622 3353 676 3374 non
689 3342 779 3381 juxta
800 3346 964 3380 Scripturam
986 3341 1119 3371 Gallicam
1133 3342 1187 3381 Jed
1208 3345 1293 3372 Lati-

233 3397 308 3416 nam.

272 3422 342 3454 Post
362 3422 437 3453 Haec
461 3425 520 3451 Rex
543 3420 712 3459 ficpradielus
724 3441 734 3456 ,
752 3420 768 3448 a
785 3417 918 3456 Delphina
937 3420 1065 3456 Viennae,
1084 3417 1111 3448 se
1128 3416 1291 3456 Regentem

235 3462 364 3493 Franciae
379 3459 582 3498 praetendente,
599 3459 632 3488 ad
650 3457 729 3488 Pacis
743 3457 911 3487 Tractatum
925 3457 1070 3494 invitatus,
1090 3456 1213 3494 ejusdem
1221 3457 1292 3487 Del-

234 3502 314 3540 phini
331 3500 480 3531 Desideriis
497 3499 596 3527 votive
611 3495 819 3527 condescendit.

273 3539 348 3570 Inter
371 3548 442 3574 quos
461 3540 555 3574 Regem
576 3534 800 3572 &Delphinum
820 3532 1062 3563 Anibaffiatorum
1076 3532 1192 3563 suorum
1206 3533 1292 3563 inter-

234 3587 320 3608 ventu
339 3601 349 3616 ,
375 3576 455 3607 Pacis
478 3574 615 3604 inchoato
644 3573 781 3602 Trac'tatu
796 3594 805 3609 ,
830 3571 943 3601 tandem
965 3571 1163 3610 AppunChiata
1185 3571 1238 3601 fuit
1259 3573 1291 3602 &

235 3615 420 3648 Concordata
436 3613 506 3644 Dies
521 3612 679 3642 Dominica
693 3611 836 3645 (videlicet
850 3610 905 3647 qua
926 3619 1050 3640 cantatur
1066 3609 1210 3640 Officium
1228 3612 1294 3639 Lae-

238 3664 297 3686 tare
312 3653 480 3694 Jerusalem)
507 3650 563 3689 qua
586 3649 728 3685 Principes
750 3648 797 3685 ipsi
819 3648 993 3684 personaliter
1010 3649 1165 3678 convenire
1179 3648 1291 3678 debuis-

239 3695 298 3724 sent
314 3696 341 3722 in
360 3693 461 3729 Loco,
480 3691 552 3720 inter
567 3686 720 3718 Civitatem
735 3686 935 3716 Ebroicensem
951 3686 984 3716 &
999 3684 1102 3716 Villam
1111 3685 1275 3717 Drocarum
1285 3709 1295 3724 ,

239 3743 287 3770 per
305 3730 521 3761 Ambaffiatores
537 3728 659 3758 Partium
672 3725 852 3766 concorditer
865 3724 1006 3762 eligendo.

279 3770 323 3800 Ad
345 3771 422 3805 cujus
443 3766 654 3798 Conventionis
670 3763 873 3794 observantiam
887 3786 896 3800 ,
922 3772 955 3792 ac
976 3762 1108 3792 omnium
1123 3763 1150 3791 in
1167 3761 1200 3792 ea
1212 3761 1294 3793 Parte

243 3804 509 3845 Apptln&llatorum
524 3828 533 3844 ,
559 3807 619 3833 Rex
641 3801 694 3842 ipfi
710 3825 720 3839 ‚
745 3803 773 3831 in
792 3800 890 3841 Ver-bo
905 3800 1001 3839 Regio
1016 3822 1026 3837 ‚
1044 3800 1192 3838 Delphinus
1205 3803 1275 3831 νεῐὸ
1285 3823 1295 3839 ,

241 3846 428 3876 Sicroianffis
443 3843 600 3883 Evangeliis
615 3840 794 3878 corporaliter
807 3840 824 3869 a
836 3842 861 3868 ie
875 3840 955 3868 tactis
964 3860 973 3875 ,
987 3838 1148 3875 juramenta
1161 3839 1296 3879 praestite-

240 3894 325 3920 runt,
345 3893 428 3919 prout
444 3893 544 3914 eorum
562 3882 667 3911 Literae
681 3879 808 3909 Patentes
823 3876 998 3907 manifestant
1012 3876 1164 3907 evidenter.

280 3921 401 3950 Rursum
419 3943 428 3958 ,
451 3921 486 3950 ad
505 3919 729 3950 postulationem
745 3914 899 3947 Adversarii
923 3916 959 3944 sui
976 3915 1113 3952 Franci-e,
1124 3914 1296 3954 fiapradiHus

239 3960 301 3989 Rex
318 3968 386 3990 cum
402 3957 650 3989 Ambassiator'ibus
672 3955 793 3995 ejusdem
810 3952 964 3985 Adversarii
979 3953 1032 3991 (ob
1050 3962 1113 3983 eam
1128 3952 1249 3985 Causam
1262 3954 1296 3984 si—

1095 1569 1211 1639 l[ligibus
1232 1570 1284 1600 suis

1151 1618 1201 1639 nus
1211 1618 1284 1639 con·
1324 1607 1333 1643 (

1313 678 1364 717 suo
1379 682 1468 715 Regno
1483 682 1604 708 Franciae
1621 679 1768 720 adquaefita
1777 703 1786 718 ,
1801 684 1829 709 in
1842 681 1950 720 reliquii·
1958 703 1968 717 ,
1979 681 2026 710 ‘ad
2041 686 2176 713 Coronam
2185 687 2310 714 Franciae
2317 683 2380 723 spe-

1320 718 1472 755 c‘lantibus,
1489 718 1554 747 Rex
1568 717 1624 755 ipse
1637 717 1733 748 taliter
1738 717 1778 758 J?
1787 720 1927 748 Moderari
1941 725 2063 756 curaret,
2081 720 2157 760 qued
2168 725 2239 760 peri
2268 733 2312 752 um
2325 733 2381 753 non

1319 764 1468 785 remaneret
1484 758 1627 794 Negotium
1642 759 1720 787 Pacis
1732 756 1878 796 infestum,-
1899 759 1962 786 Hiis
1977 757 2094 787 adiciens
2112 759 2188 799 quad
2205 765 2234 791 m‘
2261 760 2375 800 horum,

1320 805 1378 834 quae
1393 801 1456 824 tunc
1468 794 1586 825 habebat
1596 818 1606 834 ,
1623 803 1673 825 aut
1685 807 1786 837 quoquo
1799 795 1952 837 modoforet
1965 799 1995 825 in
2011 794 2147 834 qulerum
2163 797 2325 838 habiturus,
2340 807 2381 831 te-

1321 840 1396 862 neret
1406 841 1588 874 praetei·quam
1604 833 1620 863 ἃ
1632 833 1692 878 stilo
1705 837 1773 864 Deo.
2206 855 2209 857 ·

1356 871 1520 910 Caeterum,
1538 873 1704 904 adveniente
1725 873 1868 904 Termino
1892 874 1920 903 in
1935 883 1967 905 ea
1983 872 2066 903 Parte
2080 872 2217 911 praefixo,
2235 884 2294 912 quo
2308 875 2382 907 Am-

1321 909 1479 940 baffiatores
1500 912 1645 942 didiorum
1668 914 1744 949 Regis
1767 913 1800 942 &
1823 910 1952 950 Delphini
1973 913 2128 942 convenire
2149 911 2307 944 debuiflent
2328 924 2382 952 pro

1322 948 1526 979 concordando
1537 950 1621 980 Loco
1634 953 1823 981 Conventionis
1839 951 2020 989 supradietae,
2039 949 2258 982 Ambaffiatores
2273 952 2382 989 praefati

1323 986 1478 1026 Delphini,
1498 987 1560 1025 post
1575 987 1745 1020 Terminum
1763 990 1922 1028 venientes,
1940 988 2083 1020 Electioni
2100 987 2176 1019 Loci
2190 990 2319 1027 praedicti
2339 992 2384 1022 in-

1323 1027 1436 1056 tendere
1457 1028 1607 1057 noluerunt
1624 1039 1634 1064 3
1662 1027 1734 1057 Hoc
1749 1026 1840 1058 solum
1861 1037 1972 1068 agentes
1990 1037 2021 1059 ut
2042 1026 2167 1066 ejusdem
2187 1031 2382 1061 Conventionis

1324 1064 1524 1103 Appunciuata
1539 1064 1656 1096 Effeetu
1672 1065 1779 1104 sperato
1794 1065 1965 1097 frustrarent.

1361 1102 1423 1141 Et,
1449 1104 1513 1134 licet
1529 1104 1676 1143 praediffus
1694 1108 1755 1134 Rex
1774 1104 1809 1135 ad
1829 1104 1987 1136 Civitatem
2004 1104 2197 1137 Ebroicarum
2209 1129 2220 1144 ,
2243 1114 2304 1136 non
2327 1106 2385 1139 fine

1326 1143 1433 1181 magnis
1448 1142 1595 1173 Laborum
1618 1143 1737 1173 Attediis
1755 1144 1797 1181 (ut
1809 1142 1845 1175 de
1859 1143 2025 1182 Sumptibus
2038 1144 2189 1180 taceamus)
2209 1145 2387 1183 personaliter

1323 1181 1460 1211 accedens
1469 1204 1478 1219 ,
1495 1180 1600 1212 dieram
1617 1184 1827 1212 Conventionem
1841 1183 1870 1213 iri
1878 1182 2024 1213 Termino
2036 1182 2129 1213 fuisset
2143 1182 2294 1215 observare
2306 1194 2386 1223 para-

1324 1227 1382 1258 tuS,
1401 1218 1538 1250 Praefatus
1555 1229 1650 1251 tamen
1668 1219 1818 1259 Delphinus
1841 1221 1975 1258 (aliorum
1989 1221 2195 1260 quorumdam,
2212 1230 2244 1253 ut
2257 1231 2387 1262 putatur,

1324 1258 1451 1327 idnsilubri
1464 1257 1722 1303 dustusrConsilio)
1738 1260 1862 1298 ejusdem
1877 1263 2069 1290 conventionis
2076 1259 2278 1292 observationi
2293 1262 2388 1293 inten-

1345 1307 1391 1328 ere
1406 1307 1466 1328 non
1481 1306 1598 1328 curavit.

1361 1336 1569 1374 Subsequenter
1583 1359 1592 1374 ,
1617 1334 1796 1368 Adversarius
1818 1336 1989 1375 supradictus
2003 1342 2017 1376 ,¹
2034 1336 2063 1367 su
2100 1346 2114 1366 r
2134 1336 2297 1368 Intentione
2319 1337 2391 1370 dieti

1323 1373 1430 1414 Regis,
1447 1376 1517 1405 sicut
1531 1374 1677 1413 praefertur
1694 1398 1703 1413 ,
1720 1375 1814 1413 aperta
1828 1398 1838 1414 ,
1855 1375 1949 1406 habita
1964 1385 2033 1406 cum
2098 1376 2188 1406 ncilio
2202 1377 2251 1407 suo
2264 1375 2387 1408 Delibe-

1323 1417 1430 1444 ratione
1452 1413 1558 1444 matura
1568 1436 1578 1451 ,
1593 1415 1676 1445 certis
1693 1413 1945 1445 Ambaffiatoribus
1965 1414 2017 1445 suis
2032 1415 2061 1444 in
2077 1414 2111 1445 ea
2126 1413 2210 1445 Parte
2224 1416 2388 1455 commisit,

1321 1461 1352 1482 ut
1373 1453 1471 1482 omnia
1496 1452 1667 1490 supradicta,
1707 1463 1750 1483 uae
1784 1453 1869 1484 raefati
1886 1453 1974 1492 Regis
1986 1452 2111 1484 Intentio
2123 1452 2385 1494 complectebatur,

1322 1490 1415 1521 eidem
1431 1490 1506 1528 Regi
1522 1490 1676 1530 offerrent;
1734 1463 1794 1522 erfo
1807 1492 1921 1523 tenendi
1934 1492 2046 1531 praefata
2061 1492 2205 1523 dumtaxat
2220 1492 2382 1530 subpresso:

1358 1530 1436 1567 Qiae
1448 1531 1564 1567 omnia,
1581 1538 1616 1560 ex
1629 1530 1784 1561 abundanti
1803 1529 1937 1569 Caurelfi,
1956 1532 2129 1561 nominatim
2144 1530 2178 1562 &
2190 1531 2240 1561 sub
2259 1540 2294 1561 ex
2315 1531 2385 1563 ressa

1323 1567 1427 1598 Forma
1451 1567 1612 1598 Verborum
1634 1568 1826 1608 Adverfizrius
1845 1569 1901 1608 ipse
1915 1591 1925 1607 ,
1949 1569 2000 1599 suis
2022 1568 2270 1600 Commisfionum
2312 1571 2385 1601 iteris

1338 1606 1470 1644 Quarum
1493 1606 1615 1644 Tenor,
1638 1607 1687 1637 sub
1709 1607 1834 1645 ejusdem
1858 1607 2014 1638 Adversarii
2037 1607 2152 1647 sigillo,
2172 1616 2257 1646 penes
2271 1607 2383 1639 dietum

1322 1645 1436 1684 Regem
1451 1644 1553 1682 existit)
1569 1645 1648 1675 inseri
1661 1645 1779 1676 faciebat
1794 1656 1805 1683 ι,
1831 1645 1962 1684 Quarum
1978 1647 2076 1691 vigore
2089 1646 2175 1676 iidem
2191 1645 2383 1678 Ambaffiato-

1324 1693 1366 1713 res
1379 1693 1411 1713 ea
1423 1685 1520 1713 omnia
1534 1683 1613 1714 dicto
1629 1682 1703 1722 Regi
1715 1684 1909 1721 subsequenter
1923 1685 1950 1714 in
1965 1683 2072 1721 scriptis
2083 1684 2257 1715 obtulerunt.

1370 1721 1460 1760 Cujus
1466 1721 1629 1752 Oblationis
1643 1721 1784 1753 Praetextu
1799 1723 1887 1753 fuerat
1900 1721 2099 1759 Appunetuata
2113 1721 2201 1760 Dies,
2219 1722 2275 1761 qua
2289 1722 2385 1754 Partes

1322 1761 1480 1798 praedictae,
1497 1761 1540 1790 vel
1555 1760 1648 1790 saltem
1662 1784 1671 1798 ,
1689 1761 1718 1790 in
1735 1760 1880 1791 Eventum
1897 1760 2048 1798 impediti,
2067 1759 2223 1791 Adversarii
2236 1761 2384 1798 supradiffl

1322 1798 1503 1830 Sereniffima
1523 1798 1654 1829 Domina
1669 1798 1840 1829 conthoralis
1862 1799 1920 1838 ejus
1965 1800 1999 1830 &
2013 1802 2083 1829 Dux
2098 1799 2263 1837 Burgundiae
2273 1822 2282 1836 ,
2300 1799 2339 1830 sui
2354 1802 2385 1830 in

1323 1837 1356 1868 ea
1378 1837 1460 1869 Parte
1481 1836 1676 1868 Commissarii
1691 1860 1701 1876 ,
1723 1838 1753 1867 in
1774 1838 1859 1868 Loco
1874 1862 1884 1875 ,
1908 1849 1923 1867 a
1961 1837 1988 1867 id
2003 1837 2134 1877 eligendo
2150 1861 2159 1876 ,
2180 1847 2249 1868 cum
2266 1838 2385 1875 praesato

1323 1876 1405 1916 Rege
1427 1876 1605 1915 personaliter
1626 1878 1817 1908 convenirent
1831 1900 1840 1914 ,
1867 1878 1895 1906 in
1912 1877 2052 1908 inchoatae
2067 1876 2147 1907 Pacis
2163 1876 2302 1907 Tractatu
2315 1878 2386 1909 ulte-

1322 1916 1380 1946 rius
1396 1914 1549 1953 processuri
1583 1914 1617 1945 ad
1633 1916 1762 1945 votivam
1776 1917 1809 1947 &
1823 1915 1935 1946 finalem
1950 1914 2176 1946 Conclusionem
2191 1916 2221 1944 in
2236 1915 2349 1945 eodem.

1360 1953 1429 1985 Post
1445 1956 1524 1992 cuius
1540 1937 1749 1985 Conventionis
1765 1953 1866 1992 Initia,
1883 1953 2013 1992 Singula,
2030 1964 2046 1983 a
2059 1954 2180 1990 praefatis
2196 1953 2386 1984 Ambassiato-

1323 1992 1415 2031 ribus,
1434 2001 1464 2023 ut
1481 1993 1647 2031 praefertur,
1665 1992 1787 2029 Oblata,
1807 2002 1854 2031 per
1875 1993 2038 2030 praedictam
2053 1991 2261 2023 Sereniffimam
2275 1991 2387 2022 Domi-

1322 2041 1388 2061 nam
1414 2032 1447 2063 &
1472 2030 1590 2062 Ducem
1607 2054 1618 2069 ,
1640 2040 1709 2061 cum
1732 2031 1803 2062 diae
1822 2033 1892 2069 Rege
1907 2032 2127 2070 convenientes,
2145 2040 2247 2061 eorum
2263 2032 2387 2069 propriae

1322 2069 1414 2100 Vocis
1428 2069 1555 2100 Oraculo
1574 2069 1706 2100 ratificata
1719 2068 1850 2108 fuerunt,
1873 2070 1906 2100 &
1922 2079 1972 2107 per
1985 2069 2100 2100 eosdem
2112 2068 2188 2100 ultro
2198 2069 2320 2111 praefato
2332 2073 2388 2100 Re-

1318 2112 1347 2146 gi
1362 2108 1541 2139 Concessum
1556 2109 1590 2140 δι’.
1605 2107 1822 2140 concordatum
1833 2132 1843 2148 ,
1861 2107 1941 2146 quod
1954 2107 2092 2146 praemiffa
2102 2132 2111 2145 ,
2129 2108 2179 2138 sibi
2196 2110 2251 2146 iic,
2269 2116 2300 2138 ut
2314 2118 2388 2146 prae-

1324 2148 1463 2185 mittitur,
1481 2147 1654 2185 remansura,
1670 2147 1740 2177 idem
1764 2151 1825 2177 Rex
1845 2147 1879 2178 &
1901 2146 2041 2178 Haeredes
2062 2147 2101 2177 sui
2119 2147 2149 2177 in
2165 2156 2333 2185 perpetuum
2346 2156 2389 2177 te-

1323 2195 1438 2224 nerent,
1457 2196 1517 2216 non
1538 2197 1554 2216 a
1577 2185 1660 2225 Rege
1675 2208 1685 2224 ,
1708 2186 1754 2216 seu
1769 2185 1891 2217 Corona
1908 2185 2053 2224 Franciae,
2070 2185 2144 2217 vela
2159 2194 2306 2224 quoquam
2320 2183 2389 2217 Ho-

1323 2226 1455 2263 minum,
1472 2224 1518 2255 sed
1534 2235 1551 2255 a
1566 2224 1626 2255 solo
1642 2224 1720 2255 Deo.

1361 2263 1513 2294 Praemiffis
1527 2264 1609 2303 igitur
1625 2263 1662 2294 fic
1675 2263 1701 2294 se
1716 2262 1881 2294 habentibus
1893 2262 2058 2294 credebatur
2066 2262 2125 2294 Pax
2140 2264 2168 2293 in
2186 2262 2308 2293 Foribus
2322 2261 2388 2294 asti-

1323 2301 1402 2340 tisse,
1419 2312 1455 2333 eo
1482 2303 1632 2340 praeiertim
1647 2325 1656 2340 ,
1679 2302 1760 2338 quod
1777 2311 1826 2341 per
1848 2300 1961 2341 Regem
1985 2302 2074 2333 fuerat
2087 2324 2097 2340 ,
2117 2301 2236 2333 Vicibus
2251 2311 2281 2332 re
2318 2302 2388 2350 titis,

1322 2341 1451 2371 oblatum
1473 2341 1552 2379 quod
1576 2340 1669 2379 quoad
1690 2340 1741 2379 Jus
1755 2364 1765 2378 ,
1787 2340 1836 2370 sibi
1858 2349 2025 2379 competens
2042 2341 2072 2370 in
2094 2339 2201 2379 Regno
2215 2341 2249 2372 &
2288 2340 2295 2349 “
2316 2349 2388 2371 rona.

1323 2380 1347 2410 F
1348 2381 1468 2417 ranciae‚
1486 2389 1556 2411 cum
1571 2379 1766 2417 Pertinentiis,
1783 2387 1890 2417 paratus
1904 2387 1963 2410 erat
1977 2389 2009 2411 en
2025 2380 2123 2410 omnia
2136 2380 2229 2410 facere
2245 2388 2311 2416 quae
2325 2386 2388 2409 ten-

1322 2419 1389 2450 dere
1408 2419 1519 2457 possent
1540 2418 1574 2449 ad
1597 2418 1711 2448 Bonum
1732 2417 1811 2448 Pacis
1830 2426 1933 2455 optatae
1945 2442 1955 2456 ,
1977 2419 2012 2449 &
2033 2427 2116 2457 quae,
2142 2427 2209 2456 per,
2228 2415 2387 2447 recolendae

1323 2457 1496 2495 Memoriae,
1515 2457 1713 2496 progenitores
1726 2456 1805 2494 suos,
1823 2455 1905 2487 Pacis
1915 2455 2063 2487 Zelatores
2075 2457 2250 2494 praecipuos,
2263 2456 2297 2486 &
2313 2463 2387 2491 prae-

1321 2497 1414 2527 sertim
1436 2506 1484 2534 per
1503 2496 1615 2527 dietum
1638 2498 1734 2533 Regem
1753 2495 1926 2525 Edwardum
1949 2496 2011 2533 (qui
2027 2494 2133 2526 Pacem
2157 2500 2228 2525 cum
2248 2492 2387 2524 Adversa-

1323 2537 1366 2564 rio
1387 2536 1435 2565 suo
1460 2534 1586 2565 Franciae
1601 2534 1655 2572 fic,
1674 2543 1705 2565 ut
1719 2534 1884 2572 praefertur,
1909 2532 2072 2570 conclusit)
2085 2531 2294 2570 consequendae
2306 2531 2389 2563 Pacis

1319 2574 1457 2610 obtentu,
1473 2573 1546 2603 strela
1558 2574 1591 2604 ὅ(
1606 2573 1700 2603 oblata
1713 2573 1835 2602 fuerunt.

1359 2612 1486 2649 Verum,
1503 2613 1573 2641 curn
1595 2611 1653 2641 Pax
1675 2610 1770 2641 oblata
1791 2609 1882 2640 adesse
1917 2616 2053 2648 utaretur,
2070 2608 2229 2647 supervenit
2240 2609 2382 2646 inopinata

1322 2649 1509 2680 Turbationis
1529 2649 1655 2680 Occasio
1669 2661 1679 2687 3
1695 2647 1766 2679 dum
1780 2650 1850 2677 Pars
1864 2660 1882 2676 a
1901 2659 1953 2678 ver
1967 2660 1985 2677 a
1999 2658 2031 2679 ea
2043 2671 2053 2686 ,
2072 2657 2138 2686 quae
2153 2647 2209 2686 sic,
2228 2657 2259 2678 ut
2274 2647 2389 2684 praefer-

1322 2696 1386 2726 tur,
1401 2688 1522 2725 obtulit,
1540 2687 1667 2725 redigere
1682 2688 1773 2717 renuit
1795 2687 1985 2717 auctenticam
2003 2688 2033 2717 in
2049 2686 2243 2724 Scripturam,
2261 2695 2313 2724 ac,
2332 2686 2388 2717 At-

1322 2727 1413 2756 ticulis
1428 2725 1593 2764 quibusdam
1608 2736 1623 2756 a
1637 2725 1676 2755 Se
1688 2725 1843 2763 porreffls,
1859 2725 1916 2756 effe
1931 2726 2007 2763 cepit
2020 2725 2128 2756 sibimet
2142 2724 2193 2763 ipsi
2209 2725 2346 2755 contraria
2357 2747 2368 2762 ,

1360 2764 1499 2795 Nesciens
1518 2772 1654 2795 contenta
1675 2765 1745 2794 stare
1767 2763 1920 2794 Limitibus
1940 2763 2072 2794 Rationis
2085 2786 2095 2802 ,
2114 2763 2166 2794 sibi
2179 2761 2305 2794 sufficere
2324 2772 2386 2793 non

1322 2805 1466 2840 reputabat
1490 2803 1571 2842 quod
1613 2802 1722 2833 raefatus
1743 2801 1809 2832 Rex
1825 2826 1835 2840 ,
1860 2812 1914 2841 pro
1932 2803 1976 2841 se,
1999 2801 2105 2840 suisque
2118 2800 2290 2833 Haeredibus
2324 2801 2387 2832 Re-

1322 2843 1467 2872 nunciaret
1487 2843 1571 2871 omni
1588 2812 1650 2879 furi
1666 2863 1676 2879 ,
1693 2842 1744 2872 iibi
1758 2842 1935 2878 competenti
1952 2842 1982 2871 in
1995 2840 2115 2871 Corona
2127 2840 2162 2871 &
2179 2839 2287 2876 Regno
2326 2849 2388 2870 ran-

1321 2882 1373 2910 ciae
1382 2904 1390 2920 ,
1407 2890 1475 2911 cum
1489 2880 1539 2910 suis
1554 2879 1732 2911 Pertinentiis
1746 2880 1778 2910 &
1789 2879 1921 2918 Juribus,
1932 2879 2064 2910 Necnon
2079 2878 2387 2917 Principatibus,Ter-

1324 2920 1377 2957 ris,
1396 2921 1429 2950 &
1444 2919 1588 2950 Dominiis
1601 2918 1834 2957 quibuscunque,
1851 2919 1922 2949 infra
1939 2917 2077 2956 Regnum
2101 2916 2229 2947 Franciae
2243 2916 2387 2947 existenti-

1325 2958 1376 2988 bus
1395 2959 1529 2995 (exceptis
1549 2957 1601 2987 illis
1621 2967 1684 2996 quae
1701 2980 1711 2995 ‚
1734 2966 1765 2988 ut
1781 2956 1927 2994 praefertur
1939 2979 1950 2994 ,
1965 2955 2058 2986 eidem
2074 2954 2153 2992 Regi
2169 2955 2327 2986 debuerant
2342 2964 2386 2985 re-

1324 2996 1462 3033 mansisse)
1484 2995 1636 3027 secundum
1657 2994 1785 3026 Modum
1804 2996 1838 3025 δε
1858 2994 1995 3024 Formam
2011 2993 2249 3025 Renunciationis
2262 3003 2388 3025 concor-

1323 3035 1395 3066 datae
1409 3058 1419 3073 ,
1437 3037 1509 3066 inter
1531 3034 1677 3073 praefatum
1696 3036 1790 3071 Regem
1809 3033 1983 3075 Edwardum
2006 3033 2040 3064 &
2060 3031 2221 3071 Johannem
2243 3034 2388 3070 Franciae,

1329 3075 1358 3104 in
1378 3073 1454 3105 dicia
1469 3073 1544 3104 Pace
1555 3072 1646 3110 finali,
1663 3073 1735 3102 inter
1749 3081 1815 3108 eos,
1833 3073 1902 3102 sicut
1915 3072 2111 3109 praemittitur,
2129 3070 2281 3108 conclusa,

1363 3113 1418 3144 Sed
1436 3113 1494 3142 hoc
1510 3111 1628 3149 amplius
1643 3111 1720 3148 petiit
1735 3132 1744 3146 ,
1763 3109 1843 3147 quod
1857 3109 1942 3139 diclux
1956 3113 2033 3147 Rex,
2052 3119 2106 3147 pro
2123 3109 2176 3148 Se,
2192 3109 2299 3148 suisque
2312 3108 2386 3140 Hae·

1326 3152 1436 3181 redibus
1450 3173 1459 3188 ,
1485 3149 1675 3180 Renunciaret
1694 3149 1775 3178 omni
1791 3148 1854 3186 Juri
1869 3171 1879 3185 ,
1905 3147 2005 3178 Causae
2019 3170 2029 3186 ,
2052 3150 2085 3179 &
2101 3147 2223 3187 Titulo,
2240 3157 2276 3178 ex
2291 3146 2385 3178 Causa

1325 3189 1487 3227 Emptionis
1500 3211 1510 3227 ,
1536 3186 1677 3217 Ceffionis
1689 3210 1698 3224 ,
1724 3187 1980 3224 Transportationis
1995 3211 2005 3225 ,
2022 3195 2069 3218 aut
2081 3185 2133 3218 alia
2148 3195 2335 3224 quacunque,
2353 3186 2385 3215 in

1324 3228 1405 3258 dictis
1422 3225 1542 3257 Corona
1556 3226 1589 3256 &
1606 3225 1712 3264 Regno
1729 3235 1777 3256 aut
1800 3225 1898 3255 Rebus
1915 3248 1925 3264 ,
1942 3225 1993 3256 sibi
2007 3226 2202 3264 competituris
2215 3233 2262 3256 aut
2277 3224 2385 3263 speeta-

1325 3267 1390 3296 turis
1404 3263 1623 3303 quomodolibet
1636 3265 1663 3293 in
1679 3264 1805 3295 futurum
1814 3286 1824 3301 ,

1365 3303 1513 3342 Quodque
1536 3302 1717 3333 Promitteret
1737 3302 1771 3333 &
1789 3302 1899 3340 Juraret
1913 3301 1994 3340 quod
2010 3311 2064 3332 nec
2078 3300 2156 3340 Ipse,
2174 3311 2230 3332 nec
2243 3300 2385 3331 Haeredes

1325 3342 1381 3380 sui,
1400 3341 1566 3372 Ceffionem
1580 3350 1628 3371 aut
1645 3340 1850 3378 Transportum
1868 3340 1943 3380 Juris
1955 3341 1989 3372 &
2003 3339 2168 3378 Coronam,
2189 3341 2208 3359 ⁸¹²
2227 3338 2384 3377 Regnum,
2399 3342 2420 3363 *t
2440 3345 2491 3373 Ιχ,

1328 3380 1504 3418 Principatus
1518 3404 1527 3416 ,
1551 3388 1598 3410 aut
1616 3379 1667 3409 alia
1691 3378 1814 3417 superius
1834 3380 1967 3417 recitata,
1992 3377 2037 3409 seu
2054 3378 2088 3408 ad
2103 3387 2204 3409 eorum
2219 3375 2349 3414 aliquod,
2367 3386 2382 3406 a
2401 3391 2466 3419 790·

1327 3427 1495 3457 quacunque
1519 3418 1641 3448 Persona
1655 3441 1665 3456 ,
1687 3427 1752 3456 quae
1773 3427 1850 3448 nunc
1869 3418 1915 3448 vel
1933 3419 1962 3447 iri
1982 3416 2107 3447 fiiturum
2115 3417 2161 3455 jus
2174 3415 2274 3446 habeat
2286 3414 2320 3444 ad
2334 3423 2383 3458 ea,

1326 3466 1372 3526 {ut
1387 3458 1490 3487 habere
1502 3457 1672 3495 praetendat,
1688 3456 1906 3495 quomodolibet
1924 3455 2102 3487 admitterent
2116 3455 2161 3485 seu
2176 3453 2342 3491 susciperent
2354 3463 2384 3483 in

1359 3505 1452 3526 [Usum
1462 3506 1467 3524 ἶ

1366 3535 1442 3572 Quae
1458 3533 1571 3571 quidem
1590 3534 1706 3571 petitio,
1722 3533 1759 3564 fic
1774 3532 1921 3571 respiciens
1933 3531 1985 3570 Jus
1996 3529 2074 3568 quod
2089 3529 2158 3560 oriri
2170 3536 2279 3572 poterat
2296 3529 2325 3559 in
2339 3528 2385 3560 fu-

1328 3581 1440 3611 turum,
1460 3573 1582 3602 omnino
1606 3572 1798 3602 irrationabilis
1818 3571 1874 3603 effe
1894 3569 2071 3606 dinoscitur,
2090 3576 2154 3598 eam
2165 3574 2314 3597 continens
2327 3567 2385 3599 Illi-

1327 3613 1465 3642 bertatem
1483 3611 1571 3641 cuivis
1589 3609 1753 3640 Hominum
1767 3610 1922 3640 dinoscitur
1937 3607 2083 3645 subjacere.
2261 3644 2266 3650 .

1366 3649 1479 3679 Petebat
1502 3648 1536 3678 ὅ(
1557 3648 1606 3679 alia
1629 3649 1759 3686 quaedam
1779 3658 1795 3678 a
1817 3647 1935 3685 praefato
1954 3645 2037 3688 Rege
2049 3668 2059 3682 ,
2082 3652 2165 3687 quae,
2183 3642 2336 3674 Publicum
2350 3644 2385 3676 δι’

1329 3687 1492 3717 Notorium
1507 3685 1548 3716 est
1561 3688 1592 3717 ὃς
1608 3687 1679 3724 fuit,
1696 3686 1817 3724 Ipsum„
1830 3684 1933 3722 absque
1940 3682 2062 3726 ,Divinae
2077 3680 2230 3726 Majestatis
2243 3681 2385 3721 Offensa,

1329 3726 1373 3755 sed
1390 3735 1444 3755 nec
1458 3725 1560 3762 absque
1574 3735 1610 3754 eo
1624 3725 1702 3762 quod
1716 3725 1830 3755 notorie
1845 3729 2054 3754 contravenerit
2074 3719 2126 3750 suis
2147 3720 2247 3752 Literis
2262 3719 2386 3759 Patenti-

1330 3765 1380 3794 bus
1394 3765 1426 3794 &
1444 3763 1536 3809 Regio
1551 3764 1607 3800 eJus
1621 3763 1742 3800 appenso
1757 3762 1871 3800 Sigillo,
1887 3759 1998 3796 impleri
2009 3768 2070 3788 non
2084 3759 2175 3803 posse.

1366 3800 1505 3831 Praeterea
1518 3824 1528 3839 ‚
1552 3802 1634 3840 licet,
1659 3801 1693 3832 ad
1705 3801 1789 3831 dietae
1805 3800 1890 3832 Partis
1905 3797 2025 3828 adversae
2039 3797 2210 3829 Petitionem
2229 3797 2386 3837 affiduam,'

1349 3840 1442 3869 raefata
1460 3843 1609 3870 conventio
1630 3839 1785 3870 Personalis
1807 3836 1933 3876 primum
1952 3845 1987 3873 ap
2008 3836 2139 3867 uncinata
2160 3836 2254 3868 fuiss'et
2266 3861 2277 3876 ,
2301 3836 2389 3869 velud

1328 3849 1469 3908 Riedium
1484 3877 1656 3915 aptissimum
1671 3877 1705 3908 ad
1722 3877 1825 3908 Pacem
1836 3899 1849 3920 ³.
1864 3884 1896 3906 ut
1908 3873 1963 3912 ipsa
1978 3846 2043 3919 ἕπε
2057 3875 2186 3914 asseruit,
2205 3885 2281 3914 quo,
2299 3875 2390 3906 Parti-

1331 3917 1382 3946 bus
1396 3916 1459 3954 ipfis
1474 3916 1651 3954 personaliter
1668 3914 1920 3951 convenientibus,
1937 3913 2020 3944 facile
2034 3914 2230 3952 expedirentur
2245 3912 2390 3950 nonnulla,

1332 3964 1397 3993 quae
1412 3954 1527 3986 suorum
1547 3953 1789 3986 Ambaffiatorum
1808 3953 1967 3984 interventu
1981 3953 2129 3986 verisimile
2142 3962 2203 3984 non
2219 3952 2295 3985 foret
2309 3960 2393 4019 εἶρε-

2337 3997 2388 4026 1115,
